,date,symbol,reportedCurrency,fillingDate,acceptedDate,period,revenue,costOfRevenue,grossProfit,grossProfitRatio,researchAndDevelopmentExpenses,generalAndAdministrativeExpenses,sellingAndMarketingExpenses,otherExpenses,operatingExpenses,costAndExpenses,interestExpense,depreciationAndAmortization,ebitda,ebitdaratio,operatingIncome,operatingIncomeRatio,totalOtherIncomeExpensesNet,incomeBeforeTax,incomeBeforeTaxRatio,incomeTaxExpense,netIncome,netIncomeRatio,eps,epsdiluted,weightedAverageShsOut,weightedAverageShsOutDil,link,finalLink,timestamp,est_time,est_date
0,2020-12-31,SESL.PA,EUR,2020-12-31,2020-12-31,FY,290264000,217776000,72488000,0.2497312791114296,0.0,20380000.0,2138000.0,0.0,0.0,293734000,3158000.0,19766000.0,16296000.0,0.05614199487363228,-3470000.0,-0.030365460408455752,0.0,-8814000.0,-0.030365460408455752,-1172000.0,-6878000.0,-0.02369567014855442,-0.44,-0.44,15758108,15758108,https://www.infogreffe.com/recherche-entreprise-dirigeants/resultats-entreprise-dirigeants.html?ga_cat=globale&ga_q=S.E.S.L#phrase=S.E.S.L,https://www.infogreffe.com/recherche-entreprise-dirigeants/resultats-entreprise-dirigeants.html?ga_cat=globale&ga_q=S.E.S.L#phrase=S.E.S.L,1620597768,18:02:48,20210509
1,2019-12-31,SESL.PA,EUR,2019-12-31,2019-12-31,FY,247585000,189372000,58213000,0.2351232909909728,0.0,22767000.0,2960000.0,0.0,73294000.0,262666000,2296000.0,14689000.0,-392000.0,-0.0015832946260880103,-15081000.0,-0.06091241391845225,0.0,-16917000.0,-0.06832804895288487,-3779000.0,-12488000.0,-0.050439243088232326,-0.86,-0.86,14590795,14590795,https://www.infogreffe.com/recherche-entreprise-dirigeants/resultats-entreprise-dirigeants.html?ga_cat=globale&ga_q=S.E.S.L#phrase=S.E.S.L,https://www.infogreffe.com/recherche-entreprise-dirigeants/resultats-entreprise-dirigeants.html?ga_cat=globale&ga_q=S.E.S.L#phrase=S.E.S.L,1620597768,18:02:48,20210509
2,2018-12-31,SESL.PA,EUR,2018-12-31,2018-12-31,FY,187855000,133955000,53900000,0.286923424982034,0.0,20435000.0,2124000.0,0.0,64221000.0,198176000,1757000.0,11802000.0,1481000.0,0.007883740118708578,-10321000.0,-0.05494131111761731,0.0,-8630000.0,-0.045939687524952755,-2729000.0,-5900000.0,-0.03140720236352506,-0.42258279596678383,-0.42149598067862426,13961761,13997761,https://www.infogreffe.com/recherche-entreprise-dirigeants/resultats-entreprise-dirigeants.html?ga_cat=globale&ga_q=S.E.S.L#phrase=S.E.S.L,https://www.infogreffe.com/recherche-entreprise-dirigeants/resultats-entreprise-dirigeants.html?ga_cat=globale&ga_q=S.E.S.L#phrase=S.E.S.L,1620597768,18:02:48,20210509
3,2017-12-31,SESL.PA,EUR,2017-12-31,2017-12-31,FY,153000000,113798000,39202000,0.25622222222222224,0.0,13418000.0,2122000.0,0.0,59923000.0,173721000,1587000.0,9182000.0,-11539000.0,-0.07541830065359477,-20721000.0,-0.1354313725490196,0.0,-25481000.0,-0.16654248366013072,-4412000.0,-21069000.0,-0.13770588235294118,-1.5741661323935805,-1.5411825798455687,13384229,13670671,https://www.infogreffe.com/recherche-entreprise-dirigeants/resultats-entreprise-dirigeants.html?ga_cat=globale&ga_q=S.E.S.L#phrase=S.E.S.L,https://www.infogreffe.com/recherche-entreprise-dirigeants/resultats-entreprise-dirigeants.html?ga_cat=globale&ga_q=S.E.S.L#phrase=S.E.S.L,1620597768,18:02:48,20210509
4,2016-12-31,SESL.PA,EUR,2016-12-31,2016-12-31,FY,176924000,132799000,44125000,0.249400872691099,0.0,7652000.0,1258000.0,0.0,34354000.0,167153000,351000.0,6863000.0,16634000.0,0.09401777034206778,9771000.0,0.05522710316294002,0.0,6714000.0,0.03794849766001221,2105000.0,4609000.0,0.026050733648346182,0.38,0.36,12077500,12877987,https://www.infogreffe.com/recherche-entreprise-dirigeants/resultats-entreprise-dirigeants.html?ga_cat=globale&ga_q=S.E.S.L#phrase=S.E.S.L,https://www.infogreffe.com/recherche-entreprise-dirigeants/resultats-entreprise-dirigeants.html?ga_cat=globale&ga_q=S.E.S.L#phrase=S.E.S.L,1620597768,18:02:48,20210509
5,2015-12-31,SESL.PA,EUR,2015-12-31,2015-12-31,FY,111236000,75763000,35473000,0.31889855802078465,0.0,9043000.0,0.0,0.0,32088000.0,107851000,287000.0,5610000.0,8995000.0,0.08086410874177424,3385000.0,0.030430795785537056,0.0,1895000.0,0.01703585170268618,597000.0,1296000.0,0.011650904383472976,0.11,0.1,11664772,12256673,https://www.infogreffe.com/recherche-entreprise-dirigeants/resultats-entreprise-dirigeants.html?ga_cat=globale&ga_q=S.E.S.L#phrase=S.E.S.L,https://www.infogreffe.com/recherche-entreprise-dirigeants/resultats-entreprise-dirigeants.html?ga_cat=globale&ga_q=S.E.S.L#phrase=S.E.S.L,1620597768,18:02:48,20210509
6,2014-12-31,SESL.PA,EUR,2014-12-31,2014-12-31,FY,81228000,47923000,33305000,0.4100187127591471,0.0,8948000.0,0.0,0.0,29091000.0,77014000,183000.0,4949000.0,9163000.0,0.11280592899000345,4214000.0,0.05187866253016201,0.0,5806000.0,0.07147781553159009,2557000.0,3249000.0,0.03999852267690944,0.29,0.27,11631592,12324192,https://www.infogreffe.com/recherche-entreprise-dirigeants/resultats-entreprise-dirigeants.html?ga_cat=globale&ga_q=S.E.S.L#phrase=S.E.S.L,https://www.infogreffe.com/recherche-entreprise-dirigeants/resultats-entreprise-dirigeants.html?ga_cat=globale&ga_q=S.E.S.L#phrase=S.E.S.L,1620597768,18:02:48,20210509
7,2013-12-31,SESL.PA,EUR,2013-12-31,2013-12-31,FY,82268000,51083000,31185000,0.37906597948169396,0.0,8404000.0,0.0,0.0,24936000.0,76019000,63000.0,3021000.0,9270000.0,0.112680507609277,6249000.0,0.07595906063110809,0.0,5773000.0,0.0701730928185929,1920000.0,3853000.0,0.046834735255506396,0.35,0.33,11025023,11739323,https://www.infogreffe.com/recherche-entreprise-dirigeants/resultats-entreprise-dirigeants.html?ga_cat=globale&ga_q=S.E.S.L#phrase=S.E.S.L,https://www.infogreffe.com/recherche-entreprise-dirigeants/resultats-entreprise-dirigeants.html?ga_cat=globale&ga_q=S.E.S.L#phrase=S.E.S.L,1620597768,18:02:48,20210509
8,2012-12-31,SESL.PA,EUR,2012-12-31,2012-12-31,FY,62975000,34683000,28292000,0.4492576419213974,0.0,6651000.0,0.0,0.0,22540000.0,57223000,13000.0,2452000.0,8204000.0,0.1302739182215165,5752000.0,0.09133783247320365,0.0,6358000.0,0.10096069868995633,2264000.0,4094000.0,0.06500992457324335,0.37,0.35,11025023,11604823,https://www.infogreffe.com/recherche-entreprise-dirigeants/resultats-entreprise-dirigeants.html?ga_cat=globale&ga_q=S.E.S.L#phrase=S.E.S.L,https://www.infogreffe.com/recherche-entreprise-dirigeants/resultats-entreprise-dirigeants.html?ga_cat=globale&ga_q=S.E.S.L#phrase=S.E.S.L,1620597768,18:02:48,20210509
9,2011-12-31,SESL.PA,EUR,2011-12-31,2011-12-31,FY,58950000,35298000,23652000,0.40122137404580155,0.0,672000.0,0.0,0.0,11034000.0,46332000,0.0,2164000.0,14782000.0,0.250754877014419,12618000.0,0.21404580152671757,0.0,13347000.0,0.226412213740458,4643000.0,8704000.0,0.14765055131467344,0.79,0.76,11006133,11465558,https://www.infogreffe.com/recherche-entreprise-dirigeants/resultats-entreprise-dirigeants.html?ga_cat=globale&ga_q=S.E.S.L#phrase=S.E.S.L,https://www.infogreffe.com/recherche-entreprise-dirigeants/resultats-entreprise-dirigeants.html?ga_cat=globale&ga_q=S.E.S.L#phrase=S.E.S.L,1620597768,18:02:48,20210509
10,2010-12-31,SESL.PA,EUR,2010-12-31,2010-12-31,FY,44778000,17924000,26854000,0.5997141453392291,0.0,0.0,0.0,123000.0,15374000.0,33298000,14000.0,1536000.0,13016000.0,0.29067845817142346,11480000.0,0.25637589887891377,0.0,12033000.0,0.26872571352003216,3723000.0,8310000.0,0.185582205547367,0.73,0.7,11383562,11871429,https://www.infogreffe.com/recherche-entreprise-dirigeants/resultats-entreprise-dirigeants.html?ga_cat=globale&ga_q=S.E.S.L#phrase=S.E.S.L,https://www.infogreffe.com/recherche-entreprise-dirigeants/resultats-entreprise-dirigeants.html?ga_cat=globale&ga_q=S.E.S.L#phrase=S.E.S.L,1620597768,18:02:48,20210509
11,2009-12-31,SESL.PA,EUR,2009-12-31,2009-12-31,FY,56719000,22835000,33884000,0.597401223575874,0.0,0.0,0.0,99000.0,15893000.0,38728000,20000.0,1269000.0,19260000.0,0.3395687512121159,17991000.0,0.3171952961088877,0.0,18481000.0,0.3258343764875967,6044000.0,12437000.0,0.21927396463266277,1.141887,1.141887,10891616,10891616,https://www.infogreffe.com/recherche-entreprise-dirigeants/resultats-entreprise-dirigeants.html?ga_cat=globale&ga_q=S.E.S.L#phrase=S.E.S.L,https://www.infogreffe.com/recherche-entreprise-dirigeants/resultats-entreprise-dirigeants.html?ga_cat=globale&ga_q=S.E.S.L#phrase=S.E.S.L,1620597768,18:02:48,20210509
