,date,symbol,reportedCurrency,fillingDate,acceptedDate,period,revenue,costOfRevenue,grossProfit,grossProfitRatio,researchAndDevelopmentExpenses,generalAndAdministrativeExpenses,sellingAndMarketingExpenses,otherExpenses,operatingExpenses,costAndExpenses,interestExpense,depreciationAndAmortization,ebitda,ebitdaratio,operatingIncome,operatingIncomeRatio,totalOtherIncomeExpensesNet,incomeBeforeTax,incomeBeforeTaxRatio,incomeTaxExpense,netIncome,netIncomeRatio,eps,epsdiluted,weightedAverageShsOut,weightedAverageShsOutDil,link,finalLink,timestamp,est_time,est_date
0,2020-12-31,KLR.L,GBP,2020-12-31,2020-12-31,FY,2062500000,597700000.0,1464800000.0,0.7102060606060606,0.0,0.0,0.0,0.0,0.0,1957400000,14300000.0,99100000.0,204200000.0,0.09900606060606061,105100000.0,0.05095757575757576,0.0,63800000.0,0.030933333333333334,22700000.0,42500000.0,0.020606060606060607,0.589,0.585,72100000,72700000,https://find-and-update.company-information.service.gov.uk/search/companies?q=Keller+Group+PLC,https://find-and-update.company-information.service.gov.uk/search/companies?q=Keller+Group+PLC,1620594169,17:02:49,20210509
1,2019-12-31,KLR.L,GBP,2019-12-31,2019-12-31,FY,2300500000,699000000.0,1601500000.0,0.6961530102151706,0.0,0.0,0.0,0.0,1502700000.0,2201700000,19700000.0,98900000.0,197700000.0,0.08593783960008694,98800000.0,0.04294718539447946,0.0,51600000.0,0.022429906542056073,29900000.0,21400000.0,0.009302325581395349,0.297,0.297,72100000,72100000,https://find-and-update.company-information.service.gov.uk/search/companies?q=Keller+Group+PLC,https://find-and-update.company-information.service.gov.uk/search/companies?q=Keller+Group+PLC,1620594169,17:02:49,20210509
2,2018-12-31,KLR.L,GBP,2018-12-31,2018-12-31,FY,2224500000,665300000.0,1559200000.0,0.7009215554057091,0.0,0.0,0.0,0.0,1472100000.0,2137400000,13700000.0,78800000.0,165900000.0,0.07457855697909642,87100000.0,0.03915486626208137,0.0,8400000.0,0.003776129467296022,22200000.0,-14800000.0,-0.006653180489997752,-0.20555555555555555,-0.20527045769764216,72000000,72100000,https://find-and-update.company-information.service.gov.uk/search/companies?q=Keller+Group+PLC,https://find-and-update.company-information.service.gov.uk/search/companies?q=Keller+Group+PLC,1620594169,17:02:49,20210509
3,2017-12-31,KLR.L,GBP,2017-12-31,2017-12-31,FY,2070600000,625800000.0,1444800000.0,0.6977687626774848,0.0,0.0,0.0,0.0,1321900000.0,1947700000,10400000.0,77500000.0,200400000.0,0.09678354100260794,122900000.0,0.05935477639331595,0.0,110600000.0,0.05341446923597025,23100000.0,87100000.0,0.042065101902830096,1.21,1.205,72000000,72300000,https://find-and-update.company-information.service.gov.uk/search/companies?q=Keller+Group+PLC,https://find-and-update.company-information.service.gov.uk/search/companies?q=Keller+Group+PLC,1620594169,17:02:49,20210509
4,2016-12-31,KLR.L,GBP,2016-12-31,2016-12-31,FY,1780000000,537000000.0,1243000000.0,0.6983146067415731,0.0,0.0,0.0,0.0,1138900000.0,1675900000,9500000.0,73000000.0,177100000.0,0.0994943820224719,104100000.0,0.05848314606741573,0.0,73900000.0,0.04151685393258427,25900000.0,47200000.0,0.02651685393258427,0.657,0.647,71800000,72900000,https://find-and-update.company-information.service.gov.uk/search/companies?q=Keller+Group+PLC,https://find-and-update.company-information.service.gov.uk/search/companies?q=Keller+Group+PLC,1620594169,17:02:49,20210509
5,2015-12-31,KLR.L,GBP,2015-12-31,2015-12-31,FY,1562400000,450300000.0,1112100000.0,0.7117895545314901,0.0,0.0,0.0,0.0,1016000000.0,1466300000,6600000.0,59400000.0,155500000.0,0.09952636968766002,96100000.0,0.061507936507936505,0.0,56300000.0,0.03603430619559652,30000000.0,25500000.0,0.016321044546851,0.355,0.351,71700000,72500000,https://find-and-update.company-information.service.gov.uk/search/companies?q=Keller+Group+PLC,https://find-and-update.company-information.service.gov.uk/search/companies?q=Keller+Group+PLC,1620594169,17:02:49,20210509
6,2014-12-31,KLR.L,GBP,2014-12-31,2014-12-31,FY,1599700000,481500000.0,1118200000.0,0.699006063636932,0.0,0.0,0.0,0.0,1032800000.0,1514300000,6700000.0,56500000.0,141900000.0,0.08870413202475465,85400000.0,0.05338500968931675,0.0,28200000.0,0.017628305307245108,29400000.0,-3000000.0,-0.0018753516284303307,-0.042134831460674156,-0.04155124653739612,71200000,72200000,https://find-and-update.company-information.service.gov.uk/search/companies?q=Keller+Group+PLC,https://find-and-update.company-information.service.gov.uk/search/companies?q=Keller+Group+PLC,1620594169,17:02:49,20210509
7,2013-12-31,KLR.L,GBP,2013-12-31,2013-12-31,FY,1438200000,420800000.0,1017400000.0,0.707412042831317,0.0,0.0,0.0,0.0,946300000.0,1367100000,5500000.0,53100000.0,124200000.0,0.08635794743429287,71100000.0,0.04943679599499374,0.0,52000000.0,0.0361563064942289,21900000.0,29300000.0,0.02037268808232513,0.432,0.426,67800000,68900000,https://find-and-update.company-information.service.gov.uk/search/companies?q=Keller+Group+PLC,https://find-and-update.company-information.service.gov.uk/search/companies?q=Keller+Group+PLC,1620594169,17:02:49,20210509
8,2012-12-31,KLR.L,GBP,2012-12-31,2012-12-31,FY,1317500000,404000000.0,913500000.0,0.6933586337760911,0.0,0.0,0.0,0.0,865200000.0,1269200000,6900000.0,43600000.0,91900000.0,0.06975332068311195,48300000.0,0.03666034155597723,0.0,43500000.0,0.03301707779886148,13500000.0,29500000.0,0.022390891840607212,0.459,0.45,64300000,65500000,https://find-and-update.company-information.service.gov.uk/search/companies?q=Keller+Group+PLC,https://find-and-update.company-information.service.gov.uk/search/companies?q=Keller+Group+PLC,1620594169,17:02:49,20210509
9,2011-12-31,KLR.L,GBP,2011-12-31,2011-12-31,FY,1154300000,0.0,0.0,0.0,0.0,0.0,0.0,0.0,1123700000.0,1123700000,5900000.0,42500000.0,73100000.0,0.06332842415316642,30600000.0,0.026509572901325478,0.0,21900000.0,0.018972537468595684,5500000.0,15900000.0,0.013774581997747552,0.248,0.244,64300000,65300000,https://find-and-update.company-information.service.gov.uk/search/companies?q=Keller+Group+PLC,https://find-and-update.company-information.service.gov.uk/search/companies?q=Keller+Group+PLC,1620594169,17:02:49,20210509
10,2010-12-31,KLR.L,GBP,2010-12-31,2010-12-31,FY,1068900000,0.0,1068900000.0,1.0,0.0,0.0,0.0,0.0,1022100000.0,1022100000,4600000.0,41700000.0,88500000.0,0.08279539713724389,46800000.0,0.04378332865562728,0.0,17800000.0,0.016652633548507812,6300000.0,11200000.0,0.010478061558611657,0.173,0.17,64200000,65200000,https://find-and-update.company-information.service.gov.uk/search/companies?q=Keller+Group+PLC,https://find-and-update.company-information.service.gov.uk/search/companies?q=Keller+Group+PLC,1620594169,17:02:49,20210509
11,2009-12-31,KLR.L,GBP,2009-12-31,2009-12-31,FY,1037900000,0.0,1037900000.0,1.0,0.0,0.0,0.0,0.0,961900000.0,961900000,4000000.0,35900000.0,111900000.0,0.10781385489931593,76000000.0,0.07322478080739955,0.0,74700000.0,0.07197225166200982,22600000.0,50400000.0,0.04855959148280181,0.788,0.774,64000000,65100000,https://find-and-update.company-information.service.gov.uk/search/companies?q=Keller+Group+PLC,https://find-and-update.company-information.service.gov.uk/search/companies?q=Keller+Group+PLC,1620594169,17:02:49,20210509
12,2008-12-31,KLR.L,GBP,2008-12-31,2008-12-31,FY,1196600000,0.0,1196600000.0,1.0,0.0,0.0,0.0,0.0,1078100000.0,1078100000,4200000.0,24900000.0,143400000.0,0.11983954537857262,118500000.0,0.0990305866622096,0.0,113200000.0,0.09460137054989136,35900000.0,70800000.0,0.05916764165134548,1.086,1.067,65200000,66400000,https://find-and-update.company-information.service.gov.uk/search/companies?q=Keller+Group+PLC,https://find-and-update.company-information.service.gov.uk/search/companies?q=Keller+Group+PLC,1620594169,17:02:49,20210509
13,2007-12-31,KLR.L,GBP,2007-12-31,2007-12-31,FY,955100000,0.0,955100000.0,1.0,0.0,0.0,0.0,0.0,847100000.0,847100000,5000000.0,18200000.0,126200000.0,0.13213276096743795,108000000.0,0.11307716469479635,0.0,103200000.0,0.10805151293058318,35900000.0,54000000.0,0.05653858234739818,0.818,0.807,66000000,66900000,https://find-and-update.company-information.service.gov.uk/search/companies?q=Keller+Group+PLC,https://find-and-update.company-information.service.gov.uk/search/companies?q=Keller+Group+PLC,1620594169,17:02:49,20210509
14,2006-12-31,KLR.L,GBP,2006-12-31,2006-12-31,FY,857700000,0.0,857700000.0,1.0,0.0,0.0,0.0,0.0,769200000.0,769200000,6400000.0,15700000.0,104200000.0,0.12148769966188644,88500000.0,0.10318293109478839,0.0,83700000.0,0.09758656873032528,26900000.0,55700000.0,0.06494112160429054,0.848,0.837,65600000,66500000,https://find-and-update.company-information.service.gov.uk/search/companies?q=Keller+Group+PLC,https://find-and-update.company-information.service.gov.uk/search/companies?q=Keller+Group+PLC,1620594169,17:02:49,20210509
15,2005-12-31,KLR.L,GBP,2005-12-31,2005-12-31,FY,731000000,0.0,731000000.0,1.0,0.0,0.0,0.0,0.0,678000000.0,678000000,4700000.0,11900000.0,64900000.0,0.08878248974008209,53000000.0,0.07250341997264022,0.0,48800000.0,0.0667578659370725,19800000.0,27300000.0,0.03734610123119015,0.418,0.416,65300000,65500000,https://find-and-update.company-information.service.gov.uk/search/companies?q=Keller+Group+PLC,https://find-and-update.company-information.service.gov.uk/search/companies?q=Keller+Group+PLC,1620594169,17:02:49,20210509
16,2004-12-31,KLR.L,GBP,2004-12-31,2004-12-31,FY,595856000,561961000.0,33895000.0,0.05688454928707607,0.0,0.0,0.0,0.0,727000.0,562688000,4487000.0,11079000.0,44247000.0,0.07425787438575764,33168000.0,0.055664455841679866,0.0,29748000.0,0.04992481404903198,11874000.0,15743000.0,0.026420813082355468,0.242,0.241,65129000,65323651,https://find-and-update.company-information.service.gov.uk/search/companies?q=Keller+Group+PLC,https://find-and-update.company-information.service.gov.uk/search/companies?q=Keller+Group+PLC,1620594169,17:02:49,20210509
17,2003-12-31,KLR.L,GBP,2003-12-31,2003-12-31,FY,567505000,548548000.0,18957000.0,0.0334041109769958,0.0,0.0,0.0,4151000.0,-13020000.0,535528000,4411000.0,10897000.0,42874000.0,0.07554823305521537,31977000.0,0.056346640117708215,0.0,14806000.0,0.026089637976757913,10701000.0,2259000.0,0.003980581668883975,0.035,0.035,64918500,64918500,https://find-and-update.company-information.service.gov.uk/search/companies?q=Keller+Group+PLC,https://find-and-update.company-information.service.gov.uk/search/companies?q=Keller+Group+PLC,1620594169,17:02:49,20210509
18,2002-12-31,KLR.L,GBP,2002-12-31,2002-12-31,FY,510971000,479727000.0,31244000.0,0.06114632728667576,0.0,0.0,0.0,3914000.0,-2348000.0,477379000,4201000.0,8862000.0,42454000.0,0.08308495002651814,33592000.0,0.06574150000684971,0.0,27330000.0,0.053486401380900286,10684000.0,16413000.0,0.032121196701965476,0.275,0.273,59749130,60133429,https://find-and-update.company-information.service.gov.uk/search/companies?q=Keller+Group+PLC,https://find-and-update.company-information.service.gov.uk/search/companies?q=Keller+Group+PLC,1620594169,17:02:49,20210509
19,2001-12-31,KLR.L,GBP,2001-12-31,2001-12-31,FY,422248000,398070000.0,24178000.0,0.057260188325344345,0.0,0.0,0.0,0.0,-902000.0,397168000,2245000.0,7348000.0,32428000.0,0.07679846914609424,25080000.0,0.05939637369507967,0.0,22393000.0,0.05303281483867301,8684000.0,13367000.0,0.031656751482541066,0.236,0.234,56640000,57048000,https://find-and-update.company-information.service.gov.uk/search/companies?q=Keller+Group+PLC,https://find-and-update.company-information.service.gov.uk/search/companies?q=Keller+Group+PLC,1620594169,17:02:49,20210509
20,2000-12-31,KLR.L,GBP,2000-12-31,2000-12-31,FY,312954000,296747000.0,16207000.0,0.05178716360870927,0.0,0.0,0.0,0.0,-963000.0,295784000,1426000.0,6680000.0,23850000.0,0.07620928315343468,17170000.0,0.054864293154904556,0.0,15447000.0,0.04935869169270883,5791000.0,9796000.0,0.031301724854131914,0.179,0.178,56529000,56903000,https://find-and-update.company-information.service.gov.uk/search/companies?q=Keller+Group+PLC,https://find-and-update.company-information.service.gov.uk/search/companies?q=Keller+Group+PLC,1620594169,17:02:49,20210509
21,1999-12-31,KLR.L,GBP,1999-12-31,1999-12-31,FY,314899000,295513000.0,19386000.0,0.061562596261023374,0.0,0.0,0.0,0.0,188000.0,295701000,963000.0,6402000.0,25600000.0,0.08129590757671508,19198000.0,0.060965579439756876,0.0,19041000.0,0.06046700688157155,6749000.0,12180000.0,0.038679068526733966,0.215,0.214,56665000,56900000,https://find-and-update.company-information.service.gov.uk/search/companies?q=Keller+Group+PLC,https://find-and-update.company-information.service.gov.uk/search/companies?q=Keller+Group+PLC,1620594169,17:02:49,20210509
22,1998-12-31,KLR.L,GBP,1998-12-31,1998-12-31,FY,266854000,0.0,266854000.0,1.0,0.0,0.0,0.0,0.0,249528000.0,249528000,1158000.0,5941000.0,23267000.0,0.08718999902568446,17326000.0,0.06492688886057545,0.0,16702000.0,0.0625885315565815,5870000.0,10478000.0,0.03926491639623165,0.186,0.185,56359000,56682000,https://find-and-update.company-information.service.gov.uk/search/companies?q=Keller+Group+PLC,https://find-and-update.company-information.service.gov.uk/search/companies?q=Keller+Group+PLC,1620594169,17:02:49,20210509
23,1997-12-31,KLR.L,GBP,1997-12-31,1997-12-31,FY,244645000,0.0,0.0,0.0,0.0,0.0,0.0,0.0,230496000.0,230496000,917000.0,5241000.0,19390000.0,0.07925769993255534,14149000.0,0.05783482188477181,0.0,13824000.0,0.05650636636759386,4813000.0,8925000.0,0.03648143227942529,0.159,0.158,56000000,56539000,https://find-and-update.company-information.service.gov.uk/search/companies?q=Keller+Group+PLC,https://find-and-update.company-information.service.gov.uk/search/companies?q=Keller+Group+PLC,1620594169,17:02:49,20210509
24,1996-12-31,KLR.L,GBP,1996-12-31,1996-12-31,FY,234726000,0.0,234726000.0,1.0,0.0,0.0,0.0,0.0,222008000.0,222008000,669000.0,5370000.0,18088000.0,0.0770600615185365,12718000.0,0.05418232321941328,0.0,12523000.0,0.05335156735938924,4468000.0,7806000.0,0.03325579611973109,0.139,0.139,56000000,56000000,https://find-and-update.company-information.service.gov.uk/search/companies?q=Keller+Group+PLC,https://find-and-update.company-information.service.gov.uk/search/companies?q=Keller+Group+PLC,1620594169,17:02:49,20210509
25,1995-12-31,KLR.L,GBP,1995-12-31,1995-12-31,FY,218875000,0.0,218875000.0,1.0,0.0,0.0,0.0,862000.0,207332000.0,207332000,781000.0,5329000.0,16872000.0,0.0770850942318675,11543000.0,0.0527378640776699,0.0,11154000.0,0.05096059394631639,4364000.0,6577000.0,0.030049114791547687,0.117,0.117,56000000,56000000,https://find-and-update.company-information.service.gov.uk/search/companies?q=Keller+Group+PLC,https://find-and-update.company-information.service.gov.uk/search/companies?q=Keller+Group+PLC,1620594169,17:02:49,20210509
26,1994-12-31,KLR.L,GBP,1994-12-31,1994-12-31,FY,195624000,0.0,195624000.0,1.0,0.0,0.0,0.0,798000.0,185479000.0,185479000,1208000.0,4825000.0,14970000.0,0.07652435284014232,10145000.0,0.05185969001758475,0.0,9376000.0,0.04792867950762687,3379000.0,5680000.0,0.02903529219318693,0.122,0.122,51600000,51600000,https://find-and-update.company-information.service.gov.uk/search/companies?q=Keller+Group+PLC,https://find-and-update.company-information.service.gov.uk/search/companies?q=Keller+Group+PLC,1620594169,17:02:49,20210509
27,1993-12-31,KLR.L,GBP,1993-12-31,1993-12-31,FY,147795000,0.0,147795000.0,1.0,0.0,0.0,0.0,-348000.0,139817000.0,139817000,1504000.0,4245000.0,12223000.0,0.08270239182651645,7978000.0,0.05398017524273487,0.0,7961000.0,0.053865151053824556,3783000.0,4120000.0,0.027876450488852803,0.074,0.074,43100000,43100000,https://find-and-update.company-information.service.gov.uk/search/companies?q=Keller+Group+PLC,https://find-and-update.company-information.service.gov.uk/search/companies?q=Keller+Group+PLC,1620594169,17:02:49,20210509
28,1992-12-31,KLR.L,GBP,1992-12-31,1992-12-31,FY,131875000,0.0,131875000.0,1.0,0.0,0.0,0.0,-524000.0,124554000.0,124554000,1548000.0,3312000.0,10633000.0,0.08062938388625593,7321000.0,0.05551469194312796,0.0,6155000.0,0.04667298578199052,3372000.0,2581000.0,0.019571563981042654,0.06,0.06,43100000,43100000,https://find-and-update.company-information.service.gov.uk/search/companies?q=Keller+Group+PLC,https://find-and-update.company-information.service.gov.uk/search/companies?q=Keller+Group+PLC,1620594169,17:02:49,20210509
29,1991-12-31,KLR.L,GBP,1991-12-31,1991-12-31,FY,113558000,0.0,113558000.0,1.0,0.0,0.0,0.0,-857000.0,106992000.0,106992000,1579000.0,2963000.0,9529000.0,0.08391306645062435,6566000.0,0.05782067313619472,0.0,5105000.0,0.044955000968667995,3364000.0,1557000.0,0.013711055143627046,0.036,0.036,43100000,43100000,https://find-and-update.company-information.service.gov.uk/search/companies?q=Keller+Group+PLC,https://find-and-update.company-information.service.gov.uk/search/companies?q=Keller+Group+PLC,1620594169,17:02:49,20210509
