,date,symbol,reportedCurrency,fillingDate,acceptedDate,period,revenue,costOfRevenue,grossProfit,grossProfitRatio,researchAndDevelopmentExpenses,generalAndAdministrativeExpenses,sellingAndMarketingExpenses,otherExpenses,operatingExpenses,costAndExpenses,interestExpense,depreciationAndAmortization,ebitda,ebitdaratio,operatingIncome,operatingIncomeRatio,totalOtherIncomeExpensesNet,incomeBeforeTax,incomeBeforeTaxRatio,incomeTaxExpense,netIncome,netIncomeRatio,eps,epsdiluted,weightedAverageShsOut,weightedAverageShsOutDil,link,finalLink,timestamp,est_time,est_date
0,2020-12-31,TXMD,USD,2021-03-04,2021-03-03 19:48:19,FY,64872280.0,15974977.0,48897303.0,0.7537472553762562,10431907.0,192963967.0,0.0,597647.0,204438044.0,220413021.0,28581043.0,1042170.0,-154498571.0,-2.3815807152145725,-155540741.0,-2.397645666222923,597647.0,-183524137.0,-2.8290070427615617,0.0,-183524137.0,-2.8290070427615617,-0.67,-0.67,272564635.0,272564635.0,https://www.sec.gov/Archives/edgar/data/25743/000138713121003140/0001387131-21-003140-index.htm,https://www.sec.gov/Archives/edgar/data/25743/000138713121003140/txmd-10k_123120.htm,1620599167,18:26:07,20210509
1,2019-12-31,TXMD,USD,2020-02-24,2020-02-24 16:18:20,FY,49646937.0,6334585.0,43312352.0,0.8724073350184726,19792212.0,0.0,0.0,2500106.0,194517610.0,200852195.0,17382215.0,612786.0,-150592472.0,-3.0332681349506014,-151205258.0,-3.04561101120901,-7557526.0,-176144999.0,-3.5479529985908296,0.0,-176144999.0,-3.5479529985908296,-0.72,-0.72,246353318.0,246353318.0,https://www.sec.gov/Archives/edgar/data/25743/000138713120002086/0001387131-20-002086-index.htm,https://www.sec.gov/Archives/edgar/data/25743/000138713120002086/txmd-10k_123119.htm,1620599167,18:26:07,20210509
2,2018-12-31,TXMD,USD,2019-02-27,2019-02-26 18:45:02,FY,16099460.0,2737652.0,13361808.0,0.8299537996926605,27299138.0,0.0,0.0,2280844.0,143581978.0,146319630.0,4677834.0,293886.0,-129926284.0,-8.07022620634481,-130220170.0,-8.0884806074241,2280844.0,-132617160.0,-8.237366967587732,0.0,-132617160.0,-8.237366967587732,-0.59,-0.59,225026300.0,225026300.0,https://www.sec.gov/Archives/edgar/data/25743/000138713119001471/0001387131-19-001471-index.htm,https://www.sec.gov/Archives/edgar/data/25743/000138713119001471/txmd-10k_123118.htm,1620599167,18:26:07,20210509
3,2017-12-31,TXMD,USD,2018-02-23,2018-02-23 17:00:43,FY,16777713.0,2636943.0,14140770.0,0.8428306051009455,33852993.0,0.0,0.0,695631.0,91769480.0,94406423.0,0.0,213117.0,-77415593.0,-4.614192232278619,-77628710.0,-4.626894619069953,695631.0,-76925380.0,-4.584974126092155,0.0,-76925380.0,-4.584974126092155,-0.37,-0.37,205523288.0,205523288.0,https://www.sec.gov/Archives/edgar/data/25743/000138713118000776/0001387131-18-000776-index.htm,https://www.sec.gov/Archives/edgar/data/25743/000138713118000776/txmd-10k_123117.htm,1620599167,18:26:07,20210509
4,2016-12-31,TXMD,USD,2017-02-28,2017-02-28 16:35:03,FY,19356450.0,4185708.0,15170742.0,0.7837564222778454,53943477.0,0.0,0.0,367317.0,105424342.0,109610050.0,0.0,132451.0,-90121149.0,-4.655871763675674,-90253600.0,-4.6627144956849005,367317.0,-89875459.0,-4.643178837028484,0.0,-89875459.0,-4.643178837028484,-0.46,-0.46,196088196.0,196088196.0,https://www.sec.gov/Archives/edgar/data/25743/000138713117001111/0001387131-17-001111-index.htm,https://www.sec.gov/Archives/edgar/data/25743/000138713117001111/txmd-10k_123116.htm,1620599167,18:26:07,20210509
5,2015-12-31,TXMD,USD,2016-02-26,2016-02-26 16:33:32,FY,20142898.0,4506673.0,15636225.0,0.7762649148101728,72042774.0,0.0,0.0,95719.0,100826410.0,105333083.0,0.0,62400.0,-85127785.0,-4.226193519919527,-85190185.0,-4.229291385976338,95719.0,-85077024.0,-4.223673475385716,0.0,-85077024.0,-4.223673475385716,-0.49,-0.49,173174229.0,173174229.0,https://www.sec.gov/Archives/edgar/data/25743/000138713116004361/0001387131-16-004361-index.htm,https://www.sec.gov/Archives/edgar/data/25743/000138713116004361/txmd-10k_123115.htm,1620599167,18:26:07,20210509
6,2014-12-31,TXMD,USD,2015-03-12,2015-03-12 16:36:46,FY,15026219.0,3671803.0,11354416.0,0.7556402578719237,43218938.0,0.0,0.0,46569.0,65395477.0,69067280.0,260027.0,52467.0,-53988594.0,-3.592959346592779,-54041061.0,-3.5964510433396453,46569.0,-54217210.0,-3.60817381937532,0.0,-54217210.0,-3.60817381937532,-0.36,-0.36,149727228.0,149727228.0,https://www.sec.gov/Archives/edgar/data/25743/000138713115000875/0001387131-15-000875-index.htm,https://www.sec.gov/Archives/edgar/data/25743/000138713115000875/txmd-10k_123114.htm,1620599167,18:26:07,20210509
7,2013-12-31,TXMD,USD,2014-03-05,2014-03-05 17:10:47,FY,8775598.0,1959597.0,6816001.0,0.7766993200919186,13551263.0,0.0,0.0,34544.0,32624245.0,34583842.0,2669903.0,58145.0,-25750099.0,-2.9342842504864057,-25808244.0,-2.9409100097793903,34544.0,-28419313.0,-3.238447453951286,0.0,-28419313.0,-3.238447453951286,-0.22,-0.22,127569731.0,127569731.0,https://www.sec.gov/Archives/edgar/data/25743/000138713114000771/0001387131-14-000771-index.htm,https://www.sec.gov/Archives/edgar/data/25743/000138713114000771/txmd-10k_123113.htm,1620599167,18:26:07,20210509
8,2012-12-31,TXMD,USD,2013-03-12,2013-03-12 16:43:00,FY,3818013.0,1348113.0,2469900.0,0.6469071739671919,4492362.0,0.0,0.0,3001.0,18618323.0,19966436.0,1905409.0,56260.0,-16092163.0,-4.21480047343998,-16148423.0,-4.229535886860521,-17021367.0,-35120235.0,-9.198563493628754,0.0,-35120235.0,-9.198563493628754,-0.38,-0.38,91630693.0,91630693.0,https://www.sec.gov/Archives/edgar/data/25743/000138713113000737/0001387131-13-000737-index.htm,https://www.sec.gov/Archives/edgar/data/25743/000138713113000737/txmd-10k_123112.htm,1620599167,18:26:07,20210509
9,2011-12-31,TXMD,USD,2012-03-27,2012-03-27 17:27:11,FY,2088177.0,947112.0,1141065.0,0.5464407471205746,107241.0,0.0,0.0,0.0,6568283.0,7515395.0,64380.0,54845.0,-5372373.0,-2.572757481765195,-5427218.0,-2.5990220177695664,-7383608.0,-12913365.0,-6.184037560034422,0.0,-12913365.0,-6.184037560034422,-0.21,-0.21,62516461.0,62516461.0,https://www.sec.gov/Archives/edgar/data/25743/000138713112000862/0001387131-12-000862-index.htm,https://www.sec.gov/Archives/edgar/data/25743/000138713112000862/amhnob-10k_123111.htm,1620599167,18:26:07,20210509
10,2010-12-31,TXMD,USD,2011-04-15,2011-04-15 12:41:32,FY,48217.0,71932.0,-23715.0,-0.4918389779538337,0.0,376873.0,5988.0,0.0,444244.0,516176.0,64086.0,61383.0,-406576.0,-8.432212705062529,-467959.0,-9.705269925544933,22138.0,-509907.0,-10.57525354128212,0.0,-695375.0,-14.4217806997532,-4.0,-4.0,164204.0,164204.0,https://www.sec.gov/Archives/edgar/data/25743/000138713111000602/0001387131-11-000602-index.htm,https://www.sec.gov/Archives/edgar/data/25743/000138713111000602/amnh-10k_123111.htm,1620599167,18:26:07,20210509
11,2009-12-31,TXMD,USD,2010-03-17,2010-03-17 13:23:07,FY,10569.0,43152.0,10569.0,1.0,0.0,1318478.0,218421.0,0.0,1613102.0,1656254.0,8856.0,76203.0,-1569482.0,-148.4986280632037,-1645685.0,-155.7086763175324,0.0,-1654541.0,-156.5465985429085,0.0,-1654541.0,-156.5465985429085,-23.0,-23.0,72647.0,72647.0,https://www.sec.gov/Archives/edgar/data/25743/000119312510059383/0001193125-10-059383-index.htm,https://www.sec.gov/Archives/edgar/data/25743/000119312510059383/d10k.htm,1620599167,18:26:07,20210509
12,2008-12-31,TXMD,USD,2009-03-18,2009-03-18 12:48:53,FY,0.0,0.0,0.0,0.0,0.0,0.0,0.0,0.0,395553.0,395553.0,0.0,0.0,-395553.0,0.0,-395553.0,0.0,0.0,-395553.0,0.0,0.0,-395553.0,0.0,-15.0,-15.0,25707.0,25707.0,https://www.sec.gov/Archives/edgar/data/25743/000101968709000895/0001019687-09-000895-index.htm,https://www.sec.gov/Archives/edgar/data/25743/000101968709000895/croff_10k-123108.htm,1620599167,18:26:07,20210509
13,2007-12-31,TXMD,USD,2008-05-01,2008-05-01 15:00:06,FY,0.0,0.0,0.0,0.0,0.0,0.0,0.0,0.0,93743.0,93743.0,0.0,0.0,-93743.0,0.0,-93743.0,0.0,0.0,-51001.0,0.0,0.0,170542.0,0.0,-10.333333,-10.333333,16536.0,16536.0,https://www.sec.gov/Archives/edgar/data/25743/000135601808000256/0001356018-08-000256-index.htm,https://www.sec.gov/Archives/edgar/data/25743/000135601808000256/f10k.htm,1620599167,18:26:07,20210509
14,2006-12-31,TXMD,USD,2007-03-28,2007-03-27 18:46:30,FY,1005274.0,205371.0,799903.0,0.7957064442132195,0.0,0.0,0.0,0.0,311020.0,516391.0,0.0,48500.0,537383.0,0.534563710988248,488883.0,0.48631815803452594,107335.0,483015.0,0.4804809435039601,110000.0,373015.0,0.3710580398975802,5.0,5.0,16372.0,16372.0,https://www.sec.gov/Archives/edgar/data/25743/000121465907000634/0001214659-07-000634-index.htm,https://www.sec.gov/Archives/edgar/data/25743/000121465907000634/f3267310k.htm,1620599167,18:26:07,20210509
15,2005-12-31,TXMD,USD,2006-03-28,2006-03-28 17:03:55,FY,934525.0,272129.0,662396.0,0.7088050078917096,0.0,0.0,0.0,0.0,313404.0,585533.0,0.0,45000.0,393992.0,0.4215959979668816,348992.0,0.3734431930659961,11316.0,372365.0,0.398453759931516,82478.0,289887.0,0.31019715898451083,-1.666667,-1.666667,17022.0,17022.0,https://www.sec.gov/Archives/edgar/data/25743/000002574306000003/0000025743-06-000003-index.htm,https://www.sec.gov/Archives/edgar/data/25743/000002574306000003/c10k.htm,1620599167,18:26:07,20210509
16,2004-12-31,TXMD,USD,2004-12-31,2004-12-31,FY,621927.0,192187.0,429740.0,0.6909814174332357,0.0,0.0,0.0,0.0,0.0,425169.0,0.0,42000.0,238758.0,0.38390036129642224,196758.0,0.31636831975456925,-45765.0,150993.0,0.24278251306021445,8877.0,142116.0,0.22850913370861853,-4.333333,-4.333333,17007.0,17007.0,,,1620599167,18:26:07,20210509
17,2003-12-31,TXMD,USD,2003-12-31,2003-12-31,FY,437586.0,130793.0,306793.0,0.7011033259747799,0.0,0.0,0.0,0.0,0.0,264125.0,0.0,0.0,277813.0,0.6348763443071762,173461.0,0.39640436394217365,-69352.0,104109.0,0.237916660953504,10000.0,94109.0,0.21506401027455174,0.336567,0.336567,17007.0,17007.0,,,1620599167,18:26:07,20210509
18,2002-12-31,TXMD,USD,2002-12-31,2002-12-31,FY,286602.0,77065.0,209537.0,0.7311079476067858,0.0,0.0,0.0,0.0,0.0,186716.0,0.0,0.0,132860.0,0.4635696889763505,99886.0,0.34851815409522613,-974.0,98912.0,0.3451197130515488,0.0,98912.0,0.3451197130515488,1.477357,1.477357,16981.0,16981.0,,,1620599167,18:26:07,20210509
19,2001-12-31,TXMD,USD,2001-12-31,2001-12-31,FY,332573.0,116190.0,216383.0,0.6506330940876138,0.0,0.0,0.0,0.0,0.0,235124.0,0.0,0.0,137449.0,0.4132897138372628,97449.0,0.2930153680545324,-35914.0,61535.0,0.1850270466935079,0.0,61535.0,0.1850270466935079,1.998289,1.998289,15781.0,15781.0,,,1620599167,18:26:07,20210509
20,2000-12-31,TXMD,USD,2000-12-31,2000-12-31,FY,368022.0,87921.0,280101.0,0.7610985212840536,0.0,105945.0,0.0,0.0,0.0,230731.0,0.0,0.0,181126.0,0.4921607947350974,137291.0,0.37305106759921963,-5623.0,131668.0,0.35777208971202806,0.0,131668.0,0.35777208971202806,0.422373,0.422373,15787.0,15787.0,,,1620599167,18:26:07,20210509
21,1999-12-31,TXMD,USD,1999-12-31,1999-12-31,FY,214190.0,66532.0,147658.0,0.6893785891031328,0.0,87464.0,0.0,0.0,0.0,201109.0,395.0,0.0,61746.0,0.28827676362108406,13081.0,0.061071945468976145,-256.0,12430.0,0.0580325878892572,0.0,12430.0,0.0580325878892572,-0.101362,-0.101362,15789.0,15789.0,,,1620599167,18:26:07,20210509
22,1998-12-31,TXMD,USD,1998-12-31,1998-12-31,FY,193971.0,68981.0,124990.0,0.6443746745647545,0.0,94667.0,0.0,0.0,0.0,195720.0,5745.0,0.0,37828.0,0.1950188430229261,-1749.0,-0.00901681179145336,-8088.0,-15582.0,-0.08033159596022085,0.0,-15582.0,-0.08033159596022085,-0.32281,-0.32281,15489.0,15489.0,,,1620599167,18:26:07,20210509
23,1997-12-31,TXMD,USD,1997-12-31,1997-12-31,FY,193099.0,40824.0,152275.0,0.7885851299074568,0.0,96695.0,0.0,0.0,0.0,143837.0,0.0,0.0,70370.0,0.3644244662064537,49262.0,0.2551126624166878,-62000.0,-12738.0,-0.06596616243481324,0.0,-12738.0,-0.06596616243481324,-4.001291,-4.001291,15489.0,15489.0,,,1620599167,18:26:07,20210509
24,1996-12-31,TXMD,USD,1996-12-31,1996-12-31,FY,244051.0,0.0,0.0,0.0,0.0,0.0,0.0,0.0,0.0,169588.0,0.0,0.0,95222.0,0.3901725459022909,74463.0,0.30511245600304854,0.0,0.0,0.0,0.0,73793.0,0.3023671281822242,4.666667,4.666667,15813.0,15813.0,,,1620599167,18:26:07,20210509
25,1995-12-31,TXMD,USD,1995-12-31,1995-12-31,FY,195834.0,55584.0,140250.0,0.7161677747480009,0.0,83498.0,0.0,0.0,0.0,165020.0,4592.0,0.0,61059.0,0.3117895768865468,30814.0,0.15734754945515078,5289.0,31511.0,0.16090668627511057,0.0,31511.0,0.16090668627511057,2.033624,2.033624,15495.0,15495.0,,,1620599167,18:26:07,20210509
26,1994-12-31,TXMD,USD,1994-12-31,1994-12-31,FY,196780.0,51983.0,144797.0,0.7358318934851102,0.0,82615.0,0.0,0.0,0.0,160941.0,0.0,0.0,68321.0,0.34719483687366604,35839.0,0.1821272487041366,-1656.0,34183.0,0.17371175932513466,0.0,34183.0,0.17371175932513466,2.067187,2.067187,16536.0,16536.0,,,1620599167,18:26:07,20210509
27,1993-12-31,TXMD,USD,1993-12-31,1993-12-31,FY,201182.0,59346.0,141836.0,0.7050133709775228,0.0,86433.0,0.0,0.0,0.0,159248.0,0.0,0.0,63009.0,0.313194023322166,41934.0,0.2084381306478711,645.0,42579.0,0.21164418287918402,0.0,42579.0,0.21164418287918402,2.574927,2.574927,16536.0,16536.0,,,1620599167,18:26:07,20210509
28,1992-12-31,TXMD,USD,1992-12-31,1992-12-31,FY,0.0,0.0,0.0,0.0,0.0,0.0,0.0,0.0,0.0,0.0,0.0,0.0,0.0,0.0,0.0,0.0,0.0,0.0,0.0,0.0,0.0,0.0,1.333333,1.333333,17512.0,17512.0,,,1620599167,18:26:07,20210509
29,1991-12-31,TXMD,USD,1991-12-31,1991-12-31,FY,0.0,0.0,0.0,0.0,0.0,0.0,0.0,0.0,0.0,0.0,0.0,0.0,0.0,0.0,0.0,0.0,0.0,0.0,0.0,0.0,0.0,0.0,2.333333,2.333333,16134.0,16134.0,,,1620599167,18:26:07,20210509
