,date,symbol,reportedCurrency,fillingDate,acceptedDate,period,revenue,costOfRevenue,grossProfit,grossProfitRatio,researchAndDevelopmentExpenses,generalAndAdministrativeExpenses,sellingAndMarketingExpenses,otherExpenses,operatingExpenses,costAndExpenses,interestExpense,depreciationAndAmortization,ebitda,ebitdaratio,operatingIncome,operatingIncomeRatio,totalOtherIncomeExpensesNet,incomeBeforeTax,incomeBeforeTaxRatio,incomeTaxExpense,netIncome,netIncomeRatio,eps,epsdiluted,weightedAverageShsOut,weightedAverageShsOutDil,link,finalLink,timestamp,est_time,est_date
0,2019-12-31,AXIM,USD,2019-12-31,2019-12-31,FY,799483.0,575694.0,223789.0,0.2799171464558971,2452506.0,4273598.0,0.0,0.0,6729460.0,7305154.0,323908.0,3356.0,-6502315.0,-8.133149798056994,-6505671.0,-8.137347510828873,382022.0,-6447557.0,-8.064658035255285,0.0,-6447557.0,-8.064658035255285,-0.1,-0.1,61947333,61947333,,,1620589023,15:37:03,20210509
1,2018-12-31,AXIM,USD,2019-10-30,2019-10-30,FY,195614.0,8511.0,187103.0,0.9564908442136043,2056175.0,3163715.0,0.0,0.0,5223246.0,5231757.0,1578966.0,3356.0,-5032787.0,-25.728153404153076,-5036143.0,-25.745309640414284,-139537.0,-6754646.0,-34.53048350322574,0.0,-6754646.0,-34.53048350322574,-0.12,-0.12,57283687,57283687,https://www.sec.gov/Archives/edgar/data/1514946/000107878219000800/0001078782-19-000800-index.htm,https://www.sec.gov/Archives/edgar/data/1514946/000107878219000800/10ka123118_10kz.htm,1620589023,15:37:03,20210509
2,2017-12-31,AXIM,USD,2018-03-15 00:00:00,2018-03-15 16:56:53,FY,47573.0,42857.0,4716.0,0.09913186050911231,1352969.0,1797478.0,0.0,0.0,3153803.0,3196660.0,1020713.0,3356.0,-3145731.0,-66.1242931915162,-3149087.0,-66.19483740777332,-705700.0,-4168203.0,-87.61698862800328,0.0,-4168203.0,-87.61698862800328,-0.08,-0.08,53295927,53295927,https://www.sec.gov/Archives/edgar/data/1514946/000107878218000306/0001078782-18-000306-index.html,https://www.sec.gov/Archives/edgar/data/1514946/000107878218000306/f10k123118_10k.htm,1620589023,15:37:03,20210509
3,2016-12-31,AXIM,USD,2017-09-14,2017-09-14,FY,47059.0,154130.0,-107071.0,-2.275250217811683,235579.0,3413456.0,0.0,0.0,3652391.0,3806521.0,301446.0,3356.0,-3756106.0,-79.81695318642555,-3759462.0,-79.8882679189953,-1748998.0,-5809906.0,-123.46003952485178,0.0,-5809906.0,-123.46003952485178,-0.27,-0.27,41732306,41732306,https://www.sec.gov/Archives/edgar/data/1514946/000107878217001262/0001078782-17-001262-index.htm,https://www.sec.gov/Archives/edgar/data/1514946/000107878217001262/f10ka123116_10kz.htm,1620589023,15:37:03,20210509
4,2015-12-31,AXIM,USD,2016-04-18,2016-04-18,FY,49139.0,50387.0,-1248.0,-0.02539734223325668,571455.0,9475723.0,0.0,0.0,10048297.0,10098684.0,43221.0,1119.0,-10048426.0,-204.48983495797634,-10049545.0,-204.51260709416147,0.0,-10092766.0,-205.39217322289832,0.0,-10092766.0,-205.39217322289832,-0.27,-0.27,37054770,37054770,https://www.sec.gov/Archives/edgar/data/1514946/000138730816000190/0001387308-16-000190-index.htm,https://www.sec.gov/Archives/edgar/data/1514946/000138730816000190/form10ka1.htm,1620589023,15:37:03,20210509
5,2014-12-31,AXIM,USD,2015-04-14,2015-04-14,FY,0.0,0.0,0.0,0.0,0.0,0.0,0.0,0.0,505729.0,505729.0,32522.0,0.0,-505729.0,0.0,-505729.0,0.0,0.0,-538251.0,0.0,0.0,-582947.0,0.0,-0.02,-0.02,33000000,33000000,https://www.sec.gov/Archives/edgar/data/1514946/000138730815000034/0001387308-15-000034-index.htm,https://www.sec.gov/Archives/edgar/data/1514946/000138730815000034/form10k.htm,1620589023,15:37:03,20210509
6,2013-12-31,AXIM,USD,2013-12-31,2013-12-31,FY,21667.0,0.0,21667.0,1.0,0.0,0.0,0.0,0.0,110886.0,110886.0,0.0,10000.0,-79219.0,-3.6562052891493977,-89219.0,-4.117736650205382,0.0,-89219.0,-4.117736650205382,0.0,-89219.0,-4.117736650205382,-0.002704,-0.002704,33000000,33000000,,,1620589023,15:37:03,20210509
7,2012-12-31,AXIM,USD,2012-12-31,2012-12-31,FY,43333.0,0.0,43333.0,1.0,0.0,0.0,0.0,0.0,58237.0,58237.0,0.0,5472.0,-9432.0,-0.21766321279394457,-14904.0,-0.34394110723928645,0.0,-14904.0,-0.34394110723928645,0.0,-14904.0,-0.34394110723928645,-0.000452,-0.000452,33000000,33000000,,,1620589023,15:37:03,20210509
8,2011-12-31,AXIM,USD,2012-05-01,2012-05-01,FY,10000.0,0.0,10000.0,1.0,0.0,0.0,0.0,0.0,12794.0,12794.0,0.0,832.0,-1962.0,-0.1962,-2794.0,-0.2794,0.0,-2794.0,-0.2794,0.0,-2794.0,-0.2794,-0.00012,-0.00012,23276712,23276712,https://www.sec.gov/Archives/edgar/data/1514946/000151495512000009/0001514955-12-000009-index.htm,https://www.sec.gov/Archives/edgar/data/1514946/000151495512000009/axim10k2011xbrlfinal04162012.htm,1620589023,15:37:03,20210509
