,date,symbol,reportedCurrency,fillingDate,acceptedDate,period,revenue,costOfRevenue,grossProfit,grossProfitRatio,researchAndDevelopmentExpenses,generalAndAdministrativeExpenses,sellingAndMarketingExpenses,otherExpenses,operatingExpenses,costAndExpenses,interestExpense,depreciationAndAmortization,ebitda,ebitdaratio,operatingIncome,operatingIncomeRatio,totalOtherIncomeExpensesNet,incomeBeforeTax,incomeBeforeTaxRatio,incomeTaxExpense,netIncome,netIncomeRatio,eps,epsdiluted,weightedAverageShsOut,weightedAverageShsOutDil,link,finalLink,timestamp,est_time,est_date
0,2020-03-31,0306.HK,HKD,2020-03-31,2020-03-31,FY,2463264000,2095752000,367512000,0.14919716278888498,0.0,327271000,0.0,26926000.0,0.0,2379253000,74232000,343046000.0,427057000,0.1733703736180937,84011000,0.03410556075191291,0.0,35857000,0.01455670200189667,13440000.0,20170000.0,0.008188322485937358,0.043,0.043,469272653,469272653,https://www1.hkexnews.hk/search/titlesearch.xhtml,https://www1.hkexnews.hk/search/titlesearch.xhtml,1620584658,14:24:18,20210509
1,2019-03-31,0306.HK,HKD,2019-03-31,2019-03-31,FY,2971865000,2330599000,641266000,0.2157789805391564,0.0,363693000,0.0,28277000.0,0.0,2667361000,65263000,316941000.0,621445000,0.20910943128304954,304504000,0.10246225854808344,0.0,307993000,0.10363626880763427,48633000.0,253635000.0,0.0853453975870371,0.549,0.549,461686000,461686000,https://www1.hkexnews.hk/search/titlesearch.xhtml,https://www1.hkexnews.hk/search/titlesearch.xhtml,1620584658,14:24:18,20210509
2,2018-03-31,0306.HK,HKD,2018-03-31,2018-03-31,FY,2543654000,1961036000,582618000,0.22904766135645807,0.0,373718000,0.0,46273000.0,0.0,2310390000,38309000,290381000.0,523645000,0.20586329744532864,233264000,0.09170429626041907,0.0,317302000,0.12474259470824255,40953000.0,275694000.0,0.10838502406380741,0.597,0.597,461686000,461686000,https://www1.hkexnews.hk/search/titlesearch.xhtml,https://www1.hkexnews.hk/search/titlesearch.xhtml,1620584658,14:24:18,20210509
3,2017-03-31,0306.HK,HKD,2017-03-31,2017-03-31,FY,2440862000,1787502000,653360000,0.26767592760262565,0.0,351412000,0.0,-10328000.0,0.0,2087185000,41178000,270352000.0,624029000,0.2556592711918986,353677000,0.14489840064698456,0.0,420258000,0.17217605911354267,55328000.0,363909000.0,0.1490903623392064,0.788,0.788,461686000,461686000,https://www1.hkexnews.hk/search/titlesearch.xhtml,https://www1.hkexnews.hk/search/titlesearch.xhtml,1620584658,14:24:18,20210509
4,2016-03-31,0306.HK,HKD,2016-03-31,2016-03-31,FY,2388873000,1731543000,657330000,0.27516322550424405,0.0,311928000,0.0,-36214000.0,0.0,1989981000,34924000,234739000.0,633631000,0.2652426478929604,398892000,0.16697915711718456,0.0,347390000,0.14542003697978084,55522000.0,282472000.0,0.11824487948919846,0.612,0.612,461686000,461686000,https://www1.hkexnews.hk/search/titlesearch.xhtml,https://www1.hkexnews.hk/search/titlesearch.xhtml,1620584658,14:24:18,20210509
5,2015-03-31,0306.HK,HKD,2015-03-31,2015-03-31,FY,2362109000,1728503000,633606000,0.26823740987397277,0.0,305237000,0.0,6091000.0,0.0,1995704000,31469000,212212000.0,578617000,0.2449577898395036,366405000,0.1551177358877173,0.0,441381000,0.18685886214395694,61972000.0,382971000.0,0.16213096008693925,0.836,0.833,458138463,458138463,https://www1.hkexnews.hk/search/titlesearch.xhtml,https://www1.hkexnews.hk/search/titlesearch.xhtml,1620584658,14:24:18,20210509
6,2014-03-31,0306.HK,HKD,2014-03-31,2014-03-31,FY,2189316000,1692626000,496690000,0.22686994476813763,0.0,293029000,0.0,5592000.0,0.0,1951237000,20853000,218216000.0,456295000,0.20841897652052058,238079000,0.10874583659919354,0.0,207780000,0.094906354313402,49334000.0,165035000.0,0.0753819914530383,0.395,0.387,417518329,426705601,https://www1.hkexnews.hk/search/titlesearch.xhtml,https://www1.hkexnews.hk/search/titlesearch.xhtml,1620584658,14:24:18,20210509
7,2013-03-31,0306.HK,HKD,2013-03-31,2013-03-31,FY,2075498000,1651804000,423694000,0.20414088570550296,0.0,275433000,0.0,5384000.0,0.0,1823234000,17644000,191541000.0,443805000,0.2138306083648358,252264000,0.12154384152622648,0.0,167665000,0.08078302171334302,50136000.0,116942000.0,0.05634406778517734,0.285,0.28,409724356,409724356,https://www1.hkexnews.hk/search/titlesearch.xhtml,https://www1.hkexnews.hk/search/titlesearch.xhtml,1620584658,14:24:18,20210509
8,2012-03-31,0306.HK,HKD,2012-03-31,2012-03-31,FY,1923146000,1560318000,362828000,0.18866378319690758,0.0,297160000,0.0,0.0,0.0,1755934000,14328000,173207000.0,340419000,0.17701152174613888,167212000,0.0869471168595624,0.0,167557000,0.08712651041574587,30750000.0,102559000.0,0.05332876443078165,0.251,0.246,408127858,408127858,https://www1.hkexnews.hk/search/titlesearch.xhtml,https://www1.hkexnews.hk/search/titlesearch.xhtml,1620584658,14:24:18,20210509
9,2011-03-31,0306.HK,HKD,2011-03-31,2011-03-31,FY,2104893000,1734268000,370625000,0.17607783388514286,0.0,269654000,0.0,0.0,0.0,1938342000,16903000,190290000.0,356841000,0.1695292824860931,166551000,0.07912563726517215,0.0,158203000,0.0751596399436931,27382000.0,120041000.0,0.05702950221222646,0.301,0.296,398669288,405606921,https://www1.hkexnews.hk/search/titlesearch.xhtml,https://www1.hkexnews.hk/search/titlesearch.xhtml,1620584658,14:24:18,20210509
10,2010-03-31,0306.HK,HKD,2010-03-31,2010-03-31,FY,1863059000,1529284000,333775000,0.17915428335871275,0.0,232057000,0.0,0.0,0.0,1749795000,14814000,180200000.0,293464000,0.15751728742890053,113264000,0.060794639353879826,0.0,111107000,0.05963686603591191,30535000.0,75850000.0,0.040712612966095005,0.192,0.19,394906000,398914881,https://www1.hkexnews.hk/search/titlesearch.xhtml,https://www1.hkexnews.hk/search/titlesearch.xhtml,1620584658,14:24:18,20210509
11,2009-03-31,0306.HK,HKD,2009-03-31,2009-03-31,FY,1773093000,1467894000,305199000,0.17212802712548073,0.0,241841000,0.0,0.0,0.0,1685556000,19112000,174708000.0,262245000,0.14790256348651762,87537000,0.0493696608130538,0.0,64442000,0.036344399306748154,16442000.0,62693000.0,0.03535798742649145,0.159,0.158,394906000,395954584,https://www1.hkexnews.hk/search/titlesearch.xhtml,https://www1.hkexnews.hk/search/titlesearch.xhtml,1620584658,14:24:18,20210509
12,2008-03-31,0306.HK,HKD,2008-03-31,2008-03-31,FY,1792014000,1478413000,313601000,0.17499919085453575,0.0,215368000,0.0,0.0,0.0,1657822000,22562000,0.0,125554000,0.07006306870370432,134192000,0.07488334354530712,0.0,102992000,0.057472765279735535,22629000.0,39548000.0,0.022069024014321318,0.1,0.099,394906000,400231481,https://www1.hkexnews.hk/search/titlesearch.xhtml,https://www1.hkexnews.hk/search/titlesearch.xhtml,1620584658,14:24:18,20210509
13,2007-03-31,0306.HK,HKD,2007-03-31,2007-03-31,FY,1977907000,1650955000,326952000,0.16530200863842434,0.0,250633000,0.0,0.0,0.0,1876403000,39040000,205832000.0,307336000,0.15538445437525628,101504000,0.0513188941643869,0.0,53227000,0.02691076981880341,20413000.0,32302000.0,0.01633140486382828,0.082,0.081,394906000,400231481,https://www1.hkexnews.hk/search/titlesearch.xhtml,https://www1.hkexnews.hk/search/titlesearch.xhtml,1620584658,14:24:18,20210509
14,2006-03-31,0306.HK,HKD,2006-03-31,2006-03-31,FY,1831137000,1540915000,290222000,0.15849278344547676,0.0,240021000,0.0,0.0,0.0,1780048000,33597000,200352000.0,251441000,0.13731413870180112,51089000,0.027900151654409254,0.0,10594000,0.005785476455338951,7676000.0,256000.0,0.0001398038486470428,0.0006482555342283986,0.0006334086482608143,394906000,404162464,https://www1.hkexnews.hk/search/titlesearch.xhtml,https://www1.hkexnews.hk/search/titlesearch.xhtml,1620584658,14:24:18,20210509
15,2005-03-31,0306.HK,HKD,2005-03-31,2005-03-31,FY,1564147000,1300425000,263722000,0.16860435751882655,0.0,204262000,0.0,0.0,0.0,1479692000,14180000,191102000.0,275557000,0.17617078190221253,84455000,0.05399428570332584,0.0,65833000,0.04208875508503996,14820000.0,45795000.0,0.02927793871036418,0.116,0.114,393996959,400162959,https://www1.hkexnews.hk/search/titlesearch.xhtml,https://www1.hkexnews.hk/search/titlesearch.xhtml,1620584658,14:24:18,20210509
16,2004-03-31,0306.HK,HKD,2004-03-31,2004-03-31,FY,1176987000,991931000,185056000,0.1572285845128281,0.0,159005000,0.0,0.0,0.0,1122864000,16173000,148328000.0,202451000,0.17200784715549108,54123000,0.04598436516291174,0.0,33355000,0.028339310459673726,10467000.0,22110000.0,0.01878525421266335,0.056,0.056,394821429,394821429,https://www1.hkexnews.hk/search/titlesearch.xhtml,https://www1.hkexnews.hk/search/titlesearch.xhtml,1620584658,14:24:18,20210509
17,2003-03-31,0306.HK,HKD,2003-03-31,2003-03-31,FY,1056596000,857496000,199100000,0.18843531491695975,0.0,154402000,0.0,0.0,0.0,995495000,14204000,123598000.0,184699000,0.1748056967847692,61101000,0.05782815759287372,0.0,45649000,0.04320383571393418,5281000.0,24590000.0,0.02327284979310919,0.062426,0.062426,393906000,393906000,https://www1.hkexnews.hk/search/titlesearch.xhtml,https://www1.hkexnews.hk/search/titlesearch.xhtml,1620584658,14:24:18,20210509
18,2002-03-31,0306.HK,HKD,2002-03-31,2002-03-31,FY,982227000,797564000,184663000,0.18800440224102982,0.0,148605000,0.0,0.0,0.0,943313000,14681000,111215000.0,150129000,0.15284552348896946,38914000,0.039618133079216925,0.0,26614000,0.027095569557749888,7116000.0,8036000.0,0.008181408167358462,0.020400806283732666,0.020400806283732666,393906000,393906000,https://www1.hkexnews.hk/search/titlesearch.xhtml,https://www1.hkexnews.hk/search/titlesearch.xhtml,1620584658,14:24:18,20210509
