,date,symbol,reportedCurrency,fillingDate,acceptedDate,period,revenue,costOfRevenue,grossProfit,grossProfitRatio,researchAndDevelopmentExpenses,generalAndAdministrativeExpenses,sellingAndMarketingExpenses,otherExpenses,operatingExpenses,costAndExpenses,interestExpense,depreciationAndAmortization,ebitda,ebitdaratio,operatingIncome,operatingIncomeRatio,totalOtherIncomeExpensesNet,incomeBeforeTax,incomeBeforeTaxRatio,incomeTaxExpense,netIncome,netIncomeRatio,eps,epsdiluted,weightedAverageShsOut,weightedAverageShsOutDil,link,finalLink,timestamp,est_time,est_date
0,2017-12-31,IPCC,USD,2018-02-15 00:00:00,2018-02-15 08:07:07,FY,1517987000,0.0,1517987000.0,1.0,0.0,9769000.0,0.0,357281000.0,9769000.0,1437260000.0,0.0,16274000.0,97001000.0,0.06390107425162403,80727000.0,0.05318029732797448,105764000.0,80727000,0.05318029732797448,35343000.0,45384000.0,0.029897489240685197,-5673000000.0,-4125818181.818182,-0.008,-0.011,https://www.sec.gov/Archives/edgar/data/1195933/000119593318000012/0001195933-18-000012-index.html,https://www.sec.gov/Archives/edgar/data/1195933/000119593318000012/ipcc-12312017x10k.htm,1620593705,16:55:05,20210509
1,2016-12-31,IPCC,USD,2017-02-28 00:00:00,2017-02-28 08:05:30,FY,1538706000,0.0,1538706000.0,1.0,0.0,7899000.0,0.0,356148000.0,7899000.0,7899000.0,14037000.0,-5759000.0,56373000.0,0.03663662843974092,62132000.0,0.04037938371592754,107361000.0,62132000,0.04037938371592754,19047000.0,43085000.0,0.028000800672773097,-1538750000.0,-1538750000.0,-0.028,-0.028,https://www.sec.gov/Archives/edgar/data/1195933/000119593317000012/0001195933-17-000012-index.html,https://www.sec.gov/Archives/edgar/data/1195933/000119593317000012/ipcc-12312016x10k.htm,1620593705,16:55:05,20210509
2,2015-12-31,IPCC,USD,2016-02-25 00:00:00,2016-02-25 08:06:20,FY,1484032000,0.0,1484032000.0,1.0,0.0,7852000.0,0.0,348219000.0,7852000.0,7852000.0,13831000.0,-9914000.0,64918000.0,0.043744339744695535,74832000.0,0.050424788683801965,96753000.0,74832000,0.050424788683801965,23351000.0,51481000.0,0.034689952777298604,-5720111111.111112,-3960076923.0769234,-0.009,-0.013,https://www.sec.gov/Archives/edgar/data/1195933/000119593316000068/0001195933-16-000068-index.html,https://www.sec.gov/Archives/edgar/data/1195933/000119593316000068/ipcc-12312015x10k.htm,1620593705,16:55:05,20210509
3,2014-12-31,IPCC,USD,2015-02-26,2015-02-26 08:07:43,FY,1461709000,0.0,1461709000.0,1.0,0.0,7702000.0,0.0,33000.0,7702000.0,7702000.0,13801000.0,-11149000.0,71989000.0,0.04924988489500988,83138000.0,0.0568772580588886,31000.0,83138000,0.0568772580588886,25936000.0,57201000.0,0.039132960117232635,-57201000000.0,-7150125000.0,-0.001,-0.008,https://www.sec.gov/Archives/edgar/data/1195933/000119593315000006/0001195933-15-000006-index.htm,https://www.sec.gov/Archives/edgar/data/1195933/000119593315000006/ipcc-12312014x10k.htm,1620593705,16:55:05,20210509
4,2013-12-31,IPCC,USD,2014-02-27,2014-02-27 08:02:58,FY,1344805000,0.0,1344805000.0,1.0,0.0,7870000.0,0.0,40000.0,7870000.0,7870000.0,13912000.0,-9906000.0,35172000.0,0.0261539777142411,45078000.0,0.03352010142734448,39000.0,45078000,0.03352010142734448,12445000.0,32633000.0,0.024265971646446883,-1812944444.4444447,-1359708333.3333333,-0.018,-0.024,https://www.sec.gov/Archives/edgar/data/1195933/000119593314000005/0001195933-14-000005-index.htm,https://www.sec.gov/Archives/edgar/data/1195933/000119593314000005/ipcc-12312013x10k.htm,1620593705,16:55:05,20210509
5,2012-12-31,IPCC,USD,2013-02-26 00:00:00,2013-02-26 08:03:14,FY,1249633000,0.0,1249633000.0,1.0,0.0,7408000.0,0.0,249856000.0,7408000.0,7408000.0,12908000.0,-557000.0,21531000.0,0.01722985868651036,22088000.0,0.01767558955309279,996000.0,22088000,0.01767558955309279,-2231000.0,24319000.0,0.019460913724269446,-657270270.2702703,-639973684.2105263,-0.037,-0.038,https://www.sec.gov/Archives/edgar/data/1195933/000119593313000008/0001195933-13-000008-index.html,https://www.sec.gov/Archives/edgar/data/1195933/000119593313000008/ipcc-12312012x10k.htm,1620593705,16:55:05,20210509
6,2011-12-31,IPCC,USD,2012-02-28 00:00:00,2012-02-28 08:11:57,FY,1072616000,0.0,1072616000.0,1.0,0.0,7664000.0,0.0,231206000.0,7664000.0,7664000.0,10807000.0,429000.0,54406000.0,0.050722719034584605,53977000.0,0.05032276229330907,261000.0,53977000,0.05032276229330907,11915000.0,42063000.0,0.039215338947022976,-737947368.42105,-737947368.42105,-0.057,-0.057,https://www.sec.gov/Archives/edgar/data/1195933/000119593312000007/0001195933-12-000007-index.html,https://www.sec.gov/Archives/edgar/data/1195933/000119593312000007/ipcc-12312011x10k.htm,1620593705,16:55:05,20210509
7,2010-12-31,IPCC,USD,2011-02-25,2011-02-25 14:37:07,FY,961276000,0.0,961276000.0,1.0,0.0,7814000.0,0.0,204827000.0,7814000.0,7814000.0,10802000.0,18000000.0,146591000.0,0.1524962653805983,128591000.0,0.1337711541742434,286000.0,128591000,0.1337711541742434,37069000.0,91523000.0,0.09520990849662324,7.126294479482987,6.949354593773728,12843000.0,13170000.0,https://www.sec.gov/Archives/edgar/data/1195933/000119312511047183/0001193125-11-047183-index.htm,https://www.sec.gov/Archives/edgar/data/1195933/000119312511047183/d10k.htm,1620593705,16:55:05,20210509
8,2009-12-31,IPCC,USD,2010-02-26 00:00:00,2010-02-26 15:03:57,FY,883424000,0.0,883424000.0,1.0,0.0,6713000.0,0.0,186468000.0,6713000.0,772277000.0,-11055000.0,11036000.0,122183000.0,0.13830618140326728,111147000.0,0.12581387872640998,439000.0,111147000,0.12581387872640998,40553000.0,70594000.0,0.07990953381388778,5.170000172103867,5.090000075707568,13654545.0,13869155.0,https://www.sec.gov/Archives/edgar/data/1195933/000119312510042656/0001193125-10-042656-index.html,https://www.sec.gov/Archives/edgar/data/1195933/000119312510042656/d10k.htm,1620593705,16:55:05,20210509
9,2008-12-31,IPCC,USD,2009-02-27 00:00:00,2009-02-27 11:46:54,FY,930918000,0.0,930918000.0,1.0,0.0,6958000.0,0.0,205046000.0,6958000.0,876843000.0,-11071000.0,12047000.0,66122000.0,0.07102881241956864,54075000.0,0.058087822987631564,1895000.0,54075000,0.058087822987631564,34818000.0,19257000.0,0.02068603249695462,1.25,1.230000044072287,15405600.0,15656097.0,https://www.sec.gov/Archives/edgar/data/1195933/000119312509040431/0001193125-09-040431-index.html,https://www.sec.gov/Archives/edgar/data/1195933/000119312509040431/d10k.htm,1620593705,16:55:05,20210509
10,2007-12-31,IPCC,USD,2008-02-28,2008-02-28 16:40:49,FY,1098226000,0.0,1098226000.0,1.0,0.0,7843000.0,0.0,237481000.0,7843000.0,7843000.0,-11067000.0,9459000.0,118162000.0,0.10759351900246397,108703000.0,0.0989805377035328,2362000.0,108703000,0.0989805377035328,36759000.0,71944000.0,0.06550928497413101,3.91,3.8700001828922583,18400000.0,18590180.0,https://www.sec.gov/Archives/edgar/data/1195933/000119312508041869/0001193125-08-041869-index.htm,https://www.sec.gov/Archives/edgar/data/1195933/000119312508041869/d10k.htm,1620593705,16:55:05,20210509
11,2006-12-31,IPCC,USD,2007-02-28,2007-02-28 14:47:19,FY,1021349000,0.0,1021349000.0,1.0,0.0,7091000.0,0.0,226116000.0,7091000.0,7091000.0,-11064000.0,6298000.0,137718000.0,0.13483931545436476,131420000.0,0.12867296095653885,2309000.0,131420000,0.12867296095653885,44138000.0,87282000.0,0.0854575664146144,4.3000001133108805,4.2600000819962895,20298139.0,20488732.0,https://www.sec.gov/Archives/edgar/data/1195933/000119312507042427/0001193125-07-042427-index.htm,https://www.sec.gov/Archives/edgar/data/1195933/000119312507042427/d10k.htm,1620593705,16:55:05,20210509
12,2005-12-31,IPCC,USD,2006-03-09,2006-03-09 16:54:11,FY,1053275000,0.0,1053275000.0,1.0,0.0,6641000.0,0.0,207073000.0,6641000.0,6641000.0,-11060000.0,13718000.0,162519000.0,0.1542987348982934,148801000.0,0.14127459590325414,3983000.0,148801000,0.14127459590325414,42493000.0,106308000.0,0.10093090598371746,5.150000024222072,5.0900000373462015,20642330.0,20885658.0,https://www.sec.gov/Archives/edgar/data/1195933/000119312506049728/0001193125-06-049728-index.htm,https://www.sec.gov/Archives/edgar/data/1195933/000119312506049728/d10k.htm,1620593705,16:55:05,20210509
13,2004-12-31,IPCC,USD,2005-03-10,2005-03-10 17:08:57,FY,951763000000,0.0,951763000000.0,1.0,0.0,6432000000.0,0.0,174297000000.0,6432000000.0,6432000000.0,-10726000000.0,17005000000.0,146466000000.0,0.1538891509756105,129461000000.0,0.1360223080745942,6880000000.0,129461000000,0.1360223080745942,33063000000.0,96398000000.0,0.10128361787545849,4.6900000002053135,4.6200000000814745,20553944562.0,20865367965.0,https://www.sec.gov/Archives/edgar/data/1195933/000119312505046640/0001193125-05-046640-index.htm,https://www.sec.gov/Archives/edgar/data/1195933/000119312505046640/d10k.htm,1620593705,16:55:05,20210509
14,2003-12-31,IPCC,USD,2004-03-22,2004-03-19 18:58:51,FY,768984000000,0.0,768984000000.0,1.0,0.0,6901000000.0,0.0,88519000000.0,6901000000.0,6901000000.0,-6532000000.0,17621000000.0,105025000000.0,0.136576313681429,87404000000.0,0.11366166266138177,12136000000.0,87404000000,0.11366166266138177,29168000000.0,58236000000.0,0.07573109453512687,2.860000000033395,2.8300000001088534,20362237762.0,20578091872.0,https://www.sec.gov/Archives/edgar/data/1195933/000095014404002833/0000950144-04-002833-index.htm,https://www.sec.gov/Archives/edgar/data/1195933/000095014404002833/g87773e10vk.htm,1620593705,16:55:05,20210509
15,2002-12-31,IPCC,USD,2002-12-31,2002-12-31,FY,704453000,0.0,0.0,0.0,0.0,0.0,0.0,0.0,0.0,633520000.0,0.0,13741000.0,84674000.0,0.12019822472187641,70933000.0,0.10069231020380352,4043000.0,70933000,0.10069231020380352,25063000.0,45870000.0,0.06511435113485214,0.0,0.0,20481458.0,20481458.0,,,1620593705,16:55:05,20210509
16,2001-12-31,IPCC,USD,2001-12-31,2001-12-31,FY,990004000,0.0,0.0,0.0,0.0,0.0,0.0,0.0,0.0,974210000.0,0.0,13548000.0,29342000.0,0.02963826408782187,15794000.0,0.01595347089506709,4312000.0,15794000,0.01595347089506709,6063000.0,9731000.0,0.009829253215138525,0.0,0.0,0.0,0.0,,,1620593705,16:55:05,20210509
17,2000-12-31,IPCC,USD,2000-12-31,2000-12-31,FY,1110830000,0.0,0.0,0.0,0.0,0.0,0.0,0.0,0.0,1169695000.0,0.0,11363000.0,-47502000.0,-0.04276261894259248,-58865000.0,-0.05299190695245897,3564000.0,-58865000,-0.05299190695245897,-20231000.0,-50095000.0,-0.04509690951810808,0.0,0.0,0.0,0.0,,,1620593705,16:55:05,20210509
18,1999-12-31,IPCC,USD,1999-12-31,1999-12-31,FY,1044900000,0.0,0.0,0.0,0.0,0.0,0.0,0.0,0.0,963300000.0,0.0,0.0,0.0,0.0,0.0,0.07809359747344244,100400000.0,81600000,0.07809359747344244,0.0,50900000.0,0.04871279548282132,0.0,0.0,0.0,0.0,,,1620593705,16:55:05,20210509
19,1998-12-31,IPCC,USD,1998-12-31,1998-12-31,FY,1244800000,0.0,0.0,0.0,0.0,0.0,0.0,0.0,0.0,1150600000.0,0.0,0.0,0.0,0.0,0.0,0.07567480719794345,88100000.0,94200000,0.07567480719794345,0.0,64000000.0,0.05141388174807198,0.0,0.0,0.0,0.0,,,1620593705,16:55:05,20210509
