,date,symbol,reportedCurrency,fillingDate,acceptedDate,period,revenue,costOfRevenue,grossProfit,grossProfitRatio,researchAndDevelopmentExpenses,generalAndAdministrativeExpenses,sellingAndMarketingExpenses,otherExpenses,operatingExpenses,costAndExpenses,interestExpense,depreciationAndAmortization,ebitda,ebitdaratio,operatingIncome,operatingIncomeRatio,totalOtherIncomeExpensesNet,incomeBeforeTax,incomeBeforeTaxRatio,incomeTaxExpense,netIncome,netIncomeRatio,eps,epsdiluted,weightedAverageShsOut,weightedAverageShsOutDil,link,finalLink,timestamp,est_time,est_date
0,2020-12-31,VSH,USD,2021-02-24,2021-02-24 07:20:19,FY,2501898000,1919995000,581903000,0.23258462175516348,0.0,371450000.0,0.0,-51382000.0,371450000.0,2291445000,31555000.0,0.0,209710000,0.08382036357997008,209710000.0,0.08382036357997008,-51382000.0,158328000.0,0.06328315542839875,34545000.0,123783000.0,0.049475638095557856,0.8546424921980723,0.8546424921980723,144836000,144836000,https://www.sec.gov/Archives/edgar/data/103730/000010373021000014/0000103730-21-000014-index.htm,https://www.sec.gov/Archives/edgar/data/103730/000010373021000014/vishayintertech_10k.htm,1620599649,18:34:09,20210509
1,2019-12-31,VSH,USD,2020-02-14 00:00:00,2020-02-14 07:28:49,FY,2668305000,1997105000,671200000,0.25154545676000306,0.0,384631000.0,0.0,-13898000.0,384631000.0,2381736000,33683000.0,164461000.0,451030000,0.16903240071880837,286569000.0,0.10739739272684344,-35033000.0,226298000.0,0.08480964507430747,61508000.0,163936000.0,0.06143825387277691,1.1336578889134765,1.1295336787564767,144608000,145136000,https://www.sec.gov/Archives/edgar/data/103730/000010373020000013/0000103730-20-000013-index.html,https://www.sec.gov/Archives/edgar/data/103730/000010373020000013/vishayintertech_10k.htm,1620599649,18:34:09,20210509
2,2018-12-31,VSH,USD,2019-02-15 00:00:00,2019-02-15 07:51:52,FY,3034689000,2146165000,888524000,0.292789145774081,0.0,403404000.0,0.0,-13384000.0,403404000.0,2549569000,36680000.0,161863000.0,646983000,0.2131958167706806,485120000.0,0.1598582259994352,-43604000.0,416776000.0,0.13733730210904643,70239000.0,345758000.0,0.11393523356100081,2.39,2.24,144370000,154622000,https://www.sec.gov/Archives/edgar/data/103730/000010373019000008/0000103730-19-000008-index.html,https://www.sec.gov/Archives/edgar/data/103730/000010373019000008/vishayintertech_10k.htm,1620599649,18:34:09,20210509
3,2017-12-31,VSH,USD,2018-02-16 00:00:00,2018-02-16 08:08:33,FY,2603522000,1903910000,699612000,0.2687175295618781,0.0,376751000.0,0.0,-208000.0,376751000.0,2280661000,27850000.0,163146000.0,486007000,0.18667289924955502,322861000.0,0.12400932275586686,-22129000.0,279364000.0,0.1073023389086015,298924000.0,-20344000.0,-0.007814030378848345,-0.14,-0.14,145633000,145633000,https://www.sec.gov/Archives/edgar/data/103730/000010373018000008/0000103730-18-000008-index.html,https://www.sec.gov/Archives/edgar/data/103730/000010373018000008/vishayintertech_10k.htm,1620599649,18:34:09,20210509
4,2016-12-31,VSH,USD,2017-02-17 00:00:00,2017-02-17 09:09:22,FY,2323431000,1753648000,569783000,0.24523345001422464,0.0,367987000.0,0.0,160000.0,367987000.0,2121635000,25623000.0,159363000.0,361159000,0.1554421026490565,201796000.0,0.08685258998438086,-86221000.0,94216000.0,0.04055037571591323,44843000.0,48792000.0,0.02099997804970322,0.33,0.32,147152000,150697000,https://www.sec.gov/Archives/edgar/data/103730/000010373017000007/0000103730-17-000007-index.html,https://www.sec.gov/Archives/edgar/data/103730/000010373017000007/vishayintertech_10k.htm,1620599649,18:34:09,20210509
5,2015-12-31,VSH,USD,2016-02-17 00:00:00,2016-02-17 08:56:30,FY,2300488000,1758268000,542220000,0.23569781715879412,0.0,362226000.0,0.0,399000.0,362226000.0,2120494000,25685000.0,176169000.0,356163000,0.15482062936211796,179994000.0,0.07824166003039355,-83966000.0,74740000.0,0.03248875890680586,182473000.0,-108514000.0,-0.04716999175827042,-0.73,-0.73,147700000,147700000,https://www.sec.gov/Archives/edgar/data/103730/000010373016000061/0000103730-16-000061-index.html,https://www.sec.gov/Archives/edgar/data/103730/000010373016000061/vishayintertech_10k.htm,1620599649,18:34:09,20210509
6,2014-12-31,VSH,USD,2015-02-19,2015-02-19 16:03:00,FY,2493282000,1881990000,611292000,0.24517563596897582,0.0,385696000.0,0.0,-1335000.0,385696000.0,2267686000,24457000.0,179455000.0,405051000,0.16245695432766932,225596000.0,0.09048154199966149,-38935000.0,167143000.0,0.0670373427474309,49300000.0,117629000.0,0.04717837773665394,0.8,0.77,147567000,153716000,https://www.sec.gov/Archives/edgar/data/103730/000010373015000008/vishayintertech_10k.htm,https://www.sec.gov/Archives/edgar/data/103730/000010373015000008/vishayintertech_10k.htm,1620599649,18:34:09,20210509
7,2013-12-31,VSH,USD,2014-02-19,2014-02-19 06:24:14,FY,2370979000,1803719000,567260000,0.23925138096963322,0.0,366764000.0,0.0,-1720000.0,366764000.0,2170483000,23130000.0,170132000.0,370628000,0.1563185502697409,200496000.0,0.08456253724727211,-5527000.0,176405000.0,0.07440175556173209,52636000.0,122980000.0,0.05186886935734142,0.85,0.81,144856000,151417000,https://www.sec.gov/Archives/edgar/data/103730/000010373014000010/vishayintertech_10k.htm,https://www.sec.gov/Archives/edgar/data/103730/000010373014000010/vishayintertech_10k.htm,1620599649,18:34:09,20210509
8,2012-12-31,VSH,USD,2013-02-20 00:00:00,2013-02-20 07:52:50,FY,2230097000,1703424000,526673000,0.2361659604940951,0.0,349625000.0,0.0,-532000.0,349625000.0,2053049000,22604000.0,168555000.0,345603000,0.15497218282433456,177048000.0,0.07939026867441192,7967000.0,170037000.0,0.07624645923473283,46506000.0,122738000.0,0.05503706789435617,0.82,0.79,149020000,155844000,https://www.sec.gov/Archives/edgar/data/103730/000010373013000009/0000103730-13-000009-index.html,https://www.sec.gov/Archives/edgar/data/103730/000010373013000009/vishayintertech_10k.htm,1620599649,18:34:09,20210509
9,2011-12-31,VSH,USD,2012-02-23 00:00:00,2012-02-23 17:11:10,FY,2594029000,1874043000,719986000,0.27755510828907465,0.0,373385000.0,0.0,0.0,373385000.0,2247428000,19277000.0,179706000.0,526307000,0.20289171786437238,346601000.0,0.13361492874597777,3792000.0,331116000.0,0.1276454503785424,91119000.0,238821000.0,0.09206566310553968,1.49,1.42,160094000,168514000,https://www.sec.gov/Archives/edgar/data/103730/000010373012000011/0000103730-12-000011-index.html,https://www.sec.gov/Archives/edgar/data/103730/000010373012000011/vishayintertech_10k.htm,1620599649,18:34:09,20210509
10,2010-12-31,VSH,USD,2011-02-25,2011-02-25 07:10:46,FY,2725092000,1917607000,807485000,0.29631476662072326,0.0,389547000.0,0.0,0.0,389547000.0,2307154000,11036000.0,190723000.0,608661000,0.2233542940935572,417938000.0,0.15336656523889836,-1369000.0,405533000.0,0.14881442534784148,45240000.0,359106000.0,0.13177756934444781,1.96,1.89,183618000,190227000,https://www.sec.gov/Archives/edgar/data/103730/000120677411000309/vishay_10k.htm,https://www.sec.gov/Archives/edgar/data/103730/000120677411000309/vishay_10k.htm,1620599649,18:34:09,20210509
11,2009-12-31,VSH,USD,2010-02-26 00:00:00,2010-02-26 06:01:06,FY,2042033000,1653872000,388161000,0.1900855666877078,0.0,416986000.0,0.0,0.0,388791000.0,2042663000,10321000.0,229643000.0,229013000,0.1121495098267266,-630000.0,-0.00030851607197337165,-28764000.0,-39715000.0,-0.019448755235591197,16800000.0,-57188000.0,-0.02800542400637012,-0.31,-0.31,186605000,186605000,https://www.sec.gov/Archives/edgar/data/103730/000120677410000366/0001206774-10-000366-index.html,https://www.sec.gov/Archives/edgar/data/103730/000120677410000366/vishay_10k.htm,1620599649,18:34:09,20210509
12,2008-12-31,VSH,USD,2009-02-26 00:00:00,2009-02-26 06:00:59,FY,2822211000,2225244000,596967000,0.2115245812591617,0.0,450879000.0,0.0,0.0,454879000.0,2680123000,24264000.0,221751000.0,363839000,0.12891984334268417,142088000.0,0.05034634192836751,-1789509000.0,-1671685000.0,-0.5923316860433185,11187000.0,-1731416000.0,-0.613496297760869,-9.29,-9.29,186403000,186403000,https://www.sec.gov/Archives/edgar/data/103730/000120677409000337/0001206774-09-000337-index.html,https://www.sec.gov/Archives/edgar/data/103730/000120677409000337/vishay_10k.htm,1620599649,18:34:09,20210509
13,2007-12-31,VSH,USD,2008-02-27,2008-02-27 06:01:01,FY,2833266000,2138438000,694828000,0.2452392398031106,0.0,439017000.0,0.0,0.0,461779000.0,2600217000,0.0,214691000.0,447740000,0.1580296378808061,233049000.0,0.08225454299031577,-40914000.0,205664000.0,0.07258901917433802,64133000.0,130764000.0,0.046153096814771366,0.7,0.69,185646000,198226000,https://www.sec.gov/Archives/edgar/data/103730/000120677408000372/vishay_10k.htm,https://www.sec.gov/Archives/edgar/data/103730/000120677408000372/vishay_10k.htm,1620599649,18:34:09,20210509
14,2006-12-31,VSH,USD,2007-02-27,2007-02-27 16:10:18,FY,2581477000,1916658000,664819000,0.2575343495216111,0.0,403999000.0,0.0,0.0,410684000.0,2327342000,0.0,196963000.0,451098000,0.17474414840806252,254135000.0,0.09844557979792189,-37055000.0,191550000.0,0.07420170700726754,50836000.0,139736000.0,0.054130251789963654,0.76,0.73,184400000,210316000,https://www.sec.gov/Archives/edgar/data/103730/000120677407000513/vi71952.htm,https://www.sec.gov/Archives/edgar/data/103730/000120677407000513/vi71952.htm,1620599649,18:34:09,20210509
15,2005-12-31,VSH,USD,2006-03-08,2006-03-08 08:47:41,FY,2296521000,1769978000,526543000,0.22927854785564775,0.0,376912000.0,0.0,0.0,392079000.0,2162057000,0.0,188900000.0,323364000,0.14080602790046334,134464000.0,0.05855117371014678,-38269000.0,74011000.0,0.032227443162940815,11737000.0,62274000.0,0.027116669083365665,0.35,0.34,177606000,189321000,https://www.sec.gov/Archives/edgar/data/103730/000120677406000383/vi71795.htm,https://www.sec.gov/Archives/edgar/data/103730/000120677406000383/vi71795.htm,1620599649,18:34:09,20210509
16,2004-12-31,VSH,USD,2005-03-15 00:00:00,2005-03-15 16:19:54,FY,2413576000,1842080000,571496000,0.236783925594222,0.0,386346000.0,0.0,0.0,413642000.0,2255722000,0.0,202580000.0,360434000,0.14933608885736352,157854000.0,0.06540253963413624,-80881000.0,70017000.0,0.029009652068134585,13729000.0,44696000.0,0.018518579899700693,0.27303437364463257,0.2693536140004098,163701000,165938000,https://www.sec.gov/Archives/edgar/data/103730/000120677405000347/0001206774-05-000347-index.html,https://www.sec.gov/Archives/edgar/data/103730/000120677405000347/vi71433.htm,1620599649,18:34:09,20210509
17,2003-12-31,VSH,USD,2004-03-15 00:00:00,2004-03-15 16:39:51,FY,2170597000,1690267000,480330000,0.22128935034923572,0.0,381406000.0,0.0,0.0,381406000.0,2071673000,0.0,194055000.0,292979000,0.13497623004178114,98924000.0,0.04557455852007535,-21895000.0,38370000.0,0.01767716439302183,11528000.0,26842000.0,0.01236618312842043,0.16815029662158354,0.16729929009056177,159631000,160443000,https://www.sec.gov/Archives/edgar/data/103730/000092242304000397/0000922423-04-000397-index.html,https://www.sec.gov/Archives/edgar/data/103730/000092242304000397/kl03011_10k.txt,1620599649,18:34:09,20210509
18,2002-12-31,VSH,USD,2003-03-31 00:00:00,2003-03-31 16:42:37,FY,1822813000,1454540000,368273000,0.20203553518654957,0.0,311251000.0,0.0,0.0,417251000.0,1871791000,0.0,180748000.0,131770000,0.0722893681359525,-48978000.0,-0.02686945945634577,-128306000.0,-109514000.0,-0.060079668073466666,-16900000.0,-92614000.0,-0.050808283680223915,-0.58,-0.58,159413000,159413000,https://www.sec.gov/Archives/edgar/data/103730/000092242303000327/0000922423-03-000327-index.html,https://www.sec.gov/Archives/edgar/data/103730/000092242303000327/kl03030_10k.txt,1620599649,18:34:09,20210509
19,2001-12-31,VSH,USD,2002-04-01 00:00:00,2002-04-01 00:00:00,FY,1655346000,1273827000,381519000,0.23047689123603163,0.0,278171000.0,0.0,0.0,289361000.0,1563188000,0.0,11190000.0,103348000,0.06243286901952824,92158000.0,0.05567295296572439,-65207000.0,6208000.0,0.0037502733567483775,5695000.0,513000.0,0.00030990499871325994,0.003633890813269014,0.0035996463505339827,141171000,142514000,https://www.sec.gov/Archives/edgar/data/103730/000092242302000372/0000922423-02-000372-index.html,https://www.sec.gov/Archives/edgar/data/103730/000092242302000372/kl03038_form10k.txt,1620599649,18:34:09,20210509
20,2000-12-31,VSH,USD,2001-03-30 00:00:00,2001-03-30 00:00:00,FY,2465066000,1459784000,1005282000,0.4078113932852102,0.0,297315000.0,0.0,0.0,308784000.0,1768568000,0.0,11469000.0,707967000,0.2872000181739556,696498000.0,0.2825474044102673,18904000.0,666050000.0,0.2701956053103649,148186000.0,517864000.0,0.21008119052390484,3.83,3.77,135295000,137463000,https://www.sec.gov/Archives/edgar/data/103730/000092242301000313/0000922423-01-000313-index.html,https://www.sec.gov/Archives/edgar/data/103730/000092242301000313/0000922423-01-000313-0001.txt,1620599649,18:34:09,20210509
21,1999-12-31,VSH,USD,2000-03-30 00:00:00,2000-03-30 00:00:00,FY,1760091000,1299705000,460386000,0.2615694302169604,0.0,254282000.0,0.0,0.0,266642000.0,1566347000,0.0,12360000.0,206104000,0.11709849093029849,193744000.0,0.1100761267457194,-5737000.0,120177000.0,0.06827885603642084,36940000.0,83237000.0,0.04729130482458009,0.66,0.646667,126678000,128232000,https://www.sec.gov/Archives/edgar/data/103730/000092242300000540/0000922423-00-000540-index.html,https://www.sec.gov/Archives/edgar/data/103730/0000922423-00-000540.txt,1620599649,18:34:09,20210509
22,1998-12-31,VSH,USD,1999-03-31 00:00:00,1999-03-31 00:00:00,FY,1572745000,1189107000,383638000,0.24392892681267467,0.0,234840000.0,0.0,0.0,276413000.0,1465520000,0.0,12272000.0,119497000,0.07597989502430463,107225000.0,0.06817697719592178,-48652000.0,38836000.0,0.02469313207163272,30624000.0,8212000.0,0.0052214440357464175,0.064,0.064,128312500,128312500,https://www.sec.gov/Archives/edgar/data/103730/000092242399000478/0000922423-99-000478-index.html,https://www.sec.gov/Archives/edgar/data/103730/0000922423-99-000478.txt,1620599649,18:34:09,20210509
23,1997-12-31,VSH,USD,1998-03-31 00:00:00,1998-03-31 00:00:00,FY,1125219000,858020000,267199000,0.23746399589768746,0.0,136876000.0,0.0,0.0,158597000.0,1016617000,0.0,7218000.0,115820000,0.10293107386206596,108602000.0,0.09651632260031158,-16817000.0,87469000.0,0.0777350897914095,34167000.0,53302000.0,0.047370334130511484,0.421587,0.420019,126431702,126903656,https://www.sec.gov/Archives/edgar/data/103730/000092242398000354/0000922423-98-000354-index.html,https://www.sec.gov/Archives/edgar/data/103730/0000922423-98-000354.txt,1620599649,18:34:09,20210509
24,1996-12-31,VSH,USD,1997-03-27 00:00:00,1997-03-27 00:00:00,FY,1097979000,825866000,272113000,0.24783078729192454,0.0,141765000.0,0.0,0.0,148259000.0,974125000,0.0,6494000.0,130348000,0.11871629603116271,123854000.0,0.11280179311261873,-36089000.0,70357000.0,0.06407863902679377,17741000.0,52616000.0,0.0479207707979843,0.416024,0.416024,126702056,126702056,https://www.sec.gov/Archives/edgar/data/103730/000092242397000234/0000922423-97-000234-index.html,https://www.sec.gov/Archives/edgar/data/103730/0000922423-97-000234.txt,1620599649,18:34:09,20210509
25,1995-12-31,VSH,USD,1996-03-25 00:00:00,1996-03-25 00:00:00,FY,1224416000,902518000,321898000,0.2628992107257664,0.0,158821000.0,0.0,0.0,165282000.0,1067800000,0.0,6461000.0,163077000,0.13318757677129342,156616000.0,0.12791077542273213,-4209000.0,122974000.0,0.10043481953845752,30307000.0,92667000.0,0.07568261113869795,0.78782,0.78782,117923641,117923641,https://www.sec.gov/Archives/edgar/data/103730/000092242396000155/0000922423-96-000155-index.html,https://www.sec.gov/Archives/edgar/data/103730/0000922423-96-000155.txt,1620599649,18:34:09,20210509
26,1994-12-31,VSH,USD,1995-03-30 00:00:00,1995-03-30 00:00:00,FY,987837000,748135000,239702000,0.24265339322175622,0.0,137124000.0,0.0,0.0,141733000.0,889868000,0.0,4609000.0,102578000,0.10384101830565164,97969000.0,0.09917526879434563,916000.0,74116000.0,0.07502857252765385,15169000.0,58947000.0,0.05967280026968012,0.552856,0.552856,106569510,106569510,https://www.sec.gov/Archives/edgar/data/103730/000092242395000040/0000922423-95-000040-index.html,https://www.sec.gov/Archives/edgar/data/103730/0000922423-95-000040.txt,1620599649,18:34:09,20210509
27,1993-12-31,VSH,USD,1993-12-31,1993-12-31,FY,856272000,663239000,193033000,0.22543420782181364,0.0,0.0,0.0,0.0,0.0,774924000,0.0,3294000.0,84642000,0.09884943102191827,81348000.0,0.09500252256292394,685000.0,50894000.0,0.059436721041911916,8246000.0,44075000.0,0.05147313003344731,0.434596,0.434596,101598393,101598393,,,1620599649,18:34:09,20210509
28,1992-12-31,VSH,USD,1992-12-31,1992-12-31,FY,664200000,472000000,192200000,0.28937067148449264,0.0,0.0,0.0,0.0,0.0,609400000,0.0,36100000.0,90900000,0.13685636856368563,54800000.0,0.08250526949713942,2200000.0,37900000.0,0.05706112616681722,7500000.0,30400000.0,0.045769346582354715,0.37,0.37,82162162,82162162,,,1620599649,18:34:09,20210509
29,1991-12-31,VSH,USD,1991-12-31,1991-12-31,FY,442300000,291100000,151200000,0.3418494234682342,0.0,0.0,0.0,0.0,0.0,397900000,0.0,27100000.0,71500000,0.16165498530409225,44400000.0,0.10038435451051322,-2000000.0,27300000.0,0.0617228125706534,6400000.0,20900000.0,0.04725299570427312,0.27,0.27,77407407,77407407,,,1620599649,18:34:09,20210509
30,1990-12-31,VSH,USD,1990-12-31,1990-12-31,FY,445600000,286700000,158900000,0.35659784560143626,0.0,0.0,0.0,0.0,0.0,390600000,0.0,26200000.0,81200000,0.1822262118491921,55000000.0,0.12342908438061041,-1700000.0,33900000.0,0.07607719928186714,10700000.0,23200000.0,0.05206463195691203,0.34,0.34,68235294,68235294,,,1620599649,18:34:09,20210509
31,1989-12-31,VSH,USD,1989-12-31,1989-12-31,FY,415600000,268500000,147100000,0.3539461020211742,0.0,0.0,0.0,0.0,0.0,367300000,0.0,22300000.0,70600000,0.16987487969201154,48300000.0,0.11621751684311839,-900000.0,26500000.0,0.06376323387872955,8700000.0,17800000.0,0.04282964388835419,0.27,0.27,65925926,65925926,,,1620599649,18:34:09,20210509
32,1988-12-31,VSH,USD,1988-12-31,1988-12-31,FY,175800000,114300000,61500000,0.34982935153583616,0.0,0.0,0.0,0.0,0.0,157500000,0.0,9500000.0,27800000,0.15813424345847554,18300000.0,0.10409556313993173,2900000.0,11700000.0,0.06655290102389079,3600000.0,8100000.0,0.04607508532423208,0.13,0.13,62307692,62307692,,,1620599649,18:34:09,20210509
33,1988-06-30,VSH,USD,1988-06-30,1988-06-30,FY,109000000,64100000,44900000,0.41192660550458715,0.0,0.0,0.0,0.0,0.0,95000000,0.0,4500000.0,18500000,0.16972477064220184,14000000.0,0.12844036697247707,9800000.0,21400000.0,0.1963302752293578,5900000.0,15500000.0,0.14220183486238533,0.24,0.24,64583333,64583333,,,1620599649,18:34:09,20210509
34,1987-06-30,VSH,USD,1987-06-30,1987-06-30,FY,59000000,29300000,29700000,0.5033898305084745,0.0,0.0,0.0,0.0,0.0,50800000,0.0,2800000.0,11000000,0.1864406779661017,8200000.0,0.13898305084745763,5500000.0,12200000.0,0.20677966101694914,2000000.0,10200000.0,0.17288135593220338,0.17,0.17,60000000,60000000,,,1620599649,18:34:09,20210509
35,1986-06-30,VSH,USD,1986-06-30,1986-06-30,FY,58900000,29400000,29500000,0.5008488964346349,0.0,0.0,0.0,0.0,0.0,50100000,0.0,2400000.0,11200000,0.19015280135823429,8800000.0,0.1494057724957555,4900000.0,11300000.0,0.19185059422750425,2000000.0,9300000.0,0.15789473684210525,0.15,0.15,62000000,62000000,,,1620599649,18:34:09,20210509
