,date,symbol,reportedCurrency,fillingDate,acceptedDate,period,revenue,costOfRevenue,grossProfit,grossProfitRatio,researchAndDevelopmentExpenses,generalAndAdministrativeExpenses,sellingAndMarketingExpenses,otherExpenses,operatingExpenses,costAndExpenses,interestExpense,depreciationAndAmortization,ebitda,ebitdaratio,operatingIncome,operatingIncomeRatio,totalOtherIncomeExpensesNet,incomeBeforeTax,incomeBeforeTaxRatio,incomeTaxExpense,netIncome,netIncomeRatio,eps,epsdiluted,weightedAverageShsOut,weightedAverageShsOutDil,link,finalLink,timestamp,est_time,est_date
0,2020-12-31,FNHC,USD,2021-03-29,2020-12-31,FY,432230000,0.0,0.0,0.0,0.0,37211000.0,0.0,0.0,0.0,537883000.0,7661000.0,3740.0,0.0,0.0,0.0,-0.24443698956574048,23941000.0,-105653000.0,-0.24443698956574048,-32619000.0,-73034000.0,-0.16897022418619717,-5.627957154966479,-5.627957154966479,12977000.0,12977000.0,https://www.sec.gov/Archives/edgar/data/1069996/000106999621000048/0001069996-21-000048-index.htm,https://www.sec.gov/Archives/edgar/data/1069996/000106999621000048/fnhc-20201231.htm,1620592171,16:29:31,20210509
1,2019-12-31,FNHC,USD,2020-03-06,2020-03-06 16:13:33,FY,414961000,0.0,0.0,0.0,0.0,35317000.0,0.0,0.0,414000000.0,414248000.0,10776000.0,1477000.0,0.0,0.0,0.0,0.0017182337617270057,1643000.0,713000.0,0.0017182337617270057,-298000.0,1011000.0,0.0024363735387180965,0.07790706634815443,0.07763188205482607,12977000.0,13023000.0,https://www.sec.gov/Archives/edgar/data/1069996/000106999620000011/0001069996-20-000011-index.htm,https://www.sec.gov/Archives/edgar/data/1069996/000106999620000011/fnhc-20191231.htm,1620592171,16:29:31,20210509
2,2018-12-31,FNHC,USD,2019-03-07,2019-03-07 16:59:19,FY,396093000,0.0,0.0,0.0,0.0,36462000.0,0.0,0.0,376000000.0,375885000.0,4177000.0,1385000.0,0.0,0.0,0.0,0.051018321454809855,2200000.0,20208000.0,0.051018321454809855,5498000.0,14928000.0,0.03768811869939635,1.17,1.16,12775000.0,12867000.0,https://www.sec.gov/Archives/edgar/data/1069996/000106999619000018/0001069996-19-000018-index.htm,https://www.sec.gov/Archives/edgar/data/1069996/000106999619000018/fnhc-123118x10xk.htm,1620592171,16:29:31,20210509
3,2017-12-31,FNHC,USD,2018-03-13,2018-03-13 16:14:31,FY,391662000,0.0,0.0,0.0,0.0,34484000.0,114867000.0,0.0,383000000.0,382735000.0,348000.0,1166000.0,0.0,0.0,0.0,0.022792611997079115,4198000.0,8927000.0,0.022792611997079115,3585000.0,7989000.0,0.020397689844815173,0.61,0.6,13170000.0,13250000.0,https://www.sec.gov/Archives/edgar/data/1069996/000106999618000003/0001069996-18-000003-index.htm,https://www.sec.gov/Archives/edgar/data/1069996/000106999618000003/fnhc-123117x10xk.htm,1620592171,16:29:31,20210509
4,2016-12-31,FNHC,USD,2017-03-16,2017-03-16 14:36:54,FY,316384000,0.0,0.0,0.0,0.0,39573000.0,108776000.0,0.0,306000000.0,313651000.0,348000.0,869000.0,0.0,0.0,0.0,0.008638237078992616,2144000.0,2733000.0,0.008638237078992616,2683000.0,-196000.0,-0.0006195003540002022,-0.01,-0.01,13758000.0,13758000.0,https://www.sec.gov/Archives/edgar/data/1069996/000156276217000034/0001562762-17-000034-index.htm,https://www.sec.gov/Archives/edgar/data/1069996/000156276217000034/c996-20161231x10k.htm,1620592171,16:29:31,20210509
5,2015-12-31,FNHC,USD,2016-03-14,2016-03-11 20:05:38,FY,246816000,0.0,0.0,0.0,0.0,15032000.0,65315000.0,0.0,181000000.0,181623000.0,0.0,624000.0,0.0,0.0,0.0,0.2641360365616492,1916000.0,65193000.0,0.2641360365616492,24753000.0,40885000.0,0.16564971476727602,2.98,2.92,13719799.0,14001712.0,https://www.sec.gov/Archives/edgar/data/1069996/000114036116057540/0001140361-16-057540-index.htm,https://www.sec.gov/Archives/edgar/data/1069996/000114036116057540/form10k.htm,1620592171,16:29:31,20210509
6,2014-12-31,FNHC,USD,2015-03-16,2015-03-16 10:01:27,FY,197900000,0.0,0.0,0.0,0.0,14968000.0,0.0,0.0,143000000.0,140593000.0,0.0,149000.0,0.0,0.0,0.0,0.2895755432036382,3978000.0,57307000.0,0.2895755432036382,20108000.0,37199000.0,0.18796867104598283,3.08,2.99,12082269.0,12438418.0,https://www.sec.gov/Archives/edgar/data/1069996/000114036115011840/0001140361-15-011840-index.htm,https://www.sec.gov/Archives/edgar/data/1069996/000114036115011840/form10k.htm,1620592171,16:29:31,20210509
7,2013-12-31,FNHC,USD,2014-03-17,2014-03-17 15:42:41,FY,121737000,0.0,0.0,0.0,0.0,10188000.0,0.0,0.0,103000000.0,102519000.0,0.0,263000.0,0.0,0.0,0.0,0.15786490549298898,2301000.0,19218000.0,0.15786490549298898,6491000.0,12727000.0,0.1045450438239812,1.5,1.45,8505967.0,8772060.0,https://www.sec.gov/Archives/edgar/data/1069996/000114036114012986/0001140361-14-012986-index.htm,https://www.sec.gov/Archives/edgar/data/1069996/000114036114012986/form10k.htm,1620592171,16:29:31,20210509
8,2012-12-31,FNHC,USD,2013-04-01,2013-04-01 15:01:23,FY,68647000,0.0,0.0,0.0,0.0,8439000.0,0.0,0.0,62000000.0,61899000.0,0.0,195000.0,0.0,0.0,0.0,0.09829999854327211,1013000.0,6748000.0,0.09829999854327211,2435000.0,4313000.0,0.06282867423194022,0.5423856871547525,0.5380415188913326,7951906.0,8016110.0,https://www.sec.gov/Archives/edgar/data/1069996/000114036113014741/0001140361-13-014741-index.htm,https://www.sec.gov/Archives/edgar/data/1069996/000114036113014741/form10k.htm,1620592171,16:29:31,20210509
9,2011-12-31,FNHC,USD,2012-03-30,2012-03-30 11:10:16,FY,60163000,0.0,0.0,0.0,0.0,8004000.0,0.0,0.0,61000000.0,61163000.0,0.0,1417000.0,0.0,0.0,0.0,-0.01662151156026129,2259000.0,-1000000.0,-0.01662151156026129,-570000.0,-430000.0,-0.0071472499709123545,-0.05,-0.05,7946384.0,7946384.0,https://www.sec.gov/Archives/edgar/data/1069996/000114036112018226/0001140361-12-018226-index.htm,https://www.sec.gov/Archives/edgar/data/1069996/000114036112018226/form10k.htm,1620592171,16:29:31,20210509
10,2010-12-31,FNHC,USD,2011-03-31,2011-03-31 15:47:34,FY,60604000,0.0,0.0,0.0,0.0,8611000.0,0.0,0.0,73000000.0,72559000.0,0.0,221000.0,0.0,0.0,0.0,-0.19726420698303743,2044000.0,-11955000.0,-0.19726420698303743,-3959000.0,-7996000.0,-0.1319384859085209,-1.01,-1.01,7946384.0,7946384.0,https://www.sec.gov/Archives/edgar/data/1069996/000114036111019672/0001140361-11-019672-index.htm,https://www.sec.gov/Archives/edgar/data/1069996/000114036111019672/form10k.htm,1620592171,16:29:31,20210509
11,2009-12-31,FNHC,USD,2010-03-26,2010-03-26 15:54:08,FY,58854000,0.0,0.0,0.0,0.0,7930000.0,0.0,0.0,75000000.0,75064000.0,0.0,188000.0,0.0,0.0,0.0,-0.2754273286437625,3382000.0,-16210000.0,-0.2754273286437625,-5921000.0,-10289000.0,-0.17482244197505692,-1.29,-1.29,8002365.0,8002365.0,https://www.sec.gov/Archives/edgar/data/1069996/000114420410015932/0001144204-10-015932-index.htm,https://www.sec.gov/Archives/edgar/data/1069996/000114420410015932/v178522_10k.htm,1620592171,16:29:31,20210509
12,2008-12-31,FNHC,USD,2009-03-16,2009-03-16 17:19:44,FY,67357000,0.0,0.0,0.0,0.0,7428000.0,0.0,0.0,71000000.0,71159000.0,0.0,290000.0,0.0,0.0,0.0,-0.056445506777320846,3109000.0,-3802000.0,-0.056445506777320846,-1324000.0,-2478000.0,-0.03678904939353,-0.31,-0.31,7979436.0,7979436.0,https://www.sec.gov/Archives/edgar/data/1069996/000114420409014329/0001144204-09-014329-index.htm,https://www.sec.gov/Archives/edgar/data/1069996/000114420409014329/v142961_10k.htm,1620592171,16:29:31,20210509
13,2007-12-31,FNHC,USD,2008-03-17,2008-03-17 16:58:39,FY,119132000,0.0,0.0,0.0,0.0,6732000.0,0.0,0.0,87000000.0,86627000.0,173000.0,-43000.0,0.0,0.0,0.0,0.2728486049088406,12089000.0,32505000.0,0.2728486049088406,11226000.0,21280000.0,0.17862539032333882,2.69,2.65,7922542.0,8030205.0,https://www.sec.gov/Archives/edgar/data/1069996/000114420408015873/0001144204-08-015873-index.htm,https://www.sec.gov/Archives/edgar/data/1069996/000114420408015873/v107146_10k.htm,1620592171,16:29:31,20210509
14,2006-12-31,FNHC,USD,2007-03-16,2007-03-16 16:20:04,FY,103915000,0.0,0.0,0.0,0.0,7011000.0,0.0,0.0,83000000.0,82622000.0,656000.0,45000.0,0.0,0.0,0.0,0.2049078573834384,7571000.0,21293000.0,0.2049078573834384,7396000.0,13896000.0,0.13372467882403888,1.84,1.72,7537550.0,8085722.0,https://www.sec.gov/Archives/edgar/data/1069996/000114420407013168/0001144204-07-013168-index.htm,https://www.sec.gov/Archives/edgar/data/1069996/000114420407013168/v068502_10k.htm,1620592171,16:29:31,20210509
15,2005-12-31,FNHC,USD,2006-03-30,2006-03-30 17:32:21,FY,94669337,0.0,0.0,0.0,0.0,6384082.0,0.0,0.0,77000000.0,78898585.0,1397639.0,222937.0,0.0,0.0,0.0,0.16658775163916062,7406381.0,15770752.0,0.16658775163916062,4689826.0,12115530.0,0.1279773407518424,1.95,1.83,6228043.0,6628076.0,https://www.sec.gov/Archives/edgar/data/1069996/000114420406012513/0001144204-06-012513-index.htm,https://www.sec.gov/Archives/edgar/data/1069996/000114420406012513/v039025_10k.htm,1620592171,16:29:31,20210509
16,2004-12-31,FNHC,USD,2005-03-31 00:00:00,2005-03-31 16:24:37,FY,76571424,0.0,0.0,0.0,0.0,6134168.0,0.0,0.0,0.0,98777063.0,1087494.0,299271.0,0.0,0.0,0.0,-0.28999903410441996,6469784.0,-22205639.0,-0.28999903410441996,-8600911.0,-10857775.0,-0.1417993088387647,-1.86,-1.86,5847102.0,5847102.0,https://www.sec.gov/Archives/edgar/data/1069996/000114420405009759/0001144204-05-009759-index.html,https://www.sec.gov/Archives/edgar/data/1069996/000114420405009759/v015051_10k.txt,1620592171,16:29:31,20210509
17,2003-12-31,FNHC,USD,2003-12-31,2003-12-31,FY,60116300,0.0,0.0,0.0,0.0,9152028.0,0.0,0.0,0.0,47829074.0,606910.0,728343.0,0.0,0.0,0.0,0.20439092226234815,11383521.0,12287226.0,0.20439092226234815,3922350.0,8364876.0,0.13914489081996065,1.76,1.666667,4756972.0,5022937.0,,,1620592171,16:29:31,20210509
18,2002-12-31,FNHC,USD,2002-12-31,2002-12-31,FY,40579545,0.0,0.0,0.0,0.0,8004694.0,0.0,0.0,0.0,32706495.0,0.0,460876.0,0.0,0.0,0.0,0.1940152360012908,11302737.0,7873050.0,0.1940152360012908,3302849.0,4570201.0,0.11262326869362384,1.0133332830753956,1.0077978512577845,4510067.0,4534839.0,,,1620592171,16:29:31,20210509
19,2001-12-31,FNHC,USD,2001-12-31,2001-12-31,FY,35476566,0.0,0.0,0.0,0.0,8478771.0,0.0,0.0,0.0,38285104.0,0.0,540010.0,0.0,0.0,0.0,-0.07916600496226157,17066022.0,-2808538.0,-0.07916600496226157,-630553.0,-992090.0,-0.027964657007670923,-0.206667,-0.206667,4800435.0,4800435.0,,,1620592171,16:29:31,20210509
20,2000-12-31,FNHC,USD,2000-12-31,2000-12-31,FY,37553607,0.0,0.0,0.0,0.0,9375775.0,0.0,0.0,0.0,38538877.0,0.0,606653.0,0.0,0.0,0.0,-0.02623636126351325,16116111.0,-985270.0,-0.02623636126351325,-462396.0,-522874.0,-0.013923402883776251,-0.1,-0.1,5228740.0,5228740.0,,,1620592171,16:29:31,20210509
21,1999-12-31,FNHC,USD,1999-12-31,1999-12-31,FY,25377454,0.0,0.0,0.0,0.0,7474572.0,0.0,0.0,0.0,7474572.0,0.0,731754.0,0.0,0.0,0.0,0.0,11921106.0,0.0,0.0,680061.0,1566731.0,0.061737123038426156,0.204547,0.204547,7567467.0,7567467.0,,,1620592171,16:29:31,20210509
22,1998-12-31,FNHC,USD,1998-12-31,1998-12-31,FY,20700000,0.0,0.0,0.0,0.0,4000000.0,0.0,0.0,0.0,4000000.0,0.0,300000.0,0.0,0.0,0.0,0.0,6700000.0,0.0,0.0,1000000.0,1800000.0,0.08695652173913043,0.351287,0.351287,5190405.0,5190405.0,,,1620592171,16:29:31,20210509
