,date,symbol,reportedCurrency,fillingDate,acceptedDate,period,revenue,costOfRevenue,grossProfit,grossProfitRatio,researchAndDevelopmentExpenses,generalAndAdministrativeExpenses,sellingAndMarketingExpenses,otherExpenses,operatingExpenses,costAndExpenses,interestExpense,depreciationAndAmortization,ebitda,ebitdaratio,operatingIncome,operatingIncomeRatio,totalOtherIncomeExpensesNet,incomeBeforeTax,incomeBeforeTaxRatio,incomeTaxExpense,netIncome,netIncomeRatio,eps,epsdiluted,weightedAverageShsOut,weightedAverageShsOutDil,link,finalLink,timestamp,est_time,est_date
0,2020-12-31,ITIC,USD,2021-03-15,2021-03-15 17:03:33,FY,236408000.0,0.0,0.0,0.0,0.0,61880000.0,0.0,0.0,0.0,186747000.0,0.0,297000.0,0.0,0.0,0.0,0.2100648032215492,623000.0,49661000.0,0.2100648032215492,10241000.0,39420000.0,0.16674562620554295,20.87923728813559,20.87923728813559,1888000.0,1888000.0,https://www.sec.gov/Archives/edgar/data/720858/000072085821000008/0000720858-21-000008-index.htm,https://www.sec.gov/Archives/edgar/data/720858/000072085821000008/itic-20201231.htm,1620593802,16:56:42,20210509
1,2019-12-31,ITIC,USD,2020-03-11,2020-03-11 16:14:48,FY,183502000.0,0.0,0.0,0.0,0.0,55312000.0,0.0,0.0,144000000.0,143679000.0,0.0,238000.0,0.0,0.0,0.0,0.21701670826476005,678000.0,39823000.0,0.21701670826476005,8365000.0,31458000.0,0.17143137404496953,16.66,16.59,1888000.0,1896000.0,https://www.sec.gov/Archives/edgar/data/720858/000072085820000009/0000720858-20-000009-index.htm,https://www.sec.gov/Archives/edgar/data/720858/000072085820000009/itic2019123110k.htm,1620593802,16:56:42,20210509
2,2018-12-31,ITIC,USD,2019-03-13,2019-03-12 18:05:49,FY,156259000.0,0.0,0.0,0.0,0.0,52365000.0,0.0,0.0,129000000.0,129190000.0,0.0,2234000.0,0.0,0.0,0.0,0.17323162185858096,470000.0,27069000.0,0.17323162185858096,5210000.0,21859000.0,0.13988954236235993,11.6,11.54,1887000.0,1897000.0,https://www.sec.gov/Archives/edgar/data/720858/000072085819000009/0000720858-19-000009-index.htm,https://www.sec.gov/Archives/edgar/data/720858/000072085819000009/itic_20181231x10k.htm,1620593802,16:56:42,20210509
3,2017-12-31,ITIC,USD,2018-03-12,2018-03-12 16:58:07,FY,161649296.0,0.0,0.0,0.0,0.0,54167318.0,68643220.0,0.0,131000000.0,131378726.0,0.0,2351455.0,0.0,0.0,0.0,0.187260759861274,17575071.0,30270570.0,0.187260759861274,4570000.0,25700570.0,0.15898968096959729,13.63,13.56,1886354.0,1895871.0,https://www.sec.gov/Archives/edgar/data/720858/000072085818000006/0000720858-18-000006-index.htm,https://www.sec.gov/Archives/edgar/data/720858/000072085818000006/itic_20171231x10k.htm,1620593802,16:56:42,20210509
4,2016-12-31,ITIC,USD,2017-03-10,2017-03-10 16:42:14,FY,138492414.0,0.0,0.0,0.0,0.0,43172685.0,0.0,0.0,110000000.0,110360962.0,0.0,1520438.0,0.0,0.0,0.0,0.2031263026435513,10944108.0,28131452.0,0.2031263026435513,8616000.0,19515452.0,0.14091350880778206,10.23,10.19,1907675.0,1915057.0,https://www.sec.gov/Archives/edgar/data/720858/000072085817000008/0000720858-17-000008-index.htm,https://www.sec.gov/Archives/edgar/data/720858/000072085817000008/itic_20161231x10k.htm,1620593802,16:56:42,20210509
5,2015-12-31,ITIC,USD,2016-03-11,2016-03-11 16:04:29,FY,127200072.0,0.0,0.0,0.0,0.0,39724215.0,0.0,0.0,109000000.0,109423019.0,0.0,1834349.0,0.0,0.0,0.0,0.13975662686731813,10309230.0,17777053.0,0.13975662686731813,5228000.0,12549053.0,0.09865602120099429,6.32,6.3,1984360.0,1989799.0,https://www.sec.gov/Archives/edgar/data/720858/000072085816000027/0000720858-16-000027-index.htm,https://www.sec.gov/Archives/edgar/data/720858/000072085816000027/itic_20151231x10k.htm,1620593802,16:56:42,20210509
6,2014-12-31,ITIC,USD,2015-03-13,2015-03-13 16:04:01,FY,123119286.0,0.0,0.0,0.0,0.0,36096070.0,0.0,0.0,110000000.0,109630788.0,0.0,1463886.0,0.0,0.0,0.0,0.10955633709571708,8627935.0,13488498.0,0.10955633709571708,3816000.0,9672498.0,0.07856200530597619,4.75,4.74,2031760.0,2037534.0,https://www.sec.gov/Archives/edgar/data/720858/000072085815000004/0000720858-15-000004-index.htm,https://www.sec.gov/Archives/edgar/data/720858/000072085815000004/itic_20141231x10k.htm,1620593802,16:56:42,20210509
7,2013-12-31,ITIC,USD,2014-03-14,2014-03-14 14:48:40,FY,126251497.0,0.0,0.0,0.0,0.0,34815911.0,0.0,0.0,105000000.0,104708759.0,0.0,1176838.0,0.0,0.0,0.0,0.17063352524049674,8274823.0,21542738.0,0.17063352524049674,6746000.0,14796738.0,0.11720049545234303,7.15,7.08,2056169.0,2076628.0,https://www.sec.gov/Archives/edgar/data/720858/000072085814000004/0000720858-14-000004-index.htm,https://www.sec.gov/Archives/edgar/data/720858/000072085814000004/itic_20131231x10k.htm,1620593802,16:56:42,20210509
8,2012-12-31,ITIC,USD,2013-03-14,2013-03-14 11:18:17,FY,115079092.0,0.0,0.0,0.0,0.0,31034987.0,0.0,0.0,99000000.0,98999185.0,0.0,954928.0,0.0,0.0,0.0,0.13972917860700534,7701340.0,16079907.0,0.13972917860700534,4889000.0,11190907.0,0.09724535365642266,5.33,5.24,2081703.0,2116793.0,https://www.sec.gov/Archives/edgar/data/720858/000115752313001407/0001157523-13-001407-index.htm,https://www.sec.gov/Archives/edgar/data/720858/000115752313001407/a50582728.htm,1620593802,16:56:42,20210509
9,2011-12-31,ITIC,USD,2012-03-15,2012-03-15 10:54:47,FY,90685156.0,0.0,0.0,0.0,0.0,27741817.0,49596250.0,0.0,81000000.0,81186220.0,0.0,814646.0,0.0,0.0,0.0,0.10474631592407471,5532228.0,9498936.0,0.10474631592407471,2565000.0,6933936.0,0.07646164274117806,3.22,3.2,2151350.0,2169636.0,https://www.sec.gov/Archives/edgar/data/720858/000115752312001393/0001157523-12-001393-index.htm,https://www.sec.gov/Archives/edgar/data/720858/000115752312001393/a50191189.htm,1620593802,16:56:42,20210509
10,2010-12-31,ITIC,USD,2011-03-09,2011-03-09 12:43:30,FY,71309355.0,0.0,0.0,0.0,0.0,56184484.0,1544588.0,0.0,63000000.0,62693729.0,0.0,851847.0,0.0,0.0,0.0,0.12082041690041931,5521062.0,8615626.0,0.12082041690041931,2243000.0,6372626.0,0.08936591839878512,2.79,2.78,2284657.0,2289847.0,https://www.sec.gov/Archives/edgar/data/720858/000115752311001475/0001157523-11-001475-index.htm,https://www.sec.gov/Archives/edgar/data/720858/000115752311001475/a6636247.htm,1620593802,16:56:42,20210509
11,2009-12-31,ITIC,USD,2010-03-05,2010-03-05 14:58:32,FY,71308160.0,0.0,0.0,0.0,0.0,25725746.0,29254311.0,0.0,65000000.0,65392381.0,0.0,971821.0,0.0,0.0,0.0,0.0829607579272835,4957054.0,5915779.0,0.0829607579272835,1087000.0,4828779.0,0.06771706071226631,2.11,2.1,2291816.0,2299429.0,https://www.sec.gov/Archives/edgar/data/720858/000120677410000522/0001206774-10-000522-index.htm,https://www.sec.gov/Archives/edgar/data/720858/000120677410000522/investorstitle_10k.htm,1620593802,16:56:42,20210509
12,2008-12-31,ITIC,USD,2009-03-09,2009-03-09 16:58:51,FY,71123261.0,0.0,0.0,0.0,0.0,28266083.0,27717807.0,0.0,74000000.0,74340060.0,0.0,1234217.0,0.0,0.0,0.0,-0.045228508293510335,4658574.0,-3216799.0,-0.045228508293510335,-2034000.0,-1182799.0,-0.0166302695260275,-0.5,-0.5,2364361.0,2364361.0,https://www.sec.gov/Archives/edgar/data/720858/000120677409000436/0001206774-09-000436-index.htm,https://www.sec.gov/Archives/edgar/data/720858/000120677409000436/investors_10k.htm,1620593802,16:56:42,20210509
13,2007-12-31,ITIC,USD,2008-03-17,2008-03-17 15:46:29,FY,84942287.0,0.0,0.0,0.0,0.0,28424960.0,0.0,0.0,73000000.0,73117952.0,0.0,1475883.0,0.0,0.0,0.0,0.13920434000087611,3642071.0,11824335.0,0.13920434000087611,3422000.0,8402335.0,0.09891816310526229,3.39,3.35,2479321.0,2508609.0,https://www.sec.gov/Archives/edgar/data/720858/000114420408015783/0001144204-08-015783-index.htm,https://www.sec.gov/Archives/edgar/data/720858/000114420408015783/v106766_10k.htm,1620593802,16:56:42,20210509
14,2006-12-31,ITIC,USD,2007-03-09,2007-03-09 17:19:22,FY,84661716.0,0.0,0.0,0.0,0.0,26714784.0,0.0,0.0,67000000.0,67332282.0,0.0,1344481.0,0.0,0.0,0.0,0.20469032307353657,5261521.0,17329434.0,0.20469032307353657,4144000.0,13185434.0,0.15574257908970332,5.22,5.14,2527927.0,2564216.0,https://www.sec.gov/Archives/edgar/data/720858/000114420407012108/0001144204-07-012108-index.htm,https://www.sec.gov/Archives/edgar/data/720858/000114420407012108/v067744_10k.htm,1620593802,16:56:42,20210509
15,2005-12-31,ITIC,USD,2006-03-21,2006-03-21 16:50:50,FY,87863878.0,0.0,0.0,0.0,0.0,30309405.0,0.0,0.0,69000000.0,69280955.0,0.0,1089891.0,0.0,0.0,0.0,0.2114967313416328,4551063.0,18582923.0,0.2114967313416328,5290000.0,13292923.0,0.151289964688333,5.19,5.1,2560418.0,2607633.0,https://www.sec.gov/Archives/edgar/data/720858/000114420406011038/0001144204-06-011038-index.htm,https://www.sec.gov/Archives/edgar/data/720858/000114420406011038/v037628_10k.htm,1620593802,16:56:42,20210509
16,2004-12-31,ITIC,USD,2005-03-16,2005-03-16 17:26:30,FY,79841176.0,0.0,0.0,0.0,0.0,29152645.0,0.0,0.0,0.0,64339010.0,0.0,1013217.0,0.0,0.0,0.0,0.19416254590238,2466687.0,15502166.0,0.19416254590238,4783000.0,10719166.0,0.13425611366245407,4.29,4.09,2496711.0,2620916.0,https://www.sec.gov/Archives/edgar/data/720858/000116923205001699/0001169232-05-001699-index.htm,https://www.sec.gov/Archives/edgar/data/720858/000116923205001699/d62961_10-k.htm,1620593802,16:56:42,20210509
17,2003-12-31,ITIC,USD,2003-12-31,2003-12-31,FY,90829871.0,0.0,0.0,0.0,0.0,39113544.0,0.0,0.0,0.0,74658857.0,0.0,874961.0,0.0,0.0,0.0,0.17803629821295244,1260467.0,16171014.0,0.17803629821295244,5206000.0,10965014.0,0.12072035200842683,4.38,4.18,2503659.0,2624473.0,,,1620593802,16:56:42,20210509
18,2002-12-31,ITIC,USD,2002-12-31,2002-12-31,FY,73247340.0,0.0,0.0,0.0,0.0,32006188.0,0.0,0.0,0.0,61578498.0,0.0,986894.0,0.0,0.0,0.0,0.15930738235682004,-339194.0,11668842.0,0.15930738235682004,3560000.0,8108842.0,0.11070493481401508,3.22,3.12,2517328.0,2597979.0,,,1620593802,16:56:42,20210509
19,2001-12-31,ITIC,USD,2002-03-29 00:00:00,2002-03-29 00:00:00,FY,64472445.0,0.0,0.0,0.0,0.0,28074489.0,0.0,0.0,0.0,55733447.0,0.0,1413841.0,0.0,0.0,0.0,0.13554624770318544,-500433.0,8738998.0,0.13554624770318544,2730000.0,6008998.0,0.09320257669768844,2.35,2.31,2554204.0,2599714.0,https://www.sec.gov/Archives/edgar/data/720858/000095016802000642/0000950168-02-000642-index.html,https://www.sec.gov/Archives/edgar/data/720858/000095016802000642/d10k.txt,1620593802,16:56:42,20210509
20,2000-12-31,ITIC,USD,2000-12-31,2000-12-31,FY,42229768.0,0.0,0.0,0.0,0.0,15470852.0,0.0,0.0,0.0,37969305.0,0.0,794689.0,0.0,0.0,0.0,0.10088767241155576,-621481.0,4260463.0,0.10088767241155576,1120000.0,3140463.0,0.07436609644646876,1.210248522963007,1.2072746410136843,2594891.0,2601283.0,,,1620593802,16:56:42,20210509
21,1999-12-31,ITIC,USD,1999-12-31,1999-12-31,FY,47366559.0,0.0,0.0,0.0,0.0,17045552.0,0.0,0.0,0.0,40905165.0,0.0,470843.0,0.0,0.0,0.0,0.13641256904475582,-1247072.0,6461394.0,0.13641256904475582,2041000.0,4420394.0,0.09332309741984847,1.5918574744731313,1.5864847851007184,2776878.0,2786282.0,,,1620593802,16:56:42,20210509
22,1998-12-31,ITIC,USD,1998-12-31,1998-12-31,FY,48476263.0,0.0,0.0,0.0,0.0,17399629.0,0.0,0.0,0.0,40780754.0,0.0,393026.0,0.0,0.0,0.0,0.1587479835233999,-936992.0,7695509.0,0.1587479835233999,2236000.0,5459509.0,0.1126223157919578,1.95,1.92,2806267.0,2841035.0,,,1620593802,16:56:42,20210509
23,1997-12-31,ITIC,USD,1997-12-31,1997-12-31,FY,32390516.0,0.0,0.0,0.0,0.0,10065249.0,0.0,0.0,0.0,25939734.0,0.0,346547.0,0.0,0.0,0.0,0.19915650618224173,-982418.0,6450782.0,0.19915650618224173,1920400.0,4530382.0,0.13986754641389473,1.63,1.6,2782449.0,2826730.0,,,1620593802,16:56:42,20210509
24,1996-12-31,ITIC,USD,1996-12-31,1996-12-31,FY,22991182.0,0.0,0.0,0.0,0.0,5780048.0,0.0,0.0,0.0,17569645.0,0.0,328682.0,0.0,0.0,0.0,0.23580940727623312,-1051143.0,5421537.0,0.23580940727623312,1578000.0,3843537.0,0.16717439755815947,1.3864143165604126,1.3726917857142857,2772286.0,2800000.0,,,1620593802,16:56:42,20210509
25,1995-12-31,ITIC,USD,1995-12-31,1995-12-31,FY,17365950.0,0.0,0.0,0.0,0.0,3669995.0,0.0,0.0,0.0,12962292.0,11098.0,307649.0,0.0,0.0,0.0,0.25358002297599613,-964260.0,4403658.0,0.25358002297599613,1153000.0,3250658.0,0.18718572839378209,1.1590319157736202,1.1447970175093838,2804632.0,2839506.0,,,1620593802,16:56:42,20210509
26,1994-12-31,ITIC,USD,1994-12-31,1994-12-31,FY,16900000.0,0.0,0.0,0.0,0.0,7900000.0,0.0,0.0,0.0,8000000.0,100000.0,300000.0,0.0,0.0,0.0,0.0,1300000.0,0.0,0.0,1300000.0,3100000.0,0.1834319526627219,1.1,1.1,2818182.0,2818182.0,,,1620593802,16:56:42,20210509
27,1993-12-31,ITIC,USD,1993-12-31,1993-12-31,FY,2600000.0,0.0,0.0,0.0,0.0,0.0,0.0,0.0,0.0,100000.0,100000.0,0.0,0.0,0.0,0.0,0.0,0.0,0.0,0.0,-100000.0,2300000.0,0.8846153846153846,0.81,0.81,2839506.0,2839506.0,,,1620593802,16:56:42,20210509
28,1992-12-31,ITIC,USD,1992-12-31,1992-12-31,FY,14300000.0,0.0,0.0,0.0,0.0,2600000.0,0.0,0.0,0.0,2700000.0,100000.0,200000.0,0.0,0.0,0.0,0.0,1000000.0,0.0,0.0,500000.0,-1100000.0,-0.07692307692307693,-0.37,-0.37,2972973.0,2972973.0,,,1620593802,16:56:42,20210509
29,1991-12-31,ITIC,USD,1991-12-31,1991-12-31,FY,10300000.0,0.0,0.0,0.0,0.0,6000000.0,0.0,0.0,0.0,6400000.0,0.0,100000.0,0.0,0.0,0.0,0.0,900000.0,0.0,0.0,200000.0,800000.0,0.07766990291262135,0.28,0.28,2857143.0,2857143.0,,,1620593802,16:56:42,20210509
30,1990-12-31,ITIC,USD,1990-12-31,1990-12-31,FY,9800000.0,0.0,0.0,0.0,0.0,1500000.0,0.0,0.0,0.0,1500000.0,0.0,200000.0,0.0,0.0,0.0,0.0,1100000.0,0.0,0.0,300000.0,1500000.0,0.15306122448979592,0.51,0.51,2941176.0,2941176.0,,,1620593802,16:56:42,20210509
31,1989-12-31,ITIC,USD,1989-12-31,1989-12-31,FY,8900000.0,0.0,0.0,0.0,0.0,1100000.0,0.0,0.0,0.0,1100000.0,0.0,100000.0,0.0,0.0,0.0,0.0,900000.0,0.0,0.0,300000.0,1400000.0,0.15730337078651685,0.5,0.5,2800000.0,2800000.0,,,1620593802,16:56:42,20210509
32,1988-12-31,ITIC,USD,1988-12-31,1988-12-31,FY,9100000.0,0.0,0.0,0.0,0.0,0.0,0.0,0.0,0.0,300000.0,300000.0,0.0,0.0,0.0,0.0,0.0,0.0,0.0,0.0,600000.0,1700000.0,0.18681318681318682,0.59,0.59,2881356.0,2881356.0,,,1620593802,16:56:42,20210509
33,1987-12-31,ITIC,USD,1987-12-31,1987-12-31,FY,10000000.0,0.0,0.0,0.0,0.0,0.0,0.0,0.0,0.0,0.0,0.0,0.0,0.0,0.0,0.0,0.0,0.0,0.0,0.0,500000.0,2500000.0,0.25,0.89,0.89,2808989.0,2808989.0,,,1620593802,16:56:42,20210509
34,1986-12-31,ITIC,USD,1986-12-31,1986-12-31,FY,8900000.0,0.0,0.0,0.0,0.0,0.0,0.0,0.0,0.0,0.0,0.0,0.0,0.0,0.0,0.0,0.0,0.0,0.0,0.0,1400000.0,1800000.0,0.20224719101123595,0.26,0.26,8789062.0,8789062.0,,,1620593802,16:56:42,20210509
35,1985-12-31,ITIC,USD,1985-12-31,1985-12-31,FY,6200000.0,0.0,0.0,0.0,0.0,0.0,0.0,0.0,0.0,100000.0,100000.0,0.0,0.0,0.0,0.0,0.0,0.0,0.0,0.0,1000000.0,1200000.0,0.1935483870967742,0.1344,0.1344,8928571.0,8928571.0,,,1620593802,16:56:42,20210509
