,date,symbol,reportedCurrency,fillingDate,acceptedDate,period,revenue,costOfRevenue,grossProfit,grossProfitRatio,researchAndDevelopmentExpenses,generalAndAdministrativeExpenses,sellingAndMarketingExpenses,otherExpenses,operatingExpenses,costAndExpenses,interestExpense,depreciationAndAmortization,ebitda,ebitdaratio,operatingIncome,operatingIncomeRatio,totalOtherIncomeExpensesNet,incomeBeforeTax,incomeBeforeTaxRatio,incomeTaxExpense,netIncome,netIncomeRatio,eps,epsdiluted,weightedAverageShsOut,weightedAverageShsOutDil,link,finalLink,timestamp,est_time,est_date
0,2020-10-31,IBAL,USD,2021-01-29,2021-01-29 13:25:20,FY,8986024.0,8132391.0,853633.0,0.0949956287675172,0.0,868734.0,584950.0,10500.0,1453684.0,9586075.0,0.0,214523.0,-385528.0,-0.04290306814226181,-600051.0,-0.06677602908694658,10500.0,-575180.0,-0.0640082866460183,-166765.0,-408415.0,-0.04545002328059662,-0.07878535348420444,-0.07878535348420444,5183895.0,5183895.0,https://www.sec.gov/Archives/edgar/data/781902/000160706221000019/0001607062-21-000019-index.htm,https://www.sec.gov/Archives/edgar/data/781902/000160706221000019/ibal103120form10k.htm,1620593371,16:49:31,20210509
1,2019-10-31,IBAL,USD,2020-01-29 00:00:00,2020-01-29 12:48:22,FY,9526575.0,8830035.0,696540.0,0.07311546909566134,0.0,856221.0,550614000.0,550614.0,1406835.0,10236870.0,0.0,205065.0,-505230.0,-0.053033750324749454,-710295.0,-0.07455932483605072,185553.0,-524742.0,-0.05508191558876091,-201128.0,-323614.0,-0.03396960607563579,-0.06243,-0.06243,5183895.0,5183895.0,https://www.sec.gov/Archives/edgar/data/781902/000160706220000032/0001607062-20-000032-index.html,https://www.sec.gov/Archives/edgar/data/781902/000160706220000032/ibal103119form10k.htm,1620593371,16:49:31,20210509
2,2018-10-31,IBAL,USD,2019-01-28 00:00:00,2019-01-28 15:02:20,FY,11113982.0,9552308.0,1561674.0,0.140514353901239,0.0,683886.0,470084000.0,470084.0,1153970.0,10706278.0,0.0,183630.0,591334.0,0.05320631255296256,407704.0,0.03668388161866737,6105.0,413809.0,0.0372331896884483,103580.0,310229.0,0.027913397736292898,0.05984,0.05984,5183895.0,5183895.0,https://www.sec.gov/Archives/edgar/data/781902/000160706219000048/0001607062-19-000048-index.html,https://www.sec.gov/Archives/edgar/data/781902/000160706219000048/ibal103118form10k.htm,1620593371,16:49:31,20210509
3,2017-10-31,IBAL,USD,2018-01-26 00:00:00,2018-01-26 16:10:47,FY,10494941.0,9241435.0,1253506.0,0.11943907069129783,0.0,693510.0,448292000.0,448292.0,1141802.0,10383237.0,0.0,188587.0,300291.0,0.028612928838761455,111704.0,0.010643604380434345,5198.0,116902.0,0.011138890633115517,43542.0,73360.0,0.006990034531875882,0.01415,0.01415,5183895.0,5183895.0,https://www.sec.gov/Archives/edgar/data/781902/000160706218000036/0001607062-18-000036-index.html,https://www.sec.gov/Archives/edgar/data/781902/000160706218000036/ibal103117form10k.htm,1620593371,16:49:31,20210509
4,2016-10-31,IBAL,USD,2017-01-27 00:00:00,2017-01-27 13:06:21,FY,11650588.0,10047312.0,1603276.0,0.13761331187747777,0.0,914412.0,721490000.0,721490.0,1635902.0,11683214.0,514.0,180025.0,147399.0,0.012651636123429993,-32626.0,-0.002800373680710364,9524.0,-23102.0,-0.0019829042104999336,-113512.0,90410.0,0.0077601233517140935,0.01744,0.01744,5183895.0,5183895.0,https://www.sec.gov/Archives/edgar/data/781902/000160706217000040/0001607062-17-000040-index.html,https://www.sec.gov/Archives/edgar/data/781902/000160706217000040/ibal103116form10k.htm,1620593371,16:49:31,20210509
5,2015-10-31,IBAL,USD,2016-01-28 00:00:00,2016-01-28 16:02:05,FY,18099473.0,14808065.0,3291408.0,0.18185104063527152,0.0,1126676.0,879667000.0,879667.0,2006343.0,16814408.0,5535.0,153466.0,1438531.0,0.07947916494585229,1285065.0,0.07100013353979975,-2035.0,1283030.0,0.0708876993269362,470662.0,812368.0,0.04488351677421768,0.15671,0.15671,5183895.0,5183895.0,https://www.sec.gov/Archives/edgar/data/781902/000160706216000619/0001607062-16-000619-index.html,https://www.sec.gov/Archives/edgar/data/781902/000160706216000619/ibal103115form10k.htm,1620593371,16:49:31,20210509
6,2014-10-31,IBAL,USD,2015-01-29,2015-01-29 13:05:08,FY,19785503.0,15577846.0,4207657.0,0.2126636355921808,0.0,2027640.0,999018000.0,999018.0,3026658.0,18604504.0,35816.0,143109.0,1324108.0,0.06692314064494595,1180999.0,0.05969011755728424,-29110.0,1151889.0,0.058218838308027855,437470.0,714419.0,0.0361082050832875,0.13782,0.13782,5183895.0,5183895.0,https://www.sec.gov/Archives/edgar/data/781902/000147124215000021/0001471242-15-000021-index.htm,https://www.sec.gov/Archives/edgar/data/781902/000147124215000021/ibal10k10312014.htm,1620593371,16:49:31,20210509
7,2013-10-31,IBAL,USD,2014-01-28,2014-01-28 10:55:00,FY,16082938.0,13045001.0,3037937.0,0.18889191763345728,0.0,1019347.0,971387000.0,971387.0,1990734.0,15035735.0,12671.0,133221.0,1180424.0,0.07339604243950949,1047203.0,0.06511266784713092,-11712.0,1035491.0,0.06438444269324423,352297.0,683194.0,0.042479427577225004,0.13179,0.13179,5183895.0,5183895.0,https://www.sec.gov/Archives/edgar/data/781902/000147124214000042/0001471242-14-000042-index.htm,https://www.sec.gov/Archives/edgar/data/781902/000147124214000042/ibal10k10312013.htm,1620593371,16:49:31,20210509
8,2012-10-31,IBAL,USD,2013-01-29 00:00:00,2013-01-29 14:20:03,FY,17819945000.0,14092373000.0,3727572000.0,0.20917977019569925,0.0,1041563.0,802864000.0,1041563000.0,1844427.0,15936800000.0,0.0,131826000.0,2014971000.0,0.11307391801714316,1883145000.0,0.1056762520871978,5531000.0,1888676000.0,0.10598663463888357,681246000.0,1207430000.0,0.06775722371758162,232.91946,232.91946,5183895.0,5183895.0,https://www.sec.gov/Archives/edgar/data/781902/000147124213000039/0001471242-13-000039-index.html,https://www.sec.gov/Archives/edgar/data/781902/000147124213000039/ibal10k12513.htm,1620593371,16:49:31,20210509
9,2011-10-31,IBAL,USD,2012-01-30 00:00:00,2012-01-30 12:41:27,FY,11049514.0,8587872.0,2461642.0,0.22278283008646352,0.0,828635.0,524141000.0,524141.0,1352776.0,9940648.0,0.0,88947.0,1197813.0,0.10840413433568209,1108866.0,0.10035427802525976,8297.0,1117163.0,0.10110517077945691,433500.0,683663.0,0.06187267602900906,0.13466,0.13466,5077045.0,5077045.0,https://www.sec.gov/Archives/edgar/data/781902/000107261312000035/0001072613-12-000035-index.html,https://www.sec.gov/Archives/edgar/data/781902/000107261312000035/form10k_17248.htm,1620593371,16:49:31,20210509
10,2010-10-31,IBAL,USD,2011-01-26,2011-01-26 15:36:30,FY,7646901000.0,6081980000.0,1564921000.0,0.20464773899910566,0.0,688213.0,446922000.0,688213000.0,1135135.0,7217115000.0,3160000.0,90765000.0,520551000.0,0.06807345877761461,429786000.0,0.0562039445783331,-24937000.0,412848000.0,0.05398892963306312,158550000.0,254298000.0,0.03325504017902154,51.54102,51.54102,4933895.0,4933895.0,https://www.sec.gov/Archives/edgar/data/781902/000107261311000054/0001072613-11-000054-index.htm,https://www.sec.gov/Archives/edgar/data/781902/000107261311000054/form10k_17006.htm,1620593371,16:49:31,20210509
