,date,symbol,reportedCurrency,fillingDate,acceptedDate,period,revenue,costOfRevenue,grossProfit,grossProfitRatio,researchAndDevelopmentExpenses,generalAndAdministrativeExpenses,sellingAndMarketingExpenses,otherExpenses,operatingExpenses,costAndExpenses,interestExpense,depreciationAndAmortization,ebitda,ebitdaratio,operatingIncome,operatingIncomeRatio,totalOtherIncomeExpensesNet,incomeBeforeTax,incomeBeforeTaxRatio,incomeTaxExpense,netIncome,netIncomeRatio,eps,epsdiluted,weightedAverageShsOut,weightedAverageShsOutDil,link,finalLink,timestamp,est_time,est_date
0,2020-12-31,1418.HK,HKD,2020-12-31,2020-12-31,FY,3231701000,2607886000,623815000,0.19302992448868259,48380000.0,202400000,319528000,56477000.0,0.0,3178194000,39050000.0,145709000,199216000,0.06164431672360778,53507000,0.01655691538295158,0.0,69002000,0.021351604000493858,7948000.0,58523000.0,0.018109039171631286,0.03344167606665592,0.03344167606665592,1750002000,1750002000,https://www1.hkexnews.hk/search/titlesearch.xhtml,https://www1.hkexnews.hk/search/titlesearch.xhtml,1620585214,14:33:34,20210509
1,2019-12-31,1418.HK,HKD,2019-12-31,2019-12-31,FY,2997321000,2392045000,605276000,0.20193899819205216,0.0,209588000,393686000,-19585000.0,566597000.0,2958642000,48522000.0,157585000,196264000,0.06547980680080645,38679000,0.012904523739699551,0.0,-146002000,-0.04871083210640435,66000000.0,-216509000.0,-0.07223417178206805,-0.1237,-0.1237,1750002000,1750002000,https://www1.hkexnews.hk/search/titlesearch.xhtml,https://www1.hkexnews.hk/search/titlesearch.xhtml,1620585214,14:33:34,20210509
2,2018-12-31,1418.HK,HKD,2018-12-31,2018-12-31,FY,4263322000,3491279000,772043000,0.18108953534356542,0.0,217491000,453362000,-78614000.0,622930000.0,4114209000,40096000.0,85993000,235106000,0.05514619819943228,149113000,0.03497577710527143,0.0,27586000,0.00647054104756807,22744000.0,-5801000.0,-0.0013606760174342918,-0.0033,-0.0033,1750002000,1750002000,https://www1.hkexnews.hk/search/titlesearch.xhtml,https://www1.hkexnews.hk/search/titlesearch.xhtml,1620585214,14:33:34,20210509
3,2017-12-31,1418.HK,HKD,2017-12-31,2017-12-31,FY,4183786000,3354589000,829197000,0.19819297640940525,0.0,216950000,472796000,12824000.0,748622000.0,4103211000,26158000.0,68342000,148917000,0.0355938377345304,80575000,0.019258872227212388,0.0,58242000,0.013920884098756485,7457000.0,39674000.0,0.009482798594383174,0.0227,0.0227,1750002000,1750002000,https://www1.hkexnews.hk/search/titlesearch.xhtml,https://www1.hkexnews.hk/search/titlesearch.xhtml,1620585214,14:33:34,20210509
4,2016-12-31,1418.HK,HKD,2016-12-31,2016-12-31,FY,3499762000,2678250000,821512000,0.23473367617569424,0.0,206106000,449028000,-63260000.0,610840000.0,3289090000,16332000.0,48261000,258933000,0.0739858881832536,210672000,0.06019609333434674,0.0,110978000,0.03171015629062776,10526000.0,103525000.0,0.029580582908209186,0.0592,0.0591,1750002000,1750790805,https://www1.hkexnews.hk/search/titlesearch.xhtml,https://www1.hkexnews.hk/search/titlesearch.xhtml,1620585214,14:33:34,20210509
5,2015-12-31,1418.HK,HKD,2015-12-31,2015-12-31,FY,2869846000,2082370000,787476000,0.27439660525338294,0.0,162565000,342416000,-62289000.0,469980000.0,2552350000,7955000.0,31498000,348994000,0.12160722212968919,317496000,0.11063172030833711,0.0,244439000,0.0851749536386273,59763000.0,172674000.0,0.06016838534193124,0.1009,0.1007,1711645836,1714304629,https://www1.hkexnews.hk/search/titlesearch.xhtml,https://www1.hkexnews.hk/search/titlesearch.xhtml,1620585214,14:33:34,20210509
6,2014-12-31,1418.HK,HKD,2014-12-31,2014-12-31,FY,2683408000,1947024000,736384000,0.274421183808053,0.0,155519000,331756000,23611000.0,471149000.0,2418173000,8779000.0,26885000,292120000,0.10886156708186008,265235000,0.09884259121236876,0.0,246867000,0.09199756429137873,43920000.0,194393000.0,0.07244258047974814,0.1237,0.1235,1571918438,1573933925,https://www1.hkexnews.hk/search/titlesearch.xhtml,https://www1.hkexnews.hk/search/titlesearch.xhtml,1620585214,14:33:34,20210509
7,2013-12-31,1418.HK,HKD,2013-12-31,2013-12-31,FY,2369539000,1748912000,620627000,0.26191887957953003,0.0,124498000,280750000,4178000.0,390498000.0,2139410000,6879000.0,19207000,249336000,0.1052255312109233,230129000,0.09711973510459207,0.0,189578000,0.08000627970250754,44545000.0,135761000.0,0.05729426694390766,0.0905,0.0905,1500000000,1500000000,https://www1.hkexnews.hk/search/titlesearch.xhtml,https://www1.hkexnews.hk/search/titlesearch.xhtml,1620585214,14:33:34,20210509
