,date,symbol,reportedCurrency,fillingDate,acceptedDate,period,revenue,costOfRevenue,grossProfit,grossProfitRatio,researchAndDevelopmentExpenses,generalAndAdministrativeExpenses,sellingAndMarketingExpenses,otherExpenses,operatingExpenses,costAndExpenses,interestExpense,depreciationAndAmortization,ebitda,ebitdaratio,operatingIncome,operatingIncomeRatio,totalOtherIncomeExpensesNet,incomeBeforeTax,incomeBeforeTaxRatio,incomeTaxExpense,netIncome,netIncomeRatio,eps,epsdiluted,weightedAverageShsOut,weightedAverageShsOutDil,link,finalLink,timestamp,est_time,est_date
0,2020-12-31,WFCF,USD,2021-02-18,2020-12-31,FY,20076000.0,11148000.0,8928000.0,0.4447101016138673,0.0,7241000.0,0.0,7000.0,7241000.0,18389000.0,13000.0,997000.0,2684000.0,0.1336919705120542,1687000.0,0.09200039848575413,173000.0,1847000.0,0.09200039848575413,462000.0,1385000.0,0.06898784618449891,0.23,0.22,6118000.0,6221000.0,https://www.sec.gov/Archives/edgar/data/1360565/000149315221004235/0001493152-21-004235-index.htm,https://www.sec.gov/Archives/edgar/data/1360565/000149315221004235/form10-k.htm,1620599795,18:36:35,20210509
1,2019-12-31,WFCF,USD,2019-12-31,2019-12-31,FY,20774416.0,11695001.0,9079415.0,0.43704790546218003,0.0,0.0,0.0,9330.0,0.0,19222045.0,10057.0,1096460.0,2648831.0,0.1275044747346929,1552371.0,0.07138443747347699,-59344.0,1482970.0,0.07138443747347699,460000.0,1345165.0,0.06475103800751848,0.2,0.2,6212602.0,6256811.0,,,1620599795,18:36:35,20210509
2,2018-12-31,WFCF,USD,2018-12-31,2018-12-31,FY,17803559.0,10059808.0,7743751.0,0.4349552244020423,0.0,0.0,0.0,14270.0,0.0,16929006.0,4837.0,942418.0,1816971.0,0.1020566168820515,874553.0,0.05526906165222358,114270.0,983986.0,0.05526906165222358,309008.0,800736.0,0.04497617583091111,0.12,0.12,6206483.0,6247364.0,,,1620599795,18:36:35,20210509
3,2017-12-31,WFCF,USD,2017-12-31,2017-12-31,FY,15448492.0,8627732.0,6820760.0,0.44151623342912694,0.0,0.0,0.0,14578.0,0.0,15366310.000000002,1591.0,854180.0,936362.0,0.06061187072498727,82182.0,0.006160407112875483,14578.0,95169.0,0.006160407112875483,266225.0,142314.0,0.009212161290564801,0.04,0.04,6168478.0,6210561.0,,,1620599795,18:36:35,20210509
4,2016-12-31,WFCF,USD,2016-12-31,2016-12-31,FY,11615033.0,6202145.0,5412888.0,0.466024332431944,0.0,0.0,0.0,4131.0,0.0,10980534.0,1517.0,267645.0,902144.0,0.0776703776907048,634499.0,0.054852448546637796,4131.0,637113.0,0.054852448546637796,235547.0,433171.0,0.03729399649574822,0.08,0.08,5954690.0,5991006.0,,,1620599795,18:36:35,20210509
5,2015-12-31,WFCF,USD,2015-12-31,2015-12-31,FY,10395469.0,5540716.0,4854753.0,0.4670066352946654,0.0,0.0,0.0,770.0,0.0,9600236.0,1585.0,256272.0,1051505.0,0.10115031847047978,795233.0,0.07641964013360052,770.0,794418.0,0.07641964013360052,298150.0,533917.0,0.051360549485549904,0.08,0.08,5949309.0,5993593.0,,,1620599795,18:36:35,20210509
6,2014-12-31,WFCF,USD,2014-12-31,2014-12-31,FY,8764932.0,5001628.0,3763304.0,0.429359178143082,0.0,0.0,0.0,3204.0,0.0,8420206.0,9818.0,225638.0,570364.0,0.0650734084417312,344726.0,0.03857554171555467,3204.0,338112.0,0.03857554171555467,140876.0,229095.0,0.02613768138760232,0.04,0.04,5792518.0,5850017.0,,,1620599795,18:36:35,20210509
7,2013-12-31,WFCF,USD,2013-12-31,2013-12-31,FY,5533464.0,2827067.0,2706397.0,0.48909634182132566,0.0,0.0,0.0,1469.0,0.0,5506156.0,33588.0,119696.0,147004.0,0.026566360601605072,27308.0,-0.0008694373000348426,1469.0,-4811.0,-0.0008694373000348426,-1778.0,-33560.0,-0.006064917021236607,-0.006132,-0.006132,5473448.0,5473448.0,,,1620599795,18:36:35,20210509
8,2012-12-31,WFCF,USD,2012-12-31,2012-12-31,FY,5261367.0,2431422.0,2829945.0,0.5378725719000405,0.0,0.0,0.0,4239.0,0.0,4773087.0,25929.0,94111.0,582391.0,0.11069195515157942,488280.0,0.09155225248495305,19339.0,481690.0,0.09155225248495305,-391478.0,870358.0,0.16542430892959947,0.16,0.16,5235991.0,5419714.0,,,1620599795,18:36:35,20210509
9,2011-12-31,WFCF,USD,2011-12-31,2011-12-31,FY,4232749.0,1884391.0,2348358.0,0.5548068170354538,0.0,0.0,0.0,0.0,0.0,3556226.0,29539.0,74880.0,751403.0,0.1775212751807395,676523.0,0.1512260708111915,-6882.0,640102.0,0.1512260708111915,-224350.0,864452.0,0.20422944993903488,0.16,0.16,5168684.0,5252137.0,,,1620599795,18:36:35,20210509
10,2010-12-31,WFCF,USD,2010-12-31,2010-12-31,FY,3274566.0,1474881.0,1799685.0,0.5495949692264562,0.0,0.0,0.0,0.0,0.0,2915110.0,33388.0,81766.0,441222.0,0.13474213071289448,359456.0,0.10009173734778899,1689.0,327757.0,0.10009173734778899,0.0,327757.0,0.10009173734778899,0.08,0.08,5211827.0,5215961.0,,,1620599795,18:36:35,20210509
11,2009-12-31,WFCF,USD,2009-12-31,2009-12-31,FY,2660530.0,1314683.0,1345847.0,0.5058567277948379,0.0,0.0,0.0,0.0,0.0,2779220.0,35507.0,56389.0,-62301.0,-0.023416762825452072,-118690.0,-0.057579128970543465,1006.0,-153191.0,-0.057579128970543465,0.0,-153191.0,-0.057579128970543465,-0.04,-0.04,5216787.0,5216787.0,,,1620599795,18:36:35,20210509
12,2008-12-31,WFCF,USD,2008-12-31,2008-12-31,FY,2402830.0,1073328.0,1329502.0,0.5533067258191383,0.0,0.0,0.0,0.0,0.0,2156067.0,33098.0,44615.0,291378.0,0.12126450893321625,246763.0,0.09047290070458584,3726.0,217391.0,0.09047290070458584,0.0,149658.0,0.06228405671645518,0.04,0.04,5156038.0,5170230.0,,,1620599795,18:36:35,20210509
13,2007-12-31,WFCF,USD,2007-12-31,2007-12-31,FY,2307808.0,968475.0,1339333.0,0.5803485385266018,0.0,0.0,0.0,0.0,0.0,3038245.0,0.0,30110.0,-700327.0,-0.30345981988103,-730437.0,-0.32912616647485404,7321.0,-759560.0,-0.32912616647485404,0.0,-759560.0,-0.32912616647485404,-0.16,-0.16,4878100.0,4878100.0,,,1620599795,18:36:35,20210509
14,2006-12-31,WFCF,USD,2006-12-31,2006-12-31,FY,1539933.0,781494.0,758439.0,0.49251428471238684,0.0,0.0,0.0,0.0,0.0,3083742.0,0.0,38984.0,-1504825.0,-0.9772016055243962,-1543809.0,-1.0124089814297115,0.0,-1559042.0,-1.0124089814297115,0.0,-1559042.0,-1.0124089814297115,-0.32,-0.32,4721295.0,4721295.0,,,1620599795,18:36:35,20210509
15,2005-12-31,WFCF,USD,2005-12-31,2005-12-31,FY,957894.0,534158.0,423736.0,0.44236209852029557,0.0,0.0,0.0,0.0,0.0,1948165.0,0.0,37449.0,-952822.0,-0.9947050508720171,-990271.0,-1.0731584079240502,0.0,-1027972.0,-1.0731584079240502,0.0,-1027972.0,-1.0731584079240502,-0.16,-0.16,5825017.0,5825017.0,,,1620599795,18:36:35,20210509
16,2004-12-31,WFCF,USD,2004-12-31,2004-12-31,FY,451305.0,160832.0,290473.0,0.6436290313645983,0.0,0.0,0.0,0.0,0.0,398893.0,0.0,13233.0,65645.0,0.14545595550680804,52412.0,0.0897375389149245,0.0,40499.0,0.0897375389149245,0.0,40499.0,0.0897375389149245,13.48,13.48,3000.0,3000.0,,,1620599795,18:36:35,20210509
17,2002-12-31,WFCF,USD,2002-12-31,2002-12-31,FY,32264283.0,26865821.0,5398462.0,0.16732006720868398,0.0,0.0,0.0,0.0,0.0,37569825.0,0.0,2835477.0,-2470065.0,-0.0765572568279295,-5305542.0,-0.1349367658348397,951904.0,-4353638.0,-0.1349367658348397,-1331139.0,-3022499.0,-0.09367941013906926,-1.0,-1.0,3068029.0,3068029.0,,,1620599795,18:36:35,20210509
18,2001-12-31,WFCF,USD,2001-12-31,2001-12-31,FY,57114414.0,41902799.0,15211615.0,0.2663358324923022,0.0,0.0,0.0,0.0,0.0,53149184.0,0.0,2984912.0,6950142.0,0.12168805583823376,3965230.0,0.07427363257198087,276865.0,4242095.0,0.07427363257198087,1375968.0,2453696.0,0.042961064084453354,0.76,0.76,3198629.0,3198629.0,,,1620599795,18:36:35,20210509
19,2000-12-31,WFCF,USD,2000-12-31,2000-12-31,FY,62984097.0,44430094.0,18554003.0,0.29458234512753273,0.0,0.0,0.0,0.0,0.0,62862551.0,0.0,5342099.0,5463645.0,0.08674642108467476,121546.0,0.005398457963126787,0.0,340017.0,0.005398457963126787,849383.0,-509366.0,-0.008087216047568326,-0.16,-0.16,3198488.0,3198488.0,,,1620599795,18:36:35,20210509
20,1999-12-31,WFCF,USD,1999-12-31,1999-12-31,FY,71300000.0,45500000.0,25800000.0,0.36185133239831696,0.0,0.0,0.0,0.0,0.0,65200000.0,0.0,5500000.0,11600000.0,0.16269284712482468,6100000.0,0.07994389901823282,0.0,5700000.0,0.07994389901823282,2500000.0,3200000.0,0.04488078541374474,1.04,1.04,3076923.0,3076923.0,,,1620599795,18:36:35,20210509
21,1998-12-31,WFCF,USD,1998-12-31,1998-12-31,FY,63800000.0,38700000.0,25100000.0,0.3934169278996865,0.0,0.0,0.0,0.0,0.0,54700000.0,0.0,3600000.0,12700000.0,0.19905956112852666,9100000.0,0.10815047021943573,500000.0,6900000.0,0.10815047021943573,3000000.0,3900000.0,0.061128526645768025,1.52,1.52,2565789.0,2565789.0,,,1620599795,18:36:35,20210509
