,date,symbol,reportedCurrency,fillingDate,acceptedDate,period,revenue,costOfRevenue,grossProfit,grossProfitRatio,researchAndDevelopmentExpenses,generalAndAdministrativeExpenses,sellingAndMarketingExpenses,otherExpenses,operatingExpenses,costAndExpenses,interestExpense,depreciationAndAmortization,ebitda,ebitdaratio,operatingIncome,operatingIncomeRatio,totalOtherIncomeExpensesNet,incomeBeforeTax,incomeBeforeTaxRatio,incomeTaxExpense,netIncome,netIncomeRatio,eps,epsdiluted,weightedAverageShsOut,weightedAverageShsOutDil,link,finalLink,timestamp,est_time,est_date
0,2020-08-31,ABQQ,USD,2020-12-09,2020-12-09 17:29:19,FY,448343.0,177577.0,270766.0,0.6039260120042022,108800.0,1531293.0,0.0,-153743.0,1640093.0,1817670.0,255512.0,166177.0,-1203150.0,-2.6835480870672677,-1369327.0,-3.054195114008694,-64584.0,-1523071.0,-3.3971111403545944,0.0,-1523071.0,-3.3971111403545944,-0.21194212454630426,-0.018582038192299637,7186259.0,7186259.0,https://www.sec.gov/Archives/edgar/data/1605331/000166357720000454/0001663577-20-000454-index.htm,https://www.sec.gov/Archives/edgar/data/1605331/000166357720000454/abqq10k.htm,1620586070,14:47:50,20210509
1,2019-08-31,ABQQ,USD,2019-10-22 00:00:00,2019-10-22 13:44:44,FY,433567.0,174533.0,259034.0,0.5974486065590785,0.0,702088.0,0.0,0.0,702088.0,876621.0,0.0,139870.0,-303184.0,-0.6992783122331727,-443054.0,-1.0218812778647821,29330.0,-404635.0,-0.9332698291152233,0.0,-404635.0,-0.9332698291152233,-0.11,-0.11,3767041.0,3767041.0,https://www.sec.gov/Archives/edgar/data/1605331/000166357719000384/0001663577-19-000384-index.html,https://www.sec.gov/Archives/edgar/data/1605331/000166357719000384/mainbody.htm,1620586070,14:47:50,20210509
2,2018-08-31,ABQQ,USD,2018-12-10,2018-12-10,FY,250112.0,150022.0,100090.0,0.40018071903787106,0.0,977328.0,0.0,0.0,977328.0,1127350.0,0.0,106000.0,-771238.0,-3.083570560388946,-877238.0,-3.507380693449335,-280000.0,-1157238.0,-4.626879158137155,0.0,-1111950.0,-4.445808277891505,-1.0,-1.0,1162791.0,1162791.0,https://www.sec.gov/Archives/edgar/data/1605331/000166357718000550/0001663577-18-000550-index.htm,https://www.sec.gov/Archives/edgar/data/1605331/000166357718000550/mainbody.htm,1620586070,14:47:50,20210509
3,2017-08-31,ABQQ,USD,2017-08-31,2017-08-31,FY,408085.0,51912.0,356173.0,0.8727912077140791,0.0,159394.0,0.0,0.0,159394.0,211306.0,0.0,51912.0,248691.0,0.6094098043299803,196779.0,0.48220101204405946,0.0,196779.0,0.48220101204405946,55347.0,141432.0,0.34657485572858593,0.5,0.5,530036.0,530036.0,,,1620586070,14:47:50,20210509
4,2016-08-31,ABQQ,USD,2016-12-16,2016-12-16,FY,28200.0,0.0,0.0,0.0,0.0,64879.0,0.0,0.0,64879.0,64879.0,0.0,3616.0,-33063.0,-1.1724468085106383,-36679.0,-1.3006737588652482,0.0,-36679.0,-1.3006737588652482,0.0,-44489.0,-1.5776241134751774,-0.5,-0.5,189311.0,189311.0,https://www.sec.gov/Archives/edgar/data/1605331/000164033416002243/0001640334-16-002243-index.htm,https://www.sec.gov/Archives/edgar/data/1605331/000164033416002243/abqq_10k.htm,1620586070,14:47:50,20210509
5,2015-08-31,ABQQ,USD,2015-10-01 00:00:00,2015-10-01 09:38:30,FY,8200.0,7000.0,1200.0,0.14634146341463414,0.0,29805.0,0.0,0.0,29805.0,36805.0,0.0,160.0,-28445.0,-3.46890243902439,-28605.0,-3.4884146341463413,0.0,-28605.0,-3.4884146341463413,0.0,-28605.0,-3.4884146341463413,-0.5,-0.5,62609.0,62609.0,https://www.sec.gov/Archives/edgar/data/1605331/000160533115000013/0001605331-15-000013-index.html,https://www.sec.gov/Archives/edgar/data/1605331/000160533115000013/f10kab92915.htm,1620586070,14:47:50,20210509
6,2014-08-31,ABQQ,USD,2014-08-31,2014-08-31,FY,0.0,0.0,0.0,0.0,0.0,3568.0,0.0,0.0,3568.0,3568.0,0.0,37.0,-3531.0,0.0,-3568.0,0.0,0.0,-3568.0,0.0,0.0,-3568.0,0.0,-0.067999,-0.067999,52471.0,52471.0,,,1620586070,14:47:50,20210509
7,2013-08-31,ABQQ,USD,2013-08-31,2013-08-31,FY,0.0,0.0,0.0,0.0,0.0,0.0,0.0,0.0,0.0,0.0,0.0,0.0,0.0,0.0,0.0,0.0,0.0,0.0,0.0,0.0,0.0,0.0,0.0,0.0,110000.0,110000.0,,,1620586070,14:47:50,20210509
