,date,symbol,reportedCurrency,fillingDate,acceptedDate,period,revenue,costOfRevenue,grossProfit,grossProfitRatio,researchAndDevelopmentExpenses,generalAndAdministrativeExpenses,sellingAndMarketingExpenses,otherExpenses,operatingExpenses,costAndExpenses,interestExpense,depreciationAndAmortization,ebitda,ebitdaratio,operatingIncome,operatingIncomeRatio,totalOtherIncomeExpensesNet,incomeBeforeTax,incomeBeforeTaxRatio,incomeTaxExpense,netIncome,netIncomeRatio,eps,epsdiluted,weightedAverageShsOut,weightedAverageShsOutDil,link,finalLink,timestamp,est_time,est_date
0,2020-12-31,2323.HK,HKD,2020-12-31,2020-12-31,FY,277575000,417472000,-139897000.0,-0.5039971178960642,0.0,98111000,19058000,6813000.0,0.0,525648000,74855000.0,0.0,-661985000.0,-2.384886967486265,-248073000,-3.7358767900567416,0.0,-1036986000.0,-3.7358767900567416,-7012000.0,-1029974000.0,-3.710615149058813,-0.466473731884058,-0.466473731884058,2208000000,2208000000,https://www1.hkexnews.hk/search/titlesearch.xhtml,https://www1.hkexnews.hk/search/titlesearch.xhtml,1620585503,14:38:23,20210509
1,2019-12-31,2323.HK,HKD,2019-12-31,2019-12-31,FY,208941000,388026000,-179085000.0,-0.8571079874222867,0.0,124270000,19680000,4538000.0,141261000.0,529287000,79212000.0,25951000.0,-294395000.0,-1.4089862688510153,-320346000,-1.5331887949229688,0.0,-602600000.0,-2.8840677511833483,56086000.0,-658619000.0,-3.1521769303296145,-0.2983,-0.2983,2208000000,2208000000,https://www1.hkexnews.hk/search/titlesearch.xhtml,https://www1.hkexnews.hk/search/titlesearch.xhtml,1620585503,14:38:23,20210509
2,2018-12-31,2323.HK,HKD,2018-12-31,2018-12-31,FY,388892000,455649000,-66757000.0,-0.1716594838669862,0.0,169658000,23229000,4595000.0,190268000.0,645917000,86570000.0,17084000.0,-239941000.0,-0.6169862069674871,-257025000,-0.6609161412422986,0.0,-509579000.0,-1.3103355173158615,-81911000.0,-427668000.0,-1.0997089166143814,-0.1939,-0.1939,2205073973,2205073973,https://www1.hkexnews.hk/search/titlesearch.xhtml,https://www1.hkexnews.hk/search/titlesearch.xhtml,1620585503,14:38:23,20210509
3,2017-12-31,2323.HK,HKD,2017-12-31,2017-12-31,FY,1099134000,497703000,601431000.0,0.5471862393484325,0.0,201775000,26584000,4820000.0,220807000.0,718510000,87020000.0,14535000.0,395159000.0,0.35951849365045574,380624000,0.34629444635503953,0.0,557316000.0,0.5070500958026956,101203000.0,456113000.0,0.41497488022388535,0.2992,0.2841,1524328767,1605271233,https://www1.hkexnews.hk/search/titlesearch.xhtml,https://www1.hkexnews.hk/search/titlesearch.xhtml,1620585503,14:38:23,20210509
4,2016-12-31,2323.HK,HKD,2016-12-31,2016-12-31,FY,803194000,469255000,333939000.0,0.41576381297669057,0.0,165761000,37593000,-2210000.0,196664000.0,665919000,18088000.0,16332000.0,153607000.0,0.19124520352492674,137275000,0.17091138629023622,0.0,222208000.0,0.27665545310348433,47036000.0,177228000.0,0.22065403875028947,0.149306,0.148312,1186955895,1194575017,https://www1.hkexnews.hk/search/titlesearch.xhtml,https://www1.hkexnews.hk/search/titlesearch.xhtml,1620585503,14:38:23,20210509
5,2015-12-31,2323.HK,HKD,2015-12-31,2015-12-31,FY,566630000,537380000,29250000.0,0.051620987240350844,0.0,107894000,45473000,-1578000.0,143456000.0,680836000,17380000.0,30883000.0,-83323000.0,-0.14705010324197448,-114206000,-0.201553041667402,0.0,15868000.0,0.02800416497538076,2413000.0,17904000.0,0.0315973386513245,0.017793,0.017793,1005988000,1005988000,https://www1.hkexnews.hk/search/titlesearch.xhtml,https://www1.hkexnews.hk/search/titlesearch.xhtml,1620585503,14:38:23,20210509
6,2014-12-31,2323.HK,HKD,2014-12-31,2014-12-31,FY,610340000,600317000,10023000.0,0.016421994298259985,0.0,79037000,50549000,2957000.0,117647000.0,717964000,14899000.0,33438000.0,-74186000.0,-0.12154864501753121,-107624000,-0.17633450208080742,0.0,-163299000.0,-0.26755415014582035,3295000.0,-161895000.0,-0.265253792967854,-0.160936,-0.160936,1005988000,1005988000,https://www1.hkexnews.hk/search/titlesearch.xhtml,https://www1.hkexnews.hk/search/titlesearch.xhtml,1620585503,14:38:23,20210509
7,2013-12-31,2323.HK,HKD,2013-12-31,2013-12-31,FY,720372000,621357000,99015000.0,0.13744981759424296,0.0,76420000,65998000,-24896000.0,132491000.0,753848000,19203000.0,35286000.0,1810000.0,0.0025125907170184293,-33476000,-0.04647043471983919,0.0,-90682000.0,-0.12588218309429017,3585000.0,-90381000.0,-0.12546434342256502,-0.089862,-0.089862,1005988000,1005988000,https://www1.hkexnews.hk/search/titlesearch.xhtml,https://www1.hkexnews.hk/search/titlesearch.xhtml,1620585503,14:38:23,20210509
8,2012-12-31,2323.HK,HKD,2012-12-31,2012-12-31,FY,817004000,804778000,12226000.0,0.014964431018697584,0.0,94122000,64105000,0.0,-116615000.0,688163000,31063000.0,70487000.0,199328000.0,0.24397432570709568,128841000,0.15769935030917842,0.0,98210000.0,0.12020748980421149,4557000.0,96341000.0,0.11791986330544281,0.101492,0.101492,949509821,949509821,https://www1.hkexnews.hk/search/titlesearch.xhtml,https://www1.hkexnews.hk/search/titlesearch.xhtml,1620585503,14:38:23,20210509
9,2011-12-31,2323.HK,HKD,2011-12-31,2011-12-31,FY,1135320000,1133034000,2286000.0,0.002013529225240461,0.0,83044000,84037000,-23749000.0,154271000.0,1287305000,31876000.0,136937000.0,-15048000.0,-0.013254412852763978,-151985000,-0.13386974597470316,0.0,-422019000.0,-0.3717181059084663,17608000.0,-438996000.0,-0.38667159919670224,-0.481318,-0.481318,912028720,912028720,https://www1.hkexnews.hk/search/titlesearch.xhtml,https://www1.hkexnews.hk/search/titlesearch.xhtml,1620585503,14:38:23,20210509
10,2010-12-31,2323.HK,HKD,2010-12-31,2010-12-31,FY,1210340000,1111921000,98419000.0,0.08131516763884529,0.0,74133000,75567000,-6536000.0,138601000.0,1250522000,22795000.0,149947000.0,109765000.0,0.09068939306310624,-40182000,-0.033198935836211314,0.0,-69513000.0,-0.0574326222383793,-2683000.0,-66830000.0,-0.055215889749987604,-0.069086,-0.069086,967117174,967117174,https://www1.hkexnews.hk/search/titlesearch.xhtml,https://www1.hkexnews.hk/search/titlesearch.xhtml,1620585503,14:38:23,20210509
11,2009-12-31,2323.HK,HKD,2009-12-31,2009-12-31,FY,1189762000,1056167000,133595000.0,0.11228716331501594,0.0,70033000,83921000,0.0,184582000.0,1240749000,0.0,164463000.0,113476000.0,0.09537705860499832,-50987000,-0.042854789445284015,0.0,-91595000.0,-0.0769859854323806,3425000.0,-95020000.0,-0.07986471243828598,-0.094435,-0.094435,1005988000,1005988000,https://www1.hkexnews.hk/search/titlesearch.xhtml,https://www1.hkexnews.hk/search/titlesearch.xhtml,1620585503,14:38:23,20210509
12,2008-12-31,2323.HK,HKD,2008-12-31,2008-12-31,FY,1558810000,1442597000,116213000.0,0.07455238290747429,0.0,71238000,109503000,11040000.0,269356000.0,1711953000,0.0,0.0,-153143000.0,-0.09824353192499406,-153143000,-0.09824353192499406,0.0,-169699000.0,-0.10886445429526369,-10333000.0,-159366000.0,-0.10223567978137169,-0.158054,-0.158054,1005988000,1005988000,https://www1.hkexnews.hk/search/titlesearch.xhtml,https://www1.hkexnews.hk/search/titlesearch.xhtml,1620585503,14:38:23,20210509
13,2007-12-31,2323.HK,HKD,2007-12-31,2007-12-31,FY,1614834000,1436196000,178638000.0,0.11062313525724625,0.0,78083000,109815000,0.0,210057000.0,1646253000,0.0,171671000.0,140252000.0,0.0868522708835707,-31419000,-0.019456489026116616,0.0,1383000.0,0.0008564347790546892,-1493000.0,2876000.0,0.001780988014867163,0.002982,0.002982,964407163,964407163,https://www1.hkexnews.hk/search/titlesearch.xhtml,https://www1.hkexnews.hk/search/titlesearch.xhtml,1620585503,14:38:23,20210509
14,2006-12-31,2323.HK,HKD,2006-12-31,2006-12-31,FY,1732797000,1464158000,268639000.0,0.15503200894276709,0.0,84079000,129189000,0.0,214200000.0,1678358000,0.0,170207000.0,224646000.0,0.12964357625272896,54439000,0.03141683647882585,0.0,21321000.0,0.012304384183490622,-7017000.0,28338000.0,0.016353906429893404,0.034792,0.034792,814505370,814505370,https://www1.hkexnews.hk/search/titlesearch.xhtml,https://www1.hkexnews.hk/search/titlesearch.xhtml,1620585503,14:38:23,20210509
15,2005-12-31,2323.HK,HKD,2005-12-31,2005-12-31,FY,1631423000,1316487000,314936000.0,0.19304374156794407,0.0,96019000,109166000,0.0,207569000.0,1524056000,0.0,155840000.0,263207000.0,0.16133583993850767,107367000,0.06581187098624942,0.0,94787000.0,0.05810081137755199,1573000.0,93214000.0,0.05713662244555826,0.132208,0.132208,705053875,705053875,https://www1.hkexnews.hk/search/titlesearch.xhtml,https://www1.hkexnews.hk/search/titlesearch.xhtml,1620585503,14:38:23,20210509
16,2004-12-31,2323.HK,HKD,2004-12-31,2004-12-31,FY,1313000000,1053395000,259605000.0,0.19771896420411272,0.0,89173000,93130000,0.0,166543000.0,1219938000,0.0,140024000.0,233086000.0,0.17752170601675551,93062000,0.07087738004569688,0.0,81392000.0,0.06198933739527799,-7564000.0,88956000.0,0.06775019040365575,0.138173,0.138173,643803371,643803371,https://www1.hkexnews.hk/search/titlesearch.xhtml,https://www1.hkexnews.hk/search/titlesearch.xhtml,1620585503,14:38:23,20210509
17,2003-12-31,2323.HK,HKD,2003-12-31,2003-12-31,FY,1159339000,943522000,215817000.0,0.18615521430746312,0.0,90403000,77202000,0.0,164284000.0,1107806000,0.0,129012000.0,180545000.0,0.15573098118841858,51533000,0.044450329023693676,0.0,41203000.0,0.03554007930381019,8700000.0,32503000.0,0.028035803160249072,0.050696,0.050696,641129960,641129960,https://www1.hkexnews.hk/search/titlesearch.xhtml,https://www1.hkexnews.hk/search/titlesearch.xhtml,1620585503,14:38:23,20210509
18,2002-12-31,2323.HK,HKD,2002-12-31,2002-12-31,FY,1041298000,799639000,241659000.0,0.2320747759046882,0.0,99397000,73875000,0.0,172806000.0,972445000,0.0,119896000.0,188749000.0,0.18126319266914948,68853000,0.06612228199804475,0.0,57764000.0,0.05547307303000678,9927000.0,47837000.0,0.04593977900658601,0.0835,0.0835,572898190,572898190,https://www1.hkexnews.hk/search/titlesearch.xhtml,https://www1.hkexnews.hk/search/titlesearch.xhtml,1620585503,14:38:23,20210509
19,2001-12-31,2323.HK,HKD,2001-12-31,2001-12-31,FY,1149143000,833538000,315605000.0,0.27464379977078573,0.0,93737000,78479000,0.0,168042000.0,1001580000,0.0,98871000.0,246434000.0,0.2144502468361205,147563000,0.1284113465425974,0.0,129006000.0,0.11226279061874805,18753000.0,110253000.0,0.09594367280660457,0.228631,0.228631,482231282,482231282,https://www1.hkexnews.hk/search/titlesearch.xhtml,https://www1.hkexnews.hk/search/titlesearch.xhtml,1620585503,14:38:23,20210509
