,date,symbol,reportedCurrency,fillingDate,acceptedDate,period,revenue,costOfRevenue,grossProfit,grossProfitRatio,researchAndDevelopmentExpenses,generalAndAdministrativeExpenses,sellingAndMarketingExpenses,otherExpenses,operatingExpenses,costAndExpenses,interestExpense,depreciationAndAmortization,ebitda,ebitdaratio,operatingIncome,operatingIncomeRatio,totalOtherIncomeExpensesNet,incomeBeforeTax,incomeBeforeTaxRatio,incomeTaxExpense,netIncome,netIncomeRatio,eps,epsdiluted,weightedAverageShsOut,weightedAverageShsOutDil,link,finalLink,timestamp,est_time,est_date
0,2020-03-28,CPRI,USD,2020-07-08,2020-07-08,FY,5551000000,2280000000,3271000000,0.5892631958205728,0.0,2464000000,0.0,999000000.0,3463000000.0,5743000000,-29000000.0,249000000,57000000,0.010268420104485679,-192000000,-0.034588362457214916,6000000.0,-215000000,-0.038731760043235454,10000000,-223000000,-0.040172941812286075,-1.47962,-1.47962,150714600,150714600,https://www.sec.gov/Archives/edgar/data/1530721/000153072120000062/cpri-20200328.htm,https://www.sec.gov/Archives/edgar/data/1530721/000153072120000062/cpri-20200328.htm,1620590623,16:03:43,20210509
1,2019-03-30,CPRI,USD,2019-05-29 00:00:00,2019-05-29 16:42:01,FY,5238000000,2058000000,3180000000,0.6071019473081328,0.0,2075000000,0.0,370000000.0,2445000000.0,4503000000,-17000000.0,225000000,960000000,0.18327605956471935,735000000,0.14032073310423826,4000000.0,621000000,0.11855670103092783,79000000,543000000,0.1036655211912944,3.58146,3.58146,151614350,151614350,https://www.sec.gov/Archives/edgar/data/1530721/000153072119000023/0001530721-19-000023-index.html,https://www.sec.gov/Archives/edgar/data/1530721/000153072119000023/cpri0330201910-k.htm,1620590623,16:03:43,20210509
2,2018-03-31,CPRI,USD,2018-05-30 00:00:00,2018-05-30 16:16:22,FY,4718600000,1859300000,2859300000,0.605963633281058,0.0,1766800000,0.0,1700000.0,1975400000.0,3834700000,22300000.0,208600000,1092500000,0.2315305387191116,883900000,0.18732251091425423,-119800000.0,741800000,0.15720764633577755,149700000,591900000,0.1254397490781164,3.89,3.82,152283586,155102885,https://www.sec.gov/Archives/edgar/data/1530721/000153072118000035/0001530721-18-000035-index.html,https://www.sec.gov/Archives/edgar/data/1530721/000153072118000035/kors0331201810-k.htm,1620590623,16:03:43,20210509
3,2017-04-01,CPRI,USD,2017-05-31 00:00:00,2017-05-31 16:20:14,FY,4493700000,1832300000,2661400000,0.5922513741460267,0.0,1552500000,0.0,419000000.0,1971500000.0000002,3803800000,-6700000.0,219800000,909700000,0.20243897011371476,689900000,0.15352604757771993,5400000.0,688600000,0.15323675367737055,137100000,552500000,0.12294990764848565,3.28627,3.28627,168123810,168123810,https://www.sec.gov/Archives/edgar/data/1530721/000153072117000022/0001530721-17-000022-index.html,https://www.sec.gov/Archives/edgar/data/1530721/000153072117000022/kors0401201710-k.htm,1620590623,16:03:43,20210509
4,2016-04-02,CPRI,USD,2016-06-01 00:00:00,2016-06-01 16:51:35,FY,4712100000,1914900000,2797200000,0.5936206786782963,0.0,1428000000,0.0,194100000.0,1622100000.0,3537000000,-6500000.0,183200000,1358300000,0.2882578892638102,1175100000,0.24937925765582225,3700000.0,1172300000,0.24878504276225039,334600000,839100000,0.17807347042719807,4.43841,4.43841,189054290,189054290,https://www.sec.gov/Archives/edgar/data/1530721/000153072116000090/0001530721-16-000090-index.html,https://www.sec.gov/Archives/edgar/data/1530721/000153072116000090/kors421610-k.htm,1620590623,16:03:43,20210509
5,2015-03-28,CPRI,USD,2015-05-27 00:00:00,2015-05-27 16:12:34,FY,4371469000,1723818000,2647651000,0.6056661959629589,0.0,1251431000,0.0,139247000.0,1390548000.0,3114366000,-2785000.0,138425000,1395528000,0.3192354789659952,1257103000,0.28756992214745203,1505000.0,1255823000,0.2872771143979289,374800000,881023000,0.20153934524069597,4.2796,4.2796,205865770,205865770,https://www.sec.gov/Archives/edgar/data/1530721/000119312515201923/0001193125-15-201923-index.html,https://www.sec.gov/Archives/edgar/data/1530721/000119312515201923/d900571d10k.htm,1620590623,16:03:43,20210509
6,2014-03-29,CPRI,USD,2014-05-28 00:00:00,2014-05-28 16:40:54,FY,3310800000,1294800000,2016100000,0.6089464781925819,0.0,926900000,0.0,80986000.0,1007899999.9999999,2302700000,393000.0,79700000,1087900000,0.3285912770327413,1008200000,0.3045185453666788,0.0,1007600000,0.30433732028512744,346162000,661500000,0.19980065241029357,3.21741,3.21741,205600000,205600000,https://www.sec.gov/Archives/edgar/data/1530721/000119312514215187/0001193125-14-215187-index.html,https://www.sec.gov/Archives/edgar/data/1530721/000119312514215187/d713190d10k.htm,1620590623,16:03:43,20210509
