,date,symbol,reportedCurrency,fillingDate,acceptedDate,period,revenue,costOfRevenue,grossProfit,grossProfitRatio,researchAndDevelopmentExpenses,generalAndAdministrativeExpenses,sellingAndMarketingExpenses,otherExpenses,operatingExpenses,costAndExpenses,interestExpense,depreciationAndAmortization,ebitda,ebitdaratio,operatingIncome,operatingIncomeRatio,totalOtherIncomeExpensesNet,incomeBeforeTax,incomeBeforeTaxRatio,incomeTaxExpense,netIncome,netIncomeRatio,eps,epsdiluted,weightedAverageShsOut,weightedAverageShsOutDil,link,finalLink,timestamp,est_time,est_date
0,2020-12-31,FAST,USD,2021-02-08,2021-02-08 13:18:39,FY,5647300000,3079500000,2567800000,0.4546951640607016,0.0,0.0,0.0,0.0,1427400000,4506900000,9700000.0,162400000.0,1302800000,0.2306943140970021,1140400000,0.20057372549714023,1400000.0,1132700000,0.20057372549714023,273600000,859100000,0.15212579462752113,1.5,1.49,573800000,575700000,https://www.sec.gov/Archives/edgar/data/815556/000081555621000008/0000815556-21-000008-index.htm,https://www.sec.gov/Archives/edgar/data/815556/000081555621000008/fast-20201231.htm,1620591942,16:25:42,20210509
1,2019-12-31,FAST,USD,2020-02-06,2020-02-06 12:52:03,FY,5333700000,2818300000,2515400000,0.47160507715094585,0.0,1459400000.0,0.0,0.0,1459400000,4277700000,13900000.0,148700000.0,1204700000,0.22586572173163094,1056000000,0.19798638843579505,1200000.0,1043700000,0.19568029697958264,252800000,790900000,0.148283555505559,1.3797976273551988,1.3769150417827298,573200000,574400000,https://www.sec.gov/Archives/edgar/data/815556/000081555620000011/0000815556-20-000011-index.htm,https://www.sec.gov/Archives/edgar/data/815556/000081555620000011/fast1231201910-k.htm,1620591942,16:25:42,20210509
2,2018-12-31,FAST,USD,2019-02-06,2019-02-06 13:03:30,FY,4965100000,2566200000,2398900000,0.48315240377837304,0.0,1400200000.0,0.0,0.0,1400200000,3966400000,12600000.0,138200000.0,1136900000,0.2289782683128235,998700000,0.20114398501540753,500000.0,987000000,0.19878753700831805,235100000,751900000,0.15143703047269944,1.3099303135888503,1.3090181058495822,574000000,574400000,https://www.sec.gov/Archives/edgar/data/815556/000081555619000015/0000815556-19-000015-index.htm,https://www.sec.gov/Archives/edgar/data/815556/000081555619000015/fast1231201810-k.htm,1620591942,16:25:42,20210509
3,2017-12-31,FAST,USD,2018-02-05,2018-02-05 11:48:27,FY,4390500000,2226900000,2163600000,0.4927912538435258,0.0,1282800000.0,0.0,0.0,1282800000,3509700000,9100000.0,127400000.0,1008200000,0.229632160346202,880800000,0.2006149641270926,1000000.0,873100000,0.19886117754242114,294500000,578600000,0.1317845347910261,1.0038167938931297,1.0034686090877558,576400000,576600000,https://www.sec.gov/Archives/edgar/data/815556/000081555618000010/0000815556-18-000010-index.htm,https://www.sec.gov/Archives/edgar/data/815556/000081555618000010/fast1231201710-k.htm,1620591942,16:25:42,20210509
4,2016-12-31,FAST,USD,2017-02-06,2017-02-06 11:14:53,FY,3962036000,1997259000,1964777000,0.49590084491912745,0.0,1169470000.0,0.0,0.0,1169470000,3166729000,6504000.0,104052000.0,899359000,0.22699415149180877,795307000,0.2007318964290077,532000.0,789729000,0.1993240344105909,290251000,499478000,0.12606599233323473,0.8642983215089116,0.8636766058694555,577900000,578316000,https://www.sec.gov/Archives/edgar/data/815556/000081555617000009/0000815556-17-000009-index.htm,https://www.sec.gov/Archives/edgar/data/815556/000081555617000009/fast1231201610-k.htm,1620591942,16:25:42,20210509
5,2015-12-31,FAST,USD,2016-02-05,2016-02-05 09:58:57,FY,3869187000,1920253000,1948934000,0.5037063341730447,0.0,1121590000.0,0.0,0.0,1121590000,3041843000,3108000.0,86598000.0,913942000,0.23621034599775095,827344000,0.21382889997304344,1411000.0,826020000,0.2134867092234105,309659000,516361000,0.1334546508090718,0.8858392262217236,0.884043554931603,582906000,584090000,https://www.sec.gov/Archives/edgar/data/815556/000081555616000087/0000815556-16-000087-index.htm,https://www.sec.gov/Archives/edgar/data/815556/000081555616000087/fast1231201510-k.htm,1620591942,16:25:42,20210509
6,2014-12-31,FAST,USD,2015-02-05,2015-02-05 12:42:35,FY,3733507000,1836105000,1897402000,0.5082090377760106,0.0,1110776000.0,0.0,0.0,1110776000,2946881000,915000.0,72672000.0,859298000,0.23015840066725468,786626000,0.2106935918427366,964000.0,787434000,0.21091001034684012,293284000,494150000,0.1323554502509303,0.835,0.83,592980000,594626000,https://www.sec.gov/Archives/edgar/data/815556/000081555615000014/0000815556-15-000014-index.htm,https://www.sec.gov/Archives/edgar/data/815556/000081555615000014/fast1231201410-k.htm,1620591942,16:25:42,20210509
7,2013-12-31,FAST,USD,2014-02-06,2014-02-06 11:22:25,FY,3326106000,1606661000,1719445000,0.5169543604443154,0.0,1007431000.0,0.0,0.0,1007431000,2614092000,113000.0,64191000.0,776205000,0.23336748738615065,712014000,0.21406834298125196,643000.0,713468000,0.21450549080516376,264832000,448636000,0.1348832538710432,0.7559055648786537,0.7535440265516453,593508000,595368000,https://www.sec.gov/Archives/edgar/data/815556/000081555614000016/0000815556-14-000016-index.htm,https://www.sec.gov/Archives/edgar/data/815556/000081555614000016/fast1231201310-k.htm,1620591942,16:25:42,20210509
8,2012-12-31,FAST,USD,2013-02-07,2013-02-07 11:35:55,FY,3133577000,1519053000,1614524000,0.5152335493909995,0.0,941236000.0,0.0,0.0,941236000,2460289000,0.0,54052000.0,727340000,0.23211173684259234,673288000,0.21486243995280793,403000.0,674155000,0.21513912056413484,253619000,420536000,0.1342031805824462,0.7101513396309893,0.7076133009816558,592178000,594302000,https://www.sec.gov/Archives/edgar/data/815556/000081555613000013/0000815556-13-000013-index.htm,https://www.sec.gov/Archives/edgar/data/815556/000081555613000013/fast1231201210-k.htm,1620591942,16:25:42,20210509
9,2011-12-31,FAST,USD,2012-02-09,2012-02-09 12:41:49,FY,2766859000,1332687000,1434172000,0.5183393877317204,0.0,859369000.0,0.0,0.0,859369000,2192056000,0.0,44706000.0,619509000,0.22390335033335634,574803000,0.20774567840283875,-194000.0,575081000,0.20784615334572523,217152000,357929000,0.1293629346490009,0.6065482928548672,0.6048774964595818,590108000,591738000,https://www.sec.gov/Archives/edgar/data/815556/000119312512048575/0001193125-12-048575-index.htm,https://www.sec.gov/Archives/edgar/data/815556/000119312512048575/d260996d10k.htm,1620591942,16:25:42,20210509
10,2010-12-31,FAST,USD,2011-02-09,2011-02-09 16:54:55,FY,2269471000,1094635000,1174836000,0.5176695362046926,0.0,745112000.0,0.0,0.0,745112000,1839747000,0.0,40755000.0,470479000,0.20730778229816552,429724000,0.18934985289523418,-35000.0,430640000,0.18975347118337269,165284000,265356000,0.11692416426559317,0.45,0.45,589724000,589724000,https://www.sec.gov/Archives/edgar/data/815556/000119312511029081/0001193125-11-029081-index.htm,https://www.sec.gov/Archives/edgar/data/815556/000119312511029081/d10k.htm,1620591942,16:25:42,20210509
11,2009-12-31,FAST,USD,2010-02-09,2010-02-09 17:14:25,FY,1930330000,946895000,983435000,0.5094647029264426,0.0,686792000.0,0.0,0.0,686792000,1633687000,0.0,40020000.0,336663000,0.1744069666844529,296643000,0.15367476027415003,-850000.0,297490000,0.15411354535234909,113133000,184357000,0.09550543171374842,0.31,0.31,595324000,595324000,https://www.sec.gov/Archives/edgar/data/815556/000119312510025958/0001193125-10-025958-index.htm,https://www.sec.gov/Archives/edgar/data/815556/000119312510025958/d10k.htm,1620591942,16:25:42,20210509
12,2008-12-31,FAST,USD,2009-02-20,2009-02-20 17:10:31,FY,2340425000,1104333000,1236092000,0.5281485200337546,0.0,785688000.0,0.0,0.0,785688000,1890021000,0.0,39201000.0,489605000,0.20919491118066164,450404000,0.19244538919213391,-167000.0,451167000,0.192771398357136,171462000,279705000,0.1195103453432603,0.47,0.47,595324000,595324000,https://www.sec.gov/Archives/edgar/data/815556/000119312509034225/0001193125-09-034225-index.htm,https://www.sec.gov/Archives/edgar/data/815556/000119312509034225/d10k.htm,1620591942,16:25:42,20210509
13,2007-12-31,FAST,USD,2008-02-21,2008-02-21,FY,2061819000,1014245000,1047574000,0.5080824262459508,0.0,671248000.0,0.0,0.0,671149000,1685394000,0.0,37399000.0,413824000,0.20070820959550767,376425000,0.18256937199628095,99000.0,377899000,0.18328427471082573,145277000,232622000,0.11282367656908777,0.3875,0.3875,602220000,602220000,https://www.sec.gov/Archives/edgar/data/815556/000119312508035349/0001193125-08-035349-index.htm,https://www.sec.gov/Archives/edgar/data/815556/000119312508035349/d10k.htm,1620591942,16:25:42,20210509
14,2006-12-31,FAST,USD,2007-02-23,2007-02-23 15:40:00,FY,1809337000,901662000,907675000,0.5016616583864697,0.0,587610000.0,0.0,0.0,587833000,1489495000,0.0,33597000.0,353439000,0.1953417190937896,319842000,0.1767730389639962,-223000.0,321029000,0.17742908037585037,121991000,199038000,0.11000604088679997,0.3294589297774011,0.3291734197730956,604136000,604660000,https://www.sec.gov/Archives/edgar/data/815556/000119312507038320/0001193125-07-038320-index.htm,https://www.sec.gov/Archives/edgar/data/815556/000119312507038320/d10k.htm,1620591942,16:25:42,20210509
15,2005-12-31,FAST,USD,2006-02-23,2006-02-23 15:59:29,FY,1523333000,765230000,758103000,0.49766072158877933,0.0,489792000.0,0.0,0.0,490239000,1255469000,0.0,29073000.0,296937000,0.19492586322228955,267864000,0.17584073869600408,-447000.0,269056000,0.1766232333967688,102242000,166814000,0.10950593205819083,0.27568916506908175,0.27525609208754653,605080000,606032000,https://www.sec.gov/Archives/edgar/data/815556/000119312506037687/0001193125-06-037687-index.htm,https://www.sec.gov/Archives/edgar/data/815556/000119312506037687/d10k.htm,1620591942,16:25:42,20210509
16,2004-12-31,FAST,USD,2005-03-01,2005-03-01 15:01:05,FY,1238492000,614159000,624333000,0.5041074145008607,0.0,416524000.0,0.0,0.0,417176000,1031335000,0.0,23710000.0,230867000,0.18640976284061583,207157000,0.16726551322091704,-652000.0,208336000,0.1682174773837861,77347000,130989000,0.10576491410521828,0.21625,0.215,607016000,607888000,https://www.sec.gov/Archives/edgar/data/815556/000119312505039692/0001193125-05-039692-index.htm,https://www.sec.gov/Archives/edgar/data/815556/000119312505039692/d10k.htm,1620591942,16:25:42,20210509
17,2003-12-31,FAST,USD,2004-02-25,2004-02-25 15:13:11,FY,994928000,505861000,489067000,0.4915601933004197,0.0,353613000.0,0.0,0.0,353930000,859791000,0.0,20511000.0,155648000,0.15644147114163034,135137000,0.13582590901050126,-317000.0,136336000,0.13703102134023767,52216000,84120000,0.08454883167425181,0.13875,0.138552,607016000,607136000,https://www.sec.gov/Archives/edgar/data/815556/000119312504029342/0001193125-04-029342-index.htm,https://www.sec.gov/Archives/edgar/data/815556/000119312504029342/d10k.htm,1620591942,16:25:42,20210509
18,2002-12-31,FAST,USD,2002-12-31,2002-12-31,FY,905438000,456962000,448476000,0.4953138701932104,0.0,334875000.0,0.0,0.0,329245000,786207000,0.0,17012000.0,136243000,0.1504719262942355,119231000,0.13168322955298983,5630000.0,121207000,0.1338655987488928,46381000,75542000,0.08343144422920178,0.125,0.125,607016000,607016000,,,1620591942,16:25:42,20210509
19,2001-12-31,FAST,USD,2001-12-31,2001-12-31,FY,818283000,405856000,412427000,0.5040151145752753,0.0,300696000.0,0.0,0.0,300696000,706552000,0.0,14967000.0,126698000,0.15483396331098165,111731000,0.1365432252655866,-339000.0,113634000,0.138868826555116,43522000,70112000,0.08568184845585207,0.115625,0.115625,607024000,607024000,,,1620591942,16:25:42,20210509
20,2000-12-31,FAST,USD,2000-12-31,2000-12-31,FY,745740000,345203000,400537000,0.5371000616836967,0.0,259003000.0,0.0,0.0,270980000,616183000,0.0,11977000.0,141534000,0.18979000724112963,129557000,0.17372944994233916,-162000.0,131430000,0.1762410491592244,50700000,80730000,0.10825488776249095,0.133125,0.133125,607024000,607024000,,,1620591942,16:25:42,20210509
21,1999-12-31,FAST,USD,1999-12-31,1999-12-31,FY,609200000,277900000,331300000,0.543827971109652,0.0,213600000.0,0.0,0.0,225600000,503500000,0.0,12000000.0,117700000,0.19320420223243598,105700000,0.17350623768877216,200000.0,106500000,0.17481943532501643,41000000,65500000,0.10751805646749836,0.108125,0.108125,607019008,607019008,,,1620591942,16:25:42,20210509
22,1998-12-31,FAST,USD,1998-12-31,1998-12-31,FY,503100000,227600000,275500000,0.5476048499304313,0.0,177200000.0,0.0,0.0,188400000,416000000,0.0,11200000.0,98300000,0.19538859073742795,87100000,0.1731266149870801,100000.0,86200000,0.17133770622142716,33200000,53000000,0.10534684953289604,0.0875,0.0875,607019008,607019008,,,1620591942,16:25:42,20210509
23,1997-12-31,FAST,USD,1997-12-31,1997-12-31,FY,398000000,179600000,218400000,0.5487437185929648,0.0,141700000.0,0.0,0.0,151200000,330800000,0.0,9500000.0,76700000,0.192713567839196,67200000,0.16884422110552763,1000000.0,67300000,0.16909547738693467,26500000,40800000,0.10251256281407035,0.0675,0.0675,607019008,607019008,,,1620591942,16:25:42,20210509
24,1996-12-31,FAST,USD,1996-12-31,1996-12-31,FY,287700000,127300000,160400000,0.5575251998609663,0.0,99500000.0,0.0,0.0,107000000,234300000,0.0,7500000.0,60900000,0.2116788321167883,53400000,0.18561001042752867,1100000.0,54400000,0.18908585331942995,21900000,32500000,0.1129648939867918,0.05375,0.05375,607019008,607019008,,,1620591942,16:25:42,20210509
25,1995-12-31,FAST,USD,1996-03-18,1996-03-18,FY,222600000,98200000,124400000,0.5588499550763701,0.0,73400000.0,0.0,0.0,78800000,177000000,0.0,5400000.0,51000000,0.22911051212938005,45600000,0.20485175202156333,800000.0,46200000,0.20754716981132076,18800000,27400000,0.12309074573225516,0.04513861944830565,0.044931930674996436,607019008,609811321,https://www.sec.gov/Archives/edgar/data/815556/0000950131-96-001114-index.html,https://www.sec.gov/Archives/edgar/data/815556/,1620591942,16:25:42,20210509
