,date,symbol,reportedCurrency,fillingDate,acceptedDate,period,revenue,costOfRevenue,grossProfit,grossProfitRatio,researchAndDevelopmentExpenses,generalAndAdministrativeExpenses,sellingAndMarketingExpenses,otherExpenses,operatingExpenses,costAndExpenses,interestExpense,depreciationAndAmortization,ebitda,ebitdaratio,operatingIncome,operatingIncomeRatio,totalOtherIncomeExpensesNet,incomeBeforeTax,incomeBeforeTaxRatio,incomeTaxExpense,netIncome,netIncomeRatio,eps,epsdiluted,weightedAverageShsOut,weightedAverageShsOutDil,link,finalLink,timestamp,est_time,est_date
0,2020-03-31,ENDURANCE.NS,INR,2020-03-31,2020-03-31,FY,67762660000,42374390000,25388270000,0.37466460141912966,0.0,151360000.0,923500000.0,227000000.0,15164310000,57538700000,113660000,4142830000,14366790000,0.21201632285391395,10223960000,0.15087896490486058,0.0,7465460000,0.1101707046329055,1810120000,5655340000,0.08345805787435145,40.2,40.2,140662848,140662848,https://www.nseindia.com/companies-listing/corporate-filings-annual-reports,https://www.nseindia.com/companies-listing/corporate-filings-annual-reports,1620591641,16:20:41,20210509
1,2019-03-31,ENDURANCE.NS,INR,2019-03-31,2019-03-31,FY,74122740000,48759210000,25363530000,0.34218284429312784,0.0,135740000.0,869640000.0,132970000.0,15232110000,63991320000,171390000,3762100000,13893520000,0.18743937420554072,10131420000,0.13668436973592718,0.0,7330800000,0.09890082314819987,2380740000,4950060000,0.06678193493656602,35.19,35.19,140662848,140662848,https://www.nseindia.com/companies-listing/corporate-filings-annual-reports,https://www.nseindia.com/companies-listing/corporate-filings-annual-reports,1620591641,16:20:41,20210509
2,2018-03-31,ENDURANCE.NS,INR,2018-03-31,2018-03-31,FY,64276950000,42932000000,21344950000,0.33207782883288645,0.0,117920000.0,782170000.0,86950000.0,12908850000,55840850000,172740000,3215850000,11651950000,0.18127726968998994,8436100000,0.13124611544262757,0.0,5793380000,0.0901315323766918,1885810000,3907570000,0.060792710295059116,27.78,27.78,140662848,140662848,https://www.nseindia.com/companies-listing/corporate-filings-annual-reports,https://www.nseindia.com/companies-listing/corporate-filings-annual-reports,1620591641,16:20:41,20210509
3,2017-03-31,ENDURANCE.NS,INR,2017-03-31,2017-03-31,FY,54904740000,36338660000,18566080000,0.338150768039335,0.0,109160000.0,580470000.0,249170000.0,11784570000,48123230000,276150000,2905060000,9686570000,0.17642502268474453,6781510000,0.12351410825367719,0.0,4646450000,0.08462748389301179,1343350000,3303100000,0.06016056172927875,23.48,23.48,140662848,140662848,https://www.nseindia.com/companies-listing/corporate-filings-annual-reports,https://www.nseindia.com/companies-listing/corporate-filings-annual-reports,1620591641,16:20:41,20210509
4,2016-03-31,ENDURANCE.NS,INR,2016-03-31,2016-03-31,FY,52446150000,34486710000,17959440000,0.3424358127336325,0.0,0.0,0.0,248990000.0,11754600000,46241310000,340280000,2505500000,8710340000,0.16608159035505943,6204840000,0.11830877957676589,0.0,4136330000,0.07886813426724364,1213480000,2911980000,0.05552323669134913,20.701842,20.701842,140662848,140662848,https://www.nseindia.com/companies-listing/corporate-filings-annual-reports,https://www.nseindia.com/companies-listing/corporate-filings-annual-reports,1620591641,16:20:41,20210509
5,2015-03-31,ENDURANCE.NS,INR,2015-03-31,2015-03-31,FY,49217050000,33483850000,15733200000,0.31966970795689703,0.0,0.0,0.0,175070000.0,10402970000,43886820000,441230000,2268680000,7598910000,0.15439588516581143,5330230000,0.10830047717203693,0.0,3594290000,0.0730293668555917,1054910000,2523780000,0.051278571145568455,17.942051,17.942051,140662848,140662848,https://www.nseindia.com/companies-listing/corporate-filings-annual-reports,https://www.nseindia.com/companies-listing/corporate-filings-annual-reports,1620591641,16:20:41,20210509
6,2014-03-31,ENDURANCE.NS,INR,2014-03-31,2014-03-31,FY,42156520000,29421830000,12734690000,0.30208114901324873,0.0,0.0,0.0,143740000.0,8318260000,37740090000,613360000,2077940000,6494370000,0.1540537501672339,4416430000,0.10476267965192573,0.0,2756570000,0.06538893627842146,704360000,2044770000,0.04850424086238617,14.536674,14.536674,140662848,140662848,https://www.nseindia.com/companies-listing/corporate-filings-annual-reports,https://www.nseindia.com/companies-listing/corporate-filings-annual-reports,1620591641,16:20:41,20210509
7,2013-03-31,ENDURANCE.NS,INR,2013-03-31,2013-03-31,FY,38256050000,23998170000,14257880000,0.372696083364592,0.0,0.0,0.0,195130000.0,11173410000,35171580000,771070000,1873350000,4957820000,0.1295957110051874,3084470000,0.08062698579701773,0.0,2328530000,0.06086697398189306,632280000,1692930000,0.04425260841095722,12.035374,12.035374,140662848,140662848,https://www.nseindia.com/companies-listing/corporate-filings-annual-reports,https://www.nseindia.com/companies-listing/corporate-filings-annual-reports,1620591641,16:20:41,20210509
8,2012-03-31,ENDURANCE.NS,INR,2012-03-31,2012-03-31,FY,38353210000,23627230000,14725980000,0.3839569099952781,0.0,0.0,0.0,9340000.0,11409690000,35036920000,798290000,1869480000,5185770000,0.1352108467583287,3316290000,0.08646707798382457,0.0,2430970000,0.06338374284707851,601500000,1823030000,0.0475326576315255,12.960281,12.960281,140662848,140662848,https://www.nseindia.com/companies-listing/corporate-filings-annual-reports,https://www.nseindia.com/companies-listing/corporate-filings-annual-reports,1620591641,16:20:41,20210509
