,date,symbol,reportedCurrency,fillingDate,acceptedDate,period,revenue,costOfRevenue,grossProfit,grossProfitRatio,researchAndDevelopmentExpenses,generalAndAdministrativeExpenses,sellingAndMarketingExpenses,otherExpenses,operatingExpenses,costAndExpenses,interestExpense,depreciationAndAmortization,ebitda,ebitdaratio,operatingIncome,operatingIncomeRatio,totalOtherIncomeExpensesNet,incomeBeforeTax,incomeBeforeTaxRatio,incomeTaxExpense,netIncome,netIncomeRatio,eps,epsdiluted,weightedAverageShsOut,weightedAverageShsOutDil,link,finalLink,timestamp,est_time,est_date
0,2019-10-31,TRZ.TO,CAD,2019-10-31,2019-10-31,FY,2937130000,2583062000,354068000,0.1205489712746797,0.0,0.0,209344000.0,-105304000.0,273422000,2856484000,1520000.0,64078000,144724000,0.049273951101926027,80646000.0,0.02745741591281285,-139224000.0,-38766000.0,-0.013198598631997903,-8222000.0,-33191000.0,-0.011300487210303935,-0.88,-0.88,37673000.0,37673000.0,https://www.sedar.com/ModifyCompanyDocumentSearchForm.do?lang=EN&company_search=Transat AT Inc&document_selection=0&industry_group=A&FromDate=13&FromMonth=05&FromYear=2000&ToDate=13&ToMonth=11&ToYear=2020&Variable=Issuer,https://www.sedar.com/ModifyCompanyDocumentSearchForm.do?lang=EN&company_search=Transat AT Inc&document_selection=0&industry_group=A&FromDate=13&FromMonth=05&FromYear=2000&ToDate=13&ToMonth=11&ToYear=2020&Variable=Issuer,1620599067,18:24:27,20210509
1,2018-10-31,TRZ.TO,CAD,2018-10-31,2018-10-31,FY,2992582000,2752677000,239905000,0.08016655851034324,0.0,0.0,0.0,-135225000.0,146888000,2899565000,2061000.0,59125000,152142000,0.05083970965540794,93017000.0,0.03108252338615951,-107473000.0,1418000.0,0.00047383831086332805,-5943000.0,3819000.0,0.0012761555071840972,0.10212868374605552,0.10167190245460839,37394000.0,37562000.0,https://www.sedar.com/ModifyCompanyDocumentSearchForm.do?lang=EN&company_search=Transat AT Inc&document_selection=0&industry_group=A&FromDate=13&FromMonth=05&FromYear=2000&ToDate=13&ToMonth=11&ToYear=2020&Variable=Issuer,https://www.sedar.com/ModifyCompanyDocumentSearchForm.do?lang=EN&company_search=Transat AT Inc&document_selection=0&industry_group=A&FromDate=13&FromMonth=05&FromYear=2000&ToDate=13&ToMonth=11&ToYear=2020&Variable=Issuer,1620599067,18:24:27,20210509
2,2017-10-31,TRZ.TO,CAD,2017-10-31,2017-10-31,FY,3005345000,2695238000,310107000,0.10318515844270791,0.0,0.0,0.0,-126500000.0,157105000,2852343000,2134000.0,68470000,221472000,0.07369270416541196,153002000.0,0.05090996208421995,-7427000.0,151804000.0,0.05051133896441174,13432000.0,134308000.0,0.04468971116460839,3.6304365454791188,3.6260259179265657,36995000.0,37040000.0,https://www.sedar.com/ModifyCompanyDocumentSearchForm.do?lang=EN&company_search=Transat AT Inc&document_selection=0&industry_group=A&FromDate=13&FromMonth=05&FromYear=2000&ToDate=13&ToMonth=11&ToYear=2020&Variable=Issuer,https://www.sedar.com/ModifyCompanyDocumentSearchForm.do?lang=EN&company_search=Transat AT Inc&document_selection=0&industry_group=A&FromDate=13&FromMonth=05&FromYear=2000&ToDate=13&ToMonth=11&ToYear=2020&Variable=Issuer,1620599067,18:24:27,20210509
3,2016-10-31,TRZ.TO,CAD,2016-10-31,2016-10-31,FY,2889646000,2428938000,460708000,0.15943406216540018,0.0,0.0,0.0,-341504000.0,142056000,2570994000,1669000.0,50038000,368690000,0.12759002313778228,318652000.0,0.11027371518864248,-421353000.0,-97374000.0,-0.033697553264309885,-10843000.0,-41748000.0,-0.0144474444274489,-1.13,-1.13,36899000.0,36899000.0,https://www.sedar.com/ModifyCompanyDocumentSearchForm.do?lang=EN&company_search=Transat AT Inc&document_selection=0&industry_group=A&FromDate=13&FromMonth=05&FromYear=2000&ToDate=13&ToMonth=11&ToYear=2020&Variable=Issuer,https://www.sedar.com/ModifyCompanyDocumentSearchForm.do?lang=EN&company_search=Transat AT Inc&document_selection=0&industry_group=A&FromDate=13&FromMonth=05&FromYear=2000&ToDate=13&ToMonth=11&ToYear=2020&Variable=Issuer,1620599067,18:24:27,20210509
4,2015-10-31,TRZ.TO,CAD,2015-10-31,2015-10-31,FY,3566368000,2988784000,577584000,0.16195300092418954,0.0,0.0,0.0,-347302000.0,187373000,3176157000,2229000.0,50867000,441078000,0.12367708548304605,390211000.0,0.1094141154249926,-338261000.0,57327000.0,0.016074336692119266,10363000.0,42565000.0,0.011935111575698302,1.11,1.1,38442000.0,38558000.0,https://www.sedar.com/ModifyCompanyDocumentSearchForm.do?lang=EN&company_search=Transat AT Inc&document_selection=0&industry_group=A&FromDate=13&FromMonth=05&FromYear=2000&ToDate=13&ToMonth=11&ToYear=2020&Variable=Issuer,https://www.sedar.com/ModifyCompanyDocumentSearchForm.do?lang=EN&company_search=Transat AT Inc&document_selection=0&industry_group=A&FromDate=13&FromMonth=05&FromYear=2000&ToDate=13&ToMonth=11&ToYear=2020&Variable=Issuer,1620599067,18:24:27,20210509
5,2014-10-31,TRZ.TO,CAD,2014-10-31,2014-10-31,FY,3752198000,3155831000,596367000,0.1589380411161671,0.0,0.0,0.0,-333808000.0,217426000,3373257000,1939000.0,46702000,425643000,0.11343831002521722,378941000.0,0.10099173870888477,-355285000.0,29824000.0,0.007948407839884783,3758000.0,22875000.0,0.00609642668110798,0.5919418279681192,0.5858474619679352,38644000.0,39046000.0,https://www.sedar.com/ModifyCompanyDocumentSearchForm.do?lang=EN&company_search=Transat AT Inc&document_selection=0&industry_group=A&FromDate=13&FromMonth=05&FromYear=2000&ToDate=13&ToMonth=11&ToYear=2020&Variable=Issuer,https://www.sedar.com/ModifyCompanyDocumentSearchForm.do?lang=EN&company_search=Transat AT Inc&document_selection=0&industry_group=A&FromDate=13&FromMonth=05&FromYear=2000&ToDate=13&ToMonth=11&ToYear=2020&Variable=Issuer,1620599067,18:24:27,20210509
6,2013-10-31,TRZ.TO,CAD,2013-10-31,2013-10-31,FY,3648158000,3021334000,626824000,0.1718193126503841,0.0,0.0,0.0,-346572000.0,202674000,3224008000,2512000.0,39068000,463218000,0.12697311903705924,424150000.0,0.11626415303284561,-348283000.0,80712000.0,0.022124041776699365,19510000.0,57955000.0,0.01588609923144776,1.5096379265433706,1.506420253690996,38390000.0,38472000.0,https://www.sedar.com/ModifyCompanyDocumentSearchForm.do?lang=EN&company_search=Transat AT Inc&document_selection=0&industry_group=A&FromDate=13&FromMonth=05&FromYear=2000&ToDate=13&ToMonth=11&ToYear=2020&Variable=Issuer,https://www.sedar.com/ModifyCompanyDocumentSearchForm.do?lang=EN&company_search=Transat AT Inc&document_selection=0&industry_group=A&FromDate=13&FromMonth=05&FromYear=2000&ToDate=13&ToMonth=11&ToYear=2020&Variable=Issuer,1620599067,18:24:27,20210509
7,2012-10-31,TRZ.TO,CAD,2012-10-31,2012-10-31,FY,3714219000,2600927000,1113292000,0.2997378452912981,0.0,571453000.0,158357000.0,0.0,729810000,3330737000,2962000.0,40793000,424275000,0.11422993636078002,383482000.0,0.10324700832126485,-404163000.0,-16950000.0,-0.004563543506723756,-3414000.0,-16669000.0,-0.0044878883016860344,-0.44,-0.44,38142000.0,38142000.0,https://www.sedar.com/ModifyCompanyDocumentSearchForm.do?lang=EN&company_search=Transat AT Inc&document_selection=0&industry_group=A&FromDate=13&FromMonth=05&FromYear=2000&ToDate=13&ToMonth=11&ToYear=2020&Variable=Issuer,https://www.sedar.com/ModifyCompanyDocumentSearchForm.do?lang=EN&company_search=Transat AT Inc&document_selection=0&industry_group=A&FromDate=13&FromMonth=05&FromYear=2000&ToDate=13&ToMonth=11&ToYear=2020&Variable=Issuer,1620599067,18:24:27,20210509
8,2011-10-31,TRZ.TO,CAD,2011-10-31,2011-10-31,FY,3658164000,2555959000,1102205000,0.30130005106386704,0.0,549500000.0,166813000.0,-1278000.0,716313000,3272272000,3499000.0,43814000,429706000,0.11746493596241174,385892000.0,0.10548788955333878,-403744000.0,-13956000.0,-0.003815028522504732,-4802000.0,-12213000.0,-0.003338559998950293,-0.32,-0.32,37930000.0,37930000.0,https://www.sedar.com/ModifyCompanyDocumentSearchForm.do?lang=EN&company_search=Transat AT Inc&document_selection=0&industry_group=A&FromDate=13&FromMonth=05&FromYear=2000&ToDate=13&ToMonth=11&ToYear=2020&Variable=Issuer,https://www.sedar.com/ModifyCompanyDocumentSearchForm.do?lang=EN&company_search=Transat AT Inc&document_selection=0&industry_group=A&FromDate=13&FromMonth=05&FromYear=2000&ToDate=13&ToMonth=11&ToYear=2020&Variable=Issuer,1620599067,18:24:27,20210509
9,2010-10-31,TRZ.TO,CAD,2010-10-31,2010-10-31,FY,3498877000,2435777000,1063100000,0.3038403464883161,0.0,487593000.0,155357000.0,-38654000.0,935518000,3371295000,4584000.0,48662000,176244000,0.05037159065608765,127582000.0,0.036463699638484004,-32897000.0,93137000.0,0.026619112360908942,23806000.0,65607000.0,0.01875087349455268,1.74,1.73,37796000.0,37993000.0,https://www.sedar.com/ModifyCompanyDocumentSearchForm.do?lang=EN&company_search=Transat AT Inc&document_selection=0&industry_group=A&FromDate=13&FromMonth=05&FromYear=2000&ToDate=13&ToMonth=11&ToYear=2020&Variable=Issuer,https://www.sedar.com/ModifyCompanyDocumentSearchForm.do?lang=EN&company_search=Transat AT Inc&document_selection=0&industry_group=A&FromDate=13&FromMonth=05&FromYear=2000&ToDate=13&ToMonth=11&ToYear=2020&Variable=Issuer,1620599067,18:24:27,20210509
10,2009-10-31,TRZ.TO,CAD,2009-10-31,2009-10-31,FY,3545341000,2471746000,1073595000,0.3028185441118358,0.0,509540000.0,177166000.0,-5304000.0,980200000,3451946000,7545000.0,51155000,144550000,0.04077181856413812,93395000.0,0.02634302313938208,-5372000.0,95810000.0,0.027024198800623126,30916000.0,61847000.0,0.017444584315020755,1.86,1.85,33168000.0,33485000.0,https://www.sedar.com/ModifyCompanyDocumentSearchForm.do?lang=EN&company_search=Transat AT Inc&document_selection=0&industry_group=A&FromDate=13&FromMonth=05&FromYear=2000&ToDate=13&ToMonth=11&ToYear=2020&Variable=Issuer,https://www.sedar.com/ModifyCompanyDocumentSearchForm.do?lang=EN&company_search=Transat AT Inc&document_selection=0&industry_group=A&FromDate=13&FromMonth=05&FromYear=2000&ToDate=13&ToMonth=11&ToYear=2020&Variable=Issuer,1620599067,18:24:27,20210509
11,2008-10-31,TRZ.TO,CAD,2008-10-31,2008-10-31,FY,3512851000,2397005000,1115846000,0.3176468344373274,0.0,488998000.0,174740000.0,0.0,663738000,3060743000,9296000.0,56649000,508757000,0.14482737810399587,452108000.0,0.12870116039649845,-421611000.0,-75925000.0,-0.021613498551461476,-29201000.0,-50011000.0,-0.014236584472270528,-1.51,-1.51,33108000.0,33108000.0,https://www.sedar.com/ModifyCompanyDocumentSearchForm.do?lang=EN&company_search=Transat AT Inc&document_selection=0&industry_group=A&FromDate=13&FromMonth=05&FromYear=2000&ToDate=13&ToMonth=11&ToYear=2020&Variable=Issuer,https://www.sedar.com/ModifyCompanyDocumentSearchForm.do?lang=EN&company_search=Transat AT Inc&document_selection=0&industry_group=A&FromDate=13&FromMonth=05&FromYear=2000&ToDate=13&ToMonth=11&ToYear=2020&Variable=Issuer,1620599067,18:24:27,20210509
12,2007-10-31,TRZ.TO,CAD,2007-10-31,2007-10-31,FY,3045917000,1601652000,1444265000,0.47416426645900067,0.0,1311195000.0,0.0,0.0,1354168000,2955820000,0.0,42973000,133070000,0.04368799281136026,90097000.0,0.02957959786822819,8922000.0,116835000.0,0.038357906666530966,35618000.0,80480000.0,0.026422256417361338,2.38,2.36,33815126.0,34101695.0,https://www.sedar.com/ModifyCompanyDocumentSearchForm.do?lang=EN&company_search=Transat AT Inc&document_selection=0&industry_group=A&FromDate=13&FromMonth=05&FromYear=2000&ToDate=13&ToMonth=11&ToYear=2020&Variable=Issuer,https://www.sedar.com/ModifyCompanyDocumentSearchForm.do?lang=EN&company_search=Transat AT Inc&document_selection=0&industry_group=A&FromDate=13&FromMonth=05&FromYear=2000&ToDate=13&ToMonth=11&ToYear=2020&Variable=Issuer,1620599067,18:24:27,20210509
13,2006-10-31,TRZ.TO,CAD,2006-10-31,2006-10-31,FY,2603746000,1307732000,1296014000,0.49774978050854424,0.0,461501000.0,0.0,-42087000.0,1169070000,2476802000,0.0,39360000,166304000,0.06387105347449405,126944000.0,0.04875437158616854,-42087000.0,99079000.0,0.03805248284586899,32046000.0,65770000.0,0.025259760360649617,1.88,1.85,34984043.0,35551351.0,https://www.sedar.com/ModifyCompanyDocumentSearchForm.do?lang=EN&company_search=Transat AT Inc&document_selection=0&industry_group=A&FromDate=13&FromMonth=05&FromYear=2000&ToDate=13&ToMonth=11&ToYear=2020&Variable=Issuer,https://www.sedar.com/ModifyCompanyDocumentSearchForm.do?lang=EN&company_search=Transat AT Inc&document_selection=0&industry_group=A&FromDate=13&FromMonth=05&FromYear=2000&ToDate=13&ToMonth=11&ToYear=2020&Variable=Issuer,1620599067,18:24:27,20210509
14,2005-10-31,TRZ.TO,CAD,2005-10-31,2005-10-31,FY,2364481000,1168612000,1195869000,0.5057638441586124,0.0,423363000.0,0.0,-28568000.0,1074304000,2242916000,0.0,37558000,159123000,0.06729722082774191,121565000.0,0.05141297392535613,-29041000.0,92964000.0,0.03931687334345254,36302000.0,55416000.0,0.023436855698988488,1.43,1.33,38752448.0,41666165.0,https://www.sedar.com/ModifyCompanyDocumentSearchForm.do?lang=EN&company_search=Transat AT Inc&document_selection=0&industry_group=A&FromDate=13&FromMonth=05&FromYear=2000&ToDate=13&ToMonth=11&ToYear=2020&Variable=Issuer,https://www.sedar.com/ModifyCompanyDocumentSearchForm.do?lang=EN&company_search=Transat AT Inc&document_selection=0&industry_group=A&FromDate=13&FromMonth=05&FromYear=2000&ToDate=13&ToMonth=11&ToYear=2020&Variable=Issuer,1620599067,18:24:27,20210509
15,2004-10-31,TRZ.TO,CAD,2004-10-31,2004-10-31,FY,2199822000,1075861000,1123961000,0.5109327027368578,0.0,407499000.0,0.0,-45851000.0,948856000,2024717000,0.0,33027000,208132000,0.09461310960614086,175105000.0,0.07959962215124679,-58710000.0,118214000.0,0.05373798425508973,45010000.0,72451000.0,0.03293493746312202,2.07,1.76,35000483.0,41165341.0,https://www.sedar.com/ModifyCompanyDocumentSearchForm.do?lang=EN&company_search=Transat AT Inc&document_selection=0&industry_group=A&FromDate=13&FromMonth=05&FromYear=2000&ToDate=13&ToMonth=11&ToYear=2020&Variable=Issuer,https://www.sedar.com/ModifyCompanyDocumentSearchForm.do?lang=EN&company_search=Transat AT Inc&document_selection=0&industry_group=A&FromDate=13&FromMonth=05&FromYear=2000&ToDate=13&ToMonth=11&ToYear=2020&Variable=Issuer,1620599067,18:24:27,20210509
16,2003-10-31,TRZ.TO,CAD,2003-10-31,2003-10-31,FY,2096649000,2021687000,74962000,0.03575324243590606,0.0,0.0,0.0,-85564000.0,1973715000,3995402000,0.0,42138000,-1856615000,-0.8855154105432049,-1898753000.0,-0.905613195150929,-133536000.0,-13914000.0,-0.006636303930700847,-5533000.0,44936000.0,0.021432295057494125,1.27,1.27,35382677.0,35382677.0,https://www.sedar.com/ModifyCompanyDocumentSearchForm.do?lang=EN&company_search=Transat AT Inc&document_selection=0&industry_group=A&FromDate=13&FromMonth=05&FromYear=2000&ToDate=13&ToMonth=11&ToYear=2020&Variable=Issuer,https://www.sedar.com/ModifyCompanyDocumentSearchForm.do?lang=EN&company_search=Transat AT Inc&document_selection=0&industry_group=A&FromDate=13&FromMonth=05&FromYear=2000&ToDate=13&ToMonth=11&ToYear=2020&Variable=Issuer,1620599067,18:24:27,20210509
17,2002-10-31,TRZ.TO,CAD,2002-10-31,2002-10-31,FY,2086698000,2014771000,71927000,0.03446929071672087,0.0,0.0,0.0,0.0,2014771000,4029542000,0.0,44859000,-1897985000,-0.9095638180512945,-1942844000.0,-0.9310614185665582,-43940000.0,16621000.0,0.007965215857781049,8651000.0,7788000.0,0.0037322123278021066,0.18,0.18,32460353.0,32460353.0,https://www.sedar.com/ModifyCompanyDocumentSearchForm.do?lang=EN&company_search=Transat AT Inc&document_selection=0&industry_group=A&FromDate=13&FromMonth=05&FromYear=2000&ToDate=13&ToMonth=11&ToYear=2020&Variable=Issuer,https://www.sedar.com/ModifyCompanyDocumentSearchForm.do?lang=EN&company_search=Transat AT Inc&document_selection=0&industry_group=A&FromDate=13&FromMonth=05&FromYear=2000&ToDate=13&ToMonth=11&ToYear=2020&Variable=Issuer,1620599067,18:24:27,20210509
18,2001-10-31,TRZ.TO,CAD,2001-10-31,2001-10-31,FY,2121886000,2063863000,58023000,0.027345012880051048,0.0,0.0,0.0,0.0,2063863000,4127726000,0.0,51275000,-1954565000,-0.9211451510590107,-2005840000.0,-0.9453099742398979,-167308000.0,-114314000.0,-0.053873770786932,-19909000.0,-98964000.0,-0.046639640395384103,-3.07,-3.07,32235831.0,32235831.0,https://www.sedar.com/ModifyCompanyDocumentSearchForm.do?lang=EN&company_search=Transat AT Inc&document_selection=0&industry_group=A&FromDate=13&FromMonth=05&FromYear=2000&ToDate=13&ToMonth=11&ToYear=2020&Variable=Issuer,https://www.sedar.com/ModifyCompanyDocumentSearchForm.do?lang=EN&company_search=Transat AT Inc&document_selection=0&industry_group=A&FromDate=13&FromMonth=05&FromYear=2000&ToDate=13&ToMonth=11&ToYear=2020&Variable=Issuer,1620599067,18:24:27,20210509
19,2000-10-31,TRZ.TO,CAD,2000-10-31,2000-10-31,FY,1922550000,1817164000,105386000,0.05481573951262646,0.0,0.0,0.0,0.0,1820026000,3637190000,0.0,33878000,-1680762000,-0.8742357806038855,-1714640000.0,-0.8918571688642688,-44402000.0,66001000.0,0.03432992639983355,27522000.0,36640000.0,0.01905802189800005,1.14,1.08,32140351.0,33925926.0,https://www.sedar.com/ModifyCompanyDocumentSearchForm.do?lang=EN&company_search=Transat AT Inc&document_selection=0&industry_group=A&FromDate=13&FromMonth=05&FromYear=2000&ToDate=13&ToMonth=11&ToYear=2020&Variable=Issuer,https://www.sedar.com/ModifyCompanyDocumentSearchForm.do?lang=EN&company_search=Transat AT Inc&document_selection=0&industry_group=A&FromDate=13&FromMonth=05&FromYear=2000&ToDate=13&ToMonth=11&ToYear=2020&Variable=Issuer,1620599067,18:24:27,20210509
20,1999-10-31,TRZ.TO,CAD,1999-10-31,1999-10-31,FY,1623315000,1532500000,90815000,0.055944163640451794,0.0,0.0,0.0,0.0,1532538000,3065038000,0.0,34553000,-1407170000,-0.8668496256117882,-1441723000.0,-0.8881350816076978,-44273000.0,52480000.0,0.03232890720531752,22834000.0,30022000.0,0.01849425404188343,0.89,0.86,33732584.0,34909302.0,https://www.sedar.com/ModifyCompanyDocumentSearchForm.do?lang=EN&company_search=Transat AT Inc&document_selection=0&industry_group=A&FromDate=13&FromMonth=05&FromYear=2000&ToDate=13&ToMonth=11&ToYear=2020&Variable=Issuer,https://www.sedar.com/ModifyCompanyDocumentSearchForm.do?lang=EN&company_search=Transat AT Inc&document_selection=0&industry_group=A&FromDate=13&FromMonth=05&FromYear=2000&ToDate=13&ToMonth=11&ToYear=2020&Variable=Issuer,1620599067,18:24:27,20210509
21,1998-10-31,TRZ.TO,CAD,1998-10-31,1998-10-31,FY,1421454000,1349200000,72254000,0.05083105045959982,0.0,0.0,0.0,0.0,1349175000,2698375000,0.0,33206000,-1243715000,-0.8749597243385998,-1276921000.0,-0.8983203114557348,-43475000.0,34596000.0,0.024338459070782453,16661000.0,19731000.0,0.013880857206775597,0.58,0.56,34018966.0,35233929.0,https://www.sedar.com/ModifyCompanyDocumentSearchForm.do?lang=EN&company_search=Transat AT Inc&document_selection=0&industry_group=A&FromDate=13&FromMonth=05&FromYear=2000&ToDate=13&ToMonth=11&ToYear=2020&Variable=Issuer,https://www.sedar.com/ModifyCompanyDocumentSearchForm.do?lang=EN&company_search=Transat AT Inc&document_selection=0&industry_group=A&FromDate=13&FromMonth=05&FromYear=2000&ToDate=13&ToMonth=11&ToYear=2020&Variable=Issuer,1620599067,18:24:27,20210509
22,1997-10-31,TRZ.TO,CAD,1997-10-31,1997-10-31,FY,1316740000,1244300000,72440000,0.055014657411485944,0.0,0.0,0.0,0.0,1269798000,2514098000,0.0,25515000,-1171843000,-0.8899577745036985,-1197358000.0,-0.9093351762686636,0.0,40979000.0,0.03112155778665492,17984000.0,25364000.0,0.019262724607743364,0.78,0.74,32517949.0,34275676.0,https://www.sedar.com/ModifyCompanyDocumentSearchForm.do?lang=EN&company_search=Transat AT Inc&document_selection=0&industry_group=A&FromDate=13&FromMonth=05&FromYear=2000&ToDate=13&ToMonth=11&ToYear=2020&Variable=Issuer,https://www.sedar.com/ModifyCompanyDocumentSearchForm.do?lang=EN&company_search=Transat AT Inc&document_selection=0&industry_group=A&FromDate=13&FromMonth=05&FromYear=2000&ToDate=13&ToMonth=11&ToYear=2020&Variable=Issuer,1620599067,18:24:27,20210509
23,1996-10-31,TRZ.TO,CAD,1996-10-31,1996-10-31,FY,779157000,719000000,60157000,0.07720780279199185,0.0,0.0,0.0,0.0,736331000,1455331000,0.0,17353000,-658821000,-0.8455561587715954,-676174000.0,-0.8678276650277158,0.0,36267000.0,0.0465464598277369,15667000.0,22202000.0,0.0284948989741477,2.95,2.58,7526102.0,8605426.0,https://www.sedar.com/ModifyCompanyDocumentSearchForm.do?lang=EN&company_search=Transat AT Inc&document_selection=0&industry_group=A&FromDate=13&FromMonth=05&FromYear=2000&ToDate=13&ToMonth=11&ToYear=2020&Variable=Issuer,https://www.sedar.com/ModifyCompanyDocumentSearchForm.do?lang=EN&company_search=Transat AT Inc&document_selection=0&industry_group=A&FromDate=13&FromMonth=05&FromYear=2000&ToDate=13&ToMonth=11&ToYear=2020&Variable=Issuer,1620599067,18:24:27,20210509
24,1995-10-31,TRZ.TO,CAD,1995-10-31,1995-10-31,FY,551800000,504300000,47500000,0.08608191373686118,0.0,0.0,0.0,0.0,18200000,522500000,0.0,18200000,47500000,0.08608191373686118,29300000.0,0.053098948894527,3700000.0,28600000.0,0.051830373323667994,11700000.0,16900000.0,0.03062703878216745,0.83014,0.83014,20358000.0,20358000.0,https://www.sedar.com/ModifyCompanyDocumentSearchForm.do?lang=EN&company_search=Transat AT Inc&document_selection=0&industry_group=A&FromDate=13&FromMonth=05&FromYear=2000&ToDate=13&ToMonth=11&ToYear=2020&Variable=Issuer,https://www.sedar.com/ModifyCompanyDocumentSearchForm.do?lang=EN&company_search=Transat AT Inc&document_selection=0&industry_group=A&FromDate=13&FromMonth=05&FromYear=2000&ToDate=13&ToMonth=11&ToYear=2020&Variable=Issuer,1620599067,18:24:27,20210509
25,1994-10-31,TRZ.TO,CAD,1994-10-31,1994-10-31,FY,522200000,489400000,32800000,0.06281118345461509,0.0,0.0,0.0,0.0,16800000,506200000,0.0,16800000,32800000,0.06281118345461509,16000000.0,0.030639601685178094,2400000.0,10700000.0,0.02049023362696285,5100000.0,5600000.0,0.010723860589812333,0.142092,0.142092,39411000.0,39411000.0,https://www.sedar.com/ModifyCompanyDocumentSearchForm.do?lang=EN&company_search=Transat AT Inc&document_selection=0&industry_group=A&FromDate=13&FromMonth=05&FromYear=2000&ToDate=13&ToMonth=11&ToYear=2020&Variable=Issuer,https://www.sedar.com/ModifyCompanyDocumentSearchForm.do?lang=EN&company_search=Transat AT Inc&document_selection=0&industry_group=A&FromDate=13&FromMonth=05&FromYear=2000&ToDate=13&ToMonth=11&ToYear=2020&Variable=Issuer,1620599067,18:24:27,20210509
26,1993-10-31,TRZ.TO,CAD,1993-10-31,1993-10-31,FY,445700000,396500000,49200000,0.11038815346645726,0.0,33600000.0,0.0,0.0,46200000,442700000,0.0,12600000,15600000,0.03500112183082791,3000000.0,0.006730984967466906,2300000.0,1500000.0,0.003365492483733453,1000000.0,500000.0,0.001121830827911151,0.005097,0.005097,39237000.0,39237000.0,https://www.sedar.com/ModifyCompanyDocumentSearchForm.do?lang=EN&company_search=Transat AT Inc&document_selection=0&industry_group=A&FromDate=13&FromMonth=05&FromYear=2000&ToDate=13&ToMonth=11&ToYear=2020&Variable=Issuer,https://www.sedar.com/ModifyCompanyDocumentSearchForm.do?lang=EN&company_search=Transat AT Inc&document_selection=0&industry_group=A&FromDate=13&FromMonth=05&FromYear=2000&ToDate=13&ToMonth=11&ToYear=2020&Variable=Issuer,1620599067,18:24:27,20210509
