,date,symbol,reportedCurrency,fillingDate,acceptedDate,period,revenue,costOfRevenue,grossProfit,grossProfitRatio,researchAndDevelopmentExpenses,generalAndAdministrativeExpenses,sellingAndMarketingExpenses,otherExpenses,operatingExpenses,costAndExpenses,interestExpense,depreciationAndAmortization,ebitda,ebitdaratio,operatingIncome,operatingIncomeRatio,totalOtherIncomeExpensesNet,incomeBeforeTax,incomeBeforeTaxRatio,incomeTaxExpense,netIncome,netIncomeRatio,eps,epsdiluted,weightedAverageShsOut,weightedAverageShsOutDil,link,finalLink,timestamp,est_time,est_date
0,2020-12-31,BFIT.AS,EUR,2020-12-31,2020-12-31,FY,376811000.0,14456000.0,362355000.0,0.9616359395028277,0.0,26924000.0,16326000.0,11198000.0,0.0,490047000.0,43654000.0,259256000.0,146020000.0,0.38751522646631864,-113236000.0,-0.30051139696027984,0.0,-164114000.0,-0.4355339944959144,-38926000.0,-125188000.0,-0.3322302162091871,-2.290039959722897,-2.290039959722897,54666295,54666295,,,1620589308,15:41:48,20210509
1,2019-12-31,BFIT.AS,EUR,2019-12-31,2019-12-31,FY,515159000.0,14341000.0,500818000.0,0.9721619927051648,0.0,22834000.0,20511000.0,0.0,437283000.0,451624000.0,35051000.0,210716000.0,274251000.0,0.5323618533307193,63535000.0,0.123330855134046,0.0,16441000.0,0.0319144186552113,5393000.0,11048000.0,0.021445806052112066,0.2,0.2,54666295,54666295,,,1620589308,15:41:48,20210509
2,2018-12-31,BFIT.AS,EUR,2018-12-31,2018-12-31,FY,401784000.0,6395000.0,395389000.0,0.9840834876451029,0.0,18385000.0,19815000.0,0.0,354975000.0,361370000.0,8538000.0,87618000.0,128032000.0,0.3186587818330247,40414000.0,0.10058638472413038,0.0,22405000.0,0.05576379348107441,4811000.0,17594000.0,0.04378969794715568,0.32,0.32,54666404,54666404,,,1620589308,15:41:48,20210509
3,2017-12-31,BFIT.AS,EUR,2017-12-31,2017-12-31,FY,325831000.0,3683000.0,322148000.0,0.9886965942467107,0.0,14406000.0,13196000.0,0.0,292695000.0,296378000.0,7819000.0,74703000.0,104156000.0,0.3196626472005426,29453000.0,0.09039348619376303,0.0,13156000.0,0.040376759731271736,2029000.0,11127000.0,0.034149605163412936,0.2,0.2,54663473,54663473,,,1620589308,15:41:48,20210509
4,2016-12-31,BFIT.AS,EUR,2016-12-31,2016-12-31,FY,258561000.0,2316000.0,256245000.0,0.9910427326626986,0.0,15146000.0,9983000.0,0.0,244453000.0,246769000.0,22803000.0,64959000.0,76751000.0,0.2968390437846388,11792000.0,0.04560625925797007,0.0,-31706000.0,-0.12262483514528487,667000.0,-32373000.0,-0.1252044971979533,-0.74,-0.74,43748634,43748634,,,1620589308,15:41:48,20210509
5,2015-12-31,BFIT.AS,EUR,2015-12-31,2015-12-31,FY,202222000.0,1160000.0,201062000.0,0.9942637299601428,0.0,8031000.0,8956000.0,0.0,191807000.0,192967000.0,36743000.0,50244000.0,59499000.0,0.29422614750126097,9255000.0,0.04576653380937781,0.0,-29313000.0,-0.14495455489511527,-6348000.0,-22965000.0,-0.11356331160803473,-0.420091,-0.420091,54666667,54666667,,,1620589308,15:41:48,20210509
6,2014-12-31,BFIT.AS,EUR,2014-12-31,2014-12-31,FY,162069000.0,876000.0,161193000.0,0.9945948947670437,0.0,9623000.0,8500000.0,0.0,153504000.0,154380000.0,28377000.0,37566000.0,45255000.0,0.27923291931214483,7689000.0,0.04744275586324343,0.0,-27094000.0,-0.16717570911155125,-4587000.0,-22507000.0,-0.13887294917596826,-0.411713,-0.411713,54666667,54666667,,,1620589308,15:41:48,20210509
7,2013-12-31,BFIT.AS,EUR,2013-12-31,2013-12-31,FY,0.0,0.0,0.0,0.0,0.0,6483000.0,0.0,0.0,6483000.0,6483000.0,670000.0,0.0,-6187000.0,0.0,-6483000.0,0.0,0.0,-6857000.0,0.0,1000.0,-6858000.0,0.0,-0.125451,-0.125451,54666667,54666667,,,1620589308,15:41:48,20210509
