,date,symbol,reportedCurrency,fillingDate,acceptedDate,period,revenue,costOfRevenue,grossProfit,grossProfitRatio,researchAndDevelopmentExpenses,generalAndAdministrativeExpenses,sellingAndMarketingExpenses,otherExpenses,operatingExpenses,costAndExpenses,interestExpense,depreciationAndAmortization,ebitda,ebitdaratio,operatingIncome,operatingIncomeRatio,totalOtherIncomeExpensesNet,incomeBeforeTax,incomeBeforeTaxRatio,incomeTaxExpense,netIncome,netIncomeRatio,eps,epsdiluted,weightedAverageShsOut,weightedAverageShsOutDil,link,finalLink,timestamp,est_time,est_date
0,2020-12-31,0310.HK,HKD,2020-12-31,2020-12-31,FY,2260000.0,0.0,0.0,0.0,0.0,22147000.0,0.0,0.0,0.0,21823000.0,4310000.0,765000.0,-18798000.0,-8.317699115044247,-19563000.0,-29.48849557522124,0.0,-66644000.0,-29.48849557522124,0.0,-66644000.0,-29.48849557522124,-0.055017666677673945,-0.055017666677673945,1211320000,1211320000,https://www1.hkexnews.hk/search/titlesearch.xhtml,https://www1.hkexnews.hk/search/titlesearch.xhtml,1620584660,14:24:20,20210509
1,2019-12-31,0310.HK,HKD,2019-12-31,2019-12-31,FY,3313000.0,0.0,0.0,0.0,0.0,18417000.0,0.0,0.0,0.0,18417000.0,4243000.0,700000.0,-14404000.0,-4.347721098702083,-15104000.0,-4.55900996076064,0.0,-78496000.0,-23.69332930878358,0.0,-78496000.0,-23.69332930878358,-0.0648,-0.0648,1211320000,1211320000,https://www1.hkexnews.hk/search/titlesearch.xhtml,https://www1.hkexnews.hk/search/titlesearch.xhtml,1620584660,14:24:20,20210509
2,2018-12-31,0310.HK,HKD,2018-12-31,2018-12-31,FY,4702000.0,0.0,0.0,0.0,0.0,20809000.0,0.0,0.0,0.0,20809000.0,4546000.0,600000.0,-15507000.0,-3.2979583156103787,-16107000.0,-3.4255635899617185,0.0,-87204000.0,-18.546150574223734,0.0,-87204000.0,-18.546150574223734,-0.072,-0.072,1211320200,1211320200,https://www1.hkexnews.hk/search/titlesearch.xhtml,https://www1.hkexnews.hk/search/titlesearch.xhtml,1620584660,14:24:20,20210509
3,2017-12-31,0310.HK,HKD,2017-12-31,2017-12-31,FY,4808000.0,0.0,0.0,0.0,0.0,20874000.0,0.0,0.0,0.0,20874000.0,3144000.0,637000.0,-15429000.0,-3.209026622296173,-16066000.0,-3.341514143094842,0.0,957000.0,0.1990432612312812,797000.0,160000.0,0.033277870216306155,0.0001,0.0001,1211320200,1211320200,https://www1.hkexnews.hk/search/titlesearch.xhtml,https://www1.hkexnews.hk/search/titlesearch.xhtml,1620584660,14:24:20,20210509
4,2016-12-31,0310.HK,HKD,2016-12-31,2016-12-31,FY,7215000.0,0.0,0.0,0.0,0.0,20952000.0,0.0,0.0,0.0,20952000.0,0.0,438000.0,-13299000.0,-1.8432432432432433,-13737000.0,-1.903950103950104,0.0,-43297000.0,-6.000970200970201,0.0,-43297000.0,-6.000970200970201,-0.036,-0.036,1211320200,1211320200,https://www1.hkexnews.hk/search/titlesearch.xhtml,https://www1.hkexnews.hk/search/titlesearch.xhtml,1620584660,14:24:20,20210509
5,2015-12-31,0310.HK,HKD,2015-12-31,2015-12-31,FY,10059000.0,0.0,0.0,0.0,0.0,19594000.0,0.0,0.0,0.0,19594000.0,0.0,175000.0,-9360000.0,-0.9305099910527885,-9535000.0,-0.9479073466547371,0.0,17128000.0,1.702753752858137,2000.0,17126000.0,1.7025549259369719,0.016,0.016,1092826435,1092826435,https://www1.hkexnews.hk/search/titlesearch.xhtml,https://www1.hkexnews.hk/search/titlesearch.xhtml,1620584660,14:24:20,20210509
6,2014-12-31,0310.HK,HKD,2014-12-31,2014-12-31,FY,15907000.0,0.0,15907000.0,1.0,0.0,15442000.0,0.0,0.0,0.0,15442000.0,0.0,416000.0,881000.0,0.05538442195259948,465000.0,0.029232413402904382,0.0,-15815000.0,-0.9942163827245867,0.0,-15815000.0,-0.9942163827245867,-0.022,-0.022,712546800,712546800,https://www1.hkexnews.hk/search/titlesearch.xhtml,https://www1.hkexnews.hk/search/titlesearch.xhtml,1620584660,14:24:20,20210509
7,2013-12-31,0310.HK,HKD,2013-12-31,2013-12-31,FY,11844000.0,0.0,11844000.0,1.0,0.0,16628000.0,0.0,0.0,0.0,16628000.0,0.0,323000.0,-4461000.0,-0.37664640324214793,-4784000.0,-0.4039175954069571,0.0,-4111000.0,-0.3470955758189801,34000.0,-4145000.0,-0.3499662276258021,-0.006,-0.006,712546800,712546800,https://www1.hkexnews.hk/search/titlesearch.xhtml,https://www1.hkexnews.hk/search/titlesearch.xhtml,1620584660,14:24:20,20210509
8,2012-12-31,0310.HK,HKD,2012-12-31,2012-12-31,FY,9807000.0,0.0,9807000.0,1.0,0.0,14028000.0,0.0,0.0,0.0,14009000.0,0.0,323000.0,-3879000.0,-0.3955338023860508,-4202000.0,-0.42846946058937496,0.0,-529000.0,-0.053941062506373,0.0,-529000.0,-0.053941062506373,-0.001,-0.001,712546800,712546800,https://www1.hkexnews.hk/search/titlesearch.xhtml,https://www1.hkexnews.hk/search/titlesearch.xhtml,1620584660,14:24:20,20210509
9,2011-12-31,0310.HK,HKD,2011-12-31,2011-12-31,FY,13519000.0,0.0,13519000.0,1.0,0.0,13132000.0,0.0,0.0,0.0,55222000.0,0.0,319000.0,-41384000.0,-3.0611731636955395,-41703000.0,-3.084769583549079,0.0,-41114000.0,-3.0412012722834527,-48000.0,-41066000.0,-3.037650713810193,-0.06,-0.06,716552827,716552827,https://www1.hkexnews.hk/search/titlesearch.xhtml,https://www1.hkexnews.hk/search/titlesearch.xhtml,1620584660,14:24:20,20210509
10,2010-12-31,0310.HK,HKD,2010-12-31,2010-12-31,FY,12734000.0,0.0,12734000.0,1.0,0.0,27731000.0,0.0,0.0,0.0,29274000.0,0.0,289000.0,-16251000.0,-1.2761897282864771,-16540000.0,-1.2988848751374273,0.0,-56669000.0,-4.450212030783729,-83000.0,-56586000.0,-4.443694047432071,-0.09,-0.09,634754608,634754608,https://www1.hkexnews.hk/search/titlesearch.xhtml,https://www1.hkexnews.hk/search/titlesearch.xhtml,1620584660,14:24:20,20210509
11,2009-12-31,0310.HK,HKD,2009-12-31,2009-12-31,FY,7471652.0,0.0,0.0,0.0,0.0,13517311.0,0.0,0.0,0.0,13517311.0,122030.0,0.0,-6918237.0,-0.9259313736774678,-6045659.0,-0.8091462236196225,0.0,-101927565.0,-13.641904762159694,91656.0,-102019221.0,-13.654171928778268,-0.2025,-0.2025,506844472,506844472,https://www1.hkexnews.hk/search/titlesearch.xhtml,https://www1.hkexnews.hk/search/titlesearch.xhtml,1620584660,14:24:20,20210509
12,2008-12-31,0310.HK,HKD,2008-12-31,2008-12-31,FY,14664882.0,0.0,0.0,0.0,0.0,5400000.0,0.0,-23209698.0,0.0,12840703.0,75120.0,0.0,-22881570.0,-1.560296905218876,1824179.0,0.12439097702934125,0.0,-53461685.0,-3.6455584845483244,97774.0,-53559459.0,-3.6522257049187306,-0.12316195369061925,-0.11972813543211215,434870164,447342296,https://www1.hkexnews.hk/search/titlesearch.xhtml,https://www1.hkexnews.hk/search/titlesearch.xhtml,1620584660,14:24:20,20210509
13,2007-12-31,0310.HK,HKD,2007-12-31,2007-12-31,FY,62958134.0,0.0,0.0,0.0,0.0,0.0,0.0,0.0,0.0,10918270.0,0.0,0.0,52039864.0,0.8265788817692723,52039864.0,0.8265788817692723,0.0,151008611.0,2.398556015017853,769698.0,150238913.0,2.3863304620813572,0.61325,0.58125,244988036,258475549,https://www1.hkexnews.hk/search/titlesearch.xhtml,https://www1.hkexnews.hk/search/titlesearch.xhtml,1620584660,14:24:20,20210509
14,2006-12-31,0310.HK,HKD,2006-12-31,2006-12-31,FY,138114855.0,124106377.0,14008478.0,0.10142629480369798,0.0,0.0,0.0,0.0,0.0,122703569.0,0.0,0.0,15411286.0,0.1115831168196933,15411286.0,0.1115831168196933,0.0,11011908.0,0.07973007682627621,1338120.0,9673788.0,0.07004161862241393,0.056,0.056,172746214,172746214,https://www1.hkexnews.hk/search/titlesearch.xhtml,https://www1.hkexnews.hk/search/titlesearch.xhtml,1620584660,14:24:20,20210509
15,2005-12-31,0310.HK,HKD,2005-12-31,2005-12-31,FY,7436022.0,0.0,0.0,0.0,0.0,0.0,0.0,0.0,0.0,13787928.0,0.0,0.0,-6351906.0,-0.8542075319303789,-6351906.0,-0.8542075319303789,0.0,-7769405.0,-1.0448335144785748,155354.0,-7924759.0,-1.065725598982897,-0.04575,-0.04575,173218776,173218776,https://www1.hkexnews.hk/search/titlesearch.xhtml,https://www1.hkexnews.hk/search/titlesearch.xhtml,1620584660,14:24:20,20210509
16,2004-12-31,0310.HK,HKD,2004-12-31,2004-12-31,FY,4872392.0,0.0,0.0,0.0,0.0,3633413.0,0.0,0.0,0.0,14510529.0,1080711.0,77475.0,-9560662.0,-1.9622111685595083,-9638137.0,-1.9781119827797107,0.0,-2978709.0,-0.6113442842858292,805385.0,-3784094.0,-0.7766398926851534,-0.022,-0.022,172780800,172780800,https://www1.hkexnews.hk/search/titlesearch.xhtml,https://www1.hkexnews.hk/search/titlesearch.xhtml,1620584660,14:24:20,20210509
17,2003-12-31,0310.HK,HKD,2003-12-31,2003-12-31,FY,3642866.0,0.0,0.0,0.0,0.0,3549588.0,0.0,0.0,0.0,38497580.0,11593.0,89210.0,-34765504.0,-9.543448482595846,-34854714.0,-9.567937442661904,0.0,-23557366.0,-6.466712198582106,1224499.0,-24781865.0,-6.802848361702022,-0.225,-0.225,110118174,110118174,https://www1.hkexnews.hk/search/titlesearch.xhtml,https://www1.hkexnews.hk/search/titlesearch.xhtml,1620584660,14:24:20,20210509
18,2002-12-31,0310.HK,HKD,2002-12-31,2002-12-31,FY,3944254.0,0.0,3944254.0,1.0,0.0,3499604.0,0.0,0.0,0.0,5862321.0,23331.0,87359.0,-1830708.0,-0.4641455646619107,-1918067.0,-0.4862939861378096,0.0,-13582092.0,-3.4435135262587044,1768802.0,-15350894.0,-3.8919638542548225,-0.0425,-0.0425,359960000,359960000,https://www1.hkexnews.hk/search/titlesearch.xhtml,https://www1.hkexnews.hk/search/titlesearch.xhtml,1620584660,14:24:20,20210509
19,2001-12-31,0310.HK,HKD,2001-12-31,2001-12-31,FY,4513864.0,0.0,0.0,0.0,0.0,3660469.0,0.0,0.0,0.0,11589257.0,21110.0,76064.0,-6999329.0,-1.5506291283919942,-7075393.0,-1.5674803228453493,0.0,-11237710.0,-2.4895987118796667,1644972.0,-12882682.0,-2.8540252874255847,-0.035,-0.035,359960000,359960000,https://www1.hkexnews.hk/search/titlesearch.xhtml,https://www1.hkexnews.hk/search/titlesearch.xhtml,1620584660,14:24:20,20210509
20,2000-12-31,0310.HK,HKD,2000-12-31,2000-12-31,FY,3140361.0,0.0,0.0,0.0,0.0,3417572.0,0.0,0.0,0.0,5892558.0,272424.0,90539.0,-2661658.0,-0.8475643405328241,-2752197.0,-0.8763951023465136,0.0,16179734.0,5.152189190987915,562680.0,15617054.0,4.9730123383903955,0.06,0.06,261669318,261669318,https://www1.hkexnews.hk/search/titlesearch.xhtml,https://www1.hkexnews.hk/search/titlesearch.xhtml,1620584660,14:24:20,20210509
21,1999-12-31,0310.HK,HKD,1999-12-31,1999-12-31,FY,2439005.0,0.0,0.0,0.0,0.0,2534325.0,0.0,0.0,0.0,8119265.0,0.0,204805.0,-5475455.0,-2.2449543973874593,-5680260.0,-2.328925114954664,0.0,-6533734.0,-2.678852236875283,1092556.0,-7626290.0,-3.126803758089877,-0.0475,-0.0475,158540000,158540000,https://www1.hkexnews.hk/search/titlesearch.xhtml,https://www1.hkexnews.hk/search/titlesearch.xhtml,1620584660,14:24:20,20210509
