,date,symbol,reportedCurrency,fillingDate,acceptedDate,period,revenue,costOfRevenue,grossProfit,grossProfitRatio,researchAndDevelopmentExpenses,generalAndAdministrativeExpenses,sellingAndMarketingExpenses,otherExpenses,operatingExpenses,costAndExpenses,interestExpense,depreciationAndAmortization,ebitda,ebitdaratio,operatingIncome,operatingIncomeRatio,totalOtherIncomeExpensesNet,incomeBeforeTax,incomeBeforeTaxRatio,incomeTaxExpense,netIncome,netIncomeRatio,eps,epsdiluted,weightedAverageShsOut,weightedAverageShsOutDil,link,finalLink,timestamp,est_time,est_date
0,2017-06-30,MLMGL.PA,USD,2017-06-30,2017-06-30,FY,6560000.0,3200000.0,3360000.0,0.5121951219512195,0.0,4620000.0,0.0,-1810000.0,2899999.9999999995,6099999.999999999,-40000.0,0.0,370000.0,0.056402,460000.0,0.0701219512195122,-10000.0,410000.0,0.0625,0.0,410000.0,0.0625,0.91111,0.91111,450000.0,450000.0,,,1620595102,17:18:22,20210509
1,2016-06-30,MLMGL.PA,USD,2016-06-30,2016-06-30,FY,5290000.0,2330000.0,2970000.0,0.5614366729678639,0.0,3620000.0,0.0,-1730000.0,1920000.0,4250000.0,-30000.0,0.0,900000.0,0.170132,1040000.0,0.19659735349716445,-90000.0,930000.0,0.17580340264650285,0.0,930000.0,0.17580340264650285,2.06,2.06,450000.0,450000.0,,,1620595102,17:18:22,20210509
2,2014-06-30,MLMGL.PA,USD,2014-06-30,2014-06-30,FY,3470000.0,2180000.0,1290000.0,0.37175792507204614,0.0,3440000.0,0.0,-2410000.0,1079999.9999999995,3259999.9999999995,-10000.0,0.0,190000.0,0.054755,210000.0,0.06051873198847262,0.0,200000.0,0.05763688760806916,0.0,200000.0,0.05763688760806916,0.46,0.46,450000.0,450000.0,,,1620595102,17:18:22,20210509
3,2013-06-30,MLMGL.PA,USD,2013-06-30,2013-06-30,FY,2990000.0,1940000.0,1050000.0,0.3511705685618729,0.0,2920000.0,0.0,-2080000.0,919999.9999999999,2860000.0,70000.0,0.0,270000.0,0.090301,130000.0,0.043478260869565216,0.0,200000.0,0.06688963210702341,0.0,200000.0,0.06688963210702341,0.47,0.47,450000.0,450000.0,,,1620595102,17:18:22,20210509
4,2011-06-30,MLMGL.PA,USD,2011-06-30,2011-06-30,FY,1370000.0,740000.0,640000.0,0.46715328467153283,0.0,1310000.0,0.0,-780000.0,630000.0000000001,1370000.0,-20000.0,0.0,-30000.0,-0.021898,10000.0,0.0072992700729927005,0.0,-10000.0,-0.0072992700729927005,0.0,-10000.0,-0.0072992700729927005,0.09,0.09,420000.0,420000.0,,,1620595102,17:18:22,20210509
5,2010-06-30,MLMGL.PA,USD,2010-06-30,2010-06-30,FY,1190000.0,670000.0,520000.0,0.4369747899159664,0.0,1270000.0,0.0,-850000.0,410000.00000000006,1080000.0,30000.0,0.0,160000.0,0.134454,110000.0,0.09243697478991597,0.0,130000.0,0.1092436974789916,0.0,130000.0,0.1092436974789916,0.21,0.21,380000.0,380000.0,,,1620595102,17:18:22,20210509
6,2009-03-31,MLMGL.PA,USD,2009-03-31,2009-03-31,FY,770000.0,0.0,0.0,0.0,0.0,910000.0,0.0,60000.0,990000.0,990000.0,10000.0,0.0,-200000.0,-0.25974,-220000.0,-0.2857142857142857,60000.0,-210000.0,-0.2727272727272727,0.0,-210000.0,-0.2727272727272727,-0.69,-0.69,300000.0,300000.0,,,1620595102,17:18:22,20210509
7,2008-06-30,MLMGL.PA,USD,2008-06-30,2008-06-30,FY,1320000.0,0.0,0.0,0.0,0.0,820000.0,0.0,130000.0,1060000.0,1060000.0,-20000.0,0.0,210000.0,0.159091,250000.0,0.1893939393939394,130000.0,230000.0,0.17424242424242425,-40000.0,270000.0,0.20454545454545456,1.08,1.08,300000.0,300000.0,,,1620595102,17:18:22,20210509
8,2007-06-30,MLMGL.PA,USD,2007-06-30,2007-06-30,FY,420000.0,0.0,0.0,0.0,0.0,480000.0,0.0,-90000.0,400000.0,400000.0,0.0,0.0,20000.0,0.047619,20000.0,0.047619047619047616,-90000.0,20000.0,0.047619047619047616,-90000.0,110000.0,0.2619047619047619,0.37,0.37,300000.0,300000.0,,,1620595102,17:18:22,20210509
