,date,symbol,reportedCurrency,fillingDate,acceptedDate,period,revenue,costOfRevenue,grossProfit,grossProfitRatio,researchAndDevelopmentExpenses,generalAndAdministrativeExpenses,sellingAndMarketingExpenses,otherExpenses,operatingExpenses,costAndExpenses,interestExpense,depreciationAndAmortization,ebitda,ebitdaratio,operatingIncome,operatingIncomeRatio,totalOtherIncomeExpensesNet,incomeBeforeTax,incomeBeforeTaxRatio,incomeTaxExpense,netIncome,netIncomeRatio,eps,epsdiluted,weightedAverageShsOut,weightedAverageShsOutDil,link,finalLink,timestamp,est_time,est_date
0,2019-12-31,OAK,USD,2020-03-02 00:00:00,2020-02-28 20:49:04,FY,928987000,0.0,928987000,1.0,0.0,189447000,0.0,632797000,822244000,842531000,197159000,23912000,420870000,0.45304186172680566,396958000,0.42730199669101937,310502000,396958000,0.42730199669101937,9620000.0,154839000,0.16667509879040288,1.9344,1.9344,80045000,80045000,https://www.sec.gov/Archives/edgar/data/1403528/000140352820000003/0001403528-20-000003-index.html,https://www.sec.gov/Archives/edgar/data/1403528/000140352820000003/a201910-kdoc.htm,1620595996,17:33:16,20210509
1,2018-12-31,OAK,USD,2019-02-22 00:00:00,2019-02-22 16:44:19,FY,1386079000,0.0,1386079000,1.0,0.0,153483000,0.0,821226000,974709000,1000571000,160111000,25862000,515186000,0.3716858851479605,489324000,0.3530274969897098,103816000,489324000,0.3530274969897098,24779000.0,223418000,0.16118706076637768,2.791154975326379,3.167881348722457,80045000,70526000,https://www.sec.gov/Archives/edgar/data/1403528/000140352819000007/0001403528-19-000007-index.html,https://www.sec.gov/Archives/edgar/data/1403528/000140352819000007/a201810-kdoc.htm,1620595996,17:33:16,20210509
2,2017-12-31,OAK,USD,2018-02-23 00:00:00,2018-02-23 16:41:03,FY,1469767000,0.0,1469767000,1.0,0.0,130892000,0.0,878675000,1009567000,1025343000,169888000,15776000,920700000,0.6264258212356109,904924000,0.6156921471226392,460500000,904924000,0.6156921471226392,215442000.0,231494000,0.15750387646477298,2.892048222874633,3.6087485190496977,80045000,64148000,https://www.sec.gov/Archives/edgar/data/1403528/000140352818000009/0001403528-18-000009-index.html,https://www.sec.gov/Archives/edgar/data/1403528/000140352818000009/a201710-kdoc.htm,1620595996,17:33:16,20210509
3,2016-12-31,OAK,USD,2017-03-01 00:00:00,2017-03-01 16:11:24,FY,1125746000,0.0,1125746000,1.0,0.0,145430000,0.0,627684000,773114000,789336000,120610000,16222000,624844000,0.5550488298426111,608622000,0.5406388297182491,272212000,608622000,0.5406388297182491,42519000.0,194705000,0.17295642178608675,2.4324442501093135,3.1120434747862222,80045000,62565000,https://www.sec.gov/Archives/edgar/data/1403528/000140352817000011/0001403528-17-000011-index.html,https://www.sec.gov/Archives/edgar/data/1403528/000140352817000011/a201610-kdoc.htm,1620595996,17:33:16,20210509
4,2015-12-31,OAK,USD,2016-02-26 00:00:00,2016-02-26 16:37:31,FY,201905000,0.0,201905000,1.0,0.0,110677000,0.0,816209000,926886000,940908000,216799000,29711000,-1485702000,-7.358421039597831,-1515413000,-7.505574403803769,-776410000,-1515413000,-7.505574403803769,17549000.0,71349000,0.35337906441148065,0.891361109375976,1.4465371827102425,80045000,49324000,https://www.sec.gov/Archives/edgar/data/1403528/000140352816000045/0001403528-16-000045-index.html,https://www.sec.gov/Archives/edgar/data/1403528/000140352816000045/a201510-kdoc.htm,1620595996,17:33:16,20210509
5,2014-12-31,OAK,USD,2015-02-27,2015-02-27 17:15:13,FY,193894000,0.0,193894000,1.0,0.0,651101000,0.0,188538000,839639000,947477000,129942000,20045000,2214133000,11.419296110245805,2194088000,11.315914881326911,2947671000,2194088000,11.315914881326911,18536000.0,126283000,0.6512991634604475,1.577650071834593,2.9656427598515807,80045000,42582000,https://www.sec.gov/Archives/edgar/data/1403528/000140352815000009/0001403528-15-000009-index.htm,https://www.sec.gov/Archives/edgar/data/1403528/000140352815000009/a201410-kdoc.htm,1620595996,17:33:16,20210509
6,2013-12-31,OAK,USD,2014-02-28,2014-02-28 16:21:38,FY,194922000,0.0,194922000,1.0,0.0,876688000,0.0,108851000,985539000,1107062000,61160000,77125000,6314089000,32.39290075004361,6236964000,31.997229661095208,7149104000,6236964000,31.997229661095208,26232000.0,221998000,1.1389068447891977,5.591889168765743,6.346607964778867,39700000,34979000,https://www.sec.gov/Archives/edgar/data/1403528/000140352814000019/0001403528-14-000019-index.htm,https://www.sec.gov/Archives/edgar/data/1403528/000140352814000019/a201310-kdoc.htm,1620595996,17:33:16,20210509
7,2012-12-31,OAK,USD,2013-03-14 00:00:00,2013-03-14 16:39:18,FY,144983000,0.0,144983000,1.0,0.0,588954000,0.0,424243000,1013197000,790603000,45773000,127319000,6830594000,47.11306842871233,6703275000,46.23490340246788,7348895000,6703275000,46.23490340246788,30858000.0,107810000,0.7436044225874757,3.1854040478652683,3.8271210507632234,33845000,28170000,https://www.sec.gov/Archives/edgar/data/1403528/000140352813000008/0001403528-13-000008-index.html,https://www.sec.gov/Archives/edgar/data/1403528/000140352813000008/a201210-k.htm,1620595996,17:33:16,20210509
