,date,symbol,reportedCurrency,fillingDate,acceptedDate,period,revenue,costOfRevenue,grossProfit,grossProfitRatio,researchAndDevelopmentExpenses,generalAndAdministrativeExpenses,sellingAndMarketingExpenses,otherExpenses,operatingExpenses,costAndExpenses,interestExpense,depreciationAndAmortization,ebitda,ebitdaratio,operatingIncome,operatingIncomeRatio,totalOtherIncomeExpensesNet,incomeBeforeTax,incomeBeforeTaxRatio,incomeTaxExpense,netIncome,netIncomeRatio,eps,epsdiluted,weightedAverageShsOut,weightedAverageShsOutDil,link,finalLink,timestamp,est_time,est_date
0,2020-12-31,JEN.BR,EUR,2020-12-31,2020-12-31,FY,245238000,144681000.0,100557000,0.4100384116654026,0.0,0.0,0.0,2406000.0,0.0,233246000,1939000.0,6811000.0,18803000,0.07667245696017747,11992000.0,0.04889943646580057,0.0,11181000.0,0.04559244489026986,4004000.0,7602000.0,0.03099845864017811,0.97,0.97,7818999.0,7818999.0,,,1620593904,16:58:24,20210509
1,2019-12-31,JEN.BR,EUR,2019-12-31,2019-12-31,FY,332178000,199894000.0,132284000,0.39823227305842046,0.0,0.0,0.0,3602000.0,112805000.0,312699000,2240000.0,7178000.0,26657000,0.0802491435314801,19479000.0,0.05864024709643625,0.0,20523000.0,0.061783140364503365,5138000.0,15712000.0,0.0472999415975772,2.01,2.01,7818999.0,7818999.0,,,1620593904,16:58:24,20210509
2,2018-12-31,JEN.BR,EUR,2018-12-31,2018-12-31,FY,343782000,203668000.0,140114000,0.40756642290754025,0.0,0.0,0.0,-1833000.0,110406000.0,314074000,1867000.0,4494000.0,34202000,0.09948746589408404,29708000.0,0.08641522825511516,0.0,25601000.0,0.07446870400428178,7562000.0,19108000.0,0.05558173493667499,2.44,2.44,7818999.0,7818999.0,,,1620593904,16:58:24,20210509
3,2017-12-31,JEN.BR,EUR,2017-12-31,2017-12-31,FY,338088000,195337000.0,142751000,0.422230306902345,0.0,0.0,0.0,-26000.0,112794000.0,308131000,1527000.0,4368000.0,34325000,0.10152682141927545,29957000.0,0.08860710820851377,0.0,29148000.0,0.08621424007950593,8773000.0,21106000.0,0.062427533659875536,2.7,2.7,7818999.0,7818999.0,,,1620593904,16:58:24,20210509
4,2016-12-31,JEN.BR,EUR,2016-12-31,2016-12-31,FY,318169000,190302000.0,127867000,0.40188390446586564,0.0,0.0,0.0,224000.0,103481000.0,293783000,1675000.0,4019000.0,28405000,0.08927645370856369,24386000.0,0.07664480197630819,0.0,23735000.0,0.0745987195484161,6803000.0,17119000.0,0.053804738990913634,2.19,2.19,7818999.0,7818999.0,,,1620593904,16:58:24,20210509
5,2015-12-31,JEN.BR,EUR,2015-12-31,2015-12-31,FY,286301000,167434000.0,118867000,0.41518192391923187,0.0,0.0,0.0,807000.0,93993000.0,261427000,1413000.0,3766000.0,28640000,0.10003457899203985,24874000.0,0.08688059070698322,0.0,23585000.0,0.08237833608684567,5935000.0,17543000.0,0.06127467246010318,2.24,2.24,7818999.0,7818999.0,,,1620593904,16:58:24,20210509
6,2014-12-31,JEN.BR,EUR,2014-12-31,2014-12-31,FY,239632000,139821000.0,99811000,0.4165178273352474,0.0,0.0,0.0,53000.0,78898000.0,218719000,1327000.0,3267000.0,24180000,0.10090472057154304,20913000.0,0.0872713160178941,0.0,18229000.0,0.07607080857314549,5185000.0,12982000.0,0.054174734593042666,1.65,1.65,7868170.0,7868170.0,,,1620593904,16:58:24,20210509
7,2013-12-31,JEN.BR,EUR,2013-12-31,2013-12-31,FY,221416000,127530000.0,93886000,0.424025364020667,0.0,0.0,0.0,213000.0,78906000.0,206436000,2198000.0,3192000.0,18172000,0.08207175633197239,14980000.0,0.06765545398706507,0.0,13523000.0,0.061075080391660944,3649000.0,9802000.0,0.04426961014560827,1.23,1.23,7999536.0,7999536.0,,,1620593904,16:58:24,20210509
8,2012-12-31,JEN.BR,EUR,2012-12-31,2012-12-31,FY,229874000,136123000.0,93751000,0.4078364669340595,0.0,0.0,0.0,1569000.0,75505000.0,211628000,1830000.0,3244000.0,21490000,0.09348599667644014,18246000.0,0.07937391788545028,0.0,15239000.0,0.06629283868554077,4740000.0,10396000.0,0.04522477531169249,1.3,1.3,8002968.0,8002968.0,,,1620593904,16:58:24,20210509
9,2011-12-31,JEN.BR,EUR,2011-12-31,2011-12-31,FY,216174000,134428000.0,81746000,0.3781490836085746,0.0,0.0,0.0,0.0,73304000.0,207732000,5541000.0,4615000.0,13057000,0.06040041818164997,8442000.0,0.03905187487857004,0.0,7502000.0,0.03470352586342483,2677000.0,4738000.0,0.021917529397614884,0.59,0.59,8002968.0,8002968.0,,,1620593904,16:58:24,20210509
10,2010-12-31,JEN.BR,EUR,2010-12-31,2010-12-31,FY,226977000,111279000.0,115698000,0.509734466487794,0.0,0.0,25922000.0,0.0,100269000.0,211548000,6487000.0,7864000.0,23293000,0.10262273269978897,15429000.0,0.0679760504368284,0.0,12754000.0,0.0561907153588249,4172000.0,8504000.0,0.03746635121620252,1.06,1.06,8002968.0,8002968.0,,,1620593904,16:58:24,20210509
11,2009-12-31,JEN.BR,EUR,2009-12-31,2009-12-31,FY,175089000,87636000.0,87453000,0.4994774086321814,0.0,0.0,18968000.0,0.0,79237000.0,166873000,3433000.0,5134000.0,13350000,0.07624693727190172,8216000.0,0.04692470686336663,0.0,6848000.0,0.0391115375608976,1736000.0,4994000.0,0.028522637058867206,0.62,0.62,8034413.0,8034413.0,,,1620593904,16:58:24,20210509
12,2008-12-31,JEN.BR,EUR,2008-12-31,2008-12-31,FY,223135000,112683000.0,110452000,0.49500078427857575,0.0,61868000.0,25526000.0,0.0,91988000.0,204671000,0.0,3797000.0,22261000,0.09976471642727497,18464000.0,0.08274811212942837,0.0,16930000.0,0.07587335021399601,4680000.0,11704000.0,0.05245255114616712,1.44,1.44,8166605.0,8166605.0,,,1620593904,16:58:24,20210509
13,2007-12-31,JEN.BR,EUR,2007-12-31,2007-12-31,FY,213314000,107706000.0,105608000,0.4950823668394948,0.0,60106000.0,25050000.0,0.0,87880000.0,195586000,0.0,2188000.0,19916000,0.09336471117695042,17728000.0,0.08310753162005306,0.0,15463000.0,0.07248938185023018,5333000.0,9260000.0,0.043410184047929345,1.12,1.12,8264842.0,8264842.0,,,1620593904,16:58:24,20210509
14,2006-12-31,JEN.BR,EUR,2006-12-31,2006-12-31,FY,175284000,82919000.0,92365000,0.5269448437963533,0.0,56723000.0,23164000.0,0.0,84196000.0,167115000,0.0,3829000.0,11998000,0.06844891718582415,8169000.0,0.046604367768877934,0.0,7387000.0,0.0421430364437142,2237000.0,32462000.0,0.18519659523972526,3.93,3.93,8264842.0,8264842.0,,,1620593904,16:58:24,20210509
15,2005-12-31,JEN.BR,EUR,2005-12-31,2005-12-31,FY,223851000,112957000.0,110894000,0.49539202415892714,0.0,0.0,27098000.0,0.0,102223000.0,215180000,0.0,7166000.0,15837000,0.07074795287937065,8671000.0,0.03873558751133566,0.0,8026000.0,0.03585420659277823,3013000.0,5135000.0,0.02293936591750763,0.62,0.62,8264842.0,8264842.0,,,1620593904,16:58:24,20210509
16,2004-12-31,JEN.BR,EUR,2004-12-31,2004-12-31,FY,220589000,6815000.0,213774000,0.9691054404344731,0.0,69127000.0,27027000.0,0.0,203744000.0,210559000,7112000.0,3973000.0,14003000,0.06348004660250511,10030000.0,0.04546917570685755,0.0,5057000.0,0.02292498719337773,2734000.0,3042000.0,0.013790352193445729,0.36867,0.36867,8264842.0,8264842.0,,,1620593904,16:58:24,20210509
17,2003-12-31,JEN.BR,EUR,2003-12-31,2003-12-31,FY,200547000,100516000.0,100031000,0.4987908071424654,0.0,62469000.0,25089000.0,0.0,90852000.0,191368000,0.0,4367000.0,13546000,0.06754526370377019,9179000.0,0.0457698195435484,0.0,2461000.0,0.012271437618114457,1967.0,1112000.0,0.005544834876612465,0.51,0.51,8264842.0,8264842.0,,,1620593904,16:58:24,20210509
18,2001-12-31,JEN.BR,EUR,2001-12-31,2001-12-31,FY,207056000,94128000.0,112928000,0.5453983463410864,0.0,68856000.0,28222000.0,0.0,108116000.0,202244000,0.0,5367000.0,10179000,0.04916061355382119,4812000.0,0.02324008963758597,0.0,-1921.0,-9.277683332045438e-06,2029.0,47000.0,0.00022699173170543234,-0.18,-0.18,4132421.0,4132421.0,,,1620593904,16:58:24,20210509
