,date,symbol,reportedCurrency,fillingDate,acceptedDate,period,revenue,costOfRevenue,grossProfit,grossProfitRatio,researchAndDevelopmentExpenses,generalAndAdministrativeExpenses,sellingAndMarketingExpenses,otherExpenses,operatingExpenses,costAndExpenses,interestExpense,depreciationAndAmortization,ebitda,ebitdaratio,operatingIncome,operatingIncomeRatio,totalOtherIncomeExpensesNet,incomeBeforeTax,incomeBeforeTaxRatio,incomeTaxExpense,netIncome,netIncomeRatio,eps,epsdiluted,weightedAverageShsOut,weightedAverageShsOutDil,link,finalLink,timestamp,est_time,est_date
0,2019-07-31,EEI,USD,2019-10-29 00:00:00,2019-10-29 20:35:56,FY,88510000,34228000.0,54282000,0.6132866342786126,0.0,38820000.0,0.0,34228000,38820000,73048000,0.0,1022000.0,-397000.0,-0.004485368884871766,-1419000.0,-0.016032086769856513,58000.0,-774000.0,-0.008744774601739917,-664000.0,-554000.0,-0.006259179753700147,-0.12794876875869832,-0.12835019493475455,4329858.0,4316316.0,https://www.sec.gov/Archives/edgar/data/809933/000114036119019331/0001140361-19-019331-index.html,https://www.sec.gov/Archives/edgar/data/809933/000114036119019331/form10k.htm,1620591483,16:18:03,20210509
1,2018-07-31,EEI,USD,2019-05-31,2019-05-31 17:17:21,FY,90684000,33855000.0,56829000,0.626670636495964,0.0,39257000.0,0.0,38334000,39257000,73112000,0.0,1083000.0,381000.0,0.0042014026730183935,-702000.0,-0.007741167129813418,-54000.0,154000.0,0.001698204754973314,258000.0,-308000.0,-0.003396409509946628,-0.07113397252288643,-0.07155179583391992,4329858.0,4304574.0,https://www.sec.gov/Archives/edgar/data/809933/000114036119010211/0001140361-19-010211-index.htm,https://www.sec.gov/Archives/edgar/data/809933/000114036119010211/form10k.htm,1620591483,16:18:03,20210509
2,2017-07-31,EEI,USD,2017-11-14,2017-11-14 15:26:36,FY,104502000,38334000.0,66168000,0.6331744846988574,0.0,20331000.0,10245000.0,28089000,40821000,79155000,0.0,1040000.0,6968000.0,0.0666781497004842,5928000.0,0.05672618705862089,-54000.0,5425000.0,0.0519128820501043,2472000.0,3015000.0,0.028851122466555666,0.6963276855730604,0.7020606119313979,4329858.0,4294501.0,https://www.sec.gov/Archives/edgar/data/809933/000114036117042686/0001140361-17-042686-index.htm,https://www.sec.gov/Archives/edgar/data/809933/000114036117042686/form10k.htm,1620591483,16:18:03,20210509
3,2016-07-31,EEI,USD,2016-11-15,2016-11-15 16:50:59,FY,105817000,39512000.0,66305000,0.6266006407288054,0.0,19868000.0,11301000.0,28211000,42470000,81982000,156000.0,1143000.0,5285000.0,0.049944715877411,4142000.0,0.0391430488484837,31000.0,4367000.0,0.041269361255752854,3759000.0,886000.0,0.008372945745957644,0.20462564823142007,0.2065271435174836,4329858.0,4289993.0,https://www.sec.gov/Archives/edgar/data/809933/000114036116086821/0001140361-16-086821-index.htm,https://www.sec.gov/Archives/edgar/data/809933/000114036116086821/form10k.htm,1620591483,16:18:03,20210509
4,2015-07-31,EEI,USD,2015-10-29 00:00:00,2015-10-29 16:19:45,FY,126739721,47500171000.0,126739721,1.0,0.0,23976252.0,11432672.0,36067499000,46841596,47500171,115885.0,1467270.0,9071272.0,0.07157402532075954,7604002.0,0.05999699178760225,75626000.0,7968505.0,0.06287298833488832,3768421.0,3395643.0,0.02679225560233007,0.7842388826608171,0.7919359108162158,4329858.0,4287775.0,https://www.sec.gov/Archives/edgar/data/809933/000114036115038953/0001140361-15-038953-index.html,https://www.sec.gov/Archives/edgar/data/809933/000114036115038953/form10k.htm,1620591483,16:18:03,20210509
5,2014-07-31,EEI,USD,2014-10-29 00:00:00,2014-10-29 16:01:25,FY,128426876,45165033000.0,128426876,1.0,0.0,28448070.0,13016134.0,32148899000,54480338,45165033,150315.0,4175801.0,3668442.0,0.028564441604886505,-507359.0,-0.003950567169445125,67587000.0,-447390.0,-0.0034836166224272245,343063.0,-1382656.0,-0.010766095408253955,-0.3193305646513119,-0.32275003828212245,4329858.0,4283984.0,https://www.sec.gov/Archives/edgar/data/809933/000114036114039392/0001140361-14-039392-index.html,https://www.sec.gov/Archives/edgar/data/809933/000114036114039392/form10k.htm,1620591483,16:18:03,20210509
6,2013-07-31,EEI,USD,2013-11-14,2013-11-13 17:43:21,FY,134936891,49754617000.0,134936891,1.0,0.0,30517696.0,14046177.0,35708440000,58610050,49754617,303403.0,2428844.0,1530793.0,0.011344510672029637,-898051.0,-0.006655340828921277,-40127000.0,-967814.0,-0.007172345478153932,254234.0,-2130434.0,-0.015788373247757725,-0.50154,-0.50154,4247821.0,4247821.0,https://www.sec.gov/Archives/edgar/data/809933/000114036113042255/0001140361-13-042255-index.htm,https://www.sec.gov/Archives/edgar/data/809933/000114036113042255/form10k.htm,1620591483,16:18:03,20210509
7,2012-07-31,EEI,USD,2012-11-14,2012-11-13 17:36:48,FY,155410099,55632281000.0,155410099,1.0,0.0,29316519.0,15601112.0,40031169000,60518743,55632281,-364305.0,2160062.0,6943896.0,0.04468111174679838,4783834.0,0.030782002140028235,206813000.0,4397666.0,0.028297170057140237,1357916.0,773579.0,0.004977662358995087,0.18222478093447386,0.18227548945454888,4245191.0,4244010.0,https://www.sec.gov/Archives/edgar/data/809933/000080993312000024/0000809933-12-000024-index.htm,https://www.sec.gov/Archives/edgar/data/809933/000080993312000024/form10-k.htm,1620591483,16:18:03,20210509
8,2011-07-31,EEI,USD,2011-10-31 00:00:00,2011-10-31 11:49:44,FY,169172860000,65914987000.0,103257873000,0.610369021366666,0.0,0.0,15251165000.0,50663822000,65914987000,131829974000,355766000.0,1760763000.0,14146468000.0,0.08362137993056333,12385705000.0,0.07321330974720176,64524000.0,12755171000.0,0.07539726525874185,4631235000.0,8123936000.0,0.04802150888741847,1923.87787,1923.87787,4222688.0,4222688.0,https://www.sec.gov/Archives/edgar/data/809933/000080993311000024/0000809933-11-000024-index.html,https://www.sec.gov/Archives/edgar/data/809933/000080993311000024/form10-k.htm,1620591483,16:18:03,20210509
9,2010-07-31,EEI,USD,2010-10-29 00:00:00,2010-10-29 15:38:17,FY,144874534000,49623816000.0,95250718000,0.6574704012507816,0.0,0.0,14438785000.0,35185031000,49623816000,99247632000,222558000.0,1684406000.0,11577509000.0,0.07991403789433414,9893103000.0,0.0682873844481184,0.0,10458889000.0,0.07219273609535821,3902222000.0,6556667000.0,0.045257553684348695,1575.81277,1575.81277,4160816.0,4160816.0,https://www.sec.gov/Archives/edgar/data/809933/000080993310000017/0000809933-10-000017-index.html,https://www.sec.gov/Archives/edgar/data/809933/000080993310000017/form10k.htm,1620591483,16:18:03,20210509
10,2009-07-31,EEI,USD,2009-10-28 00:00:00,2009-10-28 17:05:19,FY,146886938000,88409285000.0,58477653000,0.3981133638989738,0.0,0.0,0.0,50383876000,50383876000,138793161000,77238000.0,1620829000.0,11066246000.0,0.07533853010129464,9445417000.0,0.06430399549890542,-17514000.0,7791356000.0,0.05304321885993702,2570082000.0,5221274000.0,0.03554621037848852,1310.92796,1310.92796,3982884.0,3982884.0,https://www.sec.gov/Archives/edgar/data/809933/000080993309000028/0000809933-09-000028-index.html,https://www.sec.gov/Archives/edgar/data/809933/000080993309000028/form10-k.htm,1620591483,16:18:03,20210509
11,2008-07-31,EEI,USD,2008-10-29 00:00:00,2008-10-29 17:07:32,FY,110532816000,60492009000.0,50040807000,0.45272353325369,0.0,0.0,11950306000.0,32707874000,44658180000,105150189000,431287000.0,1483931000.0,7076996000.0,0.0640261983373336,5593065000.0,0.05060094551467865,-184354000.0,3947061000.0,0.035709404164641925,2112675000.0,1834386000.0,0.01659584968865717,440.5149,440.5149,4164186.0,4164186.0,https://www.sec.gov/Archives/edgar/data/809933/000080993308000029/0000809933-08-000029-index.html,https://www.sec.gov/Archives/edgar/data/809933/000080993308000029/form10-k.htm,1620591483,16:18:03,20210509
12,2007-07-31,EEI,USD,2007-10-29 00:00:00,2007-10-29 17:24:05,FY,103489670000,57455745000.0,46033925000,0.44481661792911315,0.0,0.0,10689698000.0,29550597000,40240295000,97696040000,162442000.0,1380223000.0,5510538000.0,0.05324722747690663,4130315000.0,0.03991040844946167,1281000.0,3181171000.0,0.030739019652879365,106700000.0,3074471000.0,0.029707998875636573,732.94653,732.94653,4194673.0,4194673.0,https://www.sec.gov/Archives/edgar/data/809933/000080993307000022/0000809933-07-000022-index.html,https://www.sec.gov/Archives/edgar/data/809933/000080993307000022/form10-k.htm,1620591483,16:18:03,20210509
13,2006-07-31,EEI,USD,2006-10-30,2006-10-30 16:58:44,FY,81835520000,40878554000.0,40956966000,0.5004790829214503,0.0,0.0,8563688000.0,32314866000,40878554000,81757108000,95907000.0,1164095000.0,6835286000.0,0.08352468463571809,5671191000.0,0.06929987125394939,0.0,4610234000.0,0.05633536635436544,2027647000.0,2582587000.0,0.031558264675290146,648.69138,648.69138,3981226.0,3981226.0,https://www.sec.gov/Archives/edgar/data/809933/000114036106015105/0001140361-06-015105-index.htm,https://www.sec.gov/Archives/edgar/data/809933/000114036106015105/form10-k_fy2006.htm,1620591483,16:18:03,20210509
14,2004-07-31,EEI,USD,2004-10-29,2004-10-29 16:33:57,FY,89500523000,49017290000.0,40483233000,0.4523239825090184,0.0,0.0,9693137000.0,39324153000,49017290000,98034580000,138550000.0,1606769000.0,7993093000.0,0.0893077797992309,6386324000.0,0.07135515844974448,0.0,4356911000.0,0.048680285365483286,1955594000.0,2401317000.0,0.026830200757597806,602.48071,602.48071,3985716.0,3985716.0,https://www.sec.gov/Archives/edgar/data/809933/000080993304000021/0000809933-04-000021-index.htm,https://www.sec.gov/Archives/edgar/data/809933/000080993304000021/k101.htm,1620591483,16:18:03,20210509
15,2003-07-31,EEI,USD,2003-11-12,2003-11-12 16:31:02,FY,90489562000,0.0,90489562000,1.0,0.0,0.0,8620867000.0,74189669000,82810536000,82810536000,155517000.0,1577597000.0,9256623000.0,0.10229492546333686,7679026000.0,0.08486090362554743,0.0,1116998000.0,0.012343943050580794,2318953000.0,-1201955000.0,-0.01328280271706918,-300.72963,-300.72963,3996796.0,3996796.0,https://www.sec.gov/Archives/edgar/data/809933/000080993303000019/0000809933-03-000019-index.htm,https://www.sec.gov/Archives/edgar/data/809933/000080993303000019/eei10k3.htm,1620591483,16:18:03,20210509
