,date,symbol,reportedCurrency,fillingDate,acceptedDate,period,revenue,costOfRevenue,grossProfit,grossProfitRatio,researchAndDevelopmentExpenses,generalAndAdministrativeExpenses,sellingAndMarketingExpenses,otherExpenses,operatingExpenses,costAndExpenses,interestExpense,depreciationAndAmortization,ebitda,ebitdaratio,operatingIncome,operatingIncomeRatio,totalOtherIncomeExpensesNet,incomeBeforeTax,incomeBeforeTaxRatio,incomeTaxExpense,netIncome,netIncomeRatio,eps,epsdiluted,weightedAverageShsOut,weightedAverageShsOutDil,link,finalLink,timestamp,est_time,est_date
0,2020-06-30,AYM.AX,AUD,2020-06-30,2020-06-30,FY,0.0,0.0,0.0,0.0,0.0,303338.0,0.0,28000.0,122770.0,0.0,46251.0,88802.0,-33968.0,0.0,-122770.0,0.0,28000.0,-137756.0,0.0,0.0,-137756.0,0.0,-7.476266323747032e-05,-7.476266323747032e-05,1842577485,1842577485,,,1620589050,15:37:30,20210509
1,2019-06-30,AYM.AX,AUD,2019-06-30,2019-06-30,FY,0.0,0.0,0.0,0.0,0.0,345594.0,0.0,12591.0,-192226.0,0.0,63335.0,18800.0,211026.0,0.0,192226.0,0.0,12591.0,145534.0,0.0,0.0,145534.0,0.0,0.0001,0.0001,1842577485,1842577485,,,1620589050,15:37:30,20210509
2,2018-06-30,AYM.AX,AUD,2018-06-30,2018-06-30,FY,0.0,0.0,0.0,0.0,0.0,365409.0,0.0,197000.0,538899.0,0.0,86612.0,23361.0,-515538.0,0.0,-538899.0,0.0,197000.0,-423889.0,0.0,0.0,-423889.0,0.0,-0.0003,-0.0003,1269532682,1269532682,,,1620589050,15:37:30,20210509
3,2017-06-30,AYM.AX,AUD,2017-06-30,2017-06-30,FY,0.0,0.0,0.0,0.0,0.0,338143.0,0.0,0.0,546677.0,0.0,76668.0,7092.0,-539585.0,0.0,-546677.0,0.0,0.0,-618678.0,0.0,0.0,-618678.0,0.0,-0.0006,-0.0006,1010584887,1010584887,,,1620589050,15:37:30,20210509
4,2016-06-30,AYM.AX,AUD,2016-06-30,2016-06-30,FY,0.0,0.0,0.0,0.0,0.0,321419.0,0.0,0.0,16520721.0,0.0,75387.0,8927.0,-16511794.0,0.0,-16520721.0,0.0,0.0,-16589423.0,0.0,0.0,-16589423.0,0.0,-0.0228,-0.0228,726337081,726337081,,,1620589050,15:37:30,20210509
5,2015-06-30,AYM.AX,AUD,2015-06-30,2015-06-30,FY,0.0,0.0,0.0,0.0,0.0,610959.0,0.0,35755.0,4003628.0,0.0,25043.0,18188.0,-3985440.0,0.0,-4003628.0,0.0,35755.0,-3979937.0,0.0,0.0,-3979937.0,0.0,-0.0058,-0.0058,690686856,690686856,,,1620589050,15:37:30,20210509
6,2014-06-30,AYM.AX,AUD,2014-06-30,2014-06-30,FY,0.0,0.0,0.0,0.0,0.0,895311.0,0.0,931840.0,3139408.0,0.0,7275.0,13109.0,-3126299.0,0.0,-3139408.0,0.0,931840.0,-2163721.0,0.0,0.0,-2163721.0,0.0,-0.0041,-0.0041,522128249,522128249,,,1620589050,15:37:30,20210509
7,2013-06-30,AYM.AX,AUD,2013-06-30,2013-06-30,FY,0.0,0.0,0.0,0.0,0.0,918849.0,0.0,33710.0,2416761.0,0.0,194391.0,8915.0,-2407846.0,0.0,-2416761.0,0.0,33710.0,-2362064.0,0.0,0.0,-2362064.0,0.0,-0.0052,-0.0052,457527038,457527038,,,1620589050,15:37:30,20210509
8,2012-06-30,AYM.AX,AUD,2012-06-30,2012-06-30,FY,0.0,0.0,0.0,0.0,0.0,700360.0,0.0,0.0,3262650.0,0.0,153252.0,5913.0,-3256737.0,0.0,-3262650.0,0.0,-306500.0,-3484180.0,0.0,0.0,-3484180.0,0.0,-0.00917,-0.00917,380475159,380475159,,,1620589050,15:37:30,20210509
