,date,symbol,reportedCurrency,fillingDate,acceptedDate,period,revenue,costOfRevenue,grossProfit,grossProfitRatio,researchAndDevelopmentExpenses,generalAndAdministrativeExpenses,sellingAndMarketingExpenses,otherExpenses,operatingExpenses,costAndExpenses,interestExpense,depreciationAndAmortization,ebitda,ebitdaratio,operatingIncome,operatingIncomeRatio,totalOtherIncomeExpensesNet,incomeBeforeTax,incomeBeforeTaxRatio,incomeTaxExpense,netIncome,netIncomeRatio,eps,epsdiluted,weightedAverageShsOut,weightedAverageShsOutDil,link,finalLink,timestamp,est_time,est_date
0,2020-12-31,WILC,ILS,2020-12-31,2020-12-31,FY,454094000.0,308717000.0,145377000.0,0.32014737036824975,0.0,20755000.0,65990000.0,108000.0,0.0,396625000.0,1253000.0,880000.0,58349000.0,0.12849542165278555,57469000.0,0.12655749690592696,6575000.0,67672000.0,0.1490264130334248,15463000.0,52209000.0,0.11497399216902228,3.89,3.89,13433684.0,13433684.0,,,1620599830,18:37:10,20210509
1,2019-12-31,WILC,ILS,2020-03-19 00:00:00,2020-03-19 15:36:39,FY,395637000.0,271784000.0,123853000.0,0.3130470608158489,0.0,18586000.0,55490000.0,0.0,76557000.00000001,348341000.0,18845000.0,4815000.0,52111000.0,0.1317141723347412,47296000.0,0.11954392536592887,-895000.0,65246000.0,0.16491379724343275,13735000.0,51511000.0,0.1301976306563845,3.89732,3.89732,13217020.0,13217020.0,https://www.sec.gov/Archives/edgar/data/1030997/000117891320000863/0001178913-20-000863-index.html,https://www.sec.gov/Archives/edgar/data/1030997/000117891320000863/zk2024165.htm,1620599830,18:37:10,20210509
2,2018-12-31,WILC,ILS,2019-03-27 00:00:00,2019-03-27 10:12:29,FY,338245000.0,240032000.0,98213000.0,0.29036053748022883,0.0,47461000.0,11692000.0,0.0,60509000.0,300471999.99999994,-4345000.0,3614000.0,41387000.0,0.12235805407323094,37773000.0,0.11167349110851602,-611000.0,32817000.0,0.09702138982098775,7850000.0,24967000.0,0.07381336013836125,1.8856,1.8856,13240910.0,13240910.0,https://www.sec.gov/Archives/edgar/data/1030997/000117891319000946/0001178913-19-000946-index.html,https://www.sec.gov/Archives/edgar/data/1030997/000117891319000946/zk1922838.htm,1620599830,18:37:10,20210509
3,2017-12-31,WILC,ILS,2018-04-30,2018-04-30,FY,311978000.0,237645000.0,74333000.0,0.2382635955099398,0.0,14456000.0,42090000.0,0.0,57929000.0,295213000.0,15229000.0,3682000.0,20447000.0,0.06553987781189699,16765000.0,0.05373776356025104,-1061000.0,30933000.0,0.0991512222015655,5910000.0,25023000.0,0.08020757873952651,1.88982,1.88982,13240910.0,13240910.0,https://www.sec.gov/Archives/edgar/data/1030997/000117891318001346/zk1821527.htm,https://www.sec.gov/Archives/edgar/data/1030997/000117891318001346/zk1821527.htm,1620599830,18:37:10,20210509
4,2016-12-31,WILC,ILS,2017-04-27,2017-04-27,FY,294202000.0,217585000.0,76617000.0,0.260423110651865,0.0,42260000.0,10249000.0,0.0,53982000.0,271455000.0,-5647000.0,3762000.0,26509000.0,0.09010475795541839,22747000.0,0.0773176253050625,-921000.0,16179000.0,0.05499282805691328,5327000.0,10852000.0,0.03688622103180808,0.82792,0.82792,13107580.0,13107580.0,https://www.sec.gov/Archives/edgar/data/1030997/000117891317001235/zk1719852.htm,https://www.sec.gov/Archives/edgar/data/1030997/000117891317001235/zk1719852.htm,1620599830,18:37:10,20210509
5,2015-12-31,WILC,ILS,2016-04-28,2016-04-28,FY,312514000.0,237452000.0,75062000.0,0.2401876395937462,0.0,59141000.0,9558000.0,-2062000.0,68259000.0,305489000.0,2736000.0,3723000.0,10748000.0,0.03439205923574624,7025000.0,0.022478992941116237,-351000.0,9410000.0,0.03011065104283328,2566000.0,6844000.0,0.021899818888113813,0.52281,0.52281,13090730.0,13090730.0,https://www.sec.gov/Archives/edgar/data/1030997/000117891316005185/zk1618400.htm,https://www.sec.gov/Archives/edgar/data/1030997/000117891316005185/zk1618400.htm,1620599830,18:37:10,20210509
6,2014-12-31,WILC,ILS,2015-04-30,2015-04-30,FY,328741000.0,249136000.0,79605000.0,0.24215111592408614,0.0,17555000.0,39696000.0,-25000.0,56135000.0,305120000.0,2794000.0,3634000.0,27255000.0,0.08290721266893998,23621000.0,0.07185291764641466,-375000.0,26040000.0,0.0792112939974022,7186000.0,18854000.0,0.0573521404388257,1.45319,1.45319,12974250.0,12974250.0,https://www.sec.gov/Archives/edgar/data/1030997/000117891315001380/zk1516657.htm,https://www.sec.gov/Archives/edgar/data/1030997/000117891315001380/zk1516657.htm,1620599830,18:37:10,20210509
7,2013-12-31,WILC,ILS,2014-04-30,2014-04-30,FY,336000000.0,252400000.0,83700000.0,0.24910714285714286,0.0,16870000.0,35130000.0,0.0,54538000.0,306800000.0,12600000.0,4460000.0,33660000.0,0.10017857142857142,29200000.0,0.0869047619047619,-500000.0,41300000.0,0.12291666666666666,9500000.0,31800000.0,0.09464285714285714,2.44615,2.44615,13000000.0,13000000.0,https://www.sec.gov/Archives/edgar/data/1030997/000117891314001479/zk1414799.htm,https://www.sec.gov/Archives/edgar/data/1030997/000117891314001479/zk1414799.htm,1620599830,18:37:10,20210509
8,2012-12-31,WILC,ILS,2013-04-30,2013-04-30,FY,286500000.0,217500000.0,69000000.0,0.24083769633507854,0.0,15885000.0,28915000.0,0.0,45630000.0,263100000.00000003,8700000.0,3130000.0,26630000.0,0.09294938917975568,23500000.0,0.08202443280977312,-400000.0,31800000.0,0.11099476439790576,7800000.0,24000000.0,0.08376963350785341,1.84615,1.84615,13000000.0,13000000.0,https://www.sec.gov/Archives/edgar/data/1030997/000117891313001272/zk1313015.htm,https://www.sec.gov/Archives/edgar/data/1030997/000117891313001272/zk1313015.htm,1620599830,18:37:10,20210509
9,2011-12-31,WILC,ILS,2012-04-30,2012-04-30,FY,264400000.0,202700000.0,61700000.0,0.23335854765506808,0.0,15918000.0,27482000.0,0.0,44617000.0,247300000.00000003,1600000.0,3510000.0,20610000.0,0.0779500756429652,17100000.0,0.06467473524962178,-400000.0,18300000.0,0.06921331316187594,3900000.0,18300000.0,0.06921331316187594,1.35556,1.35556,13500000.0,13500000.0,https://www.sec.gov/Archives/edgar/data/1030997/000117891312001241/zk1211391.htm,https://www.sec.gov/Archives/edgar/data/1030997/000117891312001241/zk1211391.htm,1620599830,18:37:10,20210509
10,2010-12-31,WILC,ILS,2011-06-30,2011-06-30,FY,271100000.0,195000000.0,76200000.0,0.28107709332349684,0.0,47288000.0,12000.0,0.0,67218000.0,243800000.0,5300000.0,3020000.0,30420000.0,0.11220951678347474,27400000.0,0.10106971597196607,-500000.0,32300000.0,0.11914422722242715,7000000.0,28200000.0,0.10402065658428625,2.18605,2.18605,12900000.0,12900000.0,https://www.sec.gov/Archives/edgar/data/1030997/000117891311001847/zk1110077.htm,https://www.sec.gov/Archives/edgar/data/1030997/000117891311001847/zk1110077.htm,1620599830,18:37:10,20210509
11,2009-12-31,WILC,ILS,2010-06-28,2010-06-28,FY,230100000.0,165100000.0,65000000.0,0.2824858757062147,0.0,36989000.0,11000.0,-5200000.0,50719000.0,198300000.00000003,2700000.0,3410000.0,35310000.0,0.15345501955671448,31900000.0,0.13863537592351152,-400000.0,34200000.0,0.14863102998696218,4900000.0,30400000.0,0.13211647109952196,2.95146,2.95146,10300000.0,10300000.0,https://www.sec.gov/Archives/edgar/data/1030997/000117891310001683/zk1008462.htm,https://www.sec.gov/Archives/edgar/data/1030997/000117891310001683/zk1008462.htm,1620599830,18:37:10,20210509
12,2008-12-31,WILC,ILS,2008-12-31,2008-12-31,FY,218800000.0,176300000.0,42500000.0,0.19424131627056673,0.0,33300000.0,0.0,1800000.0,59081000.0,211400000.0,-3700000.0,5020000.0,12420000.0,0.05676416819012797,7400000.0,0.033820840950639856,1800000.0,3700000.0,0.016910420475319928,700000.0,-800000.0,-0.003656307129798903,-0.07767,-0.07767,10300000.0,10300000.0,,,1620599830,18:37:10,20210509
13,2007-12-31,WILC,ILS,2007-12-31,2007-12-31,FY,201600000.0,156100000.0,45600000.0,0.2261904761904762,0.0,32900000.0,0.0,-500000.0,46539385.3,188500000.0,2400000.0,2430000.0,15530000.0,0.07703373015873016,13100000.0,0.06498015873015874,-500000.0,15600000.0,0.07738095238095238,2200000.0,2300000.0,0.011408730158730158,0.2233,0.2233,10300000.0,10300000.0,,,1620599830,18:37:10,20210509
14,2006-12-31,WILC,ILS,2006-12-31,2006-12-31,FY,191500000.0,143600000.0,47900000.0,0.25013054830287207,0.0,35300000.0,0.0,0.0,35144887.5,178800000.00000003,3900000.0,1210000.0,13810000.0,0.07211488250652741,12600000.0,0.06579634464751959,19300000.0,35800000.0,0.18694516971279374,5400000.0,28600000.0,0.14934725848563968,3.17778,3.17778,9000000.0,9000000.0,,,1620599830,18:37:10,20210509
15,2005-12-31,WILC,ILS,2005-12-31,2005-12-31,FY,166300000.0,128200000.0,38100000.0,0.2291040288634997,0.0,29300000.0,0.0,0.0,29297400.0,157500000.0,2500000.0,1250000.0,10050000.0,0.06043295249549008,8800000.0,0.052916416115454,100000.0,11300000.0,0.06794948887552615,3600000.0,7700000.0,0.04630186410102225,0.89535,0.89535,8600000.0,8600000.0,,,1620599830,18:37:10,20210509
16,2004-12-31,WILC,ILS,2004-12-31,2004-12-31,FY,171000000.0,130300000.0,40700000.0,0.23801169590643276,0.0,24800000.0,0.0,0.0,24816597.5,155099999.99999997,1100000.0,1060000.0,16960000.0,0.0991812865497076,15900000.0,0.09298245614035087,0.0,17100000.0,0.1,5900000.0,11200000.0,0.06549707602339182,1.30233,1.30233,8600000.0,8600000.0,,,1620599830,18:37:10,20210509
17,2003-12-31,WILC,ILS,2003-12-31,2003-12-31,FY,137400000.0,110200000.0,27200000.0,0.19796215429403202,0.0,20000000.0,0.0,0.0,20000004.6,130199999.99999999,4400000.0,960000.0,8160000.0,0.059388646288209605,7200000.0,0.05240174672489083,0.0,11700000.0,0.0851528384279476,2900000.0,8800000.0,0.06404657933042213,1.02326,1.02326,8600000.0,8600000.0,,,1620599830,18:37:10,20210509
18,2002-12-31,WILC,ILS,2002-12-31,2002-12-31,FY,128900000.0,101100000.0,27700000.0,0.21489526764934058,0.0,18200000.0,0.0,0.0,18600479.01,119300000.0,-100000.0,910000.0,10410000.0,0.08076027928626843,9500000.0,0.07370054305663305,-100000.0,9300000.0,0.0721489526764934,2300000.0,7100000.0,0.05508145849495733,0.82558,0.82558,8600000.0,8600000.0,,,1620599830,18:37:10,20210509
19,2001-12-31,WILC,ILS,2001-12-31,2001-12-31,FY,133000000.0,103000000.0,30100000.0,0.22631578947368422,0.0,19100000.0,0.0,0.0,18169893.7,122000000.0,1700000.0,1080000.0,12080000.0,0.09082706766917294,11000000.0,0.08270676691729323,100000.0,12800000.0,0.0962406015037594,4200000.0,8600000.0,0.06466165413533835,1.0,1.0,8600000.0,8600000.0,,,1620599830,18:37:10,20210509
20,2000-12-31,WILC,ILS,2000-12-31,2000-12-31,FY,127036237.9,98363951.4,28672286.5,0.2257016342263706,0.0,18360785.3,0.0,0.0,0.0,116724736.7,0.0,1335477.0,11646978.2,0.09168232933006275,10311501.2,0.08116976203370392,24281.4,11804807.3,0.09292472364690517,4022618.6,7782188.7,0.06125959669969099,0.910553,0.910553,8556000.0,8556000.0,,,1620599830,18:37:10,20210509
21,1999-12-31,WILC,ILS,1999-12-31,1999-12-31,FY,130029747.8,101693495.2,28336252.6,0.21792130708108629,0.0,16049879.2,0.0,0.0,0.0,118511013.4,0.0,767639.0,12286373.4,0.09448894278329133,11518734.4,0.08858537830679389,-132780.8,12024961.2,0.09247853974534895,4257284.4,7767676.8,0.05973769027028752,0.933615,0.912868,8295000.0,8555000.0,,,1620599830,18:37:10,20210509
22,1998-12-31,WILC,ILS,1998-12-31,1998-12-31,FY,136464400.0,106924850.0,29539550.0,0.21646341463414634,0.0,14977800.0,0.0,0.0,0.0,122318700.0,2912350.0,416050.0,14561750.0,0.10670731707317073,14145700.0,0.10365853658536585,0.0,11649400.0,0.08536585365853659,4160500.0,7488900.0,0.054878048780487805,0.91531,0.894508,8181818.0,8372093.0,,,1620599830,18:37:10,20210509
23,1997-12-31,WILC,ILS,1997-12-31,1997-12-31,FY,102219300.0,79936200.0,22283100.0,0.2179930795847751,0.0,11318400.0,0.0,0.0,0.0,91608300.0,0.0,353700.0,10964700.0,0.10726643598615918,10611000.0,0.10380622837370242,0.0,10257300.0,0.10034602076124567,3537000.0,6720300.0,0.0657439446366782,0.937305,0.91962,7169811.0,7307692.0,,,1620599830,18:37:10,20210509
