,date,symbol,reportedCurrency,fillingDate,acceptedDate,period,revenue,costOfRevenue,grossProfit,grossProfitRatio,researchAndDevelopmentExpenses,generalAndAdministrativeExpenses,sellingAndMarketingExpenses,otherExpenses,operatingExpenses,costAndExpenses,interestExpense,depreciationAndAmortization,ebitda,ebitdaratio,operatingIncome,operatingIncomeRatio,totalOtherIncomeExpensesNet,incomeBeforeTax,incomeBeforeTaxRatio,incomeTaxExpense,netIncome,netIncomeRatio,eps,epsdiluted,weightedAverageShsOut,weightedAverageShsOutDil,link,finalLink,timestamp,est_time,est_date
0,2020-03-31,KIRLOSENG.NS,INR,2020-03-31,2020-03-31,FY,33308400000,24526200000.0,8782200000.0,0.2636632200886263,0.0,1053500000,1801600000.0,33900000.0,6725700000,31251900000,102800000.0,873400000,2929900000,0.08796279617153631,2056500000,0.06174118240443852,0.0,2447400000,0.07347696076665346,568500000,1851800000,0.05559558549795247,12.81,12.81,144614326,144614326,https://www.nseindia.com/companies-listing/corporate-filings-annual-reports,https://www.nseindia.com/companies-listing/corporate-filings-annual-reports,1620594147,17:02:27,20210509
1,2019-03-31,KIRLOSENG.NS,INR,2019-03-31,2019-03-31,FY,35291100000,26274400000.0,9016700000.0,0.2554950114901491,0.0,1140200000,1796600000.0,23000000.0,6171100000,32445500000,120300000.0,944000000,3789600000,0.10738118109098328,2845600000,0.08063222738877507,0.0,3314600000,0.09392169697175776,1118400000,2191700000,0.06210347651390861,15.16,15.16,144614326,144614326,https://www.nseindia.com/companies-listing/corporate-filings-annual-reports,https://www.nseindia.com/companies-listing/corporate-filings-annual-reports,1620594147,17:02:27,20210509
2,2018-03-31,KIRLOSENG.NS,INR,2018-03-31,2018-03-31,FY,30219300000,22155700000.0,8063600000.0,0.2668360948135794,0.0,1048900000,1461100000.0,12400000.0,6490300000,28646000000,97200000.0,1117900000,2691200000,0.0890556697210061,1573300000,0.052062754597227597,0.0,2125300000,0.0703292266862568,698100000,1446600000,0.047870069789836295,10.0,10.0,144614326,144614326,https://www.nseindia.com/companies-listing/corporate-filings-annual-reports,https://www.nseindia.com/companies-listing/corporate-filings-annual-reports,1620594147,17:02:27,20210509
3,2017-03-31,KIRLOSENG.NS,INR,2017-03-31,2017-03-31,FY,26169000000,18910600000.0,7258400000.0,0.27736634949749706,0.0,935300000,1282100000.0,12000000.0,5531700000,24442300000,16600000.0,1105800000,2832500000,0.10823875577973939,1726700000,0.06598265122855287,0.0,2526500000,0.09654553097176048,787600000,1738900000,0.06644885169475333,12.02,12.02,144614326,144614326,https://www.nseindia.com/companies-listing/corporate-filings-annual-reports,https://www.nseindia.com/companies-listing/corporate-filings-annual-reports,1620594147,17:02:27,20210509
4,2016-03-31,KIRLOSENG.NS,INR,2016-03-31,2016-03-31,FY,24196800000,17347900000.0,6848900000.0,0.28304982477021756,0.0,994400000,1283600000.0,18800000.0,5634500000,22982400000,600000.0,1113700000,2328100000,0.09621520201018316,1214400000,0.050188454671692126,0.0,1767800000,0.07305924750380216,364200000,1406300000,0.0581192554387357,9.72,9.72,144614326,144614326,https://www.nseindia.com/companies-listing/corporate-filings-annual-reports,https://www.nseindia.com/companies-listing/corporate-filings-annual-reports,1620594147,17:02:27,20210509
5,2015-03-31,KIRLOSENG.NS,INR,2015-03-31,2015-03-31,FY,24733000000,18230400000.0,6502600000.0,0.26291189908219786,0.0,757600000,1084000000.0,18100000.0,5114400000,23344800000,2000000.0,1017600000,2405800000,0.0972708527069098,1388200000,0.056127441070634373,0.0,2054300000,0.083059070876966,622900000,1431400000,0.057874095338212105,9.9,9.9,144614326,144614326,https://www.nseindia.com/companies-listing/corporate-filings-annual-reports,https://www.nseindia.com/companies-listing/corporate-filings-annual-reports,1620594147,17:02:27,20210509
6,2014-03-31,KIRLOSENG.NS,INR,2014-03-31,2014-03-31,FY,22869600000,16481400000.0,6388200000.0,0.27933151432469305,0.0,645900000,875300000.0,22800000.0,4414800000,20896200000,4200000.0,981800000,2955200000,0.12921957533144438,1973400000,0.08628922237380628,0.0,2434400000,0.10644698639241613,649900000,1784500000,0.07802934900479239,12.34,12.34,144614326,144614326,https://www.nseindia.com/companies-listing/corporate-filings-annual-reports,https://www.nseindia.com/companies-listing/corporate-filings-annual-reports,1620594147,17:02:27,20210509
7,2013-03-31,KIRLOSENG.NS,INR,2013-03-31,2013-03-31,FY,23193000000,16626500000.0,6566500000.0,0.2831242185142069,0.0,481900000,879100000.0,25700000.0,4133500000,20760000000,29700000.0,924200000,3357200000,0.14475057129306257,2433000000,0.10490234122364507,0.0,2708500000,0.11678092527917906,720100000,1988400000,0.08573276419609364,13.72,13.72,144921368,144921368,https://www.nseindia.com/companies-listing/corporate-filings-annual-reports,https://www.nseindia.com/companies-listing/corporate-filings-annual-reports,1620594147,17:02:27,20210509
8,2012-03-31,KIRLOSENG.NS,INR,2012-03-31,2012-03-31,FY,23260300000,16354900000.0,6905400000.0,0.29687493282545796,0.0,1100000000,1007800000.0,499700000.0,4774400000,21129300000,159600000.0,912900000,3043900000,0.13086245663211565,2131000000,0.0916153274033439,0.0,2809800000,0.12079809804688675,891800000,1918000000,0.08245809383369948,13.17,13.17,145629750,145629750,https://www.nseindia.com/companies-listing/corporate-filings-annual-reports,https://www.nseindia.com/companies-listing/corporate-filings-annual-reports,1620594147,17:02:27,20210509
9,2011-03-31,KIRLOSENG.NS,INR,2011-03-31,2011-03-31,FY,23629793000,14322499000.0,9307294000.0,0.3938796247601492,0.0,4671874000,0.0,0.0,6584980000,20907479000,0.0,848519000,3570833000,0.15111571227052223,2722314000,0.11520684925170525,0.0,2439443000,0.1032359022357919,702141000,1737302000,0.07352167663931715,11.93,11.93,145624644,145624644,https://www.nseindia.com/companies-listing/corporate-filings-annual-reports,https://www.nseindia.com/companies-listing/corporate-filings-annual-reports,1620594147,17:02:27,20210509
10,2010-03-31,KIRLOSENG.NS,INR,2010-03-31,2010-03-31,FY,22185049000,0.0,0.0,0.0,0.0,2096384000,0.0,0.0,39690990000,39690990000,0.0,839878000,-16666063000,-0.751229487931264,-17505941000,-0.789087326334055,0.0,2634546000,0.11875321979230247,994419000,1640127000,0.07392938370341215,11.26,11.26,145629750,145629750,https://www.nseindia.com/companies-listing/corporate-filings-annual-reports,https://www.nseindia.com/companies-listing/corporate-filings-annual-reports,1620594147,17:02:27,20210509
