,date,symbol,reportedCurrency,fillingDate,acceptedDate,period,revenue,costOfRevenue,grossProfit,grossProfitRatio,researchAndDevelopmentExpenses,generalAndAdministrativeExpenses,sellingAndMarketingExpenses,otherExpenses,operatingExpenses,costAndExpenses,interestExpense,depreciationAndAmortization,ebitda,ebitdaratio,operatingIncome,operatingIncomeRatio,totalOtherIncomeExpensesNet,incomeBeforeTax,incomeBeforeTaxRatio,incomeTaxExpense,netIncome,netIncomeRatio,eps,epsdiluted,weightedAverageShsOut,weightedAverageShsOutDil,link,finalLink,timestamp,est_time,est_date
0,2020-12-31,0848.HK,CNY,2020-12-31,2020-12-31,FY,6911751000,3231173000,3680578000,0.5325102134032317,0.0,485274000,84160000.0,261309000.0,0.0,5766832000,1231528000,1083355000,2228274000,0.3223892180143642,1144919000,0.009238758745793938,0.0,63856000,0.009238758745793938,312852000.0,-174636000,-0.025266535209384714,-0.03397372073288737,-0.03397372073288737,5140326000,5140326000,https://www1.hkexnews.hk/search/titlesearch.xhtml,https://www1.hkexnews.hk/search/titlesearch.xhtml,1620584942,14:29:02,20210509
1,2019-12-31,0848.HK,CNY,2019-12-31,2019-12-31,FY,6267393000,2443639000,3823754000,0.6101027971279286,0.0,555093000,130403000.0,1618903000.0,0.0,5381719000,1320614000,1107135000,1992809000,0.3179645827220345,885674000,0.14131457848582338,0.0,1113294000,0.1776327094854272,642248000.0,186262000,0.029719214990985884,0.0362,0.0362,5140326000,5140326000,https://www1.hkexnews.hk/search/titlesearch.xhtml,https://www1.hkexnews.hk/search/titlesearch.xhtml,1620584942,14:29:02,20210509
2,2018-12-31,0848.HK,CNY,2018-12-31,2018-12-31,FY,6117247000,2225826000,3891421000,0.636139263299324,0.0,538455000,132654000.0,1791256000.0,0.0,5265524000,1010188000,801432000,1653155000,0.2702449320748369,851723000,0.13923305696173457,0.0,2024851000,0.33100690555735285,897630000.0,799403000,0.1306801899612685,0.1555,0.1555,5140326000,5140326000,https://www1.hkexnews.hk/search/titlesearch.xhtml,https://www1.hkexnews.hk/search/titlesearch.xhtml,1620584942,14:29:02,20210509
3,2017-12-31,0848.HK,CNY,2017-12-31,2017-12-31,FY,5756639000,2255870000,3500769000,0.6081272423023226,0.0,567386000,139484000.0,1415052000.0,0.0,5425379000,924616000,906334000,1237594000,0.2149855149853934,331260000,0.057543993986769015,0.0,1852625000,0.32182407130271673,584216000.0,1071973000,0.1862150814042708,0.2085,0.2085,5140326000,5140326000,https://www1.hkexnews.hk/search/titlesearch.xhtml,https://www1.hkexnews.hk/search/titlesearch.xhtml,1620584942,14:29:02,20210509
4,2016-12-31,0848.HK,CNY,2016-12-31,2016-12-31,FY,5841339000,2667091000,3174248000,0.5434110227124295,0.0,477794000,121186000.0,1019954000.0,0.0,5414916000,789552000,808142000,1234565000,0.21134965801505443,426423000,0.07300089928011369,0.0,596497000,0.10211648390891198,484436000.0,46382000,0.007940302728535359,0.009,0.009,5141489556,5141489556,https://www1.hkexnews.hk/search/titlesearch.xhtml,https://www1.hkexnews.hk/search/titlesearch.xhtml,1620584942,14:29:02,20210509
5,2015-12-31,0848.HK,CNY,2015-12-31,2015-12-31,FY,3284321000,1361393000,1922928000,0.5854872285626161,0.0,314014000,73942000.0,773983000.0,0.0,3198671000,346004000,474398000,560048000,0.1705216999191005,85650000,0.026078449700866632,0.0,406473000,0.12376165423538077,288284000.0,139452000,0.04245991789474902,0.027,0.027,5160924290,5160924290,https://www1.hkexnews.hk/search/titlesearch.xhtml,https://www1.hkexnews.hk/search/titlesearch.xhtml,1620584942,14:29:02,20210509
6,2014-12-31,0848.HK,CNY,2014-12-31,2014-12-31,FY,3550111000,1365726000,2184385000,0.615300479337125,0.0,313137000,78501000.0,863640000.0,0.0,3252238000,170354000,363458000,661331000,0.18628459786186968,297873000,0.08390526380724433,0.0,2086477000,0.5877216233520586,637274000.0,1364692000,0.3844082621641971,0.263,0.263,5197910878,5197910878,https://www1.hkexnews.hk/search/titlesearch.xhtml,https://www1.hkexnews.hk/search/titlesearch.xhtml,1620584942,14:29:02,20210509
7,2013-12-31,0848.HK,CNY,2013-12-31,2013-12-31,FY,3805452000,1425243000,2380209000,0.6254733997433156,0.0,322853000,74734000.0,850140000.0,0.0,3281527000,133777000,353996000,877921000,0.2307008471004233,523925000,0.13767746906280778,0.0,1324433000,0.3480356604156353,411319000.0,802041000,0.21076103443165228,0.155,0.155,5159225623,5159225623,https://www1.hkexnews.hk/search/titlesearch.xhtml,https://www1.hkexnews.hk/search/titlesearch.xhtml,1620584942,14:29:02,20210509
8,2012-12-31,0848.HK,CNY,2012-12-31,2012-12-31,FY,3542719000,1444402000,2098317000,0.5922899896943562,0.0,306585000,67712000.0,832963000.0,0.0,3166853000,129149000,343603000,719469000,0.2030838460515779,375866000,0.10609534654032679,0.0,1236914000,0.3491425653572863,338360000.0,801820000,0.22632898629555434,0.149,0.149,5370609411,5370609411,https://www1.hkexnews.hk/search/titlesearch.xhtml,https://www1.hkexnews.hk/search/titlesearch.xhtml,1620584942,14:29:02,20210509
9,2011-12-31,0848.HK,CNY,2011-12-31,2011-12-31,FY,3357024000,1335146000,2021878000,0.6022828552908767,0.0,278853000,69722000.0,0.0,0.0,2150640000,184134000,326202000,1532586000,0.4565311418685121,1206384000,0.3593611484457663,0.0,1017768000,0.3031756698790357,282879000.0,640312000,0.19073798697894326,0.12,0.12,5327091307,5327091307,https://www1.hkexnews.hk/search/titlesearch.xhtml,https://www1.hkexnews.hk/search/titlesearch.xhtml,1620584942,14:29:02,20210509
10,2010-12-31,0848.HK,CNY,2010-12-31,2010-12-31,FY,2197282000,747147000,1450135000,0.659967632738993,0.0,172829000,0.0,0.0,0.0,1279841000,113780000,211107000,1128548000,0.513610906565475,917441000,0.41753448123636383,0.0,805320000,0.3665073486243459,197840000.0,576597000,0.26241374570947196,0.112,0.112,5139856000,5139856000,https://www1.hkexnews.hk/search/titlesearch.xhtml,https://www1.hkexnews.hk/search/titlesearch.xhtml,1620584942,14:29:02,20210509
11,2009-12-31,0848.HK,CNY,2009-12-31,2009-12-31,FY,1967435000,622326000,1345109000,0.6836866275124718,0.0,122580000,0.0,78321000.0,0.0,830438000,55368000,124183000,1261180000,0.6410275307697586,1136997000,0.5779082917605919,0.0,687834000,0.34960951695989956,144516000.0,520969000,0.26479604154648057,0.108,0.108,4834255760,4834255760,https://www1.hkexnews.hk/search/titlesearch.xhtml,https://www1.hkexnews.hk/search/titlesearch.xhtml,1620584942,14:29:02,20210509
12,2008-12-31,0848.HK,CNY,2008-12-31,2008-12-31,FY,1967435000,622326000,1345109000,0.6836866275124718,0.0,122580000,0.0,78321000.0,0.0,830438000,55368000,124183000,1261180000,0.6410275307697586,1136997000,0.5779082917605919,0.0,687834000,0.34960951695989956,144516000.0,520969000,0.26479604154648057,0.108,0.108,4834255760,4834255760,https://www1.hkexnews.hk/search/titlesearch.xhtml,https://www1.hkexnews.hk/search/titlesearch.xhtml,1620584942,14:29:02,20210509
13,2007-12-31,0848.HK,CNY,2007-12-31,2007-12-31,FY,1567301000,728055000,839246000,0.5354721269239284,0.0,128513000,0.0,83946000.0,0.0,1008025000,99140000,128898000,688174000,0.4390822184124173,559276000,0.35684019853238147,0.0,547655000,0.349425541105378,103567000.0,416999000,0.2660618477242087,0.1,0.1,4440880000,4440880000,https://www1.hkexnews.hk/search/titlesearch.xhtml,https://www1.hkexnews.hk/search/titlesearch.xhtml,1620584942,14:29:02,20210509
14,2006-12-31,0848.HK,CNY,2006-12-31,2006-12-31,FY,1352600000,669911000,682689000,0.504723495490167,0.0,135558000,0.0,-18482000.0,0.0,1101021000,53005000,133397000,384976000,0.28461925181132636,251579000,0.18599659914239242,0.0,183896000,0.13595741534821826,5964000.0,217059000,0.16047538074818868,0.05,0.05,3558640000,3558640000,https://www1.hkexnews.hk/search/titlesearch.xhtml,https://www1.hkexnews.hk/search/titlesearch.xhtml,1620584942,14:29:02,20210509
15,2005-12-31,0848.HK,CNY,2005-12-31,2005-12-31,FY,918140000,457078000,461062000,0.5021696037641318,0.0,94383000,0.0,4122000.0,0.0,767021000,31937000,91721000,242840000,0.2644912540571155,151119000,0.1645925457991156,0.0,126578000,0.13786350665475852,9476000.0,136759000,0.14895222950748252,0.03,0.03,3903400000,3903400000,https://www1.hkexnews.hk/search/titlesearch.xhtml,https://www1.hkexnews.hk/search/titlesearch.xhtml,1620584942,14:29:02,20210509
