,date,symbol,reportedCurrency,fillingDate,acceptedDate,period,revenue,costOfRevenue,grossProfit,grossProfitRatio,researchAndDevelopmentExpenses,generalAndAdministrativeExpenses,sellingAndMarketingExpenses,otherExpenses,operatingExpenses,costAndExpenses,interestExpense,depreciationAndAmortization,ebitda,ebitdaratio,operatingIncome,operatingIncomeRatio,totalOtherIncomeExpensesNet,incomeBeforeTax,incomeBeforeTaxRatio,incomeTaxExpense,netIncome,netIncomeRatio,eps,epsdiluted,weightedAverageShsOut,weightedAverageShsOutDil,link,finalLink,timestamp,est_time,est_date
0,2020-03-31,0897.HK,HKD,2020-03-31,2020-03-31,FY,620741000,339165000,281576000,0.4536126983717847,0.0,178229000,233238000.0,-75941000.0,0.0,747101000,56697000.0,112674000,-13686000.0,-0.02204784282011338,-126360000.0,-0.2035631608029758,0.0,110616000,0.17819992557282344,17199000.0,95823000.0,0.15436873027558998,0.0778,0.0778,1231642888.0,1231642888.0,https://www1.hkexnews.hk/search/titlesearch.xhtml,https://www1.hkexnews.hk/search/titlesearch.xhtml,1620584970,14:29:30,20210509
1,2019-03-31,0897.HK,HKD,2019-03-31,2019-03-31,FY,751443000,449915000,301528000,0.4012652988982531,0.0,166170000,281769000.0,9203000.0,0.0,897854000,28553000.0,51323000,-95088000.0,-0.12654053600871923,-146411000.0,-0.19483979490127662,0.0,81694000,0.10871616343488462,7448000.0,74627000.0,0.0993115911652647,0.0598,0.0598,1248141518.0,1248141518.0,https://www1.hkexnews.hk/search/titlesearch.xhtml,https://www1.hkexnews.hk/search/titlesearch.xhtml,1620584970,14:29:30,20210509
2,2018-03-31,0897.HK,HKD,2018-03-31,2018-03-31,FY,845781000,501987000,343794000,0.40648111035835516,0.0,188166000,267344000.0,-5156000.0,0.0,957497000,18926000.0,46813000,-64903000.0,-0.07673735872524921,-111716000.0,-0.13208620198372864,0.0,-114887000,-0.13583539947102147,2281000.0,-115581000.0,-0.13665594285045418,-0.0914,-0.0914,1265142888.0,1265142888.0,https://www1.hkexnews.hk/search/titlesearch.xhtml,https://www1.hkexnews.hk/search/titlesearch.xhtml,1620584970,14:29:30,20210509
3,2017-03-31,0897.HK,HKD,2017-03-31,2017-03-31,FY,738440000,427676000,310764000,0.42083852445696335,0.0,172403000,263861000.0,7852000.0,0.0,862373000,16555000.0,14607000,-109326000.0,-0.1480499431233411,-123933000.0,-0.16783083256594983,0.0,-96359000,-0.13048995179026054,-2432000.0,-93303000.0,-0.12635149775201776,-0.1057,-0.1057,883085846.0,883085846.0,https://www1.hkexnews.hk/search/titlesearch.xhtml,https://www1.hkexnews.hk/search/titlesearch.xhtml,1620584970,14:29:30,20210509
4,2016-03-31,0897.HK,HKD,2016-03-31,2016-03-31,FY,825331000,455113000,370218000,0.44856911954112955,0.0,150540000,292666000.0,2652000.0,0.0,892402000,14854000.0,14899000,-52172000.0,-0.06321342588609903,-67071000.0,-0.08126557708361858,0.0,29066000,0.03521738550957131,3839000.0,25387000.0,0.030759780015533162,0.073235,0.073235,346449801.0,346449801.0,https://www1.hkexnews.hk/search/titlesearch.xhtml,https://www1.hkexnews.hk/search/titlesearch.xhtml,1620584970,14:29:30,20210509
5,2015-03-31,0897.HK,HKD,2015-03-31,2015-03-31,FY,831088000,480061000,351027000,0.422370434899794,0.0,135219000,272684000.0,2527000.0,0.0,886942000,10362000.0,15456000,-40398000.0,-0.04860857093352328,-55854000.0,-0.06720587952178349,0.0,120778000,0.1453251641222109,17000.0,120979000.0,0.14556701576728337,0.523128,0.523128,231395826.0,231395826.0,https://www1.hkexnews.hk/search/titlesearch.xhtml,https://www1.hkexnews.hk/search/titlesearch.xhtml,1620584970,14:29:30,20210509
6,2014-03-31,0897.HK,HKD,2014-03-31,2014-03-31,FY,865258000,475768000,389490000,0.45014319428424815,0.0,108022000,259493000.0,2780000.0,0.0,839718000,7748000.0,19115000,44655000.0,0.051608884286536504,25540000.0,0.029517207584327448,0.0,171874000,0.1986390186510844,3676000.0,163374000.0,0.18881535911832079,0.942984,0.942984,173136125.0,173136125.0,https://www1.hkexnews.hk/search/titlesearch.xhtml,https://www1.hkexnews.hk/search/titlesearch.xhtml,1620584970,14:29:30,20210509
7,2013-03-31,0897.HK,HKD,2013-03-31,2013-03-31,FY,808517000,443207000,365310000,0.45182723430676164,0.0,102345000,243348000.0,34939000.0,0.0,760109000,2503000.0,16524000,64932000.0,0.08030999966605526,48408000.0,0.05987258152889797,0.0,148858000,0.18411239343143063,539000.0,148433000.0,0.1835867396727589,1.164763,1.164763,127369272.0,127369272.0,https://www1.hkexnews.hk/search/titlesearch.xhtml,https://www1.hkexnews.hk/search/titlesearch.xhtml,1620584970,14:29:30,20210509
8,2012-03-31,0897.HK,HKD,2012-03-31,2012-03-31,FY,752072000,397699000,354373000,0.47119557701922155,0.0,88083000,222157000.0,-232597000.0,0.0,675894000,2216000.0,13899000,90077000.0,0.11977177717027093,76178000.0,0.1012908338563329,0.0,-213865000,-0.2843677201119042,12978000.0,-226922000.0,-0.30172908976800095,-1.885969,-1.885969,120270457.0,120270457.0,https://www1.hkexnews.hk/search/titlesearch.xhtml,https://www1.hkexnews.hk/search/titlesearch.xhtml,1620584970,14:29:30,20210509
9,2011-03-31,0897.HK,HKD,2011-03-31,2011-03-31,FY,639512000,337902000,301610000,0.4716252392449243,0.0,101123000,180689000.0,51551000.0,0.0,594246000,1276000.0,11067000,56333000.0,0.0880874792028922,45266000.0,0.0707820963484657,0.0,125561000,0.19633877081274473,20666000.0,99133000.0,0.15501351030160498,1.295122,1.295122,76587872.0,76587872.0,https://www1.hkexnews.hk/search/titlesearch.xhtml,https://www1.hkexnews.hk/search/titlesearch.xhtml,1620584970,14:29:30,20210509
10,2010-03-31,0897.HK,HKD,2010-03-31,2010-03-31,FY,529305000,276932000,252373000,0.4768007103654793,0.0,79460000,162526000.0,10342000.0,0.0,498975000,2354000.0,17597000,47927000.0,0.09054703809712737,30330000.0,0.057301555813755775,0.0,47907000,0.09050925269929436,2876000.0,45797000.0,0.08652289322791207,5.248208,5.248208,8736258.0,8736258.0,https://www1.hkexnews.hk/search/titlesearch.xhtml,https://www1.hkexnews.hk/search/titlesearch.xhtml,1620584970,14:29:30,20210509
11,2009-03-31,0897.HK,HKD,2009-03-31,2009-03-31,FY,496151000,267478000,228673000,0.4608939617172998,0.0,97788000,153494000.0,0.0,0.0,491776000,0.0,20691000,25066000.0,0.05052090996490988,4375000.0,0.008817880040552171,0.0,-345764000,-0.6968926798494813,178000.0,-345906000.0,-0.6971788830416547,-74.448363,-74.448363,4645790.0,4645790.0,https://www1.hkexnews.hk/search/titlesearch.xhtml,https://www1.hkexnews.hk/search/titlesearch.xhtml,1620584970,14:29:30,20210509
12,2008-03-31,0897.HK,HKD,2008-03-31,2008-03-31,FY,477021000,255612000,221409000,0.4641493770714497,0.0,87332000,0.0,0.0,0.0,407291000,0.0,17987000,87717000.0,0.1838849861955763,69730000.0,0.14617805086149246,0.0,85786000,0.17983694638181547,2404000.0,83382000.0,0.17479733596634112,22.050937,22.050937,3798066.0,3798066.0,https://www1.hkexnews.hk/search/titlesearch.xhtml,https://www1.hkexnews.hk/search/titlesearch.xhtml,1620584970,14:29:30,20210509
13,2007-03-31,0897.HK,HKD,2007-03-31,2007-03-31,FY,381266000,205952000,175314000,0.45982070260657915,0.0,64922000,118004000.0,0.0,0.0,388878000,0.0,15927000,8315000.0,0.021808920805946503,-7612000.0,-0.019965063761258544,0.0,10905000,0.028602078339007412,982000.0,9923000.0,0.02602644872608625,3.005022,3.005022,3292821.0,3292821.0,https://www1.hkexnews.hk/search/titlesearch.xhtml,https://www1.hkexnews.hk/search/titlesearch.xhtml,1620584970,14:29:30,20210509
14,2006-03-31,0897.HK,HKD,2006-03-31,2006-03-31,FY,324756000,190904000,133852000,0.41216174604934164,0.0,76785000,0.0,0.0,0.0,372857000,0.0,15437000,-32664000.0,-0.10058012784983188,-48101000.0,-0.14811427656455925,0.0,-107392000,-0.3306851913436549,-1240000.0,-106152000.0,-0.32686694010272327,-50.789105,-50.789105,3299166.0,3299166.0,https://www1.hkexnews.hk/search/titlesearch.xhtml,https://www1.hkexnews.hk/search/titlesearch.xhtml,1620584970,14:29:30,20210509
15,2005-03-31,0897.HK,HKD,2005-03-31,2005-03-31,FY,326909000,162134000,164775000,0.5040393504002643,0.0,84084000,0.0,0.0,0.0,373325000,0.0,10208000,-36208000.0,-0.11075865149017004,-46416000.0,-0.1419844666252688,0.0,-61580000,-0.18837046395174192,5647000.0,-67227000.0,-0.20564438421701453,-118.507912,-118.507912,8247916.0,8247916.0,https://www1.hkexnews.hk/search/titlesearch.xhtml,https://www1.hkexnews.hk/search/titlesearch.xhtml,1620584970,14:29:30,20210509
16,2004-03-31,0897.HK,HKD,2004-03-31,2004-03-31,FY,349225000,194107000,155118000,0.44417782232085334,0.0,97328000,0.0,0.0,0.0,379456000,0.0,21164000,-9067000.0,-0.02596320423795547,-30231000.0,-0.0865659674994631,0.0,-28248000,-0.0808876798625528,1738000.0,-29986000.0,-0.08586441405970363,-414.777693,-414.777693,72342.0,72342.0,https://www1.hkexnews.hk/search/titlesearch.xhtml,https://www1.hkexnews.hk/search/titlesearch.xhtml,1620584970,14:29:30,20210509
