,date,symbol,reportedCurrency,fillingDate,acceptedDate,period,revenue,costOfRevenue,grossProfit,grossProfitRatio,researchAndDevelopmentExpenses,generalAndAdministrativeExpenses,sellingAndMarketingExpenses,otherExpenses,operatingExpenses,costAndExpenses,interestExpense,depreciationAndAmortization,ebitda,ebitdaratio,operatingIncome,operatingIncomeRatio,totalOtherIncomeExpensesNet,incomeBeforeTax,incomeBeforeTaxRatio,incomeTaxExpense,netIncome,netIncomeRatio,eps,epsdiluted,weightedAverageShsOut,weightedAverageShsOutDil,link,finalLink,timestamp,est_time,est_date
0,2019-12-31,JASN,USD,2020-03-02,2020-02-28 20:19:42,FY,337897000.0,263291000.0,74606000.0,0.22079509436307515,0.0,78200000.0,0.0,1098000.0,78200000.0,341491000.0,32978000.0,35461000,31867000.0,0.09430980446704174,-3594000.0,-0.010636377357597138,-2843000.0,-39415000.0,-0.11664797260703706,4016000.0,-81608000.0,-0.24151738547545554,-2.98,-2.98,28484000.0,28484000.0,https://www.sec.gov/Archives/edgar/data/1579252/000157925220000007/jasn-20191231.htm,https://www.sec.gov/Archives/edgar/data/1579252/000157925220000007/jasn-20191231.htm,1620593866,16:57:46,20210509
1,2018-12-31,JASN,USD,2019-03-05,2019-03-05 16:32:03,FY,612948000.0,486668000.0,126280000.0,0.2060207391165319,0.0,106470000.0,0.0,654000.0,106470000.0,593138000.0,33437000.0,42604000,62414000.0,0.10182592976892003,19810000.0,0.03231921794344708,-1638000.0,-15265000.0,-0.024904233311798064,4052000.0,-19317000.0,-0.03151490827933202,-0.85,-0.85,27595000.0,27595000.0,https://www.sec.gov/Archives/edgar/data/1579252/000157925219000028/jasonindustries1231201810k.htm,https://www.sec.gov/Archives/edgar/data/1579252/000157925219000028/jasonindustries1231201810k.htm,1620593866,16:57:46,20210509
2,2017-12-31,JASN,USD,2018-03-01,2018-03-01 16:23:41,FY,648616000.0,517764000.0,130852000.0,0.2017403209294868,0.0,103855000.0,0.0,0.0,103855000.0,621619000.0,33089000.0,38934000,65931000.0,0.10164874131997977,26997000.0,0.04162246999765655,-8765000.0,-14857000.0,-0.02290569458662753,-10384000.0,-4478000.0,-0.006903930831185169,-0.32,-0.32,26082000.0,26082000.0,https://www.sec.gov/Archives/edgar/data/1579252/000157925218000016/jasonindustries1231201710k.htm,https://www.sec.gov/Archives/edgar/data/1579252/000157925218000016/jasonindustries1231201710k.htm,1620593866,16:57:46,20210509
3,2016-12-31,JASN,USD,2017-03-02,2017-03-02 16:55:56,FY,705519000.0,573917000.0,131602000.0,0.18653218410843647,0.0,113797000.0,0.0,0.0,113797000.0,687714000.0,31843000.0,43546000,61351000.0,0.08695867864649995,17805000.0,0.025236740612230146,-69816000.0,-83854000.0,-0.11885434694175494,-6157000.0,-66879000.0,-0.0947940452347846,-3.13,-3.13,22507000.0,22507000.0,https://www.sec.gov/Archives/edgar/data/1579252/000157925217000018/jasonindustries1231201610k.htm,https://www.sec.gov/Archives/edgar/data/1579252/000157925217000018/jasonindustries1231201610k.htm,1620593866,16:57:46,20210509
4,2015-12-31,JASN,USD,2016-03-08,2016-03-08 17:27:07,FY,708366000.0,561076000.0,147290000.0,0.20792923432237007,0.0,129371000.0,0.0,0.0,129371000.0,690447000.0,31835000.0,45248000,63167000.0,0.08917282873542773,17919000.0,0.025296245161399614,-97940000.0,-111856000.0,-0.15790707063862466,-22255000.0,-74458000.0,-0.10511232893730077,-3.53,-3.53,22092000.0,22092000.0,https://www.sec.gov/Archives/edgar/data/1579252/000157925216000155/jasonindustries1231201510k.htm,https://www.sec.gov/Archives/edgar/data/1579252/000157925216000155/jasonindustries1231201510k.htm,1620593866,16:57:46,20210509
5,2014-12-31,JASN,USD,2015-03-11,2015-03-11 16:37:16,FY,0.0,0.0,0.0,0.0,0.0,0.0,0.0,0.0,0.0,0.0,0.0,33230000,0.0,0.0,0.0,0.0,0.0,0.0,0.0,0.0,0.0,0.0,0.0,0.0,22092000.0,22092000.0,https://www.sec.gov/Archives/edgar/data/1579252/000157925215000010/jasonindustries1231201410k.htm,https://www.sec.gov/Archives/edgar/data/1579252/000157925215000010/jasonindustries1231201410k.htm,1620593866,16:57:46,20210509
6,2013-12-31,JASN,USD,2014-03-07,2014-03-07 16:34:15,FY,680845000.0,527371000.0,153474000.0,0.22541694511966748,0.0,108889000.0,0.0,0.0,108889000.0,636260000.0,20716000.0,27005000,71590000.0,0.1051487489810456,44585000.0,0.06548480197401758,18466000.0,42335000.0,0.0621800850413824,18247000.0,24088000.0,0.035379565099251664,21683.0,21683.0,1000.0,1000.0,https://www.sec.gov/Archives/edgar/data/1579252/000121390014001330/f10k2013_quinparioacq.htm,https://www.sec.gov/Archives/edgar/data/1579252/000121390014001330/f10k2013_quinparioacq.htm,1620593866,16:57:46,20210509
