,date,symbol,reportedCurrency,fillingDate,acceptedDate,period,revenue,costOfRevenue,grossProfit,grossProfitRatio,researchAndDevelopmentExpenses,generalAndAdministrativeExpenses,sellingAndMarketingExpenses,otherExpenses,operatingExpenses,costAndExpenses,interestExpense,depreciationAndAmortization,ebitda,ebitdaratio,operatingIncome,operatingIncomeRatio,totalOtherIncomeExpensesNet,incomeBeforeTax,incomeBeforeTaxRatio,incomeTaxExpense,netIncome,netIncomeRatio,eps,epsdiluted,weightedAverageShsOut,weightedAverageShsOutDil,link,finalLink,timestamp,est_time,est_date
0,2020-12-31,TEF,EUR,2020-12-31,2020-12-31,FY,43076000000.0,13014000000.0,30062000000.0,0.697882811774538,0.0,5369000000.0,0.0,0.0,25331000000.0,38345000000.0,2417000000.0,9359000000.0,14090000000.0,0.32709629492060543,4731000000.0,0.1098291391958399,-408000000.0,2583000000.0,0.05996378493824868,626000000.0,1582000000.0,0.036725786981149595,0.31811783631610696,0.31811783631610696,4973000000.0,4973000000.0,,,1620598693,18:18:13,20210509
1,2019-12-31,TEF,EUR,2020-02-20,2020-02-20,FY,0.0,0.0,0.0,0.0,0.0,0.0,0.0,0.0,31146000000.0,0.0,0.0,-10582000000.0,-6045000000.0,0.0,4537000000.0,0.0,0.0,0.0,0.0,0.0,0.0,0.0,0.0,0.0,4973000000.0,4973000000.0,https://www.sec.gov/Archives/edgar/data/814052/000081405220000023/0000814052-20-000023-index.htm,https://www.sec.gov/Archives/edgar/data/814052/000081405220000023/telefonica20-f2019.htm,1620598693,18:18:13,20210509
2,2018-12-31,TEF,EUR,2019-02-21,2019-02-21,FY,0.0,0.0,0.0,0.0,0.0,0.0,0.0,0.0,28035000000.0,0.0,0.0,0.0,6522000000.0,0.0,6522000000.0,0.0,0.0,0.0,0.0,0.0,0.0,0.0,0.0,0.0,4973000000.0,4973000000.0,https://www.sec.gov/Archives/edgar/data/814052/000081405219000029/0000814052-19-000029-index.htm,https://www.sec.gov/Archives/edgar/data/814052/000081405219000029/telefonica20-f2018.htm,1620598693,18:18:13,20210509
3,2017-12-31,TEF,EUR,2018-02-22,2018-02-22,FY,0.0,0.0,0.0,0.0,0.0,0.0,0.0,0.0,30330000000.0,0.0,0.0,16187000000.0,22978000000.0,0.0,6791000000.0,0.0,0.0,0.0,0.0,0.0,0.0,0.0,0.0,0.0,4973000000.0,4973000000.0,https://www.sec.gov/Archives/edgar/data/814052/000081405218000019/0000814052-18-000019-index.htm,https://www.sec.gov/Archives/edgar/data/814052/000081405218000019/telefonica20-f2017.htm,1620598693,18:18:13,20210509
4,2016-12-31,TEF,EUR,2017-02-23,2017-02-23,FY,0.0,0.0,0.0,0.0,0.0,0.0,0.0,-365000000.0,31397000000.0,0.0,2225000000.0,0.0,0.0,0.0,0.0,0.0,38000000.0,0.0,0.0,0.0,0.0,0.0,0.0,0.0,4973000000.0,4973000000.0,https://www.sec.gov/Archives/edgar/data/814052/000095010317001636/0000950103-17-001636-index.htm,https://www.sec.gov/Archives/edgar/data/814052/000095010317001636/dp73125_20f.htm,1620598693,18:18:13,20210509
5,2015-12-31,TEF,EUR,2016-02-26,2016-02-26,FY,0.0,0.0,0.0,0.0,0.0,0.0,0.0,-521000000.0,31671000000.0,0.0,3140000000.0,0.0,0.0,0.0,0.0,0.0,249000000.0,0.0,0.0,0.0,0.0,0.0,0.0,0.0,4580.0,4580.0,https://www.sec.gov/Archives/edgar/data/814052/000095010316011426/0000950103-16-011426-index.htm,https://www.sec.gov/Archives/edgar/data/814052/000095010316011426/dp63632_20f.htm,1620598693,18:18:13,20210509
6,2014-12-31,TEF,EUR,2015-02-27,2015-02-27,FY,0.0,0.0,0.0,0.0,0.0,0.0,0.0,-200000000.0,28542000000.0,0.0,2556000000.0,0.0,0.0,0.0,0.0,0.0,228000000.0,0.0,0.0,0.0,0.0,0.0,0.0,0.0,4541.0,4541.0,https://www.sec.gov/Archives/edgar/data/814052/000095010315001606/0000950103-15-001606-index.htm,https://www.sec.gov/Archives/edgar/data/814052/000095010315001606/dp53714_20f.htm,1620598693,18:18:13,20210509
7,2013-12-31,TEF,EUR,2014-03-21,2014-03-21,FY,184000000.0,0.0,184000000.0,1.0,0.0,0.0,0.0,1000000.0,30692000000.0,0.0,0.0,0.0,0.0,0.0,0.0,0.0,62000000.0,0.0,0.0,0.0,0.0,0.0,0.0,0.0,4503.0,4503.0,https://www.sec.gov/Archives/edgar/data/814052/000095010314002020/0000950103-14-002020-index.htm,https://www.sec.gov/Archives/edgar/data/814052/000095010314002020/dp44803_20f.htm,1620598693,18:18:13,20210509
8,2012-12-31,TEF,EUR,2013-03-21,2013-03-21,FY,0.0,0.0,0.0,0.0,0.0,0.0,0.0,0.0,33702000000.0,0.0,0.0,0.0,0.0,0.0,0.0,0.0,-27000000.0,0.0,0.0,0.0,0.0,0.0,-0.027,-0.027,4581000000.0,4581000000.0,https://www.sec.gov/Archives/edgar/data/814052/000095010313001873/0000950103-13-001873-index.htm,https://www.sec.gov/Archives/edgar/data/814052/000095010313001873/dp36995_20f.htm,1620598693,18:18:13,20210509
9,2011-12-31,TEF,EUR,2012-03-29,2012-03-29,FY,0.0,0.0,0.0,0.0,0.0,0.0,0.0,0.0,35335000000.0,0.0,0.0,0.0,0.0,0.0,0.0,0.0,58000000.0,0.0,0.0,0.0,0.0,0.0,58.0,58.0,4514000000.0,4514000000.0,https://www.sec.gov/Archives/edgar/data/814052/000095010312001609/0000950103-12-001609-index.htm,https://www.sec.gov/Archives/edgar/data/814052/000095010312001609/dp29426_20f.htm,1620598693,18:18:13,20210509
10,2010-12-31,TEF,EUR,2011-04-29,2011-04-29,FY,0.0,0.0,0.0,0.0,0.0,0.0,0.0,-14814000000.0,22799000000.0,0.0,0.0,0.0,16474000000.0,0.0,16474000000.0,0.0,0.0,0.0,0.0,0.0,0.0,0.0,76.0,76.0,4536000000.0,4536000000.0,https://www.sec.gov/Archives/edgar/data/814052/000095010311001602/0000950103-11-001602-index.htm,https://www.sec.gov/Archives/edgar/data/814052/000095010311001602/dp22177_20f.htm,1620598693,18:18:13,20210509
11,2009-12-31,TEF,EUR,2010-03-26,2010-03-26,FY,0.0,0.0,0.0,0.0,0.0,0.0,0.0,0.0,20202000000.0,0.0,0.0,0.0,0.0,0.0,0.0,0.0,0.0,0.0,0.0,0.0,0.0,0.0,0.233,0.233,4626000000.0,4626000000.0,https://www.sec.gov/Archives/edgar/data/814052/000095010310000881/0000950103-10-000881-index.htm,https://www.sec.gov/Archives/edgar/data/814052/000095010310000881/dp16939_20f.htm,1620598693,18:18:13,20210509
12,2008-12-31,TEF,EUR,2009-04-30,2009-04-30,FY,0.0,0.0,0.0,0.0,0.0,0.0,0.0,0.0,20493000000.0,0.0,3605000000.0,0.0,0.0,0.0,0.0,0.0,217000000.0,0.0,0.0,0.0,0.0,0.0,0.0,0.0,4730000000.0,4730000000.0,https://www.sec.gov/Archives/edgar/data/814052/000095010309000984/0000950103-09-000984-index.htm,https://www.sec.gov/Archives/edgar/data/814052/000095010309000984/dp13215_20f.htm,1620598693,18:18:13,20210509
13,2007-12-31,TEF,EUR,2008-05-19,2008-05-19,FY,56441000000.0,0.0,56441000000.0,1.0,0.0,0.0,0.0,-12081000000.0,22408000000.0,0.0,0.0,0.0,13388000000.0,0.23720345139171878,13388000000.0,0.23720345139171878,4264000000.0,0.0,0.0,0.0,0.0,0.0,0.14,0.14,-2000.0,-2000.0,https://www.sec.gov/Archives/edgar/data/814052/000095010308001328/0000950103-08-001328-index.htm,https://www.sec.gov/Archives/edgar/data/814052/000095010308001328/dp09784_20f.htm,1620598693,18:18:13,20210509
14,2006-12-31,TEF,EUR,2007-05-18,2007-05-18,FY,52901000000.0,0.0,52901000000.0,1.0,0.0,0.0,0.0,-11095000000.0,26850260530.0,0.0,0.0,0.0,9422000000.0,0.17810627398347859,9422000000.0,0.17810627398347859,1571000000.0,0.0,0.0,0.0,0.0,0.0,76.0,76.0,-1000.0,-1000.0,https://www.sec.gov/Archives/edgar/data/814052/000095012307007683/0000950123-07-007683-index.htm,https://www.sec.gov/Archives/edgar/data/814052/000095012307007683/y35234e20vf.htm,1620598693,18:18:13,20210509
15,2005-12-31,TEF,EUR,2006-04-12,2006-04-12,FY,37882000000.0,0.0,37882000000.0,1.0,0.0,0.0,0.0,-8302000000.0,10945634840.0,0.0,0.0,0.0,8558000000.0,0.22591204265878254,8558000000.0,0.22591204265878254,1418000000.0,0.0,0.0,0.0,0.0,0.0,-0.12821000000000002,-0.12821000000000002,4954000000.0,4954000000.0,https://www.sec.gov/Archives/edgar/data/814052/000095010306001082/0000950103-06-001082-index.htm,https://www.sec.gov/Archives/edgar/data/814052/000095010306001082/dp02389_20f.htm,1620598693,18:18:13,20210509
16,2004-12-31,TEF,EUR,2004-12-31,2004-12-31,FY,31187835688.96,7553106257.68,23634729431.28,0.7578188389534937,0.0,4831598187.28,0.0,0.0,0.0,23957929907.36,0.0,6408002642.96,13637908424.560001,0.4372829381484655,7229905781.6,0.2318181310721498,-1164579104.4,4393762239.2,0.14088063958716193,1137869186.96,2875164601.36,0.09218865425720332,0.5784758884369922,0.5581041479578664,4970241040.0,5151663201.0,,,1620598693,18:18:13,20210509
17,2003-12-31,TEF,EUR,2004-07-09,2004-07-09,FY,29083000000.0,0.0,29083000000.0,1.0,0.0,0.0,0.0,-60000000.0,16450335581.72,-22755000000.0,0.0,0.0,0.0,0.0,0.0,0.0,0.0,0.0,0.0,0.0,0.0,0.0,0.0,0.0,90933000.0,90933000.0,https://www.sec.gov/Archives/edgar/data/814052/000119312504116233/0001193125-04-116233-index.htm,https://www.sec.gov/Archives/edgar/data/814052/000119312504116233/d20f.htm,1620598693,18:18:13,20210509
18,2002-12-31,TEF,EUR,2003-06-30,2003-06-30,FY,29187000000.0,0.0,29187000000.0,1.0,0.0,0.0,0.0,0.0,17202140000.0,0.0,0.0,0.0,0.0,0.0,0.0,0.0,0.0,0.0,0.0,0.0,0.0,0.0,0.0,0.0,90933000.0,90933000.0,https://www.sec.gov/Archives/edgar/data/814052/000119312503014800/0001193125-03-014800-index.htm,https://www.sec.gov/Archives/edgar/data/814052/000119312503014800/d20f.htm,1620598693,18:18:13,20210509
19,2001-12-31,TEF,EUR,2001-12-31,2001-12-31,FY,31946017840.0,7184032720.0,24761985120.0,0.7751196172248804,0.0,6415278280.0,0.0,0.0,0.0,26514160810.0,0.0,8222525560.0,13654382590.0,0.42742048972699126,5431857030.0,0.17003236701379115,-942960490.0,1763414790.0,0.0551998311286237,-343916460.0,2107331250.0,0.06596538136785815,0.41719,0.41719,5059371921.0,5059371921.0,,,1620598693,18:18:13,20210509
20,2000-12-31,TEF,EUR,2000-12-31,2000-12-31,FY,29749900340.0,11966612860.0,17783287480.0,0.5977595647972513,0.0,5870976360.0,0.0,0.0,0.0,24181310140.0,0.0,6844148720.0,12412738920.0,0.41723631938728034,5568590200.0,0.187180129558713,-589865960.0,2747029200.0,0.09233742528900182,241695980.0,2505333220.0,0.08421316345155865,0.472381,0.472381,4891943928.0,4891943928.0,,,1620598693,18:18:13,20210509
21,1999-12-31,TEF,EUR,1999-12-31,1999-12-31,FY,23024329453.16,4570364681.96,18453964771.2,0.8014984674686049,0.0,7960679266.96,0.0,0.0,0.0,19303649258.46,0.0,6321586637.31,10042266832.01,0.43615892712270665,3720680194.7,0.16159776562740902,357445393.41,1986910185.54,0.08629611514125135,176917477.17,1809992708.37,0.07861217900187688,0.472414,0.472414,3819999025.0,3819999025.0,,,1620598693,18:18:13,20210509
22,1998-12-31,TEF,EUR,1998-12-31,1998-12-31,FY,17458895628.0,2935111518.0,14523784110.0,0.8318844684945155,0.0,5841573660.0,0.0,0.0,0.0,13579804224.0,0.0,4513982040.0,8393073444.0,0.4807333535197648,3879091404.0,0.22218423700172887,-14836284.0,1859225130.0,0.10649156565311245,552012084.0,1307213046.0,0.07487375340646031,0.353424,0.353424,3698708793.0,3698708793.0,,,1620598693,18:18:13,20210509
23,1997-12-31,TEF,EUR,1997-12-31,1997-12-31,FY,14182894908.0,3916541538.0,10266353370.0,0.7238545752890804,0.0,3426360210.0,0.0,0.0,0.0,11192534262.0,0.0,3616996383.0,6607357029.0,0.46586801015306517,2990360646.0,0.2108427556854601,-223545231.0,1582089327.0,0.11154911160679948,441363195.0,1140726132.0,0.08042971053508705,0.303032,0.303032,3764369885.0,3764369885.0,,,1620598693,18:18:13,20210509
24,1996-12-31,TEF,EUR,1996-12-31,1996-12-31,FY,12283610054.0,2789406799.0,9494203255.0,0.7729163668711817,0.0,3559131059.0,0.0,0.0,0.0,9785702171.0,0.0,3222236088.0,5720143971.0,0.46567287188812284,2497907883.0,0.20335291270391545,307729010.0,1329983891.0,0.10827304718671917,348545286.0,981438605.0,0.07989822215826585,0.284128,0.284128,3447111714.0,3447111714.0,,,1620598693,18:18:13,20210509
25,1995-12-31,TEF,EUR,1995-12-31,1995-12-31,FY,11150295279.0,1781236449.0,9369058830.0,0.8402520826193091,0.0,3482064177.0,0.0,0.0,0.0,8653179441.0,0.0,3212605272.0,5709721110.0,0.5120690499339018,2497115838.0,0.223950646643678,224458098.0,1105522425.0,0.09914736761116046,252144903.0,853377522.0,0.07653407382019878,0.248669,0.248669,3431783041.0,3431783041.0,,,1620598693,18:18:13,20210509
26,1994-12-31,TEF,EUR,1994-12-31,1994-12-31,FY,10732676790.0,1681967796.0,9050708994.0,0.8432853398168901,0.0,3396146262.0,0.0,0.0,0.0,8053972236.0,0.0,2815864926.0,5494569480.0,0.5119477263229875,2678704554.0,0.24958401398016944,-518306376.0,887138934.0,0.08265775177601337,189512904.0,697626030.0,0.06500018994795426,0.200912,0.200912,3472292687.0,3472292687.0,,,1620598693,18:18:13,20210509
27,1991-12-31,TEF,EUR,1991-12-31,1991-12-31,FY,9116908619.0,2842977683.0,6273930936.0,0.6881642888165928,0.0,1469789503.0,0.0,0.0,0.0,6748644630.0,0.0,2273530441.0,4641794430.0,0.5091412696981865,2368263989.0,0.2597661211679191,109227482.0,994179277.0,0.10904784928172812,187748743.0,806430534.0,0.08845438379401617,0.240377,0.240377,3354861970.0,3354861970.0,,,1620598693,18:18:13,20210509
28,1990-12-31,TEF,EUR,1990-12-31,1990-12-31,FY,6512580900.0,2242813650.0,4269767250.0,0.6556183048720362,0.0,936488175.0,0.0,0.0,0.0,5220558525.0,0.0,1914426150.0,3206448525.0,0.4923468244363767,1292022375.0,0.19838868719465735,560885850.0,711798150.0,0.10929586302720631,132887475.0,578910675.0,0.08889112993590606,0.169219,0.169219,3421077598.0,3421077598.0,,,1620598693,18:18:13,20210509
29,1989-12-31,TEF,EUR,1989-12-31,1989-12-31,FY,5471674156.0,2498007797.0,2973666359.0,0.5434655416641005,0.0,231342262.0,0.0,0.0,0.0,4529202967.0,0.0,1692437983.0,2634909172.0,0.48155447434870974,942471189.0,0.17224548869865122,581472794.0,716436488.0,0.13093551764488515,186101623.0,530334865.0,0.09692369280039416,0.158727,0.158727,3341170976.0,3341170976.0,,,1620598693,18:18:13,20210509
30,1988-12-31,TEF,EUR,1988-12-31,1988-12-31,FY,4629058750.0,443023750.0,4186035000.0,0.9042950686249122,0.0,1758052500.0,0.0,0.0,0.0,3809713125.0,0.0,1513678750.0,2333024375.0,0.5039954126743369,819345625.0,0.1770004809293034,457494375.0,635508750.0,0.13728681883763086,160546875.0,474961875.0,0.10260441715067885,0.141468,0.141468,3357382368.0,3357382368.0,,,1620598693,18:18:13,20210509
31,1987-12-31,TEF,EUR,1987-12-31,1987-12-31,FY,3881468016.0,2637210816.0,1244257200.0,0.3205635586512585,0.0,0.0,0.0,0.0,0.0,3817642230.0,0.0,1180431414.0,1244257200.0,0.3205635586512585,63825786.0,0.016443723286370112,318360870.0,0.0,0.0,0.0,382186656.0,0.09846446097831249,0.126897,0.126897,3011778378.0,3011778378.0,,,1620598693,18:18:13,20210509
32,1986-12-31,TEF,EUR,1986-12-31,1986-12-31,FY,4008250880.0,0.0,0.0,0.0,0.0,0.0,0.0,0.0,0.0,0.0,0.0,0.0,4008250880.0,1.0,4008250880.0,1.0,0.0,0.0,0.0,0.0,0.0,0.0,0.311589,0.311589,3450565281.0,3450565281.0,,,1620598693,18:18:13,20210509
