,date,symbol,reportedCurrency,fillingDate,acceptedDate,period,revenue,costOfRevenue,grossProfit,grossProfitRatio,researchAndDevelopmentExpenses,generalAndAdministrativeExpenses,sellingAndMarketingExpenses,otherExpenses,operatingExpenses,costAndExpenses,interestExpense,depreciationAndAmortization,ebitda,ebitdaratio,operatingIncome,operatingIncomeRatio,totalOtherIncomeExpensesNet,incomeBeforeTax,incomeBeforeTaxRatio,incomeTaxExpense,netIncome,netIncomeRatio,eps,epsdiluted,weightedAverageShsOut,weightedAverageShsOutDil,link,finalLink,timestamp,est_time,est_date
0,2020-12-31,QTX.L,GBP,2020-12-31,2020-12-31,FY,25835000.0,8788000.0,17047000.0,0.6598413005612541,0.0,11367000.0,0.0,0.0,0.0,20155000.0,40000.0,357000.0,6037000.0,0.23367524675827367,5680000.0,0.21985678343332687,0.0,5659000.0,0.21904393264950647,931000.0,4728000.0,0.1830075479001355,0.09867071884436053,0.09867071884436053,47916951,47916951,https://find-and-update.company-information.service.gov.uk/search/companies?q=Quartix+Holdings+PLC,https://find-and-update.company-information.service.gov.uk/search/companies?q=Quartix+Holdings+PLC,1620597025,17:50:25,20210509
1,2019-12-31,QTX.L,GBP,2019-12-31,2019-12-31,FY,25621000.0,8995000.0,16626000.0,0.6489208071503845,0.0,10188000.0,0.0,0.0,10188000.0,19183000.0,21000.0,370000.0,6808000.0,0.2657195269505484,6438000.0,0.25127824831193163,0.0,6451000.0,0.25178564458842356,1041000.0,5410000.0,0.21115491198626127,0.1129,0.1125,47916951,48095333,https://find-and-update.company-information.service.gov.uk/search/companies?q=Quartix+Holdings+PLC,https://find-and-update.company-information.service.gov.uk/search/companies?q=Quartix+Holdings+PLC,1620597025,17:50:25,20210509
2,2018-12-31,QTX.L,GBP,2018-12-31,2018-12-31,FY,25706000.0,8543000.0,17163000.0,0.6676651365439975,0.0,9122000.0,0.0,0.0,9122000.0,17665000.0,0.0,185000.0,8226000.0,0.32000311211390337,8041000.0,0.31280634871236285,0.0,8070000.0,0.3139344900023341,1210000.0,6860000.0,0.26686376721388005,0.1438,0.1419,47713566,48354756,https://find-and-update.company-information.service.gov.uk/search/companies?q=Quartix+Holdings+PLC,https://find-and-update.company-information.service.gov.uk/search/companies?q=Quartix+Holdings+PLC,1620597025,17:50:25,20210509
3,2017-12-31,QTX.L,GBP,2017-12-31,2017-12-31,FY,24488000.0,9646000.0,14842000.0,0.60609278013721,0.0,8249000.0,0.0,0.0,8249000.0,17895000.0,0.0,186000.0,6779000.0,0.2768294674942829,6593000.0,0.26923391048676903,0.0,6610000.0,0.2699281280627246,788000.0,5822000.0,0.23774910160078405,0.1227,0.1221,47459712,47667194,https://find-and-update.company-information.service.gov.uk/search/companies?q=Quartix+Holdings+PLC,https://find-and-update.company-information.service.gov.uk/search/companies?q=Quartix+Holdings+PLC,1620597025,17:50:25,20210509
4,2016-12-31,QTX.L,GBP,2016-12-31,2016-12-31,FY,23339000.0,9276000.0,14063000.0,0.6025536655383692,0.0,7520000.0,0.0,0.0,7520000.0,16796000.0,24000.0,152000.0,6695000.0,0.28685890569433137,6543000.0,0.28034620163674534,0.0,6540000.0,0.2802176614250825,453000.0,6087000.0,0.2608080894639873,0.1287,0.127,47292755,47929813,https://find-and-update.company-information.service.gov.uk/search/companies?q=Quartix+Holdings+PLC,https://find-and-update.company-information.service.gov.uk/search/companies?q=Quartix+Holdings+PLC,1620597025,17:50:25,20210509
5,2015-12-31,QTX.L,GBP,2015-12-31,2015-12-31,FY,19675000.0,7525000.0,12150000.0,0.6175349428208387,0.0,6105000.0,0.0,0.0,6105000.0,13630000.0,69000.0,132000.0,6177000.0,0.3139517153748412,6045000.0,0.3072426937738246,0.0,5989000.0,0.3043964421855146,975000.0,5014000.0,0.2548411689961881,0.1069,0.1053,46912132,47595383,https://find-and-update.company-information.service.gov.uk/search/companies?q=Quartix+Holdings+PLC,https://find-and-update.company-information.service.gov.uk/search/companies?q=Quartix+Holdings+PLC,1620597025,17:50:25,20210509
6,2014-12-31,QTX.L,GBP,2014-12-31,2014-12-31,FY,15331000.0,5388000.0,9943000.0,0.6485552149240101,0.0,5058000.0,0.0,0.0,5058000.0,10446000.0,104000.0,83000.0,4968000.0,0.3240493118518035,4885000.0,0.3186354445241667,0.0,5043000.0,0.3289413606418368,1011000.0,4032000.0,0.2629965429521884,0.0868,0.0855,46459018,47171899,https://find-and-update.company-information.service.gov.uk/search/companies?q=Quartix+Holdings+PLC,https://find-and-update.company-information.service.gov.uk/search/companies?q=Quartix+Holdings+PLC,1620597025,17:50:25,20210509
7,2013-12-31,QTX.L,GBP,2013-12-31,2013-12-31,FY,13180000.0,4590000.0,8590000.0,0.6517450682852808,0.0,3877000.0,0.0,0.0,3877000.0,8467000.0,120000.0,59000.0,4772000.0,0.3620637329286798,4713000.0,0.35758725341426406,0.0,4605000.0,0.3493930197268589,742000.0,3863000.0,0.2930955993930197,0.08283,0.08283,46637500,46637500,https://find-and-update.company-information.service.gov.uk/search/companies?q=Quartix+Holdings+PLC,https://find-and-update.company-information.service.gov.uk/search/companies?q=Quartix+Holdings+PLC,1620597025,17:50:25,20210509
8,2012-12-31,QTX.L,GBP,2012-12-31,2012-12-31,FY,8311000.0,2298000.0,6013000.0,0.7234989772590542,0.0,3093000.0,0.0,0.0,3093000.0,5391000.0,208000.0,39000.0,2959000.0,0.35603417157983397,2920000.0,0.35134159547587535,0.0,2806000.0,0.33762483455661174,476000.0,2330000.0,0.28035134159547587,0.04996,0.04996,46637500,46637500,https://find-and-update.company-information.service.gov.uk/search/companies?q=Quartix+Holdings+PLC,https://find-and-update.company-information.service.gov.uk/search/companies?q=Quartix+Holdings+PLC,1620597025,17:50:25,20210509
9,2011-12-31,QTX.L,GBP,2011-12-31,2011-12-31,FY,6744000.0,2471000.0,4273000.0,0.633600237247924,0.0,2467000.0,0.0,0.0,2467000.0,4938000.0,302000.0,36000.0,1842000.0,0.27313167259786475,1806000.0,0.2677935943060498,0.0,1506000.0,0.22330960854092527,292000.0,1214000.0,0.18001186239620404,0.026031,0.026031,46637500,46637500,https://find-and-update.company-information.service.gov.uk/search/companies?q=Quartix+Holdings+PLC,https://find-and-update.company-information.service.gov.uk/search/companies?q=Quartix+Holdings+PLC,1620597025,17:50:25,20210509
