,date,symbol,reportedCurrency,fillingDate,acceptedDate,period,revenue,costOfRevenue,grossProfit,grossProfitRatio,researchAndDevelopmentExpenses,generalAndAdministrativeExpenses,sellingAndMarketingExpenses,otherExpenses,operatingExpenses,costAndExpenses,interestExpense,depreciationAndAmortization,ebitda,ebitdaratio,operatingIncome,operatingIncomeRatio,totalOtherIncomeExpensesNet,incomeBeforeTax,incomeBeforeTaxRatio,incomeTaxExpense,netIncome,netIncomeRatio,eps,epsdiluted,weightedAverageShsOut,weightedAverageShsOutDil,link,finalLink,timestamp,est_time,est_date
0,2020-03-31,0684.HK,HKD,2020-03-31,2020-03-31,FY,982835000,839033000,143802000,0.14631347072499454,0.0,103975000,18384000.0,12168000.0,0.0,953991000,1025000.0,16067000.0,44911000,0.04569536086932191,28844000.0,0.029347754200857723,0.0,-12787000,-0.013010322180223537,5377000.0,-18164000,-0.018481230318415604,-0.054,-0.054,335433000,335433000,https://www1.hkexnews.hk/search/titlesearch.xhtml,https://www1.hkexnews.hk/search/titlesearch.xhtml,1620584859,14:27:39,20210509
1,2019-03-31,0684.HK,HKD,2019-03-31,2019-03-31,FY,1209200000,1114118000,95082000,0.07863215348991069,0.0,102571000,23850000.0,25914000.0,0.0,1258412000,994000.0,26762000.0,-22450000,-0.018565994045650017,-49212000.0,-0.04069798213695005,0.0,33852000,0.027995368838901753,5733000.0,28119000,0.023254217664571617,0.084,0.084,335433000,335433000,https://www1.hkexnews.hk/search/titlesearch.xhtml,https://www1.hkexnews.hk/search/titlesearch.xhtml,1620584859,14:27:39,20210509
2,2018-03-31,0684.HK,HKD,2018-03-31,2018-03-31,FY,1305166000,1176304000,128862000,0.09873226853902109,0.0,108670000,24574000.0,26027000.0,0.0,1309242000,612000.0,47286000.0,43210000,0.03310689981197794,-4076000.0,-0.0031229743955941236,0.0,55453000,0.04248731578971564,8673000.0,46780000,0.03584218405934571,0.139,0.139,335433000,335433000,https://www1.hkexnews.hk/search/titlesearch.xhtml,https://www1.hkexnews.hk/search/titlesearch.xhtml,1620584859,14:27:39,20210509
3,2017-03-31,0684.HK,HKD,2017-03-31,2017-03-31,FY,1325082000,1133545000,191537000,0.1445472808475249,0.0,117849000,24703000.0,4512000.0,0.0,1254682000,676000.0,59641000.0,130041000,0.09813807749256273,70400000.0,0.05312878750145274,0.0,84225000,0.06356210408110592,11278000.0,72947000,0.055050932696995354,0.217,0.217,335433000,335433000,https://www1.hkexnews.hk/search/titlesearch.xhtml,https://www1.hkexnews.hk/search/titlesearch.xhtml,1620584859,14:27:39,20210509
4,2016-03-31,0684.HK,HKD,2016-03-31,2016-03-31,FY,1565325000,1376692000,188633000,0.12050724290482807,0.0,129511000,30148000.0,116387000.0,0.0,1533278000,959000.0,68185000.0,100232000,0.06403270886237682,32047000.0,0.020473064699024164,0.0,143012000,0.0913624966061361,7356000.0,135656000,0.08666315301934104,0.404,0.404,335433000,335433000,https://www1.hkexnews.hk/search/titlesearch.xhtml,https://www1.hkexnews.hk/search/titlesearch.xhtml,1620584859,14:27:39,20210509
5,2015-03-31,0684.HK,HKD,2015-03-31,2015-03-31,FY,1946003000,1724655000,221348000,0.11374494283924537,0.0,144017000,34599000.0,4999000.0,0.0,1900946000,1428000.0,71552000.0,116609000,0.05992231255553049,45057000.0,0.02315361281560203,0.0,85933000,0.04415871917977516,15453000.0,70480000,0.0362178270023222,0.21,0.21,335433000,335433000,https://www1.hkexnews.hk/search/titlesearch.xhtml,https://www1.hkexnews.hk/search/titlesearch.xhtml,1620584859,14:27:39,20210509
6,2014-03-31,0684.HK,HKD,2014-03-31,2014-03-31,FY,2015405000,1770775000,244630000,0.12138007001074226,0.0,138171000,35370000.0,5341000.0,0.0,1941819000,2048000.0,78548000.0,152134000,0.07548557237875266,73586000.0,0.03651176810616229,0.0,105319000,0.05225699053043929,21862000.0,83457000,0.041409542995080394,0.249,0.249,335443000,335443000,https://www1.hkexnews.hk/search/titlesearch.xhtml,https://www1.hkexnews.hk/search/titlesearch.xhtml,1620584859,14:27:39,20210509
7,2013-03-31,0684.HK,HKD,2013-03-31,2013-03-31,FY,2356362000,2072739000,283623000,0.1203647826607287,0.0,143347000,38044000.0,3921000.0,0.0,2251552000,2934000.0,75452000.0,180262000,0.0765001302855843,104810000.0,0.04447958335773536,0.0,133130000,0.05649811022245309,24304000.0,108826000,0.04618390552894674,0.324,0.324,335433000,335433000,https://www1.hkexnews.hk/search/titlesearch.xhtml,https://www1.hkexnews.hk/search/titlesearch.xhtml,1620584859,14:27:39,20210509
8,2012-03-31,0684.HK,HKD,2012-03-31,2012-03-31,FY,2416920000,2105080000,311840000,0.12902371613458452,0.0,137671000,37743000.0,20747000.0,0.0,2281747000,2469000.0,54905000.0,190078000,0.0786447213809311,135173000.0,0.05592779239693494,0.0,153451000,0.06349030998129851,26314000.0,127137000,0.052602899558115285,0.379,0.379,335433000,335433000,https://www1.hkexnews.hk/search/titlesearch.xhtml,https://www1.hkexnews.hk/search/titlesearch.xhtml,1620584859,14:27:39,20210509
9,2011-03-31,0684.HK,HKD,2011-03-31,2011-03-31,FY,2220511000,1853944000,366567000,0.1650822716032481,0.0,144698000,35297000.0,9565000.0,0.0,2030198000,0.0,35115000.0,225428000,0.10152077607361548,190313000.0,0.08570684855873265,0.0,199631000,0.08990317994371566,36642000.0,162989000,0.07340157288119717,0.486,0.486,335433000,335433000,https://www1.hkexnews.hk/search/titlesearch.xhtml,https://www1.hkexnews.hk/search/titlesearch.xhtml,1620584859,14:27:39,20210509
10,2010-03-31,0684.HK,HKD,2010-03-31,2010-03-31,FY,1820187000,1445853000,374334000,0.20565689129743261,0.0,114405000,30602000.0,2500000.0,0.0,1587994000,0.0,33268000.0,265461000,0.1458427073701768,232193000.0,0.12756546442755606,0.0,234483000,0.12882357691819576,44875000.0,189608000,0.10416951664856414,0.565,0.565,335433000,335433000,https://www1.hkexnews.hk/search/titlesearch.xhtml,https://www1.hkexnews.hk/search/titlesearch.xhtml,1620584859,14:27:39,20210509
11,2009-03-31,0684.HK,HKD,2009-03-31,2009-03-31,FY,1869529000,1573637000,295892000,0.15827087999169845,0.0,122041000,34213000.0,-700000.0,0.0,1727571000,0.0,33040000.0,174998000,0.09360539472776298,141958000.0,0.0759324942271556,0.0,130881000,0.07000747247033878,23943000.0,106938000,0.05720050344231087,0.319,0.319,335433000,335433000,https://www1.hkexnews.hk/search/titlesearch.xhtml,https://www1.hkexnews.hk/search/titlesearch.xhtml,1620584859,14:27:39,20210509
12,2008-03-31,0684.HK,HKD,2008-03-31,2008-03-31,FY,1547825000,1344202000,203623000,0.13155427777688047,0.0,111612000,33445000.0,0.0,0.0,1489259000,0.0,40265000.0,98831000,0.06385153360360506,58566000.0,0.03783761084101885,0.0,74757000,0.04829809571495486,9885000.0,64872000,0.04191171482564243,0.193,0.193,336124352,336124352,https://www1.hkexnews.hk/search/titlesearch.xhtml,https://www1.hkexnews.hk/search/titlesearch.xhtml,1620584859,14:27:39,20210509
13,2007-03-31,0684.HK,HKD,2007-03-31,2007-03-31,FY,1072144000,887004000,185140000,0.17268202778731215,0.0,88742000,0.0,0.0,0.0,1002802000,0.0,34666000.0,104008000,0.09700935695205122,69342000.0,0.06467601366980555,0.0,79711000,0.07434728917011148,10616000.0,69095000,0.06444563416854453,0.206,0.206,335412621,335412621,https://www1.hkexnews.hk/search/titlesearch.xhtml,https://www1.hkexnews.hk/search/titlesearch.xhtml,1620584859,14:27:39,20210509
14,2006-03-31,0684.HK,HKD,2006-03-31,2006-03-31,FY,819986000,673067000,146919000,0.17917257123902117,0.0,89402000,0.0,0.0,0.0,784648000,0.0,42172000.0,77510000,0.09452600410250907,35338000.0,0.04309585773415644,0.0,43626000,0.05320334737422346,6487000.0,37139000,0.04529223669672409,0.111,0.111,334585586,334585586,https://www1.hkexnews.hk/search/titlesearch.xhtml,https://www1.hkexnews.hk/search/titlesearch.xhtml,1620584859,14:27:39,20210509
15,2005-03-31,0684.HK,HKD,2005-03-31,2005-03-31,FY,793435000,654350000,139085000,0.17529476264596344,0.0,81237000,0.0,0.0,0.0,760609000,0.0,41316000.0,74142000,0.0934443275126507,32826000.0,0.04137200904926049,0.0,40117000,0.0505611675814654,4792000.0,35325000,0.04452160542451493,0.105,0.105,336428571,336428571,https://www1.hkexnews.hk/search/titlesearch.xhtml,https://www1.hkexnews.hk/search/titlesearch.xhtml,1620584859,14:27:39,20210509
16,2004-03-31,0684.HK,HKD,2004-03-31,2004-03-31,FY,833427000,669581000,163846000,0.19659310293523008,0.0,82737000,0.0,0.0,0.0,785647000,0.0,43342000.0,91122000,0.10933411084594091,47780000.0,0.05732955615788785,0.0,53960000,0.06474472269316929,8070000.0,45890000,0.05506181105243771,0.137,0.137,334963504,334963504,https://www1.hkexnews.hk/search/titlesearch.xhtml,https://www1.hkexnews.hk/search/titlesearch.xhtml,1620584859,14:27:39,20210509
17,2003-03-31,0684.HK,HKD,2003-03-31,2003-03-31,FY,769638000,594002000,175636000,0.2282059877500851,0.0,81776000,0.0,0.0,0.0,703616000,0.0,38251000.0,104273000,0.1354831752070454,66022000.0,0.08578318638112983,0.0,62574000,0.08130315810809757,4976000.0,57598000,0.07483778087880276,0.172,0.172,334872093,334872093,https://www1.hkexnews.hk/search/titlesearch.xhtml,https://www1.hkexnews.hk/search/titlesearch.xhtml,1620584859,14:27:39,20210509
18,2002-03-31,0684.HK,HKD,2002-03-31,2002-03-31,FY,730667000,545580000,185087000,0.2533123844377808,0.0,91858000,0.0,0.0,0.0,664211000,0.0,0.0,66456000,0.09095251325159066,66456000.0,0.09095251325159066,0.0,68999000,0.09443289487550416,8968000.0,60031000,0.0821591778470904,0.179,0.179,335368715,335368715,https://www1.hkexnews.hk/search/titlesearch.xhtml,https://www1.hkexnews.hk/search/titlesearch.xhtml,1620584859,14:27:39,20210509
19,2001-03-31,0684.HK,HKD,2001-03-31,2001-03-31,FY,904242000,687045000,217197000,0.2401978673850584,0.0,91961000,0.0,0.0,0.0,807792000,0.0,0.0,96450000,0.10666392403803407,96450000.0,0.10666392403803407,0.0,92089000,0.10184110005949734,7468000.0,84621000,0.09358224899971468,0.2584,0.2489,327480650,339979912,https://www1.hkexnews.hk/search/titlesearch.xhtml,https://www1.hkexnews.hk/search/titlesearch.xhtml,1620584859,14:27:39,20210509
20,2000-03-31,0684.HK,HKD,2000-03-31,2000-03-31,FY,726955000,540549000,186406000,0.25642027360703207,0.0,94726000,0.0,0.0,0.0,654252000,0.0,0.0,72703000,0.10001031700724254,72703000.0,0.10001031700724254,0.0,78939000,0.10858856462917237,9270000.0,69669000,0.09583674367739406,0.221,0.2151,315244344,323891213,https://www1.hkexnews.hk/search/titlesearch.xhtml,https://www1.hkexnews.hk/search/titlesearch.xhtml,1620584859,14:27:39,20210509
21,1999-03-31,0684.HK,HKD,1999-03-31,1999-03-31,FY,485214000,351508000,133706000,0.27556088653666216,0.0,69618000,0.0,0.0,0.0,435279000,0.0,0.0,49935000,0.10291335369548282,49935000.0,0.10291335369548282,0.0,52790000,0.10879735539370257,6965000.0,45825000,0.0944428643856113,0.1454,0.1444,315165062,317347645,https://www1.hkexnews.hk/search/titlesearch.xhtml,https://www1.hkexnews.hk/search/titlesearch.xhtml,1620584859,14:27:39,20210509
