,date,symbol,reportedCurrency,fillingDate,acceptedDate,period,revenue,costOfRevenue,grossProfit,grossProfitRatio,researchAndDevelopmentExpenses,generalAndAdministrativeExpenses,sellingAndMarketingExpenses,otherExpenses,operatingExpenses,costAndExpenses,interestExpense,depreciationAndAmortization,ebitda,ebitdaratio,operatingIncome,operatingIncomeRatio,totalOtherIncomeExpensesNet,incomeBeforeTax,incomeBeforeTaxRatio,incomeTaxExpense,netIncome,netIncomeRatio,eps,epsdiluted,weightedAverageShsOut,weightedAverageShsOutDil,link,finalLink,timestamp,est_time,est_date
0,2020-12-31,0360.HK,CNY,2020-12-31,2020-12-31,FY,911727000,807316000,104411000,0.11452002627979647,0.0,81232000,101629000.0,2988000.0,0.0,1276634000,42880000.0,0.0,-360901000.0,-0.39584327326052643,-364907000.0,-0.495078022258856,0.0,-451376000.0,-0.495078022258856,22282000.0,-466748000.0,-0.511938332417489,-0.069,-0.069,6767636000,6767636000,https://www1.hkexnews.hk/search/titlesearch.xhtml,https://www1.hkexnews.hk/search/titlesearch.xhtml,1620584690,14:24:50,20210509
1,2019-12-31,0360.HK,CNY,2019-12-31,2019-12-31,FY,1750632000,1610550000,140082000,0.08001795922843864,0.0,118546000,169649000.0,3721000.0,0.0,1905430000,63390000.0,88696000.0,-66102000.0,-0.037758935058881594,-154798000.0,-0.08842406628006343,0.0,-207350000.0,-0.1184429394641478,-33804000.0,-191108000.0,-0.10916514721540564,-0.0282,-0.0282,6767636000,6767636000,https://www1.hkexnews.hk/search/titlesearch.xhtml,https://www1.hkexnews.hk/search/titlesearch.xhtml,1620584690,14:24:50,20210509
2,2018-12-31,0360.HK,CNY,2018-12-31,2018-12-31,FY,1792548000,1542245000,250303000,0.1396353124156229,0.0,160169000,208701000.0,3630000.0,0.0,1909963000,43508000.0,45939000.0,-71476000.0,-0.039873967112735616,-117415000.0,-0.06550173272905384,0.0,81769000.0,0.04561607276346296,27964000.0,107833000.0,0.0601562691766134,0.0184,0.0184,5870809000,5870809000,https://www1.hkexnews.hk/search/titlesearch.xhtml,https://www1.hkexnews.hk/search/titlesearch.xhtml,1620584690,14:24:50,20210509
3,2017-12-31,0360.HK,CNY,2017-12-31,2017-12-31,FY,1267928000,1045573000,222355000,0.1753687906568827,0.0,152619000,184082000.0,6650000.0,0.0,1381696000,47885000.0,39917000.0,-73851000.0,-0.058245420875633315,-113768000.0,-0.0897274924128184,0.0,-371338000.0,-0.2928699421418251,-1368000.0,-315465000.0,-0.2488035598235862,-0.0679,-0.0679,4648954000,4648954000,https://www1.hkexnews.hk/search/titlesearch.xhtml,https://www1.hkexnews.hk/search/titlesearch.xhtml,1620584690,14:24:50,20210509
4,2016-12-31,0360.HK,CNY,2016-12-31,2016-12-31,FY,1292665000,1017862000,274803000,0.21258640096235296,0.0,149492000,213738000.0,11324000.0,0.0,1378585000,40885000.0,37497000.0,-48423000.0,-0.03745982137676815,-85920000.0,-0.06646733685835077,0.0,-145811000.0,-0.11279875296383828,2507000.0,-123459000.0,-0.0955073433565541,-0.027,-0.027,4576331973,4576331973,https://www1.hkexnews.hk/search/titlesearch.xhtml,https://www1.hkexnews.hk/search/titlesearch.xhtml,1620584690,14:24:50,20210509
5,2015-12-31,0360.HK,CNY,2015-12-31,2015-12-31,FY,1254191000,999070000,255121000,0.203414790889107,0.0,143331000,198621000.0,8217000.0,0.0,1340282000,37713000.0,40279000.0,-45812000.0,-0.036527131832392354,-86091000.0,-0.06864265490662906,0.0,-103302000.0,-0.08236544513554953,645000.0,-90967000.0,-0.07253042000779786,-0.0241,-0.0241,3770249117,3770249117,https://www1.hkexnews.hk/search/titlesearch.xhtml,https://www1.hkexnews.hk/search/titlesearch.xhtml,1620584690,14:24:50,20210509
6,2014-12-31,0360.HK,CNY,2014-12-31,2014-12-31,FY,1397498000,1100379000,297119000,0.21260781768560671,0.0,121268000,225042000.0,7434000.0,0.0,1443919000,26266000.0,43080000.0,-3341000.0,-0.0023907010958155216,-46421000.0,-0.03321722106221261,0.0,-26379000.0,-0.018875876745440782,9422000.0,-43223000.0,-0.030928845694233553,-0.0127,-0.0127,3400101211,3400101211,https://www1.hkexnews.hk/search/titlesearch.xhtml,https://www1.hkexnews.hk/search/titlesearch.xhtml,1620584690,14:24:50,20210509
7,2013-12-31,0360.HK,CNY,2013-12-31,2013-12-31,FY,1414616000,1156592000,258024000,0.18239861559603454,0.0,160159000,252116000.0,3228000.0,0.0,1566634000,25635000.0,54224000.0,-97794000.0,-0.06913112816481645,-152018000.0,-0.10746237848292399,0.0,-565262000.0,-0.3995868843558959,-48412000.0,-446700000.0,-0.31577474028287533,-0.316,-0.316,1414085597,1414085597,https://www1.hkexnews.hk/search/titlesearch.xhtml,https://www1.hkexnews.hk/search/titlesearch.xhtml,1620584690,14:24:50,20210509
8,2012-12-31,0360.HK,CNY,2012-12-31,2012-12-31,FY,1397885000,1003715000,394170000,0.28197598514899297,0.0,159909000,304344000.0,7902000.0,0.0,1464887000,28138000.0,46886000.0,-20116000.0,-0.014390311077091463,-67002000.0,-0.04793098144697167,0.0,-373877000.0,-0.2674590542140448,-16017000.0,-324262000.0,-0.23196614886060013,-0.474,-0.474,684118000,684118000,https://www1.hkexnews.hk/search/titlesearch.xhtml,https://www1.hkexnews.hk/search/titlesearch.xhtml,1620584690,14:24:50,20210509
9,2011-12-31,0360.HK,CNY,2011-12-31,2011-12-31,FY,1493140000,1086669000,406471000,0.27222564528443416,0.0,93009000,226468000.0,0.0,0.0,1389181000,19630000.0,37406000.0,141365000.0,0.09467631970210429,103959000.0,0.0696244156609561,0.0,85766000.0,0.05744002571761523,25251000.0,28127000.0,0.01883748342419331,0.0491,0.0486,572965000,579056000,https://www1.hkexnews.hk/search/titlesearch.xhtml,https://www1.hkexnews.hk/search/titlesearch.xhtml,1620584690,14:24:50,20210509
10,2010-12-31,0360.HK,CNY,2010-12-31,2010-12-31,FY,1076842000,772611000,304231000,0.28252148411744715,0.0,85781000,171678000.0,0.0,0.0,1009526000,5495000.0,28330000.0,95646000.0,0.08882082979675755,67316000.0,0.06251242057794923,0.0,61821000.0,0.05740953640366925,14183000.0,34129000.0,0.03169360036105576,0.0618,0.0612,552208000,557553000,https://www1.hkexnews.hk/search/titlesearch.xhtml,https://www1.hkexnews.hk/search/titlesearch.xhtml,1620584690,14:24:50,20210509
11,2009-12-31,0360.HK,CNY,2009-12-31,2009-12-31,FY,642349000,457720000,184629000,0.287427862423698,0.0,57870000,101421000.0,0.0,0.0,607803000,9909000.0,22364000.0,56910000.0,0.08859669743394946,34546000.0,0.05378073290376415,0.0,24637000.0,0.03835453935477443,7496000.0,11533000.0,0.017954414189171305,0.0245,0.0243,471043000,474466000,https://www1.hkexnews.hk/search/titlesearch.xhtml,https://www1.hkexnews.hk/search/titlesearch.xhtml,1620584690,14:24:50,20210509
12,2008-12-31,0360.HK,CNY,2008-12-31,2008-12-31,FY,707426000,541805000,165621000,0.23411777344909573,0.0,65901000,89973000.0,0.0,0.0,674073000,15562000.0,20238000.0,53591000.0,0.07575491994922437,33353000.0,0.04714698074427573,0.0,17791000.0,0.025148920169742135,4996000.0,10922000.0,0.015439070658980586,0.0242,0.0154,451590000,504497000,https://www1.hkexnews.hk/search/titlesearch.xhtml,https://www1.hkexnews.hk/search/titlesearch.xhtml,1620584690,14:24:50,20210509
13,2007-12-31,0360.HK,CNY,2007-12-31,2007-12-31,FY,763451000,623067000,140384000,0.18388082535748856,0.0,70287000,0.0,0.0,0.0,747504000,0.0,23253000.0,39200000.0,0.05134579691427479,15947000.0,0.02088804651510051,0.0,22429000.0,0.029378440790568092,1067000.0,21362000.0,0.027980839634763725,0.0411,0.0135,433972000,469695000,https://www1.hkexnews.hk/search/titlesearch.xhtml,https://www1.hkexnews.hk/search/titlesearch.xhtml,1620584690,14:24:50,20210509
14,2006-12-31,0360.HK,CNY,2006-12-31,2006-12-31,FY,533302000,458942000,74360000,0.13943319170001237,0.0,50361000,0.0,0.0,0.0,528604000,0.0,2567000.0,7265000.0,0.013622675332175765,4698000.0,0.008809267544468237,0.0,2460000.0,0.004612771000296267,4201000.0,-1741000.0,-0.0032645667932991065,-0.004100841602932066,-0.004098939596556985,424547000,424744000,https://www1.hkexnews.hk/search/titlesearch.xhtml,https://www1.hkexnews.hk/search/titlesearch.xhtml,1620584690,14:24:50,20210509
15,2005-12-31,0360.HK,CNY,2005-12-31,2005-12-31,FY,507471000,385816000,121655000,0.23972798445625465,0.0,39465000,28188000.0,0.0,0.0,448530000,477000.0,10039000.0,68980000.0,0.1359289496345604,58941000.0,0.11614653842288525,0.0,65542000.0,0.12915417826831485,9924000.0,55618000.0,0.10959838099122905,0.145,0.144,383333000,386483000,https://www1.hkexnews.hk/search/titlesearch.xhtml,https://www1.hkexnews.hk/search/titlesearch.xhtml,1620584690,14:24:50,20210509
16,2004-12-31,0360.HK,CNY,2004-12-31,2004-12-31,FY,356729000,261791000,94938000,0.2661347970027668,0.0,23774000,20789000.0,0.0,0.0,305784000,1135000.0,5496000.0,56441000.0,0.15821814318432198,50945000.0,0.14281148995455933,0.0,49918000.0,0.13993255384339373,37000.0,50327000.0,0.14107908244073233,0.168,0.168,300000000,300000000,https://www1.hkexnews.hk/search/titlesearch.xhtml,https://www1.hkexnews.hk/search/titlesearch.xhtml,1620584690,14:24:50,20210509
