,date,symbol,reportedCurrency,fillingDate,acceptedDate,period,revenue,costOfRevenue,grossProfit,grossProfitRatio,researchAndDevelopmentExpenses,generalAndAdministrativeExpenses,sellingAndMarketingExpenses,otherExpenses,operatingExpenses,costAndExpenses,interestExpense,depreciationAndAmortization,ebitda,ebitdaratio,operatingIncome,operatingIncomeRatio,totalOtherIncomeExpensesNet,incomeBeforeTax,incomeBeforeTaxRatio,incomeTaxExpense,netIncome,netIncomeRatio,eps,epsdiluted,weightedAverageShsOut,weightedAverageShsOutDil,link,finalLink,timestamp,est_time,est_date
0,2020-12-31,0646.HK,HKD,2020-12-31,2020-12-31,FY,53500000,36122000,17378000.0,0.32482242990654203,0.0,58674000,1774000.0,1022000.0,0.0,96169000,32516000.0,0.0,-41644000.0,-0.7783925233644859,-42669000.0,-1.2740747663551402,0.0,-68163000.0,-1.2740747663551402,0.0,-68051000.0,-1.271981308411215,-0.018642276006277738,-0.018642276006277738,3650359000,3650359000,https://www1.hkexnews.hk/search/titlesearch.xhtml,https://www1.hkexnews.hk/search/titlesearch.xhtml,1620584838,14:27:18,20210509
1,2019-12-31,0646.HK,HKD,2019-12-31,2019-12-31,FY,33787000,28886000,4901000.0,0.14505579068872643,0.0,50496000,1432000.0,0.0,0.0,260789000,44488000.0,11242000.0,-215760000.0,-6.385888063456359,-227002000.0,-6.718619587415278,0.0,-263074000.0,-7.786249149081008,-634000.0,-260883000.0,-7.7214017225560125,-0.0715,-0.0715,3650359000,3650359000,https://www1.hkexnews.hk/search/titlesearch.xhtml,https://www1.hkexnews.hk/search/titlesearch.xhtml,1620584838,14:27:18,20210509
2,2018-12-31,0646.HK,HKD,2018-12-31,2018-12-31,FY,49443000,39395000,10048000.0,0.2032239144064883,0.0,87698000,1368000.0,0.0,0.0,127994000,16218000.0,2490000.0,-76061000.0,-1.5383573003256275,-78551000.0,-1.5887183221082863,0.0,-326721000.0,-6.608033493113282,-308000.0,-309054000.0,-6.250712942175839,-0.0847,-0.0847,3650359000,3650359000,https://www1.hkexnews.hk/search/titlesearch.xhtml,https://www1.hkexnews.hk/search/titlesearch.xhtml,1620584838,14:27:18,20210509
3,2017-12-31,0646.HK,HKD,2017-12-31,2017-12-31,FY,79166000,40954000,38212000.0,0.48268195942702674,0.0,63784000,799000.0,0.0,0.0,105602000,9081000.0,14220000.0,-12216000.0,-0.15430866786246622,-26436000.0,-0.3339312331051209,0.0,-54597000.0,-0.6896521233863022,4464000.0,-60666000.0,-0.7663138215900765,-0.0174,-0.0174,3491866000,3491866000,https://www1.hkexnews.hk/search/titlesearch.xhtml,https://www1.hkexnews.hk/search/titlesearch.xhtml,1620584838,14:27:18,20210509
4,2016-12-31,0646.HK,HKD,2016-12-31,2016-12-31,FY,34689000,27923000,6766000.0,0.19504742137276945,0.0,47438000,855000.0,0.0,0.0,76102000,9275000.0,4545000.0,-36868000.0,-1.062815301680648,-41413000.0,-1.193836662919081,0.0,-62541000.0,-1.8029058202888524,-2454000.0,-55239000.0,-1.5924068148404393,-0.0219,-0.0219,2518220000,2518220000,https://www1.hkexnews.hk/search/titlesearch.xhtml,https://www1.hkexnews.hk/search/titlesearch.xhtml,1620584838,14:27:18,20210509
5,2015-12-31,0646.HK,HKD,2015-12-31,2015-12-31,FY,61999000,41702000,20297000.0,0.32737624800400006,0.0,60852000,1083000.0,0.0,0.0,103546000,8598000.0,4948000.0,-36599000.0,-0.5903159728382715,-41547000.0,-0.670123711672769,0.0,-70198000.0,-1.132244068452717,687000.0,-74117000.0,-1.1954547653994418,-0.0296,-0.0296,2500303000,2500303000,https://www1.hkexnews.hk/search/titlesearch.xhtml,https://www1.hkexnews.hk/search/titlesearch.xhtml,1620584838,14:27:18,20210509
6,2014-12-31,0646.HK,HKD,2014-12-31,2014-12-31,FY,89319000,66545000,22774000.0,0.25497374578757037,0.0,63400000,3300000.0,120000.0,0.0,133227000,8249000.0,15400000.0,-28508000.0,-0.31917061319540074,-43908000.0,-0.49158633661371043,0.0,-54072000.0,-0.6053807140697948,-92000.0,-75307000.0,-0.8431240833417302,-0.0301,-0.0301,2500303000,2500303000,https://www1.hkexnews.hk/search/titlesearch.xhtml,https://www1.hkexnews.hk/search/titlesearch.xhtml,1620584838,14:27:18,20210509
7,2013-12-31,0646.HK,HKD,2013-12-31,2013-12-31,FY,56311000,44883000,11428000.0,0.20294436255793716,0.0,58083000,4693000.0,354000.0,0.0,107121000,13866000.0,13657000.0,-37153000.0,-0.6597822805490934,-50810000.0,-0.9023103834064392,0.0,-65965000.0,-1.1714407486991885,-996000.0,-64568000.0,-1.1466320967484152,-0.0258,-0.0258,2500303000,2500303000,https://www1.hkexnews.hk/search/titlesearch.xhtml,https://www1.hkexnews.hk/search/titlesearch.xhtml,1620584838,14:27:18,20210509
8,2012-03-31,0646.HK,HKD,2012-03-31,2012-03-31,FY,144883000,118242000,26641000.0,0.18387940614150727,0.0,44907000,6664000.0,0.0,0.0,169612000,0.0,14302000.0,-10427000.0,-0.07196841589420429,-24729000.0,-0.1706825507478448,0.0,-32802000.0,-0.22640337375675545,-387000.0,-55238000.0,-0.3812593610016358,-0.0227,-0.0227,2437800000,2437800000,https://www1.hkexnews.hk/search/titlesearch.xhtml,https://www1.hkexnews.hk/search/titlesearch.xhtml,1620584838,14:27:18,20210509
9,2011-03-31,0646.HK,HKD,2011-03-31,2011-03-31,FY,158709000,126908000,31801000.0,0.20037300972219596,0.0,65290000,9025000.0,0.0,0.0,208274000,226000.0,7359000.0,-42206000.0,-0.26593324890207864,-49565000.0,-0.31230112974059443,0.0,-42760000.0,-0.2694239142077639,917000.0,-43677000.0,-0.27520178439786025,-0.019,-0.019,2297409000,2297409000,https://www1.hkexnews.hk/search/titlesearch.xhtml,https://www1.hkexnews.hk/search/titlesearch.xhtml,1620584838,14:27:18,20210509
10,2010-03-31,0646.HK,HKD,2010-03-31,2010-03-31,FY,147311000,108729000,38582000.0,0.2619084793396284,0.0,31896000,11246000.0,0.0,0.0,144111000,262000.0,3428000.0,6628000.0,0.04499324558247517,3200000.0,0.021722749828593926,0.0,6978000.0,0.04736917134497763,3238000.0,3740000.0,0.025388463862169152,0.0017,0.0017,2232992000,2232992000,https://www1.hkexnews.hk/search/titlesearch.xhtml,https://www1.hkexnews.hk/search/titlesearch.xhtml,1620584838,14:27:18,20210509
11,2009-03-31,0646.HK,HKD,2009-03-31,2009-03-31,FY,189357000,147867000,41490000.0,0.21910993520176175,0.0,33404000,20114000.0,0.0,0.0,202993000,1019000.0,3590000.0,-10046000.0,-0.05305322750149189,-13636000.0,-0.07201212524490777,0.0,-14655000.0,-0.0773934948272311,172000.0,-14810000.0,-0.0782120544791056,-0.00935,-0.00935,1582252000,1582252000,https://www1.hkexnews.hk/search/titlesearch.xhtml,https://www1.hkexnews.hk/search/titlesearch.xhtml,1620584838,14:27:18,20210509
12,2008-03-31,0646.HK,HKD,2008-03-31,2008-03-31,FY,298865000,248629000,50236000.0,0.16808927107556923,0.0,36763000,0.0,0.0,0.0,287487000,0.0,4289000.0,15667000.0,0.05242166195439413,11378000.0,0.038070700818095125,0.0,9031000.0,0.030217656801565924,2241000.0,6790000.0,0.022719287972830543,0.006225,0.006225,1141204819,1141204819,https://www1.hkexnews.hk/search/titlesearch.xhtml,https://www1.hkexnews.hk/search/titlesearch.xhtml,1620584838,14:27:18,20210509
13,2007-03-31,0646.HK,HKD,2007-03-31,2007-03-31,FY,214424000,175595000,38829000.0,0.1810851397231653,0.0,24753000,0.0,0.0,0.0,215377000,0.0,3628000.0,2675000.0,0.01247528261761743,-953000.0,-0.004444465171809126,0.0,-2702000.0,-0.012601201358056934,-99000.0,-2603000.0,-0.012139499309778756,-0.0025,-0.0025,1094000000,1094000000,https://www1.hkexnews.hk/search/titlesearch.xhtml,https://www1.hkexnews.hk/search/titlesearch.xhtml,1620584838,14:27:18,20210509
14,2006-03-31,0646.HK,HKD,2006-03-31,2006-03-31,FY,189646000,145554000,44092000.0,0.23249633527730615,0.0,20187000,0.0,0.0,0.0,177871000,0.0,3218000.0,14993000.0,0.0790578235238286,11775000.0,0.06208936650390728,0.0,10082000.0,0.053162207481307275,1501000.0,8581000.0,0.045247461059025766,0.0075,0.0075,1132800000,1132800000,https://www1.hkexnews.hk/search/titlesearch.xhtml,https://www1.hkexnews.hk/search/titlesearch.xhtml,1620584838,14:27:18,20210509
15,2005-03-31,0646.HK,HKD,2005-03-31,2005-03-31,FY,156383000,122907000,33476000.0,0.21406418856269543,0.0,17380000,0.0,0.0,0.0,146728000,0.0,2835000.0,12490000.0,0.07986801634448758,9655000.0,0.06173944738238811,0.0,8775000.0,0.05611223726364119,127000.0,8648000.0,0.05530012853059476,0.00775,0.00775,1104000000,1104000000,https://www1.hkexnews.hk/search/titlesearch.xhtml,https://www1.hkexnews.hk/search/titlesearch.xhtml,1620584838,14:27:18,20210509
