,date,symbol,reportedCurrency,fillingDate,acceptedDate,period,revenue,costOfRevenue,grossProfit,grossProfitRatio,researchAndDevelopmentExpenses,generalAndAdministrativeExpenses,sellingAndMarketingExpenses,otherExpenses,operatingExpenses,costAndExpenses,interestExpense,depreciationAndAmortization,ebitda,ebitdaratio,operatingIncome,operatingIncomeRatio,totalOtherIncomeExpensesNet,incomeBeforeTax,incomeBeforeTaxRatio,incomeTaxExpense,netIncome,netIncomeRatio,eps,epsdiluted,weightedAverageShsOut,weightedAverageShsOutDil,link,finalLink,timestamp,est_time,est_date
0,2020-03-31,ZUARI.NS,INR,2020-03-31,2020-03-31,FY,50052903000,38030686000,12022217000,0.24019020435238292,11000.0,183697000.0,2760842000.0,176894000.0,14245706000,52276392000,4757529000.0,1106160000,-1117329000,-0.022322960967918283,-2223489000,-0.04442277803547179,0.0,-7356795000,-0.1469803859328599,366034000,-8019609000,-0.16022265481784342,-190.68,-190.68,42058006,42058006,https://www.nseindia.com/companies-listing/corporate-filings-annual-reports,https://www.nseindia.com/companies-listing/corporate-filings-annual-reports,1620600180,18:43:00,20210509
1,2019-03-31,ZUARI.NS,INR,2019-03-31,2019-03-31,FY,80987082000,60685732000,20301350000,0.2506739284667646,536000.0,98533000.0,5657429000.0,101460000.0,17050303000,77736035000,4187788000.0,874589000,4125636000,0.050941902067789036,3251047000,0.0401427847468316,0.0,-1482481000,-0.018305153900964106,68899000,-1705829000,-0.02106297643863746,-40.56,-40.56,42058006,42058006,https://www.nseindia.com/companies-listing/corporate-filings-annual-reports,https://www.nseindia.com/companies-listing/corporate-filings-annual-reports,1620600180,18:43:00,20210509
2,2018-03-31,ZUARI.NS,INR,2018-03-31,2018-03-31,FY,72608857000,52138478000,20470379000,0.2819267489639728,8306000.0,74108000.0,5880928000.0,158708000.0,15510255000,67648733000,3207816000.0,825277000,5785401000,0.07967899838996226,4960124000,0.06831293322796694,0.0,1806987000,0.024886592003507232,232566000,1289837000,0.017764182680909023,30.67,30.67,42058006,42058006,https://www.nseindia.com/companies-listing/corporate-filings-annual-reports,https://www.nseindia.com/companies-listing/corporate-filings-annual-reports,1620600180,18:43:00,20210509
3,2017-03-31,ZUARI.NS,INR,2017-03-31,2017-03-31,FY,63854554000,45134352000,18720202000,0.2931694112216335,6564000.0,148519000.0,4849795000.0,9751000.0,14469149000,59603501000,3117659000.0,776112000,5027165000,0.07872837072826473,4251053000,0.0665739987785366,0.0,-218026000,-0.00341441583007533,220474000,-529701000,-0.008295430267980573,-12.59,-12.59,42058006,42058006,https://www.nseindia.com/companies-listing/corporate-filings-annual-reports,https://www.nseindia.com/companies-listing/corporate-filings-annual-reports,1620600180,18:43:00,20210509
4,2016-03-31,ZUARI.NS,INR,2016-03-31,2016-03-31,FY,99974595000,77150036000,22824559000,0.22830359052717342,0.0,203767000.0,6687341000.0,12710000.0,18743450000,95893486000,3437698000.0,723164000,4804273000,0.04805493835708962,4081109000,0.04082146069208883,0.0,-1118487000,-0.011187712238294139,-243811000,-910084000,-0.009103152655932239,-21.64,-21.64,42058006,42058006,https://www.nseindia.com/companies-listing/corporate-filings-annual-reports,https://www.nseindia.com/companies-listing/corporate-filings-annual-reports,1620600180,18:43:00,20210509
5,2015-03-31,ZUARI.NS,INR,2015-03-31,2015-03-31,FY,76353944000,59170809000,17183135000,0.22504580771885208,0.0,0.0,0.0,13112000.0,14339271000,73510080000,2240490000.0,300557000,3144421000,0.04118216866439801,2843864000,0.03724580356975404,0.0,231117000,0.0030269163306089336,66220000,89725000,0.0011751193887247003,2.13,2.13,42058006,42058006,https://www.nseindia.com/companies-listing/corporate-filings-annual-reports,https://www.nseindia.com/companies-listing/corporate-filings-annual-reports,1620600180,18:43:00,20210509
6,2014-03-31,ZUARI.NS,INR,2014-03-31,2014-03-31,FY,73407530000,57172189000,16235341000,0.22116724265208215,0.0,0.0,0.0,0.0,14388475000,71560664000,0.0,340163000,2187029000,0.029792979003652624,1846866000,0.025159081091544695,0.0,-660029000,-0.008991298304138553,-94443000,-442539000,-0.00602852323188098,-10.52,-10.52,42058006,42058006,https://www.nseindia.com/companies-listing/corporate-filings-annual-reports,https://www.nseindia.com/companies-listing/corporate-filings-annual-reports,1620600180,18:43:00,20210509
7,2013-03-31,ZUARI.NS,INR,2013-03-31,2013-03-31,FY,78891350000,63134514000,15756836000,0.19972830988441698,0.0,0.0,0.0,12411000.0,12786896000,75921410000,0.0,380936000,3350876000,0.04247456787087558,2969940000,0.03764595231289616,0.0,951447000,0.012060219529771007,207208000,642988000,0.008150297846341836,15.29,15.29,42058006,42058006,https://www.nseindia.com/companies-listing/corporate-filings-annual-reports,https://www.nseindia.com/companies-listing/corporate-filings-annual-reports,1620600180,18:43:00,20210509
8,2012-03-31,ZUARI.NS,INR,2012-03-31,2012-03-31,FY,82212638000,72729157000,9483481000,0.11535307989995407,0.0,1002593000.0,3350210000.0,64507000.0,5601979000,78331136000,879105000.0,286398000,4167900000,0.050696585116268865,3881502000,0.04721296012907407,0.0,2674492000,0.03253139742334992,868472000,1644177000,0.01999907848717858,49.35,49.35,33316619,33316619,https://www.nseindia.com/companies-listing/corporate-filings-annual-reports,https://www.nseindia.com/companies-listing/corporate-filings-annual-reports,1620600180,18:43:00,20210509
