,date,symbol,reportedCurrency,fillingDate,acceptedDate,period,revenue,costOfRevenue,grossProfit,grossProfitRatio,researchAndDevelopmentExpenses,generalAndAdministrativeExpenses,sellingAndMarketingExpenses,otherExpenses,operatingExpenses,costAndExpenses,interestExpense,depreciationAndAmortization,ebitda,ebitdaratio,operatingIncome,operatingIncomeRatio,totalOtherIncomeExpensesNet,incomeBeforeTax,incomeBeforeTaxRatio,incomeTaxExpense,netIncome,netIncomeRatio,eps,epsdiluted,weightedAverageShsOut,weightedAverageShsOutDil,link,finalLink,timestamp,est_time,est_date
0,2020-06-30,CGA.AX,AUD,2020-06-30,2020-06-30,FY,3678000.0,0.0,0.0,0.0,0.0,3150000.0,224000.0,519000.0,0.0,0.0,88000.0,10000.0,0.0,0.0,0.0,-0.31620445894507887,0.0,-1163000.0,-0.31620445894507887,0.0,-1163000.0,-0.31620445894507887,-0.024441635255942906,-0.024441635255942906,47582741.0,47582741.0,,,1620590183,15:56:23,20210509
1,2019-06-30,CGA.AX,AUD,2019-06-30,2019-06-30,FY,852000.0,0.0,0.0,0.0,0.0,3400000.0,402000.0,4195000.0,0.0,0.0,52000.0,13000.0,0.0,0.0,0.0,-6.113849765258216,0.0,-5209000.0,-6.113849765258216,0.0,-5209000.0,-6.113849765258216,-0.1095,-0.1095,47582741.0,47582741.0,,,1620590183,15:56:23,20210509
2,2018-06-30,CGA.AX,AUD,2018-06-30,2018-06-30,FY,1776000.0,0.0,0.0,0.0,0.0,6430000.0,250000.0,9506000.0,0.0,0.0,8000.0,287000.0,0.0,0.0,0.0,1.462837837837838,0.0,2598000.0,1.462837837837838,-864000.0,3462000.0,1.9493243243243243,0.088,0.083,39214130.0,41710843.0,,,1620590183,15:56:23,20210509
3,2017-06-30,CGA.AX,AUD,2017-06-30,2017-06-30,FY,2233000.0,6207000.0,-2059000.0,-0.922077922077922,0.0,5099000.0,214000.0,0.0,12353000.0,0.0,48000.0,431000.0,-3624000.0,-1.6229287953425884,0.0,-6.465293327362293,0.0,-14437000.0,-6.465293327362293,-289000.0,-14148000.0,-6.335871025526198,-0.233,-0.233,30347639.0,30347639.0,,,1620590183,15:56:23,20210509
4,2016-06-30,CGA.AX,AUD,2016-06-30,2016-06-30,FY,20903.0,0.0,0.0,0.0,0.0,316701.0,0.0,0.0,320688.0,0.0,0.0,0.0,-299785.0,-14.341721284026216,0.0,-14.341721284026216,0.0,-299785.0,-14.341721284026216,0.0,-299785.0,-14.341721284026216,-0.090009,-0.090009,3406416.0,3406416.0,,,1620590183,15:56:23,20210509
5,2015-06-30,CGA.AX,AUD,2015-06-30,2015-06-30,FY,38385.0,0.0,0.0,0.0,0.0,315945.0,0.0,0.0,344009.0,0.0,0.0,0.0,-305624.0,-7.962068516347531,0.0,-7.962068516347531,0.0,-305624.0,-7.962068516347531,0.0,-305624.0,-7.962068516347531,-0.090009,-0.090009,3406416.0,3406416.0,,,1620590183,15:56:23,20210509
6,2014-06-30,CGA.AX,AUD,2014-06-30,2014-06-30,FY,481944.0,0.0,0.0,0.0,0.0,348020.0,0.0,-31926.0,402485.0,0.0,0.0,0.0,79459.0,0.1648718523313912,0.0,0.16539058479823382,250.0,79709.0,0.16539058479823382,0.0,79709.0,0.16539058479823382,0.030003,0.030003,3406416.0,3406416.0,,,1620590183,15:56:23,20210509
7,2013-06-30,CGA.AX,AUD,2013-06-30,2013-06-30,FY,39497.0,0.0,0.0,0.0,0.0,440246.0,0.0,255742.0,427721.0,0.0,0.0,0.0,-388102.0,-9.82611337569942,0.0,-3.351140592956427,255742.0,-132360.0,-3.351140592956427,0.0,-132360.0,-3.351140592956427,-0.030003,-0.030003,3406416.0,3406416.0,,,1620590183,15:56:23,20210509
8,2012-06-30,CGA.AX,AUD,2012-06-30,2012-06-30,FY,545733.0,1094392.0,-193678.0,-0.35489515935448285,0.0,1746575.0,0.0,160551.0,1711887.0,0.0,0.0,20086.0,-1955376.0,-3.583026864785527,0.0,-3.363674177665635,69897.0,-1835668.0,-3.363674177665635,29719.0,-1865210.0,-3.417806876256338,-0.540054,-0.540054,3406416.0,3406416.0,,,1620590183,15:56:23,20210509
9,2011-06-30,CGA.AX,AUD,2011-06-30,2011-06-30,FY,800091.0,4061403.0,-3065823.0,-3.831842877872642,0.0,4253615.0,0.0,404043.0,1673324.0,0.0,0.0,151279.0,-4587868.0,-5.734182736713699,0.0,-5.418263672507252,404043.0,-4335104.0,-5.418263672507252,30184.0,-4383868.0,-5.479211739664613,-1.710171,-1.710171,2565056.0,2565056.0,,,1620590183,15:56:23,20210509
10,2010-06-30,CGA.AX,AUD,2010-06-30,2010-06-30,FY,1765632.0,3892383.0,-1960944.0,-1.1106187472814266,0.0,4383122.0,0.0,276982.0,2681443.0,0.0,0.0,198923.0,-4955248.0,-2.8065010149340295,0.0,-2.3394472913948094,511784.0,-4130603.0,-2.3394472913948094,0.0,-4155911.0,-2.3537809690807596,-2.521927,-2.521927,1656790.0,1656790.0,,,1620590183,15:56:23,20210509
11,2009-06-30,CGA.AX,AUD,2009-06-30,2009-06-30,FY,1737911.0,4186480.0,-2051131.0,-1.180227871277643,0.0,5564910.0,0.0,36819.0,4009864.0,0.0,16375.0,303204.0,-5741416.0,-3.3036306232022237,0.0,-3.675873505605293,-327346.0,-6388341.0,-3.675873505605293,28076.0,-6995002.0,-4.024948343154511,-7.736243,-7.736243,904228.0,904228.0,,,1620590183,15:56:23,20210509
12,2008-06-30,CGA.AX,AUD,2008-06-30,2008-06-30,FY,2233443.0,7233592.0,-5137410.0,-2.3002198847250637,0.0,7670345.0,0.0,783368.0,4369953.0,0.0,61269.0,544650.0,-7530505.0,-3.3717023447654584,0.0,-3.9060746121571044,783368.0,-8723995.0,-3.9060746121571044,2516.0,-8726511.0,-3.9072011240045077,-12.983904,-12.983904,677675.0,677675.0,,,1620590183,15:56:23,20210509
13,2007-06-30,CGA.AX,AUD,2007-06-30,2007-06-30,FY,4094184.0,6850159.0,-2781732.0,-0.6794350229496281,0.0,7509442.0,0.0,242189.0,6319485.0,0.0,70049.0,702836.0,-7460713.0,-1.8222710557219706,0.0,-2.142670920505771,328728.0,-8772489.0,-2.142670920505771,82.0,-8772571.0,-2.142690948916805,-15.688884,-15.688884,555617.0,555617.0,,,1620590183,15:56:23,20210509
14,2006-06-30,CGA.AX,AUD,2006-06-30,2006-06-30,FY,5287036.0,8163847.0,-2903911.0,-0.5492512250720442,0.0,1627402.0,7469239.0,1656392.0,8966971.0,0.0,86321.0,1162572.0,-8457972.0,-1.5997568391817267,0.0,-1.9319879796543848,1656392.0,-10214490.0,-1.9319879796543848,491.0,-10214981.0,-1.9320808483240894,-21.63984,-21.63984,450492.0,450492.0,,,1620590183,15:56:23,20210509
15,2005-06-30,CGA.AX,AUD,2005-06-30,2005-06-30,FY,5020712.0,15954.0,5278241.0,1.0512933225407073,0.0,0.0,12391506.0,86547.0,25121641.0,0.0,307440.0,3956411.0,-15493002.0,-3.0858177087233845,0.0,-3.9350699661721285,86547.0,-19756853.0,-3.9350699661721285,-19756853.0,352958.0,0.07030038767409881,-56.80458,-56.80458,350213.0,350213.0,,,1620590183,15:56:23,20210509
16,2003-06-30,CGA.AX,AUD,2003-06-30,2003-06-30,FY,19491000.0,0.0,0.0,0.0,0.0,0.0,0.0,1710000.0,0.0,0.0,0.0,2492000.0,0.0,0.0,0.0,-0.8410548458262788,0.0,-16393000.0,-0.8410548458262788,-16393000.0,-37000.0,-0.0018983120414550305,-0.165113,-0.165113,224089.0,224089.0,,,1620590183,15:56:23,20210509
17,2002-06-30,CGA.AX,AUD,2002-06-30,2002-06-30,FY,5476000.0,0.0,0.0,0.0,0.0,0.0,0.0,1988000.0,23670000.0,0.0,0.0,2147000.0,-16047000.0,-2.9304236669101535,0.0,-2.9594594594594597,1988000.0,-16206000.0,-2.9594594594594597,-16206000.0,22000.0,0.004017531044558071,0.098175,0.098175,224089.0,224089.0,,,1620590183,15:56:23,20210509
18,2001-06-30,CGA.AX,AUD,2001-06-30,2001-06-30,FY,4435000.0,0.0,0.0,0.0,0.0,0.0,0.0,1407000.0,13574000.0,0.0,0.0,916000.0,-8223000.0,-1.8541149943630215,0.0,-1.7434047350620068,1407000.0,-7732000.0,-1.7434047350620068,-7732000.0,-7473000.0,-1.6850056369785795,-33.348357,-33.348357,224089.0,224089.0,,,1620590183,15:56:23,20210509
