,date,symbol,reportedCurrency,fillingDate,acceptedDate,period,revenue,costOfRevenue,grossProfit,grossProfitRatio,researchAndDevelopmentExpenses,generalAndAdministrativeExpenses,sellingAndMarketingExpenses,otherExpenses,operatingExpenses,costAndExpenses,interestExpense,depreciationAndAmortization,ebitda,ebitdaratio,operatingIncome,operatingIncomeRatio,totalOtherIncomeExpensesNet,incomeBeforeTax,incomeBeforeTaxRatio,incomeTaxExpense,netIncome,netIncomeRatio,eps,epsdiluted,weightedAverageShsOut,weightedAverageShsOutDil,link,finalLink,timestamp,est_time,est_date
0,2020-09-30,IFX.SW,EUR,2020-09-30,2020-09-30,FY,8567000000.0,5791000000.0,2776000000.0,0.3240340842768764,1113000000.0,1042000000.0,0.0,0.0,0.0,7986000000.0,130000000.0,1260000000.0,1841000000.0,0.21489436208707832,581000000.0,0.06781837282596008,0.0,424000000.0,0.04949223765612233,52000000.0,368000000.0,0.042955527022294854,0.29102412020561486,0.2907941525088898,1264500000,1265500000,,,1620593479,16:51:19,20210509
1,2019-09-30,IFX.SW,EUR,2019-09-30,2019-09-30,FY,8029000000.0,5035000000.0,2994000000.0,0.3728982438659858,945000000.0,865000000.0,0.0,0.0,1833000000.0,6868000000.0,62000000.0,945000000.0,2106000000.0,0.26229916552497196,1161000000.0,0.14460082202017685,0.0,1083000000.0,0.13488603811184458,194000000.0,870000000.0,0.10835720513139868,0.7478081485301702,0.7469093406593407,1163400000,1164800000,https://www.six-group.com/en/products-services/the-swiss-stock-exchange.html,https://www.six-group.com/en/products-services/the-swiss-stock-exchange.html,1620593479,16:51:19,20210509
2,2018-09-30,IFX.SW,EUR,2018-09-30,2018-09-30,FY,7599000000.0,4714000000.0,2885000000.0,0.3796552177918147,836000000.0,0.0,850000000.0,0.0,1416000000.0,6130000000.0,68000000.0,861000000.0,2330000000.0,0.30661929201210686,1469000000.0,0.19331490985656008,0.0,1411000000.0,0.18568232662192394,193000000.0,1075000000.0,0.1414659823661008,0.9509066784608581,0.9478881932810158,1130500000,1134100000,https://www.six-group.com/en/products-services/the-swiss-stock-exchange.html,https://www.six-group.com/en/products-services/the-swiss-stock-exchange.html,1620593479,16:51:19,20210509
3,2017-09-30,IFX.SW,EUR,2017-09-30,2017-09-30,FY,7063000000.0,4442000000.0,2621000000.0,0.37108877247628486,776000000.0,0.0,819000000.0,0.0,1638000000.0,6080000000.0,63000000.0,812000000.0,1795000000.0,0.2541412997309925,983000000.0,0.1391759875407051,0.0,933000000.0,0.13209684270140168,142000000.0,790000000.0,0.11185048846099391,0.6999822789296474,0.6967104682952642,1128600000,1133900000,https://www.six-group.com/en/products-services/the-swiss-stock-exchange.html,https://www.six-group.com/en/products-services/the-swiss-stock-exchange.html,1620593479,16:51:19,20210509
4,2016-09-30,IFX.SW,EUR,2016-09-30,2016-09-30,FY,6473000000.0,4143000000.0,2330000000.0,0.35995674339564343,770000000.0,0.0,791000000.0,0.0,1567000000.0,5710000000.0,67000000.0,833000000.0,1596000000.0,0.24656264483238066,763000000.0,0.11787424687162058,0.0,705000000.0,0.108913950254905,-36000000.0,744000000.0,0.11493897729028271,0.6612157838606469,0.658815195253697,1125200000,1129300000,https://www.six-group.com/en/products-services/the-swiss-stock-exchange.html,https://www.six-group.com/en/products-services/the-swiss-stock-exchange.html,1620593479,16:51:19,20210509
5,2015-09-30,IFX.SW,EUR,2015-09-30,2015-09-30,FY,5795000000.0,3715000000.0,2080000000.0,0.35893011216566006,717000000.0,0.0,778000000.0,9000000.0,1498000000.0,5213000000.0,48000000.0,760000000.0,1342000000.0,0.23157894736842105,582000000.0,0.1004314063848145,0.0,520000000.0,0.08973252804141502,-102000000.0,632000000.0,0.1090595340811044,0.5629787992161055,0.5616280103083622,1122600000,1125300000,https://www.six-group.com/en/products-services/the-swiss-stock-exchange.html,https://www.six-group.com/en/products-services/the-swiss-stock-exchange.html,1620593479,16:51:19,20210509
6,2014-09-30,IFX.SW,EUR,2014-09-30,2014-09-30,FY,4320000000.0,2673000000.0,1647000000.0,0.38125,550000000.0,0.0,496000000.0,10000000.0,1063000000.0,3736000000.0,19000000.0,514000000.0,1098000000.0,0.25416666666666665,584000000.0,0.13518518518518519,0.0,519000000.0,0.12013888888888889,31000000.0,535000000.0,0.12384259259259259,0.48167822094174845,0.4764024933214604,1110700000,1123000000,https://www.six-group.com/en/products-services/the-swiss-stock-exchange.html,https://www.six-group.com/en/products-services/the-swiss-stock-exchange.html,1620593479,16:51:19,20210509
7,2013-09-30,IFX.SW,EUR,2013-09-30,2013-09-30,FY,3843000000.0,2520000000.0,1323000000.0,0.3442622950819672,525000000.0,0.0,440000000.0,12000000.0,970000000.0,3490000000.0,51000000.0,466000000.0,819000000.0,0.21311475409836064,353000000.0,0.09185532136351808,0.0,306000000.0,0.07962529274004684,23000000.0,272000000.0,0.07077803799115275,0.25295266437273317,0.2527881040892193,1075300000,1076000000,https://www.six-group.com/en/products-services/the-swiss-stock-exchange.html,https://www.six-group.com/en/products-services/the-swiss-stock-exchange.html,1620593479,16:51:19,20210509
8,2012-09-30,IFX.SW,EUR,2012-09-30,2012-09-30,FY,3904000000.0,2477000000.0,1427000000.0,0.36552254098360654,455000000.0,0.0,475000000.0,13000000.0,930000000.0,3407000000.0,60000000.0,428000000.0,925000000.0,0.23693647540983606,497000000.0,0.12730532786885246,0.0,431000000.0,0.11039959016393443,-1000000.0,427000000.0,0.109375,0.4,0.39,1083300000,1134300000,https://www.six-group.com/en/products-services/the-swiss-stock-exchange.html,https://www.six-group.com/en/products-services/the-swiss-stock-exchange.html,1620593479,16:51:19,20210509
9,2011-09-30,IFX.SW,EUR,2011-09-30,2011-09-30,FY,3997000000.0,2343000000.0,1654000000.0,0.41381035776832625,439000000.0,449000000.0,0.0,0.0,918000000.0,3261000000.0,63000000.0,364000000.0,1100000000.0,0.2752064048036027,736000000.0,0.18413810357768326,0.0,714000000.0,0.1786339754816112,-30000000.0,1119000000.0,0.2799599699774831,1.03,0.98,1086400000,1158800000,https://www.six-group.com/en/products-services/the-swiss-stock-exchange.html,https://www.six-group.com/en/products-services/the-swiss-stock-exchange.html,1620593479,16:51:19,20210509
10,2010-09-30,IFX.SW,EUR,2010-09-30,2010-09-30,FY,3295000000.0,2058000000.0,1237000000.0,0.3754172989377845,399000000.0,386000000.0,0.0,0.0,877000000.0,2935000000.0,95000000.0,336000000.0,696000000.0,0.21122913505311078,360000000.0,0.10925644916540213,0.0,290000000.0,0.08801213960546282,-22000000.0,659000000.0,0.2,0.6064231158553418,0.5626227268846581,1086700000,1171300000,https://www.six-group.com/en/products-services/the-swiss-stock-exchange.html,https://www.six-group.com/en/products-services/the-swiss-stock-exchange.html,1620593479,16:51:19,20210509
11,2009-09-30,IFX.SW,EUR,2009-09-30,2009-09-30,FY,3027000000.0,2368000000.0,659000000.0,0.21770730095804428,468000000.0,392000000.0,0.0,29000000.0,806000000.0,3174000000.0,156000000.0,513000000.0,366000000.0,0.12091179385530228,-147000000.0,-0.048562933597621406,0.0,-268000000.0,-0.08853650479022133,5000000.0,-671000000.0,-0.22167162206805419,-0.73,-0.73,855000000,855000000,https://www.six-group.com/en/products-services/the-swiss-stock-exchange.html,https://www.six-group.com/en/products-services/the-swiss-stock-exchange.html,1620593479,16:51:19,20210509
12,2008-09-30,IFX.SW,EUR,2008-09-30,2008-09-30,FY,4315198680.0,2839207810.0,1475990870.0,0.3420447074293228,692956790.0,564578920.0,0.0,0.0,1502943130.0,4342150940.0,0.0,570253080.0,543300820.0,0.12590401051939515,-26952260.0,-0.006245890861275477,0.0,-146818890.0,-0.034023668639053255,41137660.0,-2931412910.0,-0.6793228139381986,-3.477985,-3.477985,842847950,842847950,https://www.six-group.com/en/products-services/the-swiss-stock-exchange.html,https://www.six-group.com/en/products-services/the-swiss-stock-exchange.html,1620593479,16:51:19,20210509
13,2007-09-30,IFX.SW,EUR,2007-09-30,2007-09-30,FY,7654510710.0,6070069740.0,1584440970.0,0.20699441545362995,1164679740.0,743516970.0,0.0,12613860.0,1908196710.0,7978266450.0,0.0,1271196780.0,947441040.0,0.1237755195459123,-323755740.0,-0.04229607250755287,0.0,-252977970.0,-0.033049528517806466,78486240.0,-367904250.0,-0.048063718758582806,-0.437348,-0.437348,841216500,841216500,https://www.six-group.com/en/products-services/the-swiss-stock-exchange.html,https://www.six-group.com/en/products-services/the-swiss-stock-exchange.html,1620593479,16:51:19,20210509
14,2006-09-30,IFX.SW,EUR,2006-09-30,2006-09-30,FY,7926877600.0,5852178920.0,2074698680.0,0.2617296222664016,1248916600.0,750925880.0,0.0,-118981960.0,2107793000.0,7959971920.0,0.0,3151840.0,-29942480.0,-0.0037773359840954273,-33094320.0,-0.004174950298210736,0.0,-107162560.0,-0.013518886679920477,160743840.0,-267906400.0,-0.033797216699801194,-0.323158,-0.323158,829024957,829024957,https://www.six-group.com/en/products-services/the-swiss-stock-exchange.html,https://www.six-group.com/en/products-services/the-swiss-stock-exchange.html,1620593479,16:51:19,20210509
15,2005-09-30,IFX.SW,EUR,2005-09-30,2005-09-30,FY,6774198500.0,4919813610.0,1854384890.0,0.2737423312883436,1295825210.0,656640100.0,0.0,25766890.0,2044727400.0,6964541010.0,9143090.0,1319098530.0,1128756020.0,0.16662576687116565,-190342510.0,-0.028098159509202456,0.0,-194498460.0,-0.028711656441717793,120522550.0,-313358630.0,-0.046257668711656444,-0.377941,-0.377941,829120576,829120576,https://www.six-group.com/en/products-services/the-swiss-stock-exchange.html,https://www.six-group.com/en/products-services/the-swiss-stock-exchange.html,1620593479,16:51:19,20210509
16,2004-09-30,IFX.SW,EUR,2004-09-30,2004-09-30,FY,7194194280.0,4669069080.0,2525125200.0,0.35099485803711156,1219136880.0,718132740.0,0.0,-319259460.0,2193803040.0,6862872120.0,0.0,1319659380.0,1650981540.0,0.22948803934719428,331322160.0,0.046054102392130564,0.0,214716060.0,0.029845741113346747,153598380.0,61117680.0,0.008495416946121171,0.071239,0.071239,857923430,857923430,https://www.six-group.com/en/products-services/the-swiss-stock-exchange.html,https://www.six-group.com/en/products-services/the-swiss-stock-exchange.html,1620593479,16:51:19,20210509
17,2003-09-30,IFX.SW,EUR,2003-09-30,2003-09-30,FY,6148210950.0,4610943750.0,1537267200.0,0.25003488209850705,1088611650.0,678559350.0,0.0,-65196600.0,1852098150.0,6463041900.0,0.0,1436898750.0,1122067800.0,0.18250313938886564,-314830950.0,-0.051206920608343795,0.0,-350860650.0,-0.057067113157527556,84069300.0,-434929950.0,-0.07074089577228966,-0.53441,-0.53441,813850186,813850186,https://www.six-group.com/en/products-services/the-swiss-stock-exchange.html,https://www.six-group.com/en/products-services/the-swiss-stock-exchange.html,1620593479,16:51:19,20210509
18,2002-09-30,IFX.SW,EUR,2002-09-30,2002-09-30,FY,5201021760.0,4600514380.0,600507380.0,0.1154595015576324,1058229700.0,642026440.0,0.0,23291180.0,1654686440.0,6255200820.0,0.0,1369116320.0,314937260.0,0.06055295950155763,-1054179060.0,-0.20268691588785046,0.0,-1158483040.0,-0.22274143302180685,-138734420.0,-1019748620.0,-0.19606697819314642,-1.311664,-1.311664,777446401,777446401,https://www.six-group.com/en/products-services/the-swiss-stock-exchange.html,https://www.six-group.com/en/products-services/the-swiss-stock-exchange.html,1620593479,16:51:19,20210509
19,2001-09-30,IFX.SW,EUR,2001-09-30,2001-09-30,FY,6168106926.3,5333599162.2,834507764.1,0.13529398469760118,1293262938.9,854998530.0,0.0,299422922.1,1931463523.5,7265062685.7,0.0,1220117699.4,123161940.0,0.01996754295468738,-1096955759.4,-0.17784318146670325,0.0,-1108714321.8,-0.17974953013096892,-466333695.6,-642381723.9,-0.10414568547133456,-0.819971,-0.819971,783419582,783419582,https://www.six-group.com/en/products-services/the-swiss-stock-exchange.html,https://www.six-group.com/en/products-services/the-swiss-stock-exchange.html,1620593479,16:51:19,20210509
20,2000-09-30,IFX.SW,EUR,2000-09-30,2000-09-30,FY,7295818573.12,4117863504.92,3177955068.2,0.435585813483431,1027239934.82,671043962.82,0.0,91380931.62,1696743253.7,5814606758.62,0.0,835169589.32,2316381403.82,0.3174943812822113,1481211814.5,0.2030220186611043,0.0,1741208799.88,0.23865845654319578,613581004.74,1127628928.8,0.1545582469600499,1.6377526864765617,1.6344024518051563,688522106,689933454,https://www.six-group.com/en/products-services/the-swiss-stock-exchange.html,https://www.six-group.com/en/products-services/the-swiss-stock-exchange.html,1620593479,16:51:19,20210509
21,1999-09-30,IFX.SW,EUR,1999-09-30,1999-09-30,FY,3990796737.12,2835505211.04,1155291526.08,0.28948894222904675,695623852.8,520302810.96,0.0,16553520.72,1215926663.76,4051431874.8,0.0,539731382.4,479096244.71999997,0.12005027473931051,-60635137.68,-0.015193742421408809,0.0,28750507.2,0.007204202341998531,-28357689.6,57108196.8,0.01430997381270105,0.083386,0.083386,672973200,672973200,https://www.six-group.com/en/products-services/the-swiss-stock-exchange.html,https://www.six-group.com/en/products-services/the-swiss-stock-exchange.html,1620593479,16:51:19,20210509
22,1998-09-30,IFX.SW,EUR,1998-09-30,1998-09-30,FY,3175000000.0,2728000000.0,447000000.0,0.14078740157480316,637000000.0,481000000.0,0.0,2000000.0,1127000000.0,3855000000.0,0.0,578000000.0,-102000000.0,-0.032125984251968505,-680000000.0,-0.2141732283464567,0.0,-1682000000.0,-0.529763779527559,-907000000.0,-775000000.0,-0.2440944881889764,-1.154249,-1.154249,671432091,671432091,https://www.six-group.com/en/products-services/the-swiss-stock-exchange.html,https://www.six-group.com/en/products-services/the-swiss-stock-exchange.html,1620593479,16:51:19,20210509
