,date,symbol,reportedCurrency,fillingDate,acceptedDate,period,revenue,costOfRevenue,grossProfit,grossProfitRatio,researchAndDevelopmentExpenses,generalAndAdministrativeExpenses,sellingAndMarketingExpenses,otherExpenses,operatingExpenses,costAndExpenses,interestExpense,depreciationAndAmortization,ebitda,ebitdaratio,operatingIncome,operatingIncomeRatio,totalOtherIncomeExpensesNet,incomeBeforeTax,incomeBeforeTaxRatio,incomeTaxExpense,netIncome,netIncomeRatio,eps,epsdiluted,weightedAverageShsOut,weightedAverageShsOutDil,link,finalLink,timestamp,est_time,est_date
0,2019-03-31,LABL,USD,2019-05-28 00:00:00,2019-05-28 15:14:41,FY,1725554000,1403634000,321920000,0.1865603742334346,8065000.0,160710000.0,0.0,2280000.0,168775000.0,1572409000,75399000.0,109177000.0,170521000,0.0988210163228737,61344000,0.03555032180969126,2280000.0,-16335000,-0.009466524953725007,12332000.0,-29041000.0,-0.01682995721953645,-1.41885,-1.41885,20468000.0,20468000.0,https://www.sec.gov/Archives/edgar/data/819220/000119312519158194/0001193125-19-158194-index.html,https://www.sec.gov/Archives/edgar/data/819220/000119312519158194/d722735d10k.htm,1620594300,17:05:00,20210509
1,2018-03-31,LABL,USD,2018-05-30 00:00:00,2018-05-30 15:02:32,FY,1300912000,1054312000,246600000,0.18955932453540286,5834000.0,129601000.0,0.0,7851000.0,135435000.0,1189747000,54027000.0,76096000.0,191676000,0.14733971244788271,115580000,0.08884536386780965,7851000.0,53702000,0.04128027107137147,-18195000.0,71951000.0,0.055308122301892824,3.9059225883502524,3.8718721412043267,18421000.0,18583000.0,https://www.sec.gov/Archives/edgar/data/819220/000119312518178287/0001193125-18-178287-index.html,https://www.sec.gov/Archives/edgar/data/819220/000119312518178287/d482675d10k.htm,1620594300,17:05:00,20210509
2,2017-03-31,LABL,USD,2017-05-30 00:00:00,2017-05-30 16:03:31,FY,923295000,726486000,196809000,0.21315939109385407,5274000.0,84922000.0,0.0,-2735000.0,90196000.0,816682000,25488000.0,49570000.0,160536000,0.17387292252205416,110966000,0.1201847730140421,-2735000.0,88213000,0.09554151165120574,26848000.0,60996000.0,0.06606339252351633,3.613721192013745,3.5829417293233083,16879000.0,17024000.0,https://www.sec.gov/Archives/edgar/data/819220/000119312517187348/0001193125-17-187348-index.html,https://www.sec.gov/Archives/edgar/data/819220/000119312517187348/d257621d10k.htm,1620594300,17:05:00,20210509
3,2016-03-31,LABL,USD,2016-05-31 00:00:00,2016-05-31 16:37:12,FY,870825000,689199000,181626000,0.2085677374903109,5520000.0,81998000.0,0.0,1867000.0,87518000.0,776717000,25751000.0,46165000.0,140593000,0.1614480521344702,94428000,0.10843510464214969,1867000.0,66810000,0.0767203513909224,18981000.0,47739000.0,0.05482042890362587,2.850089552238806,2.8161278905143936,16750000.0,16952000.0,https://www.sec.gov/Archives/edgar/data/819220/000119312516608466/0001193125-16-608466-index.html,https://www.sec.gov/Archives/edgar/data/819220/000119312516608466/d168507d10k.htm,1620594300,17:05:00,20210509
4,2015-03-31,LABL,USD,2015-06-12 00:00:00,2015-06-12 11:51:18,FY,810772000,637498000,173274000,0.21371482981652054,4619000.0,68012000.0,0.0,0.0,72631000.0,710129000,26386000.0,43569000.0,140481000,0.17326819377087516,96912000,0.11953052152763045,-346000.0,70872000,0.08741298416817551,25156000.0,45716000.0,0.056385765665316515,2.750165433435601,2.708775256265924,16623000.0,16877000.0,https://www.sec.gov/Archives/edgar/data/819220/000119312515221427/0001193125-15-221427-index.html,https://www.sec.gov/Archives/edgar/data/819220/000119312515221427/d893167d10k.htm,1620594300,17:05:00,20210509
5,2014-03-31,LABL,USD,2014-06-13 00:00:00,2014-06-13 11:14:19,FY,706432000,574375000,132057000,0.1869351897988766,4751000.0,57293000.0,0.0,0.0,62044000.0,636419000,21776000.0,39875000.0,99998000,0.14155361025548108,60123000,0.08510797925348795,-5910000.0,49913000,0.07065506658815003,16033000.0,28224000.0,0.0399528900163073,1.7270835883000857,1.7003433941803723,16342000.0,16599000.0,https://www.sec.gov/Archives/edgar/data/819220/000119312514235700/0001193125-14-235700-index.html,https://www.sec.gov/Archives/edgar/data/819220/000119312514235700/d710088d10k.htm,1620594300,17:05:00,20210509
6,2013-03-31,LABL,USD,2013-06-14 00:00:00,2013-06-14 10:02:17,FY,659815000,533464000,126351000,0.19149458560354038,3763000.0,54115000.0,0.0,-219000.0,57878000.0,591342000,22237000.0,38323000.0,109028000,0.16524025673863127,70705000,0.10715882482210923,-219000.0,48687000,0.07378886506066094,18387000.0,30300000.0,0.04592196297447012,1.876742025394859,1.8552534900808229,16145000.0,16332000.0,https://www.sec.gov/Archives/edgar/data/819220/000119312513258880/0001193125-13-258880-index.html,https://www.sec.gov/Archives/edgar/data/819220/000119312513258880/d508477d10k.htm,1620594300,17:05:00,20210509
7,2012-03-31,LABL,USD,2012-06-14,2012-06-14,FY,510247000,411963000,98284000,0.192620436768859,0.0,51551000.0,0.0,-583000.0,51551000.0,463514000,15010000.0,27174000.0,72725000,0.14252901045964014,45551000,0.08927245040147223,-583000.0,31124000,0.06099790885590704,11456000.0,19700000.0,0.038608752231762265,1.3436093302414405,1.3218815003690532,14662000.0,14903000.0,https://www.sec.gov/Archives/edgar/data/819220/000119312512270521/0001193125-12-270521-index.htm,https://www.sec.gov/Archives/edgar/data/819220/000119312512270521/d336546d10k.htm,1620594300,17:05:00,20210509
8,2011-03-31,LABL,USD,2011-06-14 00:00:00,2011-06-14 15:18:59,FY,338284000,270306000,67978000,0.2009494980548888,0.0,33176000.0,0.0,-210000.0,33176000.0,303482000,-7021000.0,13173000.0,45433000,0.13430431235293422,32260000,0.09536365893746084,-210000.0,25449000,0.07522968866396282,7038000.0,18411000.0,0.054424684584550256,1.415686274509804,1.4012481924042925,13005000.0,13139000.0,https://www.sec.gov/Archives/edgar/data/819220/000119312511164691/0001193125-11-164691-index.html,https://www.sec.gov/Archives/edgar/data/819220/000119312511164691/d10k.htm,1620594300,17:05:00,20210509
9,2010-03-31,LABL,USD,2010-06-14 00:00:00,2010-06-14 16:19:58,FY,276821000,228220000,48601000,0.17556832754740428,0.0,27662000.0,0.0,-326000.0,27662000.0,255882000,-4753000.0,11266000.0,34177000,0.1234624540768222,22911000,0.08276467464534844,-326000.0,18484000,0.06677239082295057,4216000.0,14268000.0,0.05154233240975215,1.168646080760095,1.1569899448589036,12209000.0,12332000.0,https://www.sec.gov/Archives/edgar/data/819220/000119312510138859/0001193125-10-138859-index.html,https://www.sec.gov/Archives/edgar/data/819220/000119312510138859/d10k.htm,1620594300,17:05:00,20210509
10,2009-03-31,LABL,USD,2009-06-09 00:00:00,2009-06-09 12:21:35,FY,289763000,236957000,52806000,0.182238588087506,0.0,27196000.0,0.0,-378000.0,27196000.0,264153000,-6841000.0,11216000.0,34081000,0.1176168109800078,22865000,0.07890931554408258,-378000.0,16402000,0.056604880540303625,4967000.0,11298000.0,0.03899048532766433,0.9294175715695953,0.9144475920679886,12156000.0,12355000.0,https://www.sec.gov/Archives/edgar/data/819220/000119312509127662/0001193125-09-127662-index.html,https://www.sec.gov/Archives/edgar/data/819220/000119312509127662/d10k.htm,1620594300,17:05:00,20210509
11,2008-03-31,LABL,USD,2008-06-11 00:00:00,2008-06-11 13:45:12,FY,210307000,171381000,38926000,0.18509131888144476,0.0,21427000.0,0.0,-631000.0,21427000.0,192808000,-962000.0,5969000.0,23468000,0.11158924809920735,17499000,0.08320693082018192,-631000.0,24827000,0.11805122986871573,8820000.0,22984000.0,0.1092878506183817,2.2506854680767723,2.184790874524715,10212000.0,10520000.0,https://www.sec.gov/Archives/edgar/data/819220/000119312508131851/0001193125-08-131851-index.html,https://www.sec.gov/Archives/edgar/data/819220/000119312508131851/d10k.htm,1620594300,17:05:00,20210509
12,2007-03-31,LABL,USD,2007-06-08 00:00:00,2007-06-08 16:37:22,FY,222374000,181105000,41269000,0.18558374630127622,0.0,20502000.0,0.0,-427000.0,20502000.0,201607000,-1151000.0,6067000.0,23786000,0.1069639436265031,17719000,0.07968107782384631,-427000.0,16995000,0.07642530151906247,5969000.0,11026000.0,0.04958313471898693,1.669847039224595,1.6181391253302024,6603000.0,6814000.0,https://www.sec.gov/Archives/edgar/data/819220/000119312507132608/0001193125-07-132608-index.html,https://www.sec.gov/Archives/edgar/data/819220/000119312507132608/d10k.htm,1620594300,17:05:00,20210509
13,2006-03-31,LABL,USD,2006-06-13,2006-06-13 16:47:09,FY,205272000,170352000,34920000,0.1701157488600491,0.0,17010000.0,0.0,-157000.0,17010000.0,187362000,-1869000.0,6295000.0,24062000,0.11722007872481391,17767000,0.08655345103082739,-157000.0,16055000,0.0782132974784676,6422000.0,9633000.0,0.04692797848708056,1.4763218390804598,1.4300771971496438,6525000.0,6736000.0,https://www.sec.gov/Archives/edgar/data/819220/000119312506128994/0001193125-06-128994-index.htm,https://www.sec.gov/Archives/edgar/data/819220/000119312506128994/d10k.htm,1620594300,17:05:00,20210509
14,2005-03-31,LABL,USD,2005-06-29,2005-06-29 15:14:28,FY,139466000,113443000,26023000,0.18659028006826037,0.0,0.0,0.0,-66000.0,0.0,113443000,-1039000.0,4349000.0,18289000,0.13113590409131975,13940000,0.09995267663803364,-66000.0,12967000,0.0929760658511752,4985000.0,7982000.0,0.05723258715385829,1.2655779292849214,1.2070164826856193,6307000.0,6613000.0,https://www.sec.gov/Archives/edgar/data/819220/000119312505134561/0001193125-05-134561-index.htm,https://www.sec.gov/Archives/edgar/data/819220/000119312505134561/d10k.htm,1620594300,17:05:00,20210509
15,2004-03-31,LABL,USD,2004-06-29,2004-06-29 10:02:31,FY,126961000,103688000,23273000,0.18330826001685557,0.0,10172000.0,0.0,520000.0,10172000.0,113860000,-1077000.0,3934000.0,14342000,0.11296382353636156,10408000,0.08197793023054324,520000.0,10408000,0.08197793023054324,0.0,6506000.0,0.051244082828585155,1.0819890237818062,0.9866545344252351,6013000.0,6594000.0,https://www.sec.gov/Archives/edgar/data/819220/000119312504110922/0001193125-04-110922-index.htm,https://www.sec.gov/Archives/edgar/data/819220/000119312504110922/d10k.htm,1620594300,17:05:00,20210509
16,2003-03-31,LABL,USD,2003-06-27,2003-06-27 16:45:02,FY,99559896000,80331817000,19228079000,0.19313076622739742,0.0,7335291000.0,0.0,212456000.0,7335291000.0,87667108000,-1391346000.0,3280571000.0,15173359000,0.15240432754168406,11892788000,0.11945360007206114,212456000.0,10288986000,0.10334468408846068,0.0,6334801000.0,0.06362803954716867,1.6454571358587673,1.4837934681992107,3849873000.0,4269328000.0,https://www.sec.gov/Archives/edgar/data/819220/000095016803002244/0000950168-03-002244-index.htm,https://www.sec.gov/Archives/edgar/data/819220/000095016803002244/d10k.htm,1620594300,17:05:00,20210509
17,2002-03-31,LABL,USD,2002-06-26,2002-06-26 17:10:08,FY,72624006000,58121406000,14502600000,0.19969429943041148,0.0,5575282000.0,0.0,121314000.0,5575282000.0,63696688000,-1472670000.0,2736034000.0,11663352000,0.16059912751163852,8927318000,0.12292516609452803,121314000.0,7333334000,0.10097672111340154,0.0,4698684000.0,0.06469877191847555,1.256289624312323,1.1437500045641105,3740128000.0,4108139000.0,https://www.sec.gov/Archives/edgar/data/819220/000095016802001763/0000950168-02-001763-index.htm,https://www.sec.gov/Archives/edgar/data/819220/000095016802001763/d10k.htm,1620594300,17:05:00,20210509
