,date,symbol,reportedCurrency,fillingDate,acceptedDate,period,revenue,costOfRevenue,grossProfit,grossProfitRatio,researchAndDevelopmentExpenses,generalAndAdministrativeExpenses,sellingAndMarketingExpenses,otherExpenses,operatingExpenses,costAndExpenses,interestExpense,depreciationAndAmortization,ebitda,ebitdaratio,operatingIncome,operatingIncomeRatio,totalOtherIncomeExpensesNet,incomeBeforeTax,incomeBeforeTaxRatio,incomeTaxExpense,netIncome,netIncomeRatio,eps,epsdiluted,weightedAverageShsOut,weightedAverageShsOutDil,link,finalLink,timestamp,est_time,est_date
0,2020-03-31,FLFL.NS,INR,2020-03-31,2020-03-31,FY,62973000000.0,41690700000.0,21282300000.0,0.3379591253394312,0.0,82800000.0,1407200000.0,225000000.0,0.0,59715800000.0,2658700000.0,7015300000.0,10272500000.0,0.16312546646975687,3257200000.0,0.051723754624998015,0.0,-355300000.0,-0.005642100582789449,178000000.0,-530400000.0,-0.008422657329331618,-2.6733870967741935,-2.6666666666666665,198400000,198900000,,,1620592109,16:28:29,20210509
1,2019-03-31,FLFL.NS,INR,2019-03-31,2019-03-31,FY,57281200000.0,36894400000.0,20386800000.0,0.35590734830974213,0.0,66500000.0,1495200000.0,63500000.0,16915700000.0,53810100000.0,933100000.0,2071000000.0,5542100000.0,0.09675251216804118,3471100000.0,0.06059754334755557,0.0,2402700000.0,0.04194569946160346,465200000.0,1889900000.0,0.03299337304386081,9.76188,9.726711,193600000,194300000,https://www.nseindia.com/companies-listing/corporate-filings-annual-reports,https://www.nseindia.com/companies-listing/corporate-filings-annual-reports,1620592109,16:28:29,20210509
2,2018-03-31,FLFL.NS,INR,2018-03-31,2018-03-31,FY,44979700000.0,28465800000.0,16513900000.0,0.3671411770198556,0.0,52700000.0,1106800000.0,106800000.0,13743600000.0,42209400000.0,879400000.0,1538900000.0,4309200000.0,0.09580321789607311,2770300000.0,0.06159000615833365,0.0,1856400000.0,0.04127195156926347,585900000.0,1260800000.0,0.028030422612867582,6.63,6.61,190200000,190700000,https://www.nseindia.com/companies-listing/corporate-filings-annual-reports,https://www.nseindia.com/companies-listing/corporate-filings-annual-reports,1620592109,16:28:29,20210509
3,2017-03-31,FLFL.NS,INR,2017-03-31,2017-03-31,FY,38770700000.0,24454200000.0,14316500000.0,0.36926080777494347,0.0,54000000.0,899800000.0,30000000.0,12336100000.0,36790300000.0,1116600000.0,1869600000.0,3850000000.0,0.09930179233286993,1980400000.0,0.05107981026909496,0.0,595600000.0,0.015362116237261643,145100000.0,450000000.0,0.011606702999945836,2.37,2.37,189900000,189900000,https://www.nseindia.com/companies-listing/corporate-filings-annual-reports,https://www.nseindia.com/companies-listing/corporate-filings-annual-reports,1620592109,16:28:29,20210509
4,2016-03-31,FLFL.NS,INR,2016-03-31,2016-03-31,FY,33001900000.0,20455400000.0,12546500000.0,0.38017508082867957,0.0,40700000.0,705400000.0,16500000.0,10673200000.0,31128600000.0,1256200000.0,1614200000.0,3487500000.0,0.10567573382138604,1873300000.0,0.05676339847099712,0.0,449800000.0,0.01362951830046149,155100000.0,294700000.0,0.008929788890942642,1.55,1.55,189500000,189500000,https://www.nseindia.com/companies-listing/corporate-filings-annual-reports,https://www.nseindia.com/companies-listing/corporate-filings-annual-reports,1620592109,16:28:29,20210509
5,2015-03-31,FLFL.NS,INR,2015-03-31,2015-03-31,FY,31340900000.0,19193700000.0,12147200000.0,0.38758299857374867,0.0,34400000.0,692200000.0,17100000.0,10321700000.0,29515400000.0,1461200000.0,1700900000.0,3526400000.0,0.1125175090696183,1825500000.0,0.0582465723702893,0.0,234800000.0,0.0074918078293858825,49300000.0,185500000.0,0.005918783442721811,1.07,1.05,173000000,176700000,https://www.nseindia.com/companies-listing/corporate-filings-annual-reports,https://www.nseindia.com/companies-listing/corporate-filings-annual-reports,1620592109,16:28:29,20210509
6,2014-03-31,FLFL.NS,INR,2014-03-31,2014-03-31,FY,27439800000.0,16970400000.0,10469400000.0,0.3815406817833949,0.0,30400000.0,904800000.0,5300000.0,11625600000.0,28596000000.0,1543900000.0,3851900000.0,2695700000.0,0.09824051195708423,-1156200000.0,-0.04213587562591564,0.0,342400000.0,0.012478225059949416,109600000.0,232800000.0,0.008484026851507663,1.51,1.51,154500000,154500000,https://www.nseindia.com/companies-listing/corporate-filings-annual-reports,https://www.nseindia.com/companies-listing/corporate-filings-annual-reports,1620592109,16:28:29,20210509
7,2013-03-31,FLFL.NS,INR,2013-03-31,2013-03-31,FY,0.0,0.0,0.0,0.0,0.0,1033000.0,20000.0,0.0,1058000.0,1058000.0,0.0,0.0,2693000.0,0.0,-1058000.0,0.0,0.0,-3268000.0,0.0,145000.0,-3413000.0,0.0,-0.3,-0.3,11215679,11215679,https://www.nseindia.com/companies-listing/corporate-filings-annual-reports,https://www.nseindia.com/companies-listing/corporate-filings-annual-reports,1620592109,16:28:29,20210509
