,date,symbol,reportedCurrency,fillingDate,acceptedDate,period,revenue,costOfRevenue,grossProfit,grossProfitRatio,researchAndDevelopmentExpenses,generalAndAdministrativeExpenses,sellingAndMarketingExpenses,otherExpenses,operatingExpenses,costAndExpenses,interestExpense,depreciationAndAmortization,ebitda,ebitdaratio,operatingIncome,operatingIncomeRatio,totalOtherIncomeExpensesNet,incomeBeforeTax,incomeBeforeTaxRatio,incomeTaxExpense,netIncome,netIncomeRatio,eps,epsdiluted,weightedAverageShsOut,weightedAverageShsOutDil,link,finalLink,timestamp,est_time,est_date
0,2020-12-31,MTPH.L,GBP,2020-12-31,2020-12-31,FY,180000.0,6068000.0,-5888000.0,-32.71111111111111,0.0,4952000.0,6000.0,0.0,0.0,10851000.0,34000.0,1217000.0,-9454000.0,-52.522222222222226,-10671000.0,-130.38888888888889,0.0,-23470000.0,-130.38888888888889,-1281000.0,-22189000.0,-123.27222222222223,-484.20110854100295,-484.20110854100295,45826.0,45826.0,https://find-and-update.company-information.service.gov.uk/search/companies?q=Midatech+Pharma+PLC,https://find-and-update.company-information.service.gov.uk/search/companies?q=Midatech+Pharma+PLC,1620595386,17:23:06,20210509
1,2019-12-31,MTPH.L,GBP,2019-12-31,2019-12-31,FY,312000.0,7843000.0,-7531000.0,-24.137820512820515,0.0,3841000.0,323000.0,0.0,3787000.0,11630000.0,97000.0,1285000.0,-10033000.0,-32.157051282051285,-11318000.0,-36.27564102564103,0.0,-10923000.0,-35.00961538461539,-1785000.0,-10085000.0,-32.32371794871795,-220.0,-220.0,45826.0,45826.0,https://find-and-update.company-information.service.gov.uk/search/companies?q=Midatech+Pharma+PLC,https://find-and-update.company-information.service.gov.uk/search/companies?q=Midatech+Pharma+PLC,1620595386,17:23:06,20210509
2,2018-12-31,MTPH.L,GBP,2018-12-31,2018-12-31,FY,149000.0,9359000.0,-9210000.0,-61.81208053691275,9359000.0,4394000.0,0.0,0.0,2605000.0,11964000.0,587000.0,1111000.0,-10704000.0,-71.83892617449665,-11815000.0,-79.29530201342281,0.0,-12400000.0,-83.22147651006712,-2032000.0,-15030000.0,-100.87248322147651,-4.926438,-4.926438,3101939.0,3101939.0,https://find-and-update.company-information.service.gov.uk/search/companies?q=Midatech+Pharma+PLC,https://find-and-update.company-information.service.gov.uk/search/companies?q=Midatech+Pharma+PLC,1620595386,17:23:06,20210509
3,2017-12-31,MTPH.L,GBP,2017-12-31,2017-12-31,FY,7598000.0,11111000.0,-3513000.0,-0.46235851539878914,10185000.0,3148000.0,9417000.0,0.0,12565000.0,23676000.0,109000.0,2560000.0,-13518000.0,-1.7791524085285602,-16078000.0,-2.116083179784154,0.0,-17329000.0,-2.2807317715188207,-1265000.0,-16064000.0,-2.11424058962885,-6.108784,-6.108784,2604179.0,2604179.0,https://find-and-update.company-information.service.gov.uk/search/companies?q=Midatech+Pharma+PLC,https://find-and-update.company-information.service.gov.uk/search/companies?q=Midatech+Pharma+PLC,1620595386,17:23:06,20210509
4,2016-12-31,MTPH.L,GBP,2016-12-31,2016-12-31,FY,6923000.0,7351000.0,-428000.0,-0.061822909143434926,6684000.0,9222000.0,9523000.0,1173000.0,18745000.0,26096000.0,73000.0,4355000.0,-14818000.0,-2.1404015600173336,-19173000.0,-2.769464105156724,1173000.0,-29322000.0,-4.235447060522895,-9160000.0,-20162000.0,-2.9123212480138667,-11.035222,-11.035222,1830569.0,1830569.0,https://find-and-update.company-information.service.gov.uk/search/companies?q=Midatech+Pharma+PLC,https://find-and-update.company-information.service.gov.uk/search/companies?q=Midatech+Pharma+PLC,1620595386,17:23:06,20210509
5,2015-12-31,MTPH.L,GBP,2015-12-31,2015-12-31,FY,1375000.0,70000.0,1305000.0,0.9490909090909091,5920000.0,7929000.0,374000.0,0.0,14223000.0,14293000.0,5000.0,737000.0,-12181000.0,-8.85890909090909,-12918000.0,-9.39490909090909,1638000.0,-11232000.0,-8.168727272727272,-1133000.0,-10099000.0,-7.3447272727272725,-7.094071,-7.094071,1423583.0,1423583.0,https://find-and-update.company-information.service.gov.uk/search/companies?q=Midatech+Pharma+PLC,https://find-and-update.company-information.service.gov.uk/search/companies?q=Midatech+Pharma+PLC,1620595386,17:23:06,20210509
6,2014-12-31,MTPH.L,GBP,2014-12-31,2014-12-31,FY,157000.0,0.0,0.0,0.0,3639000.0,4405000.0,0.0,0.0,8044000.0,8044000.0,161000.0,322000.0,-7565000.0,-48.18471337579618,-7887000.0,-50.23566878980892,0.0,-8040000.0,-51.210191082802545,-658000.0,-7382000.0,-47.01910828025478,-5.233651,-5.233651,1410464.0,1410464.0,https://find-and-update.company-information.service.gov.uk/search/companies?q=Midatech+Pharma+PLC,https://find-and-update.company-information.service.gov.uk/search/companies?q=Midatech+Pharma+PLC,1620595386,17:23:06,20210509
7,2013-12-31,MTPH.L,GBP,2013-12-31,2013-12-31,FY,147000.0,0.0,147000.0,1.0,2840000.0,1806000.0,0.0,-137000.0,4646000.0,4646000.0,248000.0,247000.0,-4252000.0,-28.92517006802721,-4499000.0,-30.60544217687075,-137000.0,-4883000.0,-33.21768707482993,-799000.0,-4084000.0,-27.782312925170068,-13.991085,-13.991085,290046.0,290046.0,https://find-and-update.company-information.service.gov.uk/search/companies?q=Midatech+Pharma+PLC,https://find-and-update.company-information.service.gov.uk/search/companies?q=Midatech+Pharma+PLC,1620595386,17:23:06,20210509
