,date,symbol,reportedCurrency,fillingDate,acceptedDate,period,revenue,costOfRevenue,grossProfit,grossProfitRatio,researchAndDevelopmentExpenses,generalAndAdministrativeExpenses,sellingAndMarketingExpenses,otherExpenses,operatingExpenses,costAndExpenses,interestExpense,depreciationAndAmortization,ebitda,ebitdaratio,operatingIncome,operatingIncomeRatio,totalOtherIncomeExpensesNet,incomeBeforeTax,incomeBeforeTaxRatio,incomeTaxExpense,netIncome,netIncomeRatio,eps,epsdiluted,weightedAverageShsOut,weightedAverageShsOutDil,link,finalLink,timestamp,est_time,est_date
0,2020-12-31,NWLI,USD,2021-03-16,2021-03-16 14:27:45,FY,694742000,0.0,0.0,0.0,0.0,30372000.0,0.0,0.0,0.0,582674000.0,0.0,11903000.0,0.0,0.0,0.0,0.16130880240434578,18522000.0,112068000.0,0.16130880240434578,19756000.0,92312000.0,0.13287234685681878,25.388338833883388,25.388338833883388,3636000.0,3636000.0,https://www.sec.gov/Archives/edgar/data/1635984/000163598421000009/0001635984-21-000009-index.htm,https://www.sec.gov/Archives/edgar/data/1635984/000163598421000009/nwli-20201231.htm,1620595947,17:32:27,20210509
1,2019-12-31,NWLI,USD,2020-02-28,2020-02-28 15:23:35,FY,819188000,0.0,0.0,0.0,0.0,31956000.0,0.0,0.0,654000000.0,654032000.0,0.0,11270000.0,0.0,0.0,0.0,0.20160939857517443,17486000.0,165156000.0,0.20160939857517443,33540000.0,131616000.0,0.1606664160119533,37.22,37.22,3636000.0,3636000.0,https://www.sec.gov/Archives/edgar/data/1635984/000163598420000004/0001635984-20-000004-index.htm,https://www.sec.gov/Archives/edgar/data/1635984/000163598420000004/nwlgi2019-10k.htm,1620595947,17:32:27,20210509
2,2018-12-31,NWLI,USD,2019-03-01,2019-03-01 14:52:47,FY,551599000,0.0,0.0,0.0,0.0,27340000.0,0.0,0.0,410000000.0,410092000.0,0.0,11825000.0,0.0,0.0,0.0,0.2565396238934443,20603000.0,141507000.0,0.2565396238934443,24749000.0,116758000.0,0.21167188482937788,33.02,33.02,3535978.0,3535978.0,https://www.sec.gov/Archives/edgar/data/1635984/000163598419000009/0001635984-19-000009-index.htm,https://www.sec.gov/Archives/edgar/data/1635984/000163598419000009/nwlgi2018-10k.htm,1620595947,17:32:27,20210509
3,2017-12-31,NWLI,USD,2018-03-01,2018-03-01 14:06:58,FY,874448000,0.0,0.0,0.0,0.0,27146000.0,10738000.0,0.0,730000000.0,729893000.0,0.0,10005000.0,0.0,0.0,0.0,0.165310001280808,21070000.0,144555000.0,0.165310001280808,34134000.0,110421000.0,0.1262750901139919,31.23,31.23,3535735.0,3535735.0,https://www.sec.gov/Archives/edgar/data/1635984/000163598418000004/0001635984-18-000004-index.htm,https://www.sec.gov/Archives/edgar/data/1635984/000163598418000004/nwlgi2017-10k.htm,1620595947,17:32:27,20210509
4,2016-12-31,NWLI,USD,2017-03-10,2017-03-10 15:00:00,FY,682368000,0.0,0.0,0.0,0.0,28151000.0,11206000.0,0.0,530000000.0,529505000.0,0.0,8057000.0,100454000.0,0.1472138201087976,92397000.0,0.13540640827236916,18901000.0,152862000.0,0.22401695272931907,51970000.0,100892000.0,0.1478557024948415,28.53,28.53,3536348.0,3536348.0,https://www.sec.gov/Archives/edgar/data/1635984/000163598417000006/0001635984-17-000006-index.htm,https://www.sec.gov/Archives/edgar/data/1635984/000163598417000006/nwlgi2016-10k.htm,1620595947,17:32:27,20210509
5,2015-12-31,NWLI,USD,2016-03-11,2016-03-11 12:57:45,FY,589796000,0.0,0.0,0.0,0.0,19981000.0,11934000.0,0.0,443000000.0,443128000.0,0.0,2987000.0,96697000.0,0.16394990810381896,93710000.0,0.15888544513696262,28166000.0,146668000.0,0.24867581333206737,48272000.0,98396000.0,0.16683056514455846,26.5,26.49,3713057.0,3714458.0,https://www.sec.gov/Archives/edgar/data/1635984/000163598416000042/0001635984-16-000042-index.htm,https://www.sec.gov/Archives/edgar/data/1635984/000163598416000042/nwlgi2015-10k.htm,1620595947,17:32:27,20210509
6,2014-12-31,NWLI,USD,2014-12-31,2014-12-31,FY,708780000,0.0,0.0,0.0,0.0,28207000.0,11090000.0,0.0,0.0,551259000.0,0.0,3421000.0,101466000.0,0.1431558452552273,98045000.0,0.13832924179576173,21630000.0,157521000.0,0.2222424447642428,51933000.0,105588000.0,0.14897147210700076,27.74,27.72,3806345.0,3809091.0,,,1620595947,17:32:27,20210509
7,2013-12-31,NWLI,USD,2013-12-31,2013-12-31,FY,860267000,0.0,0.0,0.0,0.0,28202000.0,9478000.0,0.0,0.0,718570000.0,0.0,4674000.0,95296000.0,0.11077491058008734,90622000.0,0.10534171367726532,23716000.0,141697000.0,0.16471281590482956,45450000.0,96247000.0,0.11188038132347283,25.64,25.6,3753783.0,3759648.0,,,1620595947,17:32:27,20210509
8,2012-12-31,NWLI,USD,2012-12-31,2012-12-31,FY,664662000,0.0,0.0,0.0,0.0,23120000.0,11607000.0,0.0,0.0,524081000.0,0.0,5688000.0,98246000.0,0.1478134751196849,92558000.0,0.13925574201624286,23470000.0,140581000.0,0.21150750306170654,48023000.0,92558000.0,0.13925574201624286,23.76,23.76,3895539.0,3895539.0,,,1620595947,17:32:27,20210509
9,2011-12-31,NWLI,USD,2011-12-31,2011-12-31,FY,572747000,0.0,0.0,0.0,0.0,0.0,0.0,0.0,0.0,489911000.0,0.0,792000.0,0.0,0.0,0.0,0.14462930403825772,25439000.0,82836000.0,0.14462930403825772,27209000.0,55627000.0,0.09712316258313007,15.74,15.73,3433000.0,3437000.0,,,1620595947,17:32:27,20210509
10,2010-12-31,NWLI,USD,2010-12-31,2010-12-31,FY,575992000,0.0,0.0,0.0,0.0,55448000.0,0.0,0.0,0.0,471429000.0,0.0,2386000.0,71725000.0,0.12452429894859651,69339000.0,0.12038188030389312,25377000.0,104563000.0,0.1815355074376033,31666000.0,72897000.0,0.1265590494312421,20.67,20.61,3427000.0,3437000.0,,,1620595947,17:32:27,20210509
11,2009-12-31,NWLI,USD,2009-12-31,2009-12-31,FY,568406000,0.0,0.0,0.0,0.0,92192000.0,0.0,0.0,0.0,499168000.0,0.0,-502000.0,48340000.0,0.08504484470607278,48842000.0,0.0859280162419116,17348000.0,69238000.0,0.12181081832352227,23754000.0,45484000.0,0.08002026720337224,12.9,12.87,3426000.0,3433000.0,,,1620595947,17:32:27,20210509
12,2008-12-31,NWLI,USD,2008-12-31,2008-12-31,FY,411079000,0.0,0.0,0.0,0.0,0.0,0.0,0.0,0.0,361510000.0,0.0,2292000.0,51861000.0,0.1261582323592302,49569000.0,0.12058266172682136,146193000.0,49569000.0,0.12058266172682136,15927000.0,33642000.0,0.08183828412543574,9.54,9.48,3425000.0,3448000.0,,,1620595947,17:32:27,20210509
13,2007-12-31,NWLI,USD,2007-12-31,2007-12-31,FY,474507000,0.0,0.0,0.0,0.0,0.0,0.0,0.0,0.0,349260000.0,0.0,1031000.0,126278000.0,0.26612463040587386,125247000.0,0.26395184897166957,13683000.0,125247000.0,0.26395184897166957,39876000.0,85371000.0,0.17991515404409208,24.24,23.95,3521906.0,3564551.0,,,1620595947,17:32:27,20210509
14,2006-12-31,NWLI,USD,2006-12-31,2006-12-31,FY,521859000,0.0,0.0,0.0,0.0,0.0,0.0,0.0,0.0,405044000.0,0.0,1516000.0,118331000.0,0.226748987753397,116815000.0,0.22384398851030643,17304000.0,116815000.0,0.22384398851030643,40472000.0,76343000.0,0.14629047309713927,21.09,20.88,3619867.0,3656274.0,,,1620595947,17:32:27,20210509
15,2005-12-31,NWLI,USD,2005-12-31,2005-12-31,FY,441043000,0.0,0.0,0.0,0.0,0.0,0.0,0.0,0.0,324158000.0,0.0,-2601000.0,114284000.0,0.25912212641397775,116885000.0,0.2650195105692642,9579000.0,116885000.0,0.2650195105692642,39618000.0,77267000.0,0.17519153461227135,21.45,21.24,3602191.0,3637806.0,,,1620595947,17:32:27,20210509
16,2004-12-31,NWLI,USD,2004-12-31,2004-12-31,FY,434146000,0.0,0.0,0.0,0.0,0.0,0.0,0.0,0.0,332102000.0,0.0,-6708000.0,95336000.0,0.21959433001801237,102044000.0,0.23504535340645774,11259000.0,102044000.0,0.23504535340645774,34572000.0,122169000.0,0.281400726944392,34.27,33.91,3564896.0,3602743.0,,,1620595947,17:32:27,20210509
17,2003-12-31,NWLI,USD,2003-12-31,2003-12-31,FY,399268000,0.0,0.0,0.0,0.0,0.0,0.0,0.0,0.0,316159000.0,0.0,-9546000.0,73563000.0,0.1842446677419678,83109000.0,0.20815342075999077,7061000.0,83109000.0,0.20815342075999077,27327000.0,55782000.0,0.13971067052706454,15.78,15.64,3534981.0,3566624.0,,,1620595947,17:32:27,20210509
18,2002-12-31,NWLI,USD,2002-12-31,2002-12-31,FY,317387000,0.0,0.0,0.0,0.0,0.0,0.0,0.0,0.0,254515000.0,0.0,-6028000.0,56844000.0,0.17909996313648638,62872000.0,0.19809254947430108,6726000.0,62872000.0,0.19809254947430108,20806000.0,42066000.0,0.1325385097688311,11.94,11.84,3523116.0,3552872.0,,,1620595947,17:32:27,20210509
19,2001-12-31,NWLI,USD,2001-12-31,2001-12-31,FY,303106000,0.0,0.0,0.0,0.0,0.0,0.0,0.0,0.0,235336000.0,0.0,-5357000.0,62413000.0,0.20591146331646354,67770000.0,0.2235851484299222,6247000.0,67770000.0,0.2235851484299222,23185000.0,46719000.0,0.15413419727752006,13.31,13.19,3510068.0,3542002.0,,,1620595947,17:32:27,20210509
20,2000-12-31,NWLI,USD,2000-12-31,2000-12-31,FY,292715000,0.0,0.0,0.0,0.0,0.0,0.0,0.0,0.0,250164000.0,0.0,-3685000.0,38866000.0,0.1327776164528637,42551000.0,0.14536665357087952,946000.0,42551000.0,0.14536665357087952,14011000.0,28540000.0,0.09750098218403566,8.15,8.11,3501840.0,3519112.0,,,1620595947,17:32:27,20210509
21,1999-12-31,NWLI,USD,1999-12-31,1999-12-31,FY,351483000,0.0,0.0,0.0,0.0,0.0,0.0,0.0,0.0,261670000.0,0.0,-3500000.0,0.0,0.0,0.0,0.2555258718060333,8944000.0,89813000.0,0.2555258718060333,30588000.0,59225000.0,0.16850032576255466,16.92,16.78,3500296.0,3529499.0,,,1620595947,17:32:27,20210509
22,1998-12-31,NWLI,USD,1998-12-31,1998-12-31,FY,333614000,0.0,0.0,0.0,0.0,0.0,0.0,0.0,0.0,267249000.0,0.0,-6800000.0,59565000.0,0.17854466539174016,66365000.0,0.19892750304243828,1052000.0,66365000.0,0.19892750304243828,17347000.0,34893000.0,0.10459093443320724,9.98,9.87,3496293.0,3535258.0,,,1620595947,17:32:27,20210509
23,1997-12-31,NWLI,USD,1997-12-31,1997-12-31,FY,312274000,0.0,0.0,0.0,0.0,0.0,0.0,0.0,0.0,247979000.0,0.0,-5400000.0,0.0,0.0,0.0,0.2058929017465431,354000.0,64295000.0,0.2058929017465431,21723000.0,41572000.0,0.13312667721296043,11.91,11.81,3490512.0,3520068.0,,,1620595947,17:32:27,20210509
24,1996-12-31,NWLI,USD,1996-12-31,1996-12-31,FY,311209000,0.0,0.0,0.0,0.0,0.0,0.0,0.0,0.0,240871000.0,151500000.0,-6200000.0,64138000.0,0.2060930114488977,70338000.0,0.22601531446712658,2718000.0,70338000.0,0.22601531446712658,24123000.0,46215000.0,0.14850148935281435,13.24,13.24,3490559.0,3502646.0,,,1620595947,17:32:27,20210509
25,1995-12-31,NWLI,USD,1995-12-31,1995-12-31,FY,287235000,0.0,0.0,0.0,0.0,0.0,0.0,0.0,0.0,241035000.0,0.0,600000.0,46800000.0,0.1629327902240326,46200000.0,0.16084390829808345,661000.0,46200000.0,0.16084390829808345,10566000.0,19284000.0,0.06713666510000522,5.53,5.53,3487161.0,3487161.0,,,1620595947,17:32:27,20210509
26,1994-12-31,NWLI,USD,1994-12-31,1994-12-31,FY,316966000,0.0,0.0,0.0,0.0,0.0,0.0,0.0,0.0,263540000.0,0.0,-9600000.0,43826000.0,0.13826719585065905,53426000.0,0.16855435598770846,41670000.0,53426000.0,0.16855435598770846,19190000.0,34236000.0,0.10801158483875242,9.82,9.82,3486354.0,3489703.0,,,1620595947,17:32:27,20210509
27,1993-12-31,NWLI,USD,1993-12-31,1993-12-31,FY,377600000,0.0,0.0,0.0,0.0,0.0,0.0,0.0,0.0,-1600000.0,0.0,900000.0,0.0,0.0,0.0,0.0,291200000.0,0.0,0.0,26500000.0,56700000.0,0.15015889830508475,16.29,16.29,3480663.0,3480663.0,,,1620595947,17:32:27,20210509
28,1992-12-31,NWLI,USD,1992-12-31,1992-12-31,FY,401500000,0.0,0.0,0.0,0.0,0.0,0.0,0.0,0.0,24200000.0,0.0,100000.0,0.0,0.0,0.0,0.0,380100000.0,0.0,0.0,32500000.0,63400000.0,0.15790784557907844,18.23,18.23,3477784.0,3477784.0,,,1620595947,17:32:27,20210509
29,1991-12-31,NWLI,USD,1991-12-31,1991-12-31,FY,296600000,0.0,0.0,0.0,0.0,0.0,0.0,0.0,0.0,29700000.0,0.0,1300000.0,0.0,0.0,0.0,0.0,275100000.0,0.0,0.0,11200000.0,25700000.0,0.08664868509777478,7.41,7.41,3468286.0,3468286.0,,,1620595947,17:32:27,20210509
30,1990-12-31,NWLI,USD,1990-12-31,1990-12-31,FY,225800000,0.0,0.0,0.0,0.0,0.0,0.0,0.0,0.0,128200000.0,128200000.0,-2300000.0,0.0,0.0,0.0,0.0,202900000.0,0.0,0.0,1100000.0,-4800000.0,-0.021257750221434897,-1.37,-1.37,3503650.0,3503650.0,,,1620595947,17:32:27,20210509
31,1989-12-31,NWLI,USD,1989-12-31,1989-12-31,FY,196200000,0.0,0.0,0.0,0.0,0.0,0.0,0.0,0.0,0.0,0.0,0.0,0.0,0.0,0.0,0.0,0.0,0.0,0.0,-500000.0,600000.0,0.0030581039755351682,0.18,0.18,3333333.0,3333333.0,,,1620595947,17:32:27,20210509
32,1988-12-31,NWLI,USD,1988-12-31,1988-12-31,FY,434500000,0.0,0.0,0.0,0.0,0.0,0.0,0.0,0.0,0.0,0.0,0.0,0.0,0.0,0.0,0.0,0.0,0.0,0.0,5200000.0,10500000.0,0.024165707710011506,3.01,3.01,3488372.0,3488372.0,,,1620595947,17:32:27,20210509
33,1987-12-31,NWLI,USD,1987-12-31,1987-12-31,FY,408600000,0.0,0.0,0.0,0.0,0.0,0.0,0.0,0.0,0.0,0.0,0.0,0.0,0.0,0.0,0.0,0.0,0.0,0.0,3100000.0,6700000.0,0.016397454723445913,1.93,1.93,3471503.0,3471503.0,,,1620595947,17:32:27,20210509
34,1986-12-31,NWLI,USD,1986-12-31,1986-12-31,FY,320600000,0.0,0.0,0.0,0.0,0.0,0.0,0.0,0.0,0.0,0.0,0.0,0.0,0.0,0.0,0.0,0.0,0.0,0.0,2600000.0,9800000.0,0.03056768558951965,2.81,2.81,3487544.0,3487544.0,,,1620595947,17:32:27,20210509
35,1985-12-31,NWLI,USD,1985-12-31,1985-12-31,FY,233100000,0.0,0.0,0.0,0.0,0.0,0.0,0.0,0.0,0.0,0.0,0.0,0.0,0.0,0.0,0.0,0.0,0.0,0.0,3000000.0,9500000.0,0.04075504075504076,2.58,2.58,3682171.0,3682171.0,,,1620595947,17:32:27,20210509
