,date,symbol,reportedCurrency,fillingDate,acceptedDate,period,revenue,costOfRevenue,grossProfit,grossProfitRatio,researchAndDevelopmentExpenses,generalAndAdministrativeExpenses,sellingAndMarketingExpenses,otherExpenses,operatingExpenses,costAndExpenses,interestExpense,depreciationAndAmortization,ebitda,ebitdaratio,operatingIncome,operatingIncomeRatio,totalOtherIncomeExpensesNet,incomeBeforeTax,incomeBeforeTaxRatio,incomeTaxExpense,netIncome,netIncomeRatio,eps,epsdiluted,weightedAverageShsOut,weightedAverageShsOutDil,link,finalLink,timestamp,est_time,est_date
0,2020-06-30,ASB.AX,AUD,2020-06-30,2020-06-30,FY,2086001000.0,1846707000.0,239294000.0,0.11471423072184529,0.0,94793000.0,23876000.0,15025000.0,123776000.0,0.0,8267000.0,0.0,131927000.0,0.06324397735188046,115518000.0,0.05537772992438642,14878000.0,123513000.0,0.059210422238532005,34535000.0,88978000.0,0.04265482135435218,0.25,0.247,356243475,360234818,,,1620588774,15:32:54,20210509
1,2019-06-30,ASB.AX,AUD,2019-06-30,2019-06-30,FY,1851021000.0,1661113000.0,189908000.0,0.10259635087878527,0.0,92265000.0,18149000.0,16631000.0,112983000.0,0.0,8284000.0,0.0,94609000.0,0.0511117918165164,76925000.0,0.041558145477549956,15870000.0,85564000.0,0.04622529944284803,24180000.0,61384000.0,0.033162238569956794,0.176,0.173,349598590,354820809,,,1620588774,15:32:54,20210509
2,2018-06-30,ASB.AX,AUD,2018-06-30,2018-06-30,FY,1391672000.0,1260178000.0,131494000.0,0.09448634448347025,14116.0,64061000.0,15854000.0,16478000.0,81585000.0,0.0,8532000.0,37308000.0,87217000.0,0.06267065802861593,49909000.0,0.03586261705344363,15102000.0,56784000.0,0.04080271788179973,17756000.0,39028000.0,0.028043964382411947,0.113,0.112,346229344,348464286,,,1620588774,15:32:54,20210509
3,2017-06-30,ASB.AX,AUD,2017-06-30,2017-06-30,FY,1308603000.0,1192969000.0,115634000.0,0.08836446194911673,0.0,55850000.0,16493000.0,2758000.0,72343000.0,0.0,7198000.0,31522000.0,74813000.0,0.05717012722727978,43291000.0,0.03308184376774316,2247000.0,39865000.0,0.030463784661963943,24515000.0,15350000.0,0.01173006633791914,0.044,0.044,345094616,345094616,,,1620588774,15:32:54,20210509
4,2016-06-30,ASB.AX,AUD,2016-06-30,2016-06-30,FY,1338864000.0,1396921000.0,-58057000.0,-0.0433628807705637,0.0,61488000.0,14609000.0,16492000.0,76097000.0,0.0,6605000.0,29899000.0,-104255000.0,-0.07786825248867697,-134154000.0,-0.10019987093536013,13289000.0,-126364000.0,-0.09438150551512327,-42182000.0,-84281000.0,-0.06294963491437518,-0.2424,-0.2424,347665088,347665088,,,1620588774,15:32:54,20210509
5,2015-06-30,ASB.AX,AUD,2015-06-30,2015-06-30,FY,1414006000.0,1296909000.0,117097000.0,0.08281223700606645,0.0,49124000.0,14674000.0,31875000.0,63798000.0,0.0,4992000.0,24266000.0,77565000.0,0.05485478845209992,53299000.0,0.0376936165758844,31504000.0,80693000.0,0.05706694313885514,27537000.0,53225000.0,0.03764128299314147,0.16,0.15,342383958,354833333,,,1620588774,15:32:54,20210509
6,2014-06-30,ASB.AX,AUD,2014-06-30,2014-06-30,FY,1126344000.0,1028599000.0,97745000.0,0.08678077035079869,0.0,51895000.0,8396000.0,14529000.0,60291000.0,0.0,8742000.0,23773000.0,61227000.0,0.05435905904412861,37454000.0,0.033252718530040554,18111000.0,47144000.0,0.041855774079677256,15285000.0,31548000.0,0.028009205003089642,0.09,0.09,342042581,342042581,,,1620588774,15:32:54,20210509
7,2013-06-30,ASB.AX,AUD,2013-06-30,2013-06-30,FY,900082000.0,798828000.0,101254000.0,0.11249419497334687,0.0,71212000.0,9989000.0,26400000.0,89703000.0,0.0,13571000.0,24509000.0,36060000.0,0.040063016480720644,11551000.0,0.012833275190482645,26515000.0,26726000.0,0.02969285020698114,-9016000.0,35870000.0,0.039851924602425114,0.132,0.1201,271713717,298667777,,,1620588774,15:32:54,20210509
8,2012-06-30,ASB.AX,AUD,2012-06-30,2012-06-30,FY,651671000.0,601594000.0,50077000.0,0.0768439902957167,0.0,44356000.0,12299000.0,29343000.0,64567000.0,0.0,4665000.0,16324000.0,1834000.0,0.0028143035366005238,-14490000.0,-0.02223514626245452,31067000.0,12557000.0,0.01926892557747698,1514000.0,11043000.0,0.016945667368963788,0.0601,0.0599,183766205,184357262,,,1620588774,15:32:54,20210509
9,2011-06-30,ASB.AX,AUD,2011-06-30,2011-06-30,FY,502884000.0,433545000.0,69339000.0,0.13788269262891642,0.0,36175000.0,15071000.0,11621000.0,58858000.0,0.0,2739000.0,15505000.0,25986000.0,0.05167394468704512,10481000.0,0.020841784586505038,11621000.0,19792000.0,0.039356988888093476,-2098000.0,21890000.0,0.043528925159678974,0.119,0.119,183559322,183559322,,,1620588774,15:32:54,20210509
10,2010-06-30,ASB.AX,AUD,2010-06-30,2010-06-30,FY,520122000.0,424972000.0,95150000.0,0.1829378491969192,0.0,32183000.0,9306000.0,9888000.0,49845000.0,0.0,2838000.0,11966000.0,57271000.0,0.11011070479618243,45305000.0,0.08710456392923199,7426000.0,51157000.0,0.09835577037695002,14025000.0,37132000.0,0.07139094289416714,0.203,0.202,183311350,183821782,,,1620588774,15:32:54,20210509
11,2009-06-30,ASB.AX,AUD,2009-06-30,2009-06-30,FY,490185000.0,401597000.0,88588000.0,0.18072360435345838,0.0,27752000.0,10261000.0,-3428000.0,53753000.0,0.0,1984000.0,8076000.0,42911000.0,0.08754041841345614,34835000.0,0.07106500606913717,-33318000.0,9777000.0,0.01994553076899538,611000.0,9166000.0,0.018699062598814733,0.05,0.05,182834859,182834859,,,1620588774,15:32:54,20210509
12,2008-06-30,ASB.AX,AUD,2008-06-30,2008-06-30,FY,605847000.0,513035000.0,92812000.0,0.15319379315239656,0.0,20348000.0,7233000.0,3484000.0,43688000.0,0.0,2119000.0,6604000.0,55728000.0,0.09198361962673744,49124000.0,0.08108317776600363,3484000.0,70757000.0,0.1167902127104698,18484000.0,52273000.0,0.08628085968899739,0.283,0.281,184644828,186024911,,,1620588774,15:32:54,20210509
13,2007-06-30,ASB.AX,AUD,2007-06-30,2007-06-30,FY,536073000.0,440594000.0,95479000.0,0.17810820541232258,318000.0,15474000.0,5813000.0,1194000.0,38925000.0,0.0,2676000.0,5398000.0,61952000.0,0.11556635010530282,56554000.0,0.10549682599198243,1194000.0,63756000.0,0.11893156342513053,17965000.0,45099000.0,0.0841284675781097,0.244,0.241,184861885,187132780,,,1620588774,15:32:54,20210509
14,2006-06-30,ASB.AX,AUD,2006-06-30,2006-06-30,FY,383873000.0,310073000.0,73800000.0,0.19225108304048474,343000.0,12304000.0,5041000.0,3431000.0,31313000.0,0.0,1413000.0,4291000.0,46778000.0,0.12185801033154194,42487000.0,0.11067983421600373,3431000.0,49624000.0,0.12927192066126036,5449000.0,40636000.0,0.10585792697063873,0.224,0.221,181751890,183873303,,,1620588774,15:32:54,20210509
15,2005-06-30,ASB.AX,AUD,2005-06-30,2005-06-30,FY,317044000.0,241700000.0,75344000.0,0.2376452479781986,699000.0,7312000.0,4776000.0,1297000.0,35310000.0,0.0,1786000.0,3352000.0,43386000.0,0.13684535900379757,40034000.0,0.12627269401092592,1297000.0,42467000.0,0.13394670771249417,42467000.0,596000.0,0.0018798652552957948,0.185,0.185,191414946,191414946,,,1620588774,15:32:54,20210509
16,2004-06-30,ASB.AX,AUD,2004-06-30,2004-06-30,FY,307835000.0,251565000.0,56270000.0,0.1827927298715221,335000.0,7917000.0,6319000.0,115000.0,31966000.0,0.0,1904000.0,3853000.0,28157000.0,0.091467831793006,24304000.0,0.07895138629460588,115000.0,24675000.0,0.08015657738723667,24675000.0,415000.0,0.0013481248071206978,0.104,0.104,192911873,192911873,,,1620588774,15:32:54,20210509
17,2003-06-30,ASB.AX,AUD,2003-06-30,2003-06-30,FY,304068000.0,298570000.0,5498000.0,0.018081481773813753,0.0,10155000.0,10689000.0,98000.0,45084000.0,0.0,872000.0,0.0,-35878000.0,-0.11799334359419604,-39586000.0,-0.1301879842666772,98000.0,-36750000.0,-0.12086112316981727,-36750000.0,5565000.0,0.018301827222858044,-0.097,-0.097,192911873,192911873,,,1620588774,15:32:54,20210509
18,2002-06-30,ASB.AX,AUD,2002-06-30,2002-06-30,FY,336333000.0,290994000.0,45339000.0,0.13480389970654083,413000.0,8158000.0,5979000.0,4054000.0,16366000.0,0.0,1114000.0,4415000.0,33388000.0,0.09927066330095471,28973000.0,0.08614379201565116,4054000.0,35124000.0,0.1044322145016992,35124000.0,1120000.0,0.003330033032738387,0.163,0.163,186331288,186331288,,,1620588774,15:32:54,20210509
19,2001-06-30,ASB.AX,AUD,2001-06-30,2001-06-30,FY,187921000.0,162511000.0,25410000.0,0.13521639412306236,0.0,10882000.0,5551000.0,-5977000.0,17439000.0,0.0,1917000.0,1006000.0,8977000.0,0.04777007359475524,7971000.0,0.0424167602343538,-5977000.0,3135000.0,0.016682542132066134,3135000.0,649000.0,0.0034535788975154453,0.089617,0.089617,161684722,161684722,,,1620588774,15:32:54,20210509
20,2000-06-30,ASB.AX,AUD,2000-06-30,2000-06-30,FY,0.0,0.0,0.0,0.0,0.0,0.0,0.0,0.0,0.0,0.0,2303000.0,0.0,29422000.0,0.0,0.0,0.0,0.0,27119000.0,0.0,27119000.0,53000.0,0.0,0.190067,0.190067,157391650,157391650,,,1620588774,15:32:54,20210509
21,1999-06-30,ASB.AX,AUD,1999-06-30,1999-06-30,FY,0.0,0.0,0.0,0.0,0.0,0.0,0.0,0.0,0.0,0.0,682000.0,0.0,40514000.0,0.0,0.0,0.0,0.0,39832000.0,0.0,39832000.0,-667000.0,0.0,0.153629,0.153629,156988789,156988789,,,1620588774,15:32:54,20210509
22,1998-06-30,ASB.AX,AUD,1998-06-30,1998-06-30,FY,0.0,0.0,0.0,0.0,0.0,0.0,0.0,0.0,0.0,0.0,-2060000.0,0.0,26407000.0,0.0,0.0,0.0,0.0,28467000.0,0.0,28467000.0,18277000.0,0.0,0.116108,0.116108,157413181,157413181,,,1620588774,15:32:54,20210509
23,1997-06-30,ASB.AX,AUD,1997-06-30,1997-06-30,FY,151926000.0,0.0,0.0,0.0,0.0,0.0,0.0,-150682000.0,1244000.0,0.0,-1899000.0,1244000.0,151926000.0,1.0,150682000.0,0.9918118031146742,-150682000.0,25769000.0,0.16961547068967786,25769000.0,16562000.0,0.10901359872569541,0.105276,0.105276,157320408,157320408,,,1620588774,15:32:54,20210509
24,1996-06-30,ASB.AX,AUD,1996-06-30,1996-06-30,FY,122763000.0,0.0,0.0,0.0,0.0,0.0,0.0,-121626000.0,1137000.0,0.0,1397000.0,1137000.0,122763000.0,1.0,121626000.0,0.9907382517533785,-121626000.0,14825000.0,0.1207611413862483,14825000.0,9562000.0,0.0778899179720274,0.060762,0.060762,157391650,157391650,,,1620588774,15:32:54,20210509
