,date,symbol,reportedCurrency,fillingDate,acceptedDate,period,revenue,costOfRevenue,grossProfit,grossProfitRatio,researchAndDevelopmentExpenses,generalAndAdministrativeExpenses,sellingAndMarketingExpenses,otherExpenses,operatingExpenses,costAndExpenses,interestExpense,depreciationAndAmortization,ebitda,ebitdaratio,operatingIncome,operatingIncomeRatio,totalOtherIncomeExpensesNet,incomeBeforeTax,incomeBeforeTaxRatio,incomeTaxExpense,netIncome,netIncomeRatio,eps,epsdiluted,weightedAverageShsOut,weightedAverageShsOutDil,link,finalLink,timestamp,est_time,est_date
0,2020-12-31,MED,USD,2021-02-26,2021-02-26 14:56:28,FY,934842000.0,237027000.0,697815000.0,0.7464523416791287,0.0,0.0,0.0,-140000.0,563656000.0,800683000.0,0.0,7270000.0,141429000.0,0.15128652756294647,134159000.0,0.14350981235331745,-140000.0,134265000.0,0.14362320049805208,31406000.0,102859000.0,0.11002821867224621,8.74,8.68,11771000.0,11850000.0,https://www.sec.gov/Archives/edgar/data/910329/000155837021001985/0001558370-21-001985-index.htm,https://www.sec.gov/Archives/edgar/data/910329/000155837021001985/med-20201231x10k.htm,1620594891,17:14:51,20210509
1,2019-12-31,MED,USD,2020-03-02,2020-03-02 16:17:09,FY,713672000.0,176814000.0,536858000.0,0.7522475310787028,0.0,0.0,0.0,29000.0,445819000.0,622633000.0,0.0,4624000.0,95663000.0,0.1340433700635586,91039000.0,0.12756420316335795,29000.0,92363000.0,0.12941939714602788,14447000.0,77916000.0,0.10917620419464404,6.62,6.43,11771000.0,12117000.0,https://www.sec.gov/Archives/edgar/data/910329/000155837020001889/0001558370-20-001889-index.htm,https://www.sec.gov/Archives/edgar/data/910329/000155837020001889/med-20191231x10kab6561.htm,1620594891,17:14:51,20210509
2,2018-12-31,MED,USD,2019-03-01,2019-03-01 17:21:03,FY,501003000.0,121104000.0,379899000.0,0.7582768965455297,0.0,0.0,0.0,179000.0,310836000.0,431940000.0,0.0,4435000.0,73498000.0,0.1467017163569879,69063000.0,0.13784947395524577,179000.0,70548000.0,0.14081352806270622,14759000.0,55789000.0,0.11135462262701022,4.67,4.62,11947000.0,12079000.0,https://www.sec.gov/Archives/edgar/data/910329/000114420419011678/0001144204-19-011678-index.htm,https://www.sec.gov/Archives/edgar/data/910329/000114420419011678/tv508957_10k.htm,1620594891,17:14:51,20210509
3,2017-12-31,MED,USD,2018-03-16,2018-03-16 16:16:33,FY,301563000.0,73751000.0,227812000.0,0.7554375039378173,0.0,0.0,0.0,136000.0,188180000.0,261931000.0,0.0,4209000.0,43841000.0,0.14537924082198414,39632000.0,0.13142195826411066,136000.0,40326000.0,0.13372330159867094,12605000.0,27721000.0,0.09192440717196738,2.32,2.29,11924000.0,12088000.0,https://www.sec.gov/Archives/edgar/data/910329/000114420418015288/0001144204-18-015288-index.htm,https://www.sec.gov/Archives/edgar/data/910329/000114420418015288/tv487131_10k.htm,1620594891,17:14:51,20210509
4,2016-12-31,MED,USD,2017-03-16,2017-03-16 17:08:10,FY,274534000.0,68870000.0,205664000.0,0.7491385402172408,0.0,0.0,0.0,-20000.0,178805000.0,247675000.0,0.0,5405000.0,32264000.0,0.11752278406317615,26859000.0,0.09783487655445228,-20000.0,27122000.0,0.0987928635433134,9287000.0,17835000.0,0.0649646309746698,1.51,1.49,11842000.0,11947000.0,https://www.sec.gov/Archives/edgar/data/910329/000114420417015143/0001144204-17-015143-index.htm,https://www.sec.gov/Archives/edgar/data/910329/000114420417015143/v461286_10k.htm,1620594891,17:14:51,20210509
5,2015-12-31,MED,USD,2016-03-15,2016-03-15 16:39:29,FY,272773000.0,71458000.0,201315000.0,0.7380312567592834,0.0,0.0,0.0,326000.0,172631000.0,244089000.0,0.0,7115000.0,35799000.0,0.13124099525979477,28684000.0,0.10515703533707516,326000.0,29671000.0,0.10877542865312916,10104000.0,20058000.0,0.07353367085452006,1.68,1.66,11959252.0,12070730.0,https://www.sec.gov/Archives/edgar/data/910329/000114420416088200/0001144204-16-088200-index.htm,https://www.sec.gov/Archives/edgar/data/910329/000114420416088200/v433063_10k.htm,1620594891,17:14:51,20210509
6,2014-12-31,MED,USD,2015-03-16,2015-03-16 16:11:01,FY,285285000.0,76078000.0,209207000.0,0.733326322800007,0.0,0.0,0.0,731000.0,178961000.0,255039000.0,0.0,8052000.0,38298000.0,0.1342447026657553,30246000.0,0.1060202954939797,731000.0,31693000.0,0.11109241635557425,10664000.0,13181000.0,0.04620291988713041,1.04,1.03,12670387.0,12778277.0,https://www.sec.gov/Archives/edgar/data/910329/000114420415016333/0001144204-15-016333-index.htm,https://www.sec.gov/Archives/edgar/data/910329/000114420415016333/v403434_10k.htm,1620594891,17:14:51,20210509
7,2013-12-31,MED,USD,2014-03-17,2014-03-17 16:05:56,FY,356886000.0,89040000.0,267846000.0,0.750508565760495,0.0,0.0,0.0,91000.0,234256000.0,323296000.0,0.0,11382000.0,44972000.0,0.12601222799437356,33590000.0,0.09411969088168211,91000.0,34187000.0,0.09579249396165722,10218000.0,23969000.0,0.06716150255263585,1.74,1.73,13774083.0,13817693.0,https://www.sec.gov/Archives/edgar/data/910329/000114420414016118/0001144204-14-016118-index.htm,https://www.sec.gov/Archives/edgar/data/910329/000114420414016118/v370288_10k.htm,1620594891,17:14:51,20210509
8,2012-12-31,MED,USD,2013-03-15,2013-03-15 16:10:53,FY,356706000.0,88671000.0,268035000.0,0.7514171334376208,0.0,0.0,0.0,895000.0,244773000.0,333444000.0,0.0,11205000.0,34467000.0,0.09662579266959345,23262000.0,0.06521336899295217,895000.0,24458000.0,0.06856627026178422,8582000.0,15876000.0,0.04450724125750618,1.1569744549572485,1.1554733161065236,13721997.0,13739824.0,https://www.sec.gov/Archives/edgar/data/910329/000114420413015443/0001144204-13-015443-index.htm,https://www.sec.gov/Archives/edgar/data/910329/000114420413015443/v335575_10k.htm,1620594891,17:14:51,20210509
9,2011-12-31,MED,USD,2012-03-15,2012-03-15 16:30:34,FY,298189000.0,73693000.0,224496000.0,0.7528647938052712,0.0,0.0,0.0,0.0,197114000.0,270807000.0,102000.0,8344000.0,35726000.0,0.11980991921231166,27382000.0,0.09182766634584107,-21000.0,27680000.0,0.09282703251964358,9139000.0,18541000.0,0.06217868533044479,1.33,1.31,13965018.0,14198495.0,https://www.sec.gov/Archives/edgar/data/910329/000114420412015310/0001144204-12-015310-index.htm,https://www.sec.gov/Archives/edgar/data/910329/000114420412015310/v305499_10k.htm,1620594891,17:14:51,20210509
10,2010-12-31,MED,USD,2011-04-01,2011-04-01 09:12:05,FY,257552000.0,65083000.0,192469000.0,0.7473015158103995,0.0,0.0,0.0,0.0,160829000.0,225912000.0,111000.0,5859000.0,37499000.0,0.14559778219544015,31640000.0,0.12284897807044791,-222000.0,31692000.0,0.12305087904578493,12081000.0,19611000.0,0.0761438466795055,1.39,1.35,14082213.0,14572921.0,https://www.sec.gov/Archives/edgar/data/910329/000114420411019422/0001144204-11-019422-index.htm,https://www.sec.gov/Archives/edgar/data/910329/000114420411019422/v217041_10k.htm,1620594891,17:14:51,20210509
11,2009-12-31,MED,USD,2010-03-31,2010-03-30 17:50:29,FY,165618000.0,40293000.0,125325000.0,0.7567112270405391,0.0,0.0,0.0,0.0,105959000.0,146252000.0,145000.0,5267000.0,24633000.0,0.14873383327899142,19366000.0,0.11693173447330604,-83000.0,19293000.0,0.11649096112741368,7330000.0,11963000.0,0.07223248680698958,0.89,0.81,13515318.0,14729698.0,https://www.sec.gov/Archives/edgar/data/910329/000114420410016775/0001144204-10-016775-index.htm,https://www.sec.gov/Archives/edgar/data/910329/000114420410016775/v179184_10k.htm,1620594891,17:14:51,20210509
12,2008-12-31,MED,USD,2009-03-16,2009-03-16 16:03:28,FY,105445000.0,25332000.0,80113000.0,0.7597610128503011,0.0,0.0,0.0,0.0,71914000.0,97246000.0,0.0,4574000.0,12773000.0,0.1211342405993646,8199000.0,0.07775617620560482,-132000.0,7850000.0,0.07444639385461616,2415000.0,5435000.0,0.051543458675138695,0.41,0.38,13126534.0,14329525.0,https://www.sec.gov/Archives/edgar/data/910329/000114420409014237/0001144204-09-014237-index.htm,https://www.sec.gov/Archives/edgar/data/910329/000114420409014237/v142765_10k.htm,1620594891,17:14:51,20210509
13,2007-12-31,MED,USD,2008-03-17,2008-03-17 15:02:16,FY,83779000.0,21464000.0,62315000.0,0.7438021461225367,0.0,0.0,0.0,0.0,56600000.0,78064000.0,0.0,3471000.0,9186000.0,0.1096456152496449,5715000.0,0.06821518518960598,110000.0,5543000.0,0.06616216474295468,1706000.0,3837000.0,0.045799066591866694,0.3,0.28,12960930.0,13644149.0,https://www.sec.gov/Archives/edgar/data/910329/000114420408015754/0001144204-08-015754-index.htm,https://www.sec.gov/Archives/edgar/data/910329/000114420408015754/v107110_10k.htm,1620594891,17:14:51,20210509
14,2006-12-31,MED,USD,2007-03-16,2007-03-16 16:04:28,FY,74086000.0,18237000.0,55849000.0,0.75384013173879,0.0,0.0,0.0,0.0,47737000.0,65974000.0,369000.0,2396000.0,10508000.0,0.1418351645385093,8112000.0,0.1094943714062036,-47000.0,7338000.0,0.09904705342439867,2256000.0,5082000.0,0.06859595605107578,0.4,0.38,12699066.0,13482894.0,https://www.sec.gov/Archives/edgar/data/910329/000114420407013149/0001144204-07-013149-index.htm,https://www.sec.gov/Archives/edgar/data/910329/000114420407013149/v068679_10k.htm,1620594891,17:14:51,20210509
15,2005-12-31,MED,USD,2005-12-31,2005-12-31,FY,40129000.0,10161000.0,29968000.0,0.7467915970993546,0.0,0.0,0.0,0.0,25894000.0,36055000.0,317000.0,1741000.0,5815000.0,0.14490767275536395,4074000.0,0.10152258964838397,15000.0,3930000.0,0.09793416232649704,1203000.0,2727000.0,0.06795584240823345,0.2,0.19,12258734.0,12780959.0,,,1620594891,17:14:51,20210509
16,2004-12-31,MED,USD,2004-12-31,2004-12-31,FY,27340000.0,6746000.0,20594000.0,0.7532553035844916,0.0,0.0,0.0,0.0,17590000.0,24336000.0,0.0,1310000.0,4314000.0,0.15779078273591807,3004000.0,0.10987564008778347,-7000.0,2906000.0,0.10629114850036576,1159000.0,1747000.0,0.063899049012436,0.16,0.14,10832360.0,12413424.0,,,1620594891,17:14:51,20210509
17,2003-12-31,MED,USD,2003-12-31,2003-12-31,FY,25379000.0,6825000.0,18554000.0,0.7310768745813467,0.0,0.0,0.0,0.0,14956000.0,21781000.0,150000.0,677000.0,4275000.0,0.16844635328421134,3598000.0,0.1417707553489105,110000.0,3558000.0,0.14019464911935064,1148000.0,2410000.0,0.09496040033098231,0.25,0.22,9305731.0,10952367.0,,,1620594891,17:14:51,20210509
18,2002-12-31,MED,USD,2002-12-31,2002-12-31,FY,12345000.0,3687000.0,8658000.0,0.7013365735115431,0.0,0.0,0.0,0.0,6906000.0,10593000.0,0.0,321000.0,2073000.0,0.16792223572296477,1752000.0,0.14191980558930742,47000.0,1698000.0,0.13754556500607534,-925000.0,2623000.0,0.21247468610773593,0.36,0.3,6722505.0,8737292.0,,,1620594891,17:14:51,20210509
19,2001-12-31,MED,USD,2001-12-31,2001-12-31,FY,5022000.0,2211000.0,2811000.0,0.55973715651135,0.0,2066000.0,0.0,0.0,2066000.0,4277000.0,0.0,211000.0,956000.0,0.19036240541616886,745000.0,0.14834727200318598,61000.0,566000.0,0.11270410195141378,-22000.0,588000.0,0.11708482676224612,0.08,0.07,6524969.0,8069646.0,,,1620594891,17:14:51,20210509
20,2000-12-31,MED,USD,2000-12-31,2000-12-31,FY,3898000.0,1724000.0,2174000.0,0.5577219086711134,0.0,1689000.0,0.0,0.0,1689000.0,3413000.0,386000.0,219000.0,704000.0,0.1806054386865059,485000.0,0.12442278091328887,33000.0,-87000.0,-0.022319138019497177,-787000.0,1303000.0,0.33427398665982555,0.19,0.17,5633821.0,7380285.0,,,1620594891,17:14:51,20210509
21,1999-12-31,MED,USD,1999-12-31,1999-12-31,FY,4651000.0,2305000.0,2346000.0,0.5044076542678994,0.0,4179000.0,0.0,0.0,4411000.0,6716000.0,0.0,232000.0,-1833000.0,-0.3941087938077833,-2065000.0,-0.4439905396688884,339000.0,0.0,0.0,0.0,-3192000.0,-0.6863040206407224,-0.6,-0.6,5480384.0,5480384.0,,,1620594891,17:14:51,20210509
22,1998-12-31,MED,USD,1998-12-31,1998-12-31,FY,15901000.0,10097000.0,5804000.0,0.3650084900320735,0.0,6575000.0,0.0,0.0,6575000.0,16672000.0,0.0,431000.0,-340000.0,-0.021382302999811333,-771000.0,-0.048487516508395695,172000.0,-949000.0,-0.05968178102006163,0.0,-949000.0,-0.05968178102006163,-0.22,-0.22,4801000.0,4801000.0,,,1620594891,17:14:51,20210509
23,1997-12-31,MED,USD,1997-12-31,1997-12-31,FY,14361000.0,9670000.0,4691000.0,0.32664856207784976,0.0,7829000.0,0.0,0.0,7829000.0,17499000.0,0.0,875000.0,-2263000.0,-0.15757955574124366,-3138000.0,-0.2185084604136202,20000.0,-3355000.0,-0.2336188287723696,342000.0,-3697000.0,-0.25743332637002997,-0.88,-0.88,4297000.0,4297000.0,,,1620594891,17:14:51,20210509
24,1996-12-31,MED,USD,1996-12-31,1996-12-31,FY,16504000.0,9216000.0,7288000.0,0.44158991759573435,0.0,6455000.0,0.0,0.0,6843000.0,16059000.0,0.0,662000.0,1107000.0,0.06707464857004362,445000.0,0.026963160445952497,26000.0,229000.0,0.013875424139602521,-91000.0,320000.0,0.019389238972370333,0.07,0.07,4313418.0,4313418.0,,,1620594891,17:14:51,20210509
