,date,symbol,reportedCurrency,fillingDate,acceptedDate,period,revenue,costOfRevenue,grossProfit,grossProfitRatio,researchAndDevelopmentExpenses,generalAndAdministrativeExpenses,sellingAndMarketingExpenses,otherExpenses,operatingExpenses,costAndExpenses,interestExpense,depreciationAndAmortization,ebitda,ebitdaratio,operatingIncome,operatingIncomeRatio,totalOtherIncomeExpensesNet,incomeBeforeTax,incomeBeforeTaxRatio,incomeTaxExpense,netIncome,netIncomeRatio,eps,epsdiluted,weightedAverageShsOut,weightedAverageShsOutDil,link,finalLink,timestamp,est_time,est_date
0,2020-12-31,AWK,USD,2021-02-24,2021-02-24 16:32:18,FY,3777000000,1622000000.0,2155000000.0,0.5705586444267937,0.0,0.0,0.0,71000000.0,907000000.0,2529000000.0,0.0,604000000.0,1852000000,0.4903362456976436,1248000000.0,0.33042096902303414,71000000.0,924000000.0,0.24463860206513105,215000000.0,709000000,0.18771511781837438,3.9171270718232045,3.9171270718232045,181000000,181000000,https://www.sec.gov/Archives/edgar/data/1410636/000141063621000101/0001410636-21-000101-index.htm,https://www.sec.gov/Archives/edgar/data/1410636/000141063621000101/awk-20201231.htm,1620589004,15:36:44,20210509
1,2019-12-31,AWK,USD,2020-02-18 00:00:00,2020-02-18 16:34:02,FY,3610000000,1544000000.0,2066000000.0,0.5722991689750693,0.0,0.0,0.0,49000000.0,862000000.0,2406000000.0,0.0,582000000.0,1786000000,0.49473684210526314,1204000000.0,0.3335180055401662,11000000.0,833000000.0,0.23074792243767314,212000000.0,621000000,0.17202216066481996,3.44,3.43,181000000,181000000,https://www.sec.gov/Archives/edgar/data/1410636/000141063620000040/0001410636-20-000040-index.html,https://www.sec.gov/Archives/edgar/data/1410636/000141063620000040/a12312019-awkx10kdocum.htm,1620589004,15:36:44,20210509
2,2018-12-31,AWK,USD,2019-02-19 00:00:00,2019-02-19 16:32:26,FY,3440000000,1479000000.0,1961000000.0,0.5700581395348837,0.0,0.0,0.0,39000000.0,822000000.0,2301000000.0,0.0,545000000.0,1684000000,0.48953488372093024,1139000000.0,0.3311046511627907,-2000000.0,787000000.0,0.22877906976744186,222000000.0,567000000,0.16482558139534884,3.16,3.15,180000000,180000000,https://www.sec.gov/Archives/edgar/data/1410636/000141063619000041/0001410636-19-000041-index.html,https://www.sec.gov/Archives/edgar/data/1410636/000141063619000041/a12312018-awkx10kdocument.htm,1620589004,15:36:44,20210509
3,2017-12-31,AWK,USD,2018-02-20 00:00:00,2018-02-20 16:33:54,FY,3357000000,1378000000.0,1979000000.0,0.5895144474232946,0.0,0.0,0.0,17000000.0,751000000.0,2129000000.0,0.0,492000000.0,1720000000,0.5123622281799225,1228000000.0,0.365802800119154,26000000.0,912000000.0,0.2716711349419124,486000000.0,426000000,0.12689901697944594,2.39,2.38,178000000,179000000,https://www.sec.gov/Archives/edgar/data/1410636/000141063618000076/0001410636-18-000076-index.html,https://www.sec.gov/Archives/edgar/data/1410636/000141063618000076/a12312017-awkx10kdocument.htm,1620589004,15:36:44,20210509
4,2016-12-31,AWK,USD,2017-02-21 00:00:00,2017-02-21 16:32:56,FY,3302000000,1504000000.0,1798000000.0,0.544518473652332,0.0,0.0,0.0,15000000.0,728000000.0,2232000000.0,0.0,470000000.0,1540000000,0.4663840096910963,1070000000.0,0.32404603270745,25000000.0,770000000.0,0.23319200484554814,302000000.0,468000000,0.14173228346456693,2.63,2.62,178000000,179000000,https://www.sec.gov/Archives/edgar/data/1410636/000156459017001899/0001564590-17-001899-index.html,https://www.sec.gov/Archives/edgar/data/1410636/000156459017001899/awk-10k_20161231.htm,1620589004,15:36:44,20210509
5,2015-12-31,AWK,USD,2016-02-25 00:00:00,2016-02-24 20:10:46,FY,3159000000,1404000000.0,1755000000.0,0.5555555555555556,0.0,0.0,0.0,15000000.0,683000000.0,2087000000.0,0.0,440000000.0,1512000000,0.47863247863247865,1072000000.0,0.33934789490345046,18000000.0,782000000.0,0.24754669199113644,306000000.0,476000000,0.15068059512503956,2.66,2.64,179000000,180000000,https://www.sec.gov/Archives/edgar/data/1410636/000156459016013247/0001564590-16-013247-index.html,https://www.sec.gov/Archives/edgar/data/1410636/000156459016013247/awk-10k_20151231.htm,1620589004,15:36:44,20210509
6,2014-12-31,AWK,USD,2015-02-25,2015-02-24 18:40:19,FY,3011328000,1349864000.0,1661464000.0,0.5517379707557596,0.0,0.0,0.0,-3196000.0,660816000.0,2010680000.0,309259000.0,424084000.0,1424732000,0.4731241498767321,1000648000.0,0.3322945889654,14010000.0,709814000.0,0.23571460830570432,279973000.0,423108000,0.14050545141545523,2.36,2.35,178888000,179806000,https://www.sec.gov/Archives/edgar/data/1410636/000156459015000905/awk-10k_20141231.htm,https://www.sec.gov/Archives/edgar/data/1410636/000156459015000905/awk-10k_20141231.htm,1620589004,15:36:44,20210509
7,2013-12-31,AWK,USD,2014-02-27,2014-02-26 19:32:42,FY,2901858000,1312724000.0,1589134000.0,0.5476263828209375,0.0,0.0,0.0,-4045000.0,642360000.0,1955084000.0,319917000.0,407718000.0,1354492000,0.4667671540096035,946774000.0,0.32626475864773535,-26537000.0,605470000.0,0.20864907931401191,236206000.0,369264000,0.1272508854671731,2.08,2.06,177814000,179056000,https://www.sec.gov/Archives/edgar/data/1410636/000156459014000381/awk-10k_20131231.htm,https://www.sec.gov/Archives/edgar/data/1410636/000156459014000381/awk-10k_20131231.htm,1620589004,15:36:44,20210509
8,2012-12-31,AWK,USD,2013-03-01 00:00:00,2013-03-01 06:06:23,FY,2876889000,1350040000.0,1526849000.0,0.5307292008833153,0.0,0.0,0.0,-926000.0,602715000.0,1952755000.0,323446000.0,381503000.0,1305637000,0.45383641843672107,924134000.0,0.3212268530346496,23276000.0,631258000.0,0.21942382900417778,257008000.0,358070000,0.12446430849434928,2.03,2.01,176445000,177671000,https://www.sec.gov/Archives/edgar/data/1410636/000119312513085812/0001193125-13-085812-index.html,https://www.sec.gov/Archives/edgar/data/1410636/000119312513085812/d444550d10k.htm,1620589004,15:36:44,20210509
9,2011-12-31,AWK,USD,2012-02-28 00:00:00,2012-02-28 15:14:21,FY,2666236000,0.0,2666236000.0,1.0,0.0,0.0,0.0,0.0,1864093000.0,1864093000.0,323357000.0,351821000.0,1153964000,0.4328063982333147,802143000.0,0.30085221263234013,13952000.0,503680000.0,0.18891050904721113,198751000.0,309613000,0.11612362896607802,1.77,1.76,175484000,176531000,https://www.sec.gov/Archives/edgar/data/1410636/000119312512084903/0001193125-12-084903-index.html,https://www.sec.gov/Archives/edgar/data/1410636/000119312512084903/d265318d10k.htm,1620589004,15:36:44,20210509
10,2010-12-31,AWK,USD,2011-02-28,2011-02-25 20:58:29,FY,2710606000,0.0,2710606000.0,1.0,0.0,0.0,0.0,0.0,1962515000.0,1962515000.0,315043000.0,354650000.0,1102741000,0.4068245255857915,748091000.0,0.27598662439321686,16388000.0,449436000.0,0.16580646541769625,181609000.0,267827000,0.09880705642944788,1.531901872072206,1.5293563417921017,174833000,175124000,https://www.sec.gov/Archives/edgar/data/1410636/000119312511047938/d10k.htm,https://www.sec.gov/Archives/edgar/data/1410636/000119312511047938/d10k.htm,1620589004,15:36:44,20210509
11,2009-12-31,AWK,USD,2010-03-01 00:00:00,2010-03-01 13:46:36,FY,2440703000,0.0,2440703000.0,1.0,0.0,0.0,0.0,0.0,1817094000.0,1817094000.0,296545000.0,294240000.0,917849000,0.3760592747253558,623609000.0,0.25550384458903846,-438729000.0,-111665000.0,-0.045751162677310594,121418000.0,-233083000,-0.09549830520141123,-1.39,-1.39,168164000,168164000,https://www.sec.gov/Archives/edgar/data/1410636/000119312510044392/0001193125-10-044392-index.html,https://www.sec.gov/Archives/edgar/data/1410636/000119312510044392/d10k.htm,1620589004,15:36:44,20210509
12,2008-12-31,AWK,USD,2009-02-27 00:00:00,2009-02-27 13:40:29,FY,2336928000,0.0,0.0,0.0,0.0,0.0,0.0,0.0,2530093000.0,2530093000.0,0.0,0.0,113215000,0.04844607963959523,-193165000.0,-0.08265765997069657,5058000.0,-450594000.0,-0.19281466951485027,111827000.0,-562421000,-0.24066680702186802,-3.52,-3.52,159967000,159967000,https://www.sec.gov/Archives/edgar/data/1410636/000119312509040650/0001193125-09-040650-index.html,https://www.sec.gov/Archives/edgar/data/1410636/000119312509040650/d10k.htm,1620589004,15:36:44,20210509
13,2007-12-31,AWK,USD,2007-12-31,2007-12-31,FY,2214215000,0.0,0.0,0.0,0.0,0.0,0.0,0.0,2211279000.0,2211279000.0,0.0,0.0,261411000,0.11806035095959516,2936000.0,0.0013259778296145586,13727000.0,-255519000.0,-0.11539936275384279,86756000.0,-342826000,-0.15482958971915556,-2.14,-2.14,160000000,160000000,,,1620589004,15:36:44,20210509
14,2006-12-31,AWK,USD,2006-12-31,2006-12-31,FY,2093067000,0.0,0.0,0.0,0.0,-5980000.0,0.0,0.0,1839557000.0,1839557000.0,0.0,0.0,516883000,0.24695004985506913,253510000.0,0.1211189130591615,870000.0,-108938000.0,-0.05204706777183912,46912000.0,-162243000,-0.0775144799473691,-1.01,-1.01,160636634,160636634,,,1620589004,15:36:44,20210509
15,2005-12-31,AWK,USD,2005-12-31,2005-12-31,FY,2136746000,0.0,0.0,0.0,0.0,0.0,0.0,0.0,0.0,0.0,0.0,0.0,2136746000,1.0,2136746000.0,1.0,0.0,0.0,0.0,0.0,-325040000,-0.15211915688621858,-2.029999994941238,-1.7200000016933301,160118227,188976744,,,1620589004,15:36:44,20210509
16,2001-12-31,AWK,USD,2001-12-31,2001-12-31,FY,1438887000,664549000.0,774338000.0,0.5381506678425756,0.0,0.0,0.0,0.0,982056000.0,1646605000.0,0.0,187974000.0,-19744000,-0.013721716854763439,-207718000.0,-0.14436018950758467,1535000.0,271807000.0,0.18890086573858822,110324000.0,161483000,0.11222771489352534,1.62,1.61,99465000,99465000,,,1620589004,15:36:44,20210509
17,2000-12-31,AWK,USD,2000-12-31,2000-12-31,FY,1350590000,592634000.0,757956000.0,0.5612036221207028,0.0,0.0,0.0,0.0,894412000.0,1487046000.0,0.0,176559000.0,40103000,0.02969294900747081,-136456000.0,-0.10103436275997897,-8558000.0,266367000.0,0.19722269526651315,105306000.0,161061000,0.11925232676089709,1.61,1.61,97988000,97988000,,,1620589004,15:36:44,20210509
18,1999-12-31,AWK,USD,1999-12-31,1999-12-31,FY,1260857000,552963000.0,707894000.0,0.56143876744151,0.0,0.0,0.0,0.0,841263000.0,1394226000.0,0.0,165626000.0,32257000,0.025583392882777348,-133369000.0,-0.10577646791031814,-30145000.0,230349000.0,0.1826924068312267,91400000.0,138949000,0.11020202925470533,1.4,1.4,96544000,96544000,,,1620589004,15:36:44,20210509
19,1998-12-31,AWK,USD,1998-12-31,1998-12-31,FY,1017800000,437100000.0,580700000.0,0.5705443112595795,0.0,0.0,0.0,0.0,659700000.0,1096800000.0,0.0,129800000.0,50800000,0.0499115739831008,-79000000.0,-0.07761839261151503,-1300000.0,214300000.0,0.21055217134997053,83300000.0,131000000,0.12870898015327176,1.58,1.58,80379747,80379747,,,1620589004,15:36:44,20210509
20,1997-12-31,AWK,USD,1997-12-31,1997-12-31,FY,954200000,421600000.0,532600000.0,0.5581639069377489,0.0,0.0,0.0,0.0,622000000.0,1043600000.0,0.0,112500000.0,23100000,0.024208761265981975,-89400000.0,-0.09369105009431986,-900000.0,193800000.0,0.20310207503667993,74700000.0,119100000,0.12481660029343954,1.45,1.45,79379310,79379310,,,1620589004,15:36:44,20210509
21,1996-12-31,AWK,USD,1996-12-31,1996-12-31,FY,894600000,418200000.0,476400000.0,0.5325285043594903,0.0,0.0,0.0,0.0,602100000.0,1020300000.0,0.0,101900000.0,-23800000,-0.026604068857589983,-125700000.0,-0.14050972501676728,1600000.0,165500000.0,0.18499888218198077,63800000.0,101700000,0.11368209255533199,1.31,1.31,74580153,74580153,,,1620589004,15:36:44,20210509
22,1995-12-31,AWK,USD,1995-12-31,1995-12-31,FY,802800000,396700000.0,406100000.0,0.5058545092177379,0.0,0.0,0.0,0.0,559900000.0,956600000.0,0.0,87000000.0,-66800000,-0.08320876930742402,-153800000.0,-0.19157947184853014,-7100000.0,149700000.0,0.18647234678624813,57600000.0,92100000,0.11472346786248132,1.32,1.32,66742424,66742424,,,1620589004,15:36:44,20210509
23,1994-12-31,AWK,USD,1994-12-31,1994-12-31,FY,770200000,385000000.0,385200000.0,0.5001298364061283,0.0,0.0,0.0,0.0,538700000.0,923700000.0,0.0,80600000.0,-72900000,-0.09465074006751494,-153500000.0,-0.1992988834069073,500000.0,128600000.0,0.166969618280966,49900000.0,78700000,0.10218125162295508,1.17,1.17,63846154,63846154,,,1620589004,15:36:44,20210509
24,1993-12-31,AWK,USD,1993-12-31,1993-12-31,FY,717500000,355800000.0,361700000.0,0.5041114982578397,0.0,0.0,0.0,0.0,498800000.0,854600000.0,0.0,75100000.0,-62000000,-0.08641114982578398,-137100000.0,-0.1910801393728223,-700000.0,123300000.0,0.1718466898954704,47900000.0,75400000,0.10508710801393728,1.15,1.15,62086957,62086957,,,1620589004,15:36:44,20210509
25,1992-12-31,AWK,USD,1992-12-31,1992-12-31,FY,657400000,333200000.0,324200000.0,0.49315485244904167,0.0,0.0,0.0,0.0,122000000.0,455200000.0,0.0,58400000.0,260600000,0.3964101003954974,202200000.0,0.30757529662306055,3400000.0,105900000.0,0.16108913903255248,37700000.0,68200000,0.10374201399452389,1.04,1.04,61730769,61730769,,,1620589004,15:36:44,20210509
26,1991-12-31,AWK,USD,1991-12-31,1991-12-31,FY,633000000,318300000.0,314700000.0,0.49715639810426543,0.0,0.0,0.0,0.0,110400000.0,428700000.0,0.0,52100000.0,256400000,0.4050552922590837,204300000.0,0.3227488151658768,4900000.0,111800000.0,0.17661927330173777,38200000.0,73600000,0.11627172195892575,1.14,1.14,61315789,61315789,,,1620589004,15:36:44,20210509
27,1990-12-31,AWK,USD,1990-12-31,1990-12-31,FY,570700000,294700000.0,276000000.0,0.48361661117925353,0.0,0.0,0.0,0.0,99100000.0,393800000.0,0.0,47000000.0,223900000,0.3923252146486771,176900000.0,0.30997021202032593,3500000.0,86700000.0,0.15191869633783073,29600000.0,57100000,0.10005256702295427,0.92,0.92,61304348,61304348,,,1620589004,15:36:44,20210509
28,1989-12-31,AWK,USD,1989-12-31,1989-12-31,FY,527500000,285600000.0,241900000.0,0.4585781990521327,0.0,0.0,0.0,0.0,86700000.0,372300000.0,0.0,39700000.0,194900000,0.36947867298578196,155200000.0,0.294218009478673,2900000.0,74800000.0,0.14180094786729858,26500000.0,48300000,0.09156398104265402,0.78,0.78,61025641,61025641,,,1620589004,15:36:44,20210509
29,1988-12-31,AWK,USD,1988-12-31,1988-12-31,FY,511900000,271600000.0,240300000.0,0.4694276225825357,0.0,0.0,0.0,0.0,80300000.0,351900000.0,0.0,35500000.0,195500000,0.3819105294002735,160000000.0,0.3125610470795077,1800000.0,87900000.0,0.17171322523930455,31000000.0,56900000,0.11115452236764993,0.92,0.92,60978261,60978261,,,1620589004,15:36:44,20210509
30,1987-12-31,AWK,USD,1987-12-31,1987-12-31,FY,483400000,246500000.0,236900000.0,0.49007033512618947,0.0,0.0,0.0,0.0,77100000.0,323600000.0,0.0,35000000.0,194800000,0.40297889946214316,159800000.0,0.3305750930906082,4300000.0,97100000.0,0.2008688456764584,41100000.0,56000000,0.11584609019445594,0.91,0.91,60549451,60549451,,,1620589004,15:36:44,20210509
31,1986-12-31,AWK,USD,1986-12-31,1986-12-31,FY,466500000,232700000.0,233800000.0,0.5011789924973205,0.0,0.0,0.0,0.0,73100000.0,305800000.0,0.0,32800000.0,193500000,0.41479099678456594,160700000.0,0.3444801714898178,6700000.0,103200000.0,0.2212218649517685,47400000.0,55800000,0.11961414790996784,0.91,0.9,60329670,61000000,,,1620589004,15:36:44,20210509
32,1985-12-31,AWK,USD,1985-12-31,1985-12-31,FY,429700000,213000000.0,216700000.0,0.5043053292995113,0.0,5400000.0,0.0,0.0,73600000.0,286600000.0,0.0,29600000.0,172700000,0.40190830812194556,143100000.0,0.33302303932976496,700000.0,84000000.0,0.19548522224808004,37100000.0,46900000,0.10914591575517803,0.77,0.76,59610390,60394737,,,1620589004,15:36:44,20210509
