,date,symbol,reportedCurrency,fillingDate,acceptedDate,period,revenue,costOfRevenue,grossProfit,grossProfitRatio,researchAndDevelopmentExpenses,generalAndAdministrativeExpenses,sellingAndMarketingExpenses,otherExpenses,operatingExpenses,costAndExpenses,interestExpense,depreciationAndAmortization,ebitda,ebitdaratio,operatingIncome,operatingIncomeRatio,totalOtherIncomeExpensesNet,incomeBeforeTax,incomeBeforeTaxRatio,incomeTaxExpense,netIncome,netIncomeRatio,eps,epsdiluted,weightedAverageShsOut,weightedAverageShsOutDil,link,finalLink,timestamp,est_time,est_date
0,2020-09-30,RGCO,USD,2020-12-03,2020-12-03 16:13:49,FY,63075391,40471695.0,22603696.0,0.35835998226313015,0.0,0.0,0.0,636296.0,10085514.0,50557209,4099158.0,7890725.0,20408907.0,0.32356370172956994,12518182.0,0.19846380341899109,5451170.0,13870194.0,0.2198986606361267,3305660.0,10564534.0,0.16749058281699752,1.3001002468884209,1.2967923319797325,8125938.0,8146666.0,https://www.sec.gov/Archives/edgar/data/1069533/000106953320000046/0001069533-20-000046-index.htm,https://www.sec.gov/Archives/edgar/data/1069533/000106953320000046/rgco-20200930.htm,1620597224,17:53:44,20210509
1,2019-09-30,RGCO,USD,2019-12-03 00:00:00,2019-12-03 14:10:12,FY,68026525,46909993.0,21116532.0,0.31041615017083407,0.0,0.0,0.0,351882.0,9521068.0,56431061,3618551.0,7454274.0,19049738.0,0.2800339720425231,11595464.0,0.17045503941293488,3372230.0,11349143.0,0.16683408420465398,2650731.0,8698412.0,0.1278679456285618,1.0819614791198042,1.0766760531999826,8039484.0,8078950.0,https://www.sec.gov/Archives/edgar/data/1069533/000106953319000048/0001069533-19-000048-index.html,https://www.sec.gov/Archives/edgar/data/1069533/000106953319000048/rgco-9302019x10kxq4.htm,1620597224,17:53:44,20210509
2,2018-09-30,RGCO,USD,2018-12-03 00:00:00,2018-12-03 11:25:27,FY,65534736,45107337.0,20427399.0,0.31170338429378885,0.0,0.0,0.0,122330.0,8834354.0,53941691,2461565.0,6956344.0,18549389.0,0.2830466731414009,11593045.0,0.1768992401220629,1060861.0,10192341.0,0.15552578101481937,2895136.0,7297205.0,0.11134865943459359,0.9540045953569246,0.948217007081346,7649025.0,7695712.0,https://www.sec.gov/Archives/edgar/data/1069533/000106953318000048/0001069533-18-000048-index.html,https://www.sec.gov/Archives/edgar/data/1069533/000106953318000048/rgco-9302018x10kxq4.htm,1620597224,17:53:44,20210509
3,2017-09-30,RGCO,USD,2017-12-08 00:00:00,2017-12-08 11:11:33,FY,62296870,42587754.0,19709116.0,0.31637409712558595,0.0,0.0,0.0,-132446.0,8042807.0,50630561,1917254.0,6256737.0,17923046.0,0.2877037963544557,11666309.0,0.18726958513324987,289200.0,10038255.0,0.16113578418947855,3805390.0,6232865.0,0.10005101379892761,0.8634348411885487,0.8589891795063042,7218686.0,7256046.0,https://www.sec.gov/Archives/edgar/data/1069533/000106953317000036/0001069533-17-000036-index.html,https://www.sec.gov/Archives/edgar/data/1069533/000106953317000036/rgco-9302017x10kxq4.htm,1620597224,17:53:44,20210509
4,2016-09-30,RGCO,USD,2016-12-08 00:00:00,2016-12-08 13:44:55,FY,59063291,40596463.0,18466828.0,0.3126616835489238,0.0,0.0,0.0,-255585.0,7254736.0,47851199,1636321.0,5591610.0,16803702.0,0.2845033135725539,11212092.0,0.18983181956454137,-102721.0,9473050.0,0.16038811653756307,3666184.0,5806866.0,0.09831599123049205,0.8121597682542959,0.8110417636787368,7149906.0,7159762.0,https://www.sec.gov/Archives/edgar/data/1069533/000106953316000055/0001069533-16-000055-index.html,https://www.sec.gov/Archives/edgar/data/1069533/000106953316000055/rgco-9302016x10kxq4.htm,1620597224,17:53:44,20210509
5,2015-09-30,RGCO,USD,2015-12-10 00:00:00,2015-12-10 14:02:46,FY,68189607,51470059.0,16719548.0,0.24519202757687106,0.0,0.0,0.0,-228796.0,6713356.0,58183415,1512419.0,5106935.0,15113127.0,0.22163387743237764,10006192.0,0.14674071959382315,-228796.0,8264977.0,0.12120581659900166,3170562.0,5094415.0,0.07470955214626769,0.718300724093614,0.7177745616281983,7092315.0,7097514.0,https://www.sec.gov/Archives/edgar/data/1069533/000119312515399923/0001193125-15-399923-index.html,https://www.sec.gov/Archives/edgar/data/1069533/000119312515399923/d72151d10k.htm,1620597224,17:53:44,20210509
6,2014-09-30,RGCO,USD,2014-12-12 00:00:00,2014-12-12 09:02:09,FY,75016134,59062433.0,15953701.0,0.21267026370620484,0.0,0.0,0.0,-206887.0,6271833.0,65334266,1827001.0,4711447.0,14393315.0,0.19186959168010445,9681868.0,0.129063809126714,-206887.0,7647980.0,0.10195113493851869,2939540.0,4708440.0,0.06276569784307999,0.6656716455892701,0.6655581663691865,7073217.0,7074423.0,https://www.sec.gov/Archives/edgar/data/1069533/000119312514440747/0001193125-14-440747-index.html,https://www.sec.gov/Archives/edgar/data/1069533/000119312514440747/d835273d10k.htm,1620597224,17:53:44,20210509
7,2013-09-30,RGCO,USD,2013-12-11 00:00:00,2013-12-11 11:58:17,FY,63205666,48456374.0,14749292.0,0.23335395279277651,0.0,0.0,0.0,-60117.0,5954237.0,54410611,1828099.0,4473491.0,13268546.0,0.20992652778945484,8795055.0,0.13914978761555966,-60117.0,6906839.0,0.1092756304474349,2644787.0,4262052.0,0.06743148628478972,0.6047102122702747,0.6047051502458305,7048090.0,7048149.0,https://www.sec.gov/Archives/edgar/data/1069533/000119312513469474/0001193125-13-469474-index.html,https://www.sec.gov/Archives/edgar/data/1069533/000119312513469474/d640780d10k.htm,1620597224,17:53:44,20210509
8,2012-09-30,RGCO,USD,2012-12-12 00:00:00,2012-12-12 11:47:21,FY,58799687,31866590.0,26933097.0,0.458048305597273,0.0,0.0,0.0,0.0,18146562.0,50013152,1830885.0,4232189.0,13018724.0,0.22140804933196329,8786535.0,0.1494316627909941,-19956.0,6935694.0,0.11795460747945818,2638949.0,4296745.0,0.0730742835416794,0.6163602948032451,0.6158951370924612,6971158.0,6976423.0,https://www.sec.gov/Archives/edgar/data/1069533/000119312512499625/0001193125-12-499625-index.html,https://www.sec.gov/Archives/edgar/data/1069533/000119312512499625/d451100d10k.htm,1620597224,17:53:44,20210509
9,2011-09-30,RGCO,USD,2011-12-20 00:00:00,2011-12-20 11:02:10,FY,70798871,43529305.0,27269566.0,0.38516950362103936,0.0,0.0,0.0,0.0,17956520.0,61485825,1832712.0,4003804.0,13316850.0,0.18809410110508684,9313046.0,0.131542295356659,20250.0,7500584.0,0.10594214136550285,2847111.0,4653473.0,0.06572806789531997,0.6754864844582047,0.6743002798938386,6889069.0,6901188.0,https://www.sec.gov/Archives/edgar/data/1069533/000119312511346699/0001193125-11-346699-index.html,https://www.sec.gov/Archives/edgar/data/1069533/000119312511346699/d271528d10k.htm,1620597224,17:53:44,20210509
10,2010-09-30,RGCO,USD,2010-12-17 00:00:00,2010-12-17 11:50:04,FY,73823914,47383641.0,26440273.0,0.35815322660892784,0.0,0.0,0.0,0.0,17458092.0,64841733,1835291.0,3818020.0,12800201.0,0.17338827361551162,8982181.0,0.12167034384007329,-10453.0,7136437.0,0.09666836412927117,2691001.0,4445436.0,0.06021674765171622,0.656667,0.653333,6771393.0,6792240.0,https://www.sec.gov/Archives/edgar/data/1069533/000119312510283037/0001193125-10-283037-index.html,https://www.sec.gov/Archives/edgar/data/1069533/000119312510283037/d10k.htm,1620597224,17:53:44,20210509
11,2009-09-30,RGCO,USD,2009-12-16 00:00:00,2009-12-16 11:04:30,FY,82184473,55108549.0,27075924.0,0.3294530342732745,0.0,0.0,0.0,0.0,17231408.0,72339957,1918106.0,3660421.0,13504937.0,0.1643246772416488,9844516.0,0.11978559502352713,-70091.0,7856319.0,0.09559371391235909,2987309.0,4869010.0,0.05924488923838448,0.73,0.726667,6671181.0,6693120.0,https://www.sec.gov/Archives/edgar/data/1069533/000119312509253667/0001193125-09-253667-index.html,https://www.sec.gov/Archives/edgar/data/1069533/000119312509253667/d10k.htm,1620597224,17:53:44,20210509
12,2008-09-30,RGCO,USD,2008-12-19 00:00:00,2008-12-19 15:26:42,FY,94636826,0.0,0.0,0.0,0.0,0.0,0.0,0.0,85798800.0,85798800,0.0,0.0,13330074.0,0.14085504093300846,8838026.0,0.09338886745842469,34622.0,6839566.0,0.07227171798851327,2581742.0,4221134.0,0.04460350350295983,0.64,0.636667,6603789.0,6633678.0,https://www.sec.gov/Archives/edgar/data/1069533/000119312508257027/0001193125-08-257027-index.html,https://www.sec.gov/Archives/edgar/data/1069533/000119312508257027/d10k.htm,1620597224,17:53:44,20210509
13,2007-09-30,RGCO,USD,2007-12-21 00:00:00,2007-12-21 14:18:10,FY,89901301,0.0,0.0,0.0,0.0,0.0,0.0,0.0,81943022.0,81943022,0.0,0.0,12284139.0,0.13664028065622766,7958279.0,0.08852240080485599,-24758.0,6002077.0,0.06676296041588986,2236408.0,3806209.0,0.042337640920235405,0.586667,0.583333,6488409.0,6519774.0,https://www.sec.gov/Archives/edgar/data/1069533/000119312507270189/0001193125-07-270189-index.html,https://www.sec.gov/Archives/edgar/data/1069533/000119312507270189/d10k.htm,1620597224,17:53:44,20210509
14,2006-09-30,RGCO,USD,2006-12-20,2006-12-20 15:45:37,FY,107797750,81200577.0,26597173.0,0.24673217205368386,0.0,0.0,0.0,0.0,18891312.0,100091889,0.0,0.0,12199254.0,0.11316798356180903,7705861.0,0.07148443265281511,-12682.0,5214553.0,0.04837348645959679,1939959.0,3511531.0,0.03257517898100842,0.553333,0.55,6360801.0,6392160.0,https://www.sec.gov/Archives/edgar/data/1069533/000119312506257162/d10k.htm,https://www.sec.gov/Archives/edgar/data/1069533/000119312506257162/d10k.htm,1620597224,17:53:44,20210509
15,2005-09-30,RGCO,USD,2005-12-21,2005-12-20 17:35:24,FY,121647787,74932893.0,46714894.0,0.3840176229428654,0.0,0.0,0.0,0.0,39201463.0,114134356,0.0,0.0,11853876.0,0.09744423875133873,7513431.0,0.06176381161788007,-60418.0,5427720.0,0.04461832092350353,2039787.0,3506906.0,0.028828358381891486,0.563333,0.56,6239553.0,6279345.0,https://www.sec.gov/Archives/edgar/data/1069533/000119312505245846/d10k.htm,https://www.sec.gov/Archives/edgar/data/1069533/000119312505245846/d10k.htm,1620597224,17:53:44,20210509
16,2004-09-30,RGCO,USD,2004-12-21 00:00:00,2004-12-20 20:22:56,FY,103147064,60870458.0,42276606.0,0.4098672745547076,0.0,0.0,0.0,0.0,37082499.0,97952957,0.0,0.0,9342708.0,0.0905765771481387,5194107.0,0.05035632424787195,-19621.0,3290750.0,0.03190347715568521,1223948.0,12934013.0,0.12539390360156058,2.126667,2.11,6083724.0,6126936.0,https://www.sec.gov/Archives/edgar/data/1069533/000119312504216784/0001193125-04-216784-index.html,https://www.sec.gov/Archives/edgar/data/1069533/000119312504216784/d10k.htm,1620597224,17:53:44,20210509
17,2003-09-30,RGCO,USD,2003-12-19 00:00:00,2003-12-19 14:12:58,FY,104361559,74636845.0,29724714.0,0.28482435759703434,0.0,0.0,0.0,0.0,21660540.0,96297385,0.0,0.0,13709765.0,0.1313679589627441,8064174.0,0.07727149802352033,-223517.0,5668315.0,0.054314203949367985,2139926.0,3528389.0,0.03380927837614998,0.593333,0.59,5951910.0,5968380.0,https://www.sec.gov/Archives/edgar/data/1069533/000119312503097207/0001193125-03-097207-index.html,https://www.sec.gov/Archives/edgar/data/1069533/000119312503097207/d10k.htm,1620597224,17:53:44,20210509
18,2002-09-30,RGCO,USD,2002-12-18 00:00:00,2002-12-18 16:44:30,FY,80225673,55394584.0,24831089.0,0.30951549636735365,0.0,0.0,0.0,0.0,18694672.0,74089256,0.0,0.0,11539051.0,0.14383239888807164,6136417.0,0.07648944247560255,-104956.0,3980707.0,0.049618867017793666,1493812.0,2486895.0,0.030998742759066663,0.42740927996799194,0.42684873469278467,5818533.0,5826174.0,https://www.sec.gov/Archives/edgar/data/1069533/000090650402000030/0000906504-02-000030-index.html,https://www.sec.gov/Archives/edgar/data/1069533/000090650402000030/frm10k02.txt,1620597224,17:53:44,20210509
19,2001-09-30,RGCO,USD,2001-09-30,2001-09-30,FY,117443147,89269961.0,28173186.0,0.2398878667650144,0.0,0.0,0.0,0.0,21444553.0,110714514,0.0,0.0,11809114.0,0.10055175037160746,6728633.0,0.057292683071580155,-113149.0,3866634.0,0.03292345359240076,1560019.0,2237800.0,0.019054325919927877,0.403333,0.392123,5696091.0,5706879.0,,,1620597224,17:53:44,20210509
20,2000-09-30,RGCO,USD,2000-12-19 00:00:00,2000-12-19 00:00:00,FY,77749995,35833723.0,41916272.0,0.539116073255053,0.0,0.0,0.0,0.0,35001095.0,70834818,0.0,0.0,11552619.0,0.14858674910525718,6915177.0,0.08894118899943337,-98807.0,4387974.0,0.05643696825961211,1514272.0,2873702.0,0.036960799804553045,0.513333,0.513032,5589825.0,5601414.0,https://www.sec.gov/Archives/edgar/data/1069533/000090650400000048/0000906504-00-000048-index.html,https://www.sec.gov/Archives/edgar/data/1069533/000090650400000048/0000906504-00-000048-0001.txt,1620597224,17:53:44,20210509
21,1999-09-30,RGCO,USD,1999-12-16 00:00:00,1999-12-16 00:00:00,FY,57100000,33500000.0,23600000.0,0.4133099824868651,0.0,0.0,0.0,0.0,17500000.0,51000000,0.0,0.0,10000000.0,0.17513134851138354,6100000.0,0.10683012259194395,200000.0,4200000.0,0.07355516637478109,1300000.0,2900000.0,0.050788091068301226,0.5326386256307176,0.5315616566613932,5444592.0,5455623.0,https://www.sec.gov/Archives/edgar/data/1069533/000090650499000093/0000906504-99-000093-index.html,https://www.sec.gov/Archives/edgar/data/1069533/0000906504-99-000093.txt,1620597224,17:53:44,20210509
22,1998-09-30,RGCO,USD,1998-09-30,1998-09-30,FY,59400000,36100000.0,23300000.0,0.39225589225589225,0.0,0.0,0.0,0.0,0.0,53600000,0.0,0.0,9300000.0,0.15656565656565657,5800000.0,0.09764309764309764,100000.0,3800000.0,0.06397306397306397,1100000.0,2700000.0,0.045454545454545456,0.533333,0.533333,5062500.0,5062500.0,,,1620597224,17:53:44,20210509
23,1997-09-30,RGCO,USD,1997-09-30,1997-09-30,FY,65000000,42600000.0,22400000.0,0.3446153846153846,0.0,0.0,0.0,0.0,0.0,59700000,0.0,0.0,8400000.0,0.12923076923076923,5300000.0,0.08153846153846153,100000.0,3300000.0,0.05076923076923077,1000000.0,2300000.0,0.03538461538461538,0.513333,0.513333,4480519.0,4480519.0,,,1620597224,17:53:44,20210509
24,1996-09-30,RGCO,USD,1996-09-30,1996-09-30,FY,65800000,43700000.0,22100000.0,0.33586626139817627,0.0,0.0,0.0,0.0,0.0,60800000,0.0,0.0,7700000.0,0.11702127659574468,5000000.0,0.07598784194528875,100000.0,3200000.0,0.0486322188449848,1000000.0,2200000.0,0.03343465045592705,0.503333,0.503333,4370861.0,4370861.0,,,1620597224,17:53:44,20210509
25,1995-09-30,RGCO,USD,1995-09-30,1995-09-30,FY,48600000,29200000.0,19400000.0,0.3991769547325103,0.0,0.0,0.0,0.0,0.0,44400000,0.0,0.0,6600000.0,0.13580246913580246,4200000.0,0.08641975308641975,200000.0,2500000.0,0.051440329218107,700000.0,1800000.0,0.037037037037037035,0.42,0.42,4285714.0,4285714.0,,,1620597224,17:53:44,20210509
26,1994-09-30,RGCO,USD,1994-09-30,1994-09-30,FY,58200000,38300000.0,19900000.0,0.34192439862542956,0.0,0.0,0.0,0.0,0.0,54000000,0.0,0.0,6500000.0,0.11168384879725086,4200000.0,0.07216494845360824,0.0,2300000.0,0.03951890034364261,600000.0,1700000.0,0.029209621993127148,0.416667,0.416667,4080000.0,4080000.0,,,1620597224,17:53:44,20210509
