,date,symbol,reportedCurrency,fillingDate,acceptedDate,period,revenue,costOfRevenue,grossProfit,grossProfitRatio,researchAndDevelopmentExpenses,generalAndAdministrativeExpenses,sellingAndMarketingExpenses,otherExpenses,operatingExpenses,costAndExpenses,interestExpense,depreciationAndAmortization,ebitda,ebitdaratio,operatingIncome,operatingIncomeRatio,totalOtherIncomeExpensesNet,incomeBeforeTax,incomeBeforeTaxRatio,incomeTaxExpense,netIncome,netIncomeRatio,eps,epsdiluted,weightedAverageShsOut,weightedAverageShsOutDil,link,finalLink,timestamp,est_time,est_date
0,2020-09-30,DCN.SW,USD,2020-09-30,2020-09-30,FY,61036000.0,23305000.0,37731000.0,0.6181761583327872,5888000.0,11746000.0,19861000.0,0.0,0.0,60785000.0,0.0,1598000.0,1849000.0,0.030293597221312012,251000.0,0.004112327151189462,0.0,-669000.0,-0.010960744478668327,-26000.0,-643000.0,-0.010534766367389738,-3.88,-3.88,165589.0,165589.0,https://www.six-group.com/en/products-services/the-swiss-stock-exchange.html,https://www.six-group.com/en/products-services/the-swiss-stock-exchange.html,1620591019,16:10:19,20210509
1,2019-09-30,DCN.SW,USD,2019-09-30,2019-09-30,FY,78768000.0,26998000.0,51770000.0,0.6572465976030876,7826000.0,12676000.0,25635000.0,0.0,46173000.0,73171000.0,0.0,1950000.0,7547000.0,0.09581302051594556,5597000.0,0.07105677432459882,0.0,4388000.0,0.055707901685963845,809000.0,3579000.0,0.04543723339427178,21.84,21.84,163861.0,163861.0,https://www.six-group.com/en/products-services/the-swiss-stock-exchange.html,https://www.six-group.com/en/products-services/the-swiss-stock-exchange.html,1620591019,16:10:19,20210509
2,2018-09-30,DCN.SW,USD,2018-09-30,2018-09-30,FY,81127000.0,28180000.0,52947000.0,0.6526433862955613,7702000.0,12939000.0,26112000.0,0.0,46761000.0,74941000.0,0.0,2173000.0,8359000.0,0.10303598062297385,6186000.0,0.07625081662085373,0.0,6299000.0,0.07764369445437401,2206000.0,4093000.0,0.05045176081945592,25.29,25.1,161845.0,163043.0,https://www.six-group.com/en/products-services/the-swiss-stock-exchange.html,https://www.six-group.com/en/products-services/the-swiss-stock-exchange.html,1620591019,16:10:19,20210509
3,2017-09-30,DCN.SW,USD,2017-09-30,2017-09-30,FY,72805000.0,23982000.0,48823000.0,0.6705995467344276,7797000.0,12026000.0,22617000.0,0.0,42405000.0,66387000.0,0.0,2484000.0,8902000.0,0.12227182199024793,6418000.0,0.08815328617540004,0.0,9044000.0,0.12422223748368931,2232000.0,6812000.0,0.09356500240368107,42.78,41.82,159234.0,162907.0,https://www.six-group.com/en/products-services/the-swiss-stock-exchange.html,https://www.six-group.com/en/products-services/the-swiss-stock-exchange.html,1620591019,16:10:19,20210509
4,2016-09-30,DCN.SW,USD,2016-09-30,2016-09-30,FY,69344000.0,24143000.0,45201000.0,0.6518372173511767,6497000.0,10277000.0,22106000.0,0.0,38952000.0,63095000.0,0.0,2478000.0,8727000.0,0.1258508306414398,6249000.0,0.09011594370096908,0.0,7583000.0,0.10935336871250577,1555000.0,6028000.0,0.08692893401015228,38.3,37.01,157383.0,162867.0,https://www.six-group.com/en/products-services/the-swiss-stock-exchange.html,https://www.six-group.com/en/products-services/the-swiss-stock-exchange.html,1620591019,16:10:19,20210509
5,2015-09-30,DCN.SW,USD,2015-09-30,2015-09-30,FY,66785000.0,23091000.0,43694000.0,0.6542487085423373,6655000.0,10363000.0,22477000.0,0.0,39335000.0,62426000.0,0.0,2195000.0,6554000.0,0.09813580893913304,4359000.0,0.0652691472636071,0.0,3899000.0,0.058381373062813505,742000.0,3157000.0,0.04727109380848993,20.22,19.06,156148.0,165638.0,https://www.six-group.com/en/products-services/the-swiss-stock-exchange.html,https://www.six-group.com/en/products-services/the-swiss-stock-exchange.html,1620591019,16:10:19,20210509
6,2014-09-30,DCN.SW,USD,2014-09-30,2014-09-30,FY,69989000.0,23961000.0,46028000.0,0.6576462015459572,6829000.0,10723000.0,24084000.0,0.0,41617000.0,65578000.0,0.0,2051000.0,6462000.0,0.0923287945248539,4411000.0,0.0630241895154953,0.0,4888000.0,0.06983954621440512,788000.0,4100000.0,0.05858063409964423,26.26,24.81,156119.0,165252.0,https://www.six-group.com/en/products-services/the-swiss-stock-exchange.html,https://www.six-group.com/en/products-services/the-swiss-stock-exchange.html,1620591019,16:10:19,20210509
7,2013-09-30,DCN.SW,USD,2013-09-30,2013-09-30,FY,61209000.0,21210000.0,39999000.0,0.6534823310297505,6134000.0,9534000.0,19092000.0,0.0,34821000.0,56031000.0,0.0,1578000.0,6756000.0,0.11037592510905259,5178000.0,0.08459540263686713,0.0,5525000.0,0.09026450358607395,984000.0,4541000.0,0.07418843634106095,29.35,27.8,154740.0,163360.0,https://www.six-group.com/en/products-services/the-swiss-stock-exchange.html,https://www.six-group.com/en/products-services/the-swiss-stock-exchange.html,1620591019,16:10:19,20210509
8,2012-09-30,DCN.SW,USD,2012-09-30,2012-09-30,FY,55912000.0,19334000.0,36578000.0,0.6542066103877522,5785000.0,8894000.0,16569000.0,0.0,31175000.0,50509000.0,0.0,1390000.0,6793000.0,0.12149449134353985,5403000.0,0.09663399627986836,0.0,4950000.0,0.08853197882386607,732000.0,4218000.0,0.07543997710688224,27.55,26.13,153095.0,161437.0,https://www.six-group.com/en/products-services/the-swiss-stock-exchange.html,https://www.six-group.com/en/products-services/the-swiss-stock-exchange.html,1620591019,16:10:19,20210509
9,2011-09-30,DCN.SW,USD,2011-09-30,2011-09-30,FY,55456000.0,19757000.0,35699000.0,0.6437355741488748,6632000.0,8643000.0,15765000.0,0.0,30970000.0,50727000.0,3364000.0,1230000.0,5959000.0,0.10745455856895557,4729000.0,0.08527481246393537,0.0,4601000.0,0.08296667628390075,826000.0,3775000.0,0.06807198499711482,24.96,23.6,151243.0,159977.0,https://www.six-group.com/en/products-services/the-swiss-stock-exchange.html,https://www.six-group.com/en/products-services/the-swiss-stock-exchange.html,1620591019,16:10:19,20210509
10,2010-09-30,DCN.SW,USD,2010-09-30,2010-09-30,FY,60914303.2661,22156240.401351,38758062.864749,0.6362719556265305,5530869.253609,10234462.987611,17495648.612675,0.0,33225145.899457,55381386.300809,2820722.842224,1436469.74506,6969386.710351,0.11441297588032333,5532916.965291,0.09083116228254025,0.0,4497798.709942,0.07383813765863284,-272345.653732,4770144.363674,0.07830910160518373,30.910208,29.958022,154340.0,159230.0,https://www.six-group.com/en/products-services/the-swiss-stock-exchange.html,https://www.six-group.com/en/products-services/the-swiss-stock-exchange.html,1620591019,16:10:19,20210509
11,2009-09-30,DCN.SW,USD,2009-09-30,2009-09-30,FY,49385765.983112,21406031.363088,27979734.620024,0.5665546349851488,4695778.045838,8300120.627262002,14800482.509047,0.0,29955126.658625,51361158.021713,2707840.772014,1353920.386007,-621471.6525940001,-0.012584023761148488,-1975392.038601,-0.03999921838362307,0.0,-2648974.668275,-0.05363842426137211,154402.895054,2496501.809409,0.05055103954979064,15.942099,15.652593,156598.0,159494.0,https://www.six-group.com/en/products-services/the-swiss-stock-exchange.html,https://www.six-group.com/en/products-services/the-swiss-stock-exchange.html,1620591019,16:10:19,20210509
12,2008-09-30,DCN.SW,USD,2008-09-30,2008-09-30,FY,64513104.43363,23109345.001563,41403759.432067,0.6417883590559883,6825021.208198,11096128.945841,21193909.898647,0.0,39848193.954547,62957538.95611,5810599.63388,9262847.702817,10818413.180336,0.16769326596995193,1555565.477519,0.024112395321470536,0.0,-870652.319507,-0.013495743650078296,1480555.431531,166914318.881993,2.5872932382863647,1066.964326,1066.964326,156438.0,156438.0,https://www.six-group.com/en/products-services/the-swiss-stock-exchange.html,https://www.six-group.com/en/products-services/the-swiss-stock-exchange.html,1620591019,16:10:19,20210509
13,2007-09-30,DCN.SW,USD,2007-09-30,2007-09-30,FY,246499526.963103,121646168.401135,124853358.561968,0.5065054691997707,7301969.553625,-65336716.263869,83169347.209082,-557323.471231,106970843.725811,228617012.126946,3402425.38918,9627590.952094,27510105.788251,0.11160307740618432,17882514.836157,0.0725458383489463,0.0,18907714.801755,0.07670487255979676,3130644.190247,15777070.611508,0.0640044660770062,101.41051,97.858433,155571.0,161219.0,https://www.six-group.com/en/products-services/the-swiss-stock-exchange.html,https://www.six-group.com/en/products-services/the-swiss-stock-exchange.html,1620591019,16:10:19,20210509
14,2006-09-30,DCN.SW,USD,2006-09-30,2006-09-30,FY,218270658.682635,107386027.944112,110884630.738523,0.5080143680683576,6942914.171657,-59449900.199600995,75093812.37525,-744111.776447,96534930.139721,203920958.083832,3002794.411178,8878243.512974,23227944.111776,0.10641807860006221,14349700.598802,0.06574269159862861,0.0,14158882.235529,0.06486846340678332,1643912.175649,12514970.05988,0.05733693266613876,81.133733,78.530938,154255.0,159355.0,https://www.six-group.com/en/products-services/the-swiss-stock-exchange.html,https://www.six-group.com/en/products-services/the-swiss-stock-exchange.html,1620591019,16:10:19,20210509
15,2005-09-30,DCN.SW,USD,2005-09-30,2005-09-30,FY,197083542.737851,95323771.600881,101759771.13697,0.5163280998673994,6844241.697916,13560134.534349,67583407.430317,0.0,87799126.299919,183122897.9008,0.0,8501952.294429,22462597.13148,0.1139750017654109,13960644.837051,0.070836177608298,0.0,14222754.861406,0.07216612135049895,2385278.540225,11837476.321181,0.0600632409826655,76.375304,73.676886,154984.0,160669.0,https://www.six-group.com/en/products-services/the-swiss-stock-exchange.html,https://www.six-group.com/en/products-services/the-swiss-stock-exchange.html,1620591019,16:10:19,20210509
16,2004-09-30,DCN.SW,USD,2004-09-30,2004-09-30,FY,208384492.540787,102426752.052387,105957740.4884,0.5084722917549199,7825954.369999,12245307.396618,66043928.706133,0.0,86474709.295327,188901461.347714,0.0,10580927.847461,30063959.040534,0.1442715754611615,19483031.193073,0.09349559055724646,0.0,18304965.051239,0.08784226133168799,3572718.299348,14732246.751892,0.07069742365309868,90.393304,88.603735,162983.0,166264.0,https://www.six-group.com/en/products-services/the-swiss-stock-exchange.html,https://www.six-group.com/en/products-services/the-swiss-stock-exchange.html,1620591019,16:10:19,20210509
