,date,symbol,reportedCurrency,fillingDate,acceptedDate,period,revenue,costOfRevenue,grossProfit,grossProfitRatio,researchAndDevelopmentExpenses,generalAndAdministrativeExpenses,sellingAndMarketingExpenses,otherExpenses,operatingExpenses,costAndExpenses,interestExpense,depreciationAndAmortization,ebitda,ebitdaratio,operatingIncome,operatingIncomeRatio,totalOtherIncomeExpensesNet,incomeBeforeTax,incomeBeforeTaxRatio,incomeTaxExpense,netIncome,netIncomeRatio,eps,epsdiluted,weightedAverageShsOut,weightedAverageShsOutDil,link,finalLink,timestamp,est_time,est_date
0,2020-12-31,VVI,USD,2021-03-02,2021-03-01 21:04:16,FY,415435000,531610000.0,-116175000.0,-0.2796466354544032,0.0,8687000.0,0.0,-1132000.0,8687000.0,540297000,18264000.0,56565000.0,-68297000,-0.16439876274266732,-124862000.0,-0.3005572472227906,-218134000.0,-360859000.0,-0.8686292681165525,14246000.0,-374094000.0,-0.9004874408752271,-18.569145239749826,-18.569145239749826,20279000,20279000,https://www.sec.gov/Archives/edgar/data/884219/000156459021010008/0001564590-21-010008-index.htm,https://www.sec.gov/Archives/edgar/data/884219/000156459021010008/vvi-10k_20201231.htm,1620599681,18:34:41,20210509
1,2019-12-31,VVI,USD,2020-02-26,2020-02-26 16:44:31,FY,1371695000,1281526000.0,90169000.0,0.06573545868432851,0.0,10865000.0,0.0,-17279000.0,10865000.0,1292391000,14199000.0,58964000.0,138268000,0.10080083400464389,79304000.0,0.05781460164249341,-39364000.0,26110000.0,0.019034843751708653,2506000.0,20717000.0,0.015103211719806517,1.028343095403554,1.0213468743837508,20146000,20284000,https://www.sec.gov/Archives/edgar/data/884219/000156459020006825/0001564590-20-006825-index.htm,https://www.sec.gov/Archives/edgar/data/884219/000156459020006825/vvi-10k_20191231.htm,1620599681,18:34:41,20210509
2,2018-12-31,VVI,USD,2019-02-27,2019-02-27 17:08:14,FY,1296184000,1208202000.0,87982000.0,0.06787770872036686,0.0,10993000.0,0.0,-1744000.0,10993000.0,1219195000,9640000.0,56842000.0,133831000,0.10325000154299081,76989000.0,0.05939665973349463,-2694000.0,65009000.0,0.05015414478191368,17095000.0,48919000.0,0.037740783715892186,2.425575168583895,2.397520094099196,20168000,20404000,https://www.sec.gov/Archives/edgar/data/884219/000156459019004984/0001564590-19-004984-index.htm,https://www.sec.gov/Archives/edgar/data/884219/000156459019004984/vvi-10k_20181231.htm,1620599681,18:34:41,20210509
3,2017-12-31,VVI,USD,2018-02-28,2018-02-28 17:20:40,FY,1306965000,1212539000.0,94426000.0,0.0722483004518101,0.0,12877000.0,0.0,-12877000.0,12877000.0,1225416000,8304000.0,55114000.0,136663000,0.10456515667978868,81549000.0,0.06239570302188659,30786000.0,104350000.0,0.07984146476761046,45898000.0,57707000.0,0.04415343945706274,2.864439590985804,2.8280813526096544,20146000,20405000,https://www.sec.gov/Archives/edgar/data/884219/000156459018003850/0001564590-18-003850-index.htm,https://www.sec.gov/Archives/edgar/data/884219/000156459018003850/vvi-10k_20171231.htm,1620599681,18:34:41,20210509
4,2016-12-31,VVI,USD,2017-03-06,2017-03-06 16:55:27,FY,1204970000,1119785000.0,85185000.0,0.07069470609226786,0.0,10322000.0,0.0,-10322000.0,10322000.0,1130107000,5898000.0,42743000.0,117606000,0.09760077014365504,74863000.0,0.06212851772243292,-5401000.0,64729000.0,0.053718349834435714,21250000.0,42269000.0,0.03507888163190785,2.1145072536268135,2.094910046092085,19990000,20177000,https://www.sec.gov/Archives/edgar/data/884219/000156459017003489/0001564590-17-003489-index.htm,https://www.sec.gov/Archives/edgar/data/884219/000156459017003489/vvi-10k_20161231.htm,1620599681,18:34:41,20210509
5,2015-12-31,VVI,USD,2016-03-11,2016-03-11 14:26:21,FY,1089048000,1034464000.0,54584000.0,0.05012083948549559,0.0,9720000.0,0.0,-9720000.0,9720000.0,1044184000,4535000.0,35231000.0,80095000,0.07354588594809411,44864000.0,0.04119561304919526,-3052000.0,37935000.0,0.03483317539722767,10493000.0,26606000.0,0.024430511786441,1.3439410011617923,1.3315649867374004,19797000,19981000,https://www.sec.gov/Archives/edgar/data/884219/000156459016014544/0001564590-16-014544-index.htm,https://www.sec.gov/Archives/edgar/data/884219/000156459016014544/vvi-10k_20151231.htm,1620599681,18:34:41,20210509
6,2014-12-31,VVI,USD,2015-03-13,2015-03-12 20:22:23,FY,1064987000,1005121000.0,59866000.0,0.05621289273953579,0.0,14348000.0,0.0,-14348000.0,14348000.0,1019469000,2015000.0,30792000.0,76310000,0.0716534568027591,45518000.0,0.042740427817428754,-2521000.0,41287000.0,0.038767609369879635,109000.0,52354000.0,0.04915928551240532,2.6436073520500907,2.600407291511449,19804000,20133000,https://www.sec.gov/Archives/edgar/data/884219/000088421915000005/0000884219-15-000005-index.htm,https://www.sec.gov/Archives/edgar/data/884219/000088421915000005/viad2014123110-k.htm,1620599681,18:34:41,20210509
7,2013-12-31,VVI,USD,2014-03-07,2014-03-07 17:12:04,FY,972792000,931676000.0,41116000.0,0.04226597258201137,0.0,6755000.0,0.0,-6755000.0,6755000.0,938431000,1234000.0,28615000.0,62976000,0.06473737448498754,34361000.0,0.035322042122056925,-4529000.0,29148000.0,0.029963239829274912,8590000.0,21555000.0,0.022157871364073718,1.0858942065491184,1.0636565507031828,19850000,20265000,https://www.sec.gov/Archives/edgar/data/884219/000088421914000003/0000884219-14-000003-index.htm,https://www.sec.gov/Archives/edgar/data/884219/000088421914000003/viad2013123110-k.htm,1620599681,18:34:41,20210509
8,2012-12-31,VVI,USD,2013-03-11,2013-03-11 17:21:28,FY,1025231000,983369000.0,41862000.0,0.04083177352225986,0.0,9408000.0,0.0,-9408000.0,9408000.0,992777000,1303000.0,30731000.0,63185000,0.06163001313850244,32454000.0,0.0316553049995562,-4942000.0,26802000.0,0.026142401078391112,20843000.0,5897000.0,0.005751874455610492,0.29932490736510836,0.2947763059235191,19701000,20005000,https://www.sec.gov/Archives/edgar/data/884219/000119312513101356/0001193125-13-101356-index.htm,https://www.sec.gov/Archives/edgar/data/884219/000119312513101356/d444385d10k.htm,1620599681,18:34:41,20210509
9,2011-12-31,VVI,USD,2012-03-09,2012-03-09 14:24:16,FY,942364000,916988000.0,25376000.0,0.026928023566265266,0.0,0.0,0.0,0.0,7682000.0,924670000,1511000.0,29126000.0,46820000,0.049683561765941825,17694000.0,0.01877618414964918,-3782000.0,13180000.0,0.013986103034496225,3888000.0,9210000.0,0.00977329354686724,0.46706222425072264,0.45923709798055345,19719000,20055000,https://www.sec.gov/Archives/edgar/data/884219/000119312512106491/0001193125-12-106491-index.htm,https://www.sec.gov/Archives/edgar/data/884219/000119312512106491/d305090d10k.htm,1620599681,18:34:41,20210509
10,2010-12-31,VVI,USD,2011-03-04,2011-03-04 15:45:47,FY,844761000,830005000.0,14756000.0,0.0174676624512732,0.0,0.0,0.0,0.0,6422000.0,836427000,1835000.0,28252000.0,36586000,0.04330929103024406,8334000.0,0.009865512257313015,-4524000.0,2559000.0,0.003029259163242621,1742000.0,443000.0,0.0005244086789044475,0.022199949887246304,0.02184741332544262,19955000,20277000,https://www.sec.gov/Archives/edgar/data/884219/000095012311022158/0000950123-11-022158-index.htm,https://www.sec.gov/Archives/edgar/data/884219/000095012311022158/p18704e10vk.htm,1620599681,18:34:41,20210509
11,2009-12-31,VVI,USD,2010-03-08,2010-03-08 16:40:56,FY,805804000,801616000.0,4188000.0,0.005197293634680394,0.0,0.0,0.0,0.0,5607000.0,807223000,1690000.0,28269000.0,26850000,0.03332075790142516,-1419000.0,-0.0017609741326674972,-130917000.0,-133447000.0,-0.16560726926150776,-28639000.0,-104711000.0,-0.12994599182927857,-5.25,-5.25,19960000,19960000,https://www.sec.gov/Archives/edgar/data/884219/000095012310022112/0000950123-10-022112-index.htm,https://www.sec.gov/Archives/edgar/data/884219/000095012310022112/p17086e10vk.htm,1620599681,18:34:41,20210509
12,2008-12-31,VVI,USD,2009-02-27,2009-02-27 15:41:34,FY,1120861000,1038859000.0,82002000.0,0.07315982980940545,0.0,0.0,0.0,0.0,18765000.0,1057624000,1757000.0,11231000.0,74468000,0.06643821133931861,63237000.0,0.056418235624221026,-506000.0,64216000.0,0.05729167131339211,20678000.0,43373000.0,0.0386961451955238,2.15,2.12,20172000,20493000,https://www.sec.gov/Archives/edgar/data/884219/000095015309000167/0000950153-09-000167-index.htm,https://www.sec.gov/Archives/edgar/data/884219/000095015309000167/p14087e10vk.htm,1620599681,18:34:41,20210509
13,2007-12-31,VVI,USD,2008-02-29,2008-02-29 13:57:31,FY,1003701000,935137000.0,68564000.0,0.06831118032162965,0.0,0.0,0.0,0.0,9239000.0,944376000,0.0,22893000.0,82218000,0.08191483320231822,59325000.0,0.05910624777697741,-1057000.0,62740000.0,0.06250865546611989,19428000.0,44597000.0,0.04443255511352485,2.18,2.14,20423000,20886000,https://www.sec.gov/Archives/edgar/data/884219/000095015308000420/0000950153-08-000420-index.htm,https://www.sec.gov/Archives/edgar/data/884219/000095015308000420/p75042e10vk.htm,1620599681,18:34:41,20210509
14,2006-12-31,VVI,USD,2007-03-01,2007-03-01 16:34:59,FY,856031000,790462000.0,65569000.0,0.0765965251258424,0.0,0.0,0.0,0.0,12349000.0,802811000,0.0,19804000.0,73024000,0.08530532188670738,53220000.0,0.062170645689233216,1967000.0,61577000.0,0.07193314260815321,9736000.0,63554000.0,0.07424263840912304,2.98,2.91,21333000,21839863,https://www.sec.gov/Archives/edgar/data/884219/000095015307000453/0000950153-07-000453-index.htm,https://www.sec.gov/Archives/edgar/data/884219/000095015307000453/p73525e10vk.htm,1620599681,18:34:41,20210509
15,2005-12-31,VVI,USD,2006-03-01,2006-03-01 16:31:08,FY,826254000,762041000.0,64213000.0,0.07771581136067117,0.0,0.0,0.0,0.0,13052000.0,775093000,0.0,22113000.0,73274000,0.08868217279432233,51161000.0,0.0619192161248236,-100000.0,51840000.0,0.06274099732043657,15326000.0,37754000.0,0.045692970926615784,1.71,1.7,22070000,22253000,https://www.sec.gov/Archives/edgar/data/884219/000095015306000542/0000950153-06-000542-index.htm,https://www.sec.gov/Archives/edgar/data/884219/000095015306000542/p71915e10vk.htm,1620599681,18:34:41,20210509
16,2004-12-31,VVI,USD,2005-03-15,2005-03-14 19:26:39,FY,785657000,732276000.0,53381000.0,0.06794440831049682,0.0,0.0,0.0,0.0,14533000.0,746809000,0.0,23370000.0,62218000,0.0791923192945522,38848000.0,0.049446514191307404,-89939000.0,-52983000.0,-0.06743782592148992,5346000.0,-56002000.0,-0.07128046972151969,-2.58,-2.58,21741000,21741000,https://www.sec.gov/Archives/edgar/data/884219/000095012405001493/0000950124-05-001493-index.htm,https://www.sec.gov/Archives/edgar/data/884219/000095012405001493/p70324e10vk.htm,1620599681,18:34:41,20210509
17,2003-12-31,VVI,USD,2004-03-11,2004-03-11 17:17:45,FY,1572093000,1401779000.0,170314000.0,0.1083358300049679,0.0,0.0,0.0,0.0,12571000.0,1414350000,0.0,88851000.0,246594000,0.15685713249788658,157743000.0,0.1003394837328326,7937000.0,156793000.0,0.099735193783065,44435000.0,113902000.0,0.07245245669308367,5.284065736520418,5.259908334199194,21555750,21654750,https://www.sec.gov/Archives/edgar/data/884219/000095015304000586/0000950153-04-000586-index.htm,https://www.sec.gov/Archives/edgar/data/884219/000095015304000586/p68898e10vk.htm,1620599681,18:34:41,20210509
18,2002-12-31,VVI,USD,2002-12-31,2002-12-31,FY,1646984000,1442388000.0,204596000.0,0.12422464334808353,0.0,0.0,0.0,0.0,17114000.0,1459502000,0.0,51483000.0,238965000,0.14509248420142515,187482000.0,0.11383352843743473,-8411000.0,154167000.0,0.09360564522788321,40334000.0,76094000.0,0.04620202746353334,3.48,3.44,21544500,21679000,,,1620599681,18:34:41,20210509
19,2001-12-31,VVI,USD,2001-12-31,2001-12-31,FY,1659390000,1482361000.0,177029000.0,0.10668317875845944,0.0,12029000.0,0.0,0.0,12029000.0,1494390000,0.0,69096000.0,234096000,0.1410735270189648,165000000.0,0.09943412940899969,-90992000.0,46746000.0,0.028170592808200605,-4388000.0,51134000.0,0.030814938019392668,2.3921499830415307,2.3694539051458494,21375750,21580500,,,1620599681,18:34:41,20210509
20,2000-12-31,VVI,USD,2000-12-31,2000-12-31,FY,1726808000,1463453000.0,263355000.0,0.15250971735132104,0.0,9783000.0,0.0,0.0,78383000.0,1541836000,0.0,68600000.0,253572000,0.1468443509643226,184972000.0,0.1071178729771926,15206000.0,173158000.0,0.10027634803637694,28666000.0,144492000.0,0.08367577634571996,6.44,6.32,22200500,22731250,,,1620599681,18:34:41,20210509
21,1999-12-31,VVI,USD,1999-12-31,1999-12-31,FY,1581200000,1330400000.0,250800000.0,0.1586137111054895,0.0,19400000.0,0.0,0.0,82400000.0,1412800000,0.0,63000000.0,231400000,0.14634454844421957,168400000.0,0.10650139134834304,24200000.0,163600000.0,0.10346572223627624,35000000.0,347600000.0,0.21983303819883632,14.88,14.36,23251750,24099000,,,1620599681,18:34:41,20210509
22,1998-12-31,VVI,USD,1998-12-31,1998-12-31,FY,2542100000,2217700000.0,324400000.0,0.12761103025058024,0.0,21900000.0,0.0,0.0,107800000.0,2325500000,0.0,85900000.0,302500000,0.11899610558199913,216600000.0,0.08520514535226781,44000000.0,217600000.0,0.08559852090791079,67000000.0,150600000.0,0.05924235867983164,6.32,6.08,23595500,24591750,,,1620599681,18:34:41,20210509
23,1997-12-31,VVI,USD,1997-12-31,1997-12-31,FY,2417500000,2116400000.0,301100000.0,0.1245501551189245,0.0,33800000.0,0.0,0.0,112300000.0,2228700000,0.0,78500000.0,267300000,0.11056876938986557,188800000.0,0.07809720785935884,0.0,139000000.0,0.05749741468459152,41200000.0,89300000.0,0.036938986556359875,3.88,3.76,22701000,23446500,,,1620599681,18:34:41,20210509
24,1996-12-31,VVI,USD,1996-12-31,1996-12-31,FY,2263200000,1984400000.0,278800000.0,0.12318840579710146,0.0,36100000.0,0.0,0.0,110500000.0,2094900000,0.0,74400000.0,242700000,0.10723753976670201,168300000.0,0.07436373276776247,-2500000.0,111000000.0,0.04904559915164369,41900000.0,28400000.0,0.012548603746907035,1.2396739308357978,1.2301860985678814,22909250,23085938,,,1620599681,18:34:41,20210509
25,1995-12-31,VVI,USD,1995-12-31,1995-12-31,FY,3575100000,3156300000.0,418800000.0,0.11714357640345724,0.0,43200000.0,0.0,0.0,158100000.0,3314400000,0.0,114900000.0,375600000,0.10505999832172527,260700000.0,0.07292103717378536,-191100000.0,-10800000.0,-0.003020894520432995,-11900000.0,-16600000.0,-0.0046432267628877515,-0.8,-0.8,22176750,22176750,,,1620599681,18:34:41,20210509
26,1994-12-31,VVI,USD,1995-03-27 00:00:00,1995-03-27 00:00:00,FY,3546800000,3106700000.0,440100000.0,0.12408368106462163,0.0,43900000.0,0.0,0.0,153800000.0,3260500000,0.0,109900000.0,396200000,0.11170632682981843,286300000.0,0.08072064959963911,0.0,221700000.0,0.06250704860719522,81400000.0,140300000.0,0.03955678357956468,6.476929113865614,6.459094480991502,21661500,21721311,https://www.sec.gov/Archives/edgar/data/884219/000088421995000022/0000884219-95-000022-index.html,https://www.sec.gov/Archives/edgar/data/884219/0000884219-95-000022.txt,1620599681,18:34:41,20210509
27,1993-12-31,VVI,USD,1993-12-31,1993-12-31,FY,3000300000,2624800000.0,375500000.0,0.1251541512515415,0.0,0.0,0.0,0.0,0.0,2775100000,0.0,100200000.0,325400000,0.10845582108455822,225200000.0,0.0750591607505916,0.0,171700000.0,0.05722761057227611,61400000.0,120500000.0,0.040162650401626504,5.68,5.6,21214789,21517857,,,1620599681,18:34:41,20210509
28,1992-12-31,VVI,USD,1992-12-31,1992-12-31,FY,3388600000,2993500000.0,395100000.0,0.11659682464734698,0.0,0.0,0.0,0.0,0.0,3269300000,0.0,112300000.0,231600000,0.0683468098919908,119300000.0,0.03520627987959629,0.0,53900000.0,0.015906273977453814,25900000.0,-81500000.0,-0.024051230596706604,-3.92,-3.92,21028037,21028037,,,1620599681,18:34:41,20210509
29,1991-12-31,VVI,USD,1991-12-31,1991-12-31,FY,3310300000,2934000000.0,376300000.0,0.11367549768903121,0.0,0.0,0.0,0.0,0.0,3185800000,0.0,108200000.0,232700000,0.07029574358819442,124500000.0,0.037609884300516566,0.0,52300000.0,0.015799172280457966,41400000.0,-57600000.0,-0.017400235628190798,-2.96,-2.96,20072500,20072500,,,1620599681,18:34:41,20210509
30,1990-12-31,VVI,USD,1990-12-31,1990-12-31,FY,3519000000,3118100000.0,400900000.0,0.11392441034384769,0.0,0.0,0.0,0.0,0.0,3249900000,0.0,87200000.0,356300000,0.10125035521454959,269100000.0,0.07647058823529412,0.0,187500000.0,0.05328218243819267,71100000.0,16400000.0,0.004660414890593919,0.76,0.76,19628250,19628250,,,1620599681,18:34:41,20210509
31,1989-12-31,VVI,USD,1989-12-31,1989-12-31,FY,3536900000,2968800000.0,568100000.0,0.16062088269388447,0.0,0.0,0.0,0.0,0.0,3101000000,0.0,85100000.0,521000000,0.14730413639062456,435900000.0,0.12324351833526534,0.0,173400000.0,0.04902598320563205,64700000.0,108700000.0,0.030733127880347197,5.52,5.52,19692029,19692029,,,1620599681,18:34:41,20210509
32,1988-12-31,VVI,USD,1988-12-31,1988-12-31,FY,3304900000,0.0,0.0,0.0,0.0,0.0,0.0,0.0,0.0,3062900000,0.0,0.0,242000000,0.07322460588822657,242000000.0,0.07322460588822657,0.0,146300000.0,0.0442676026506097,53000000.0,93300000.0,0.028230808799055946,4.84,4.84,19276860,19276860,,,1620599681,18:34:41,20210509
33,1987-12-31,VVI,USD,1987-12-31,1987-12-31,FY,2273800000,2009900000.0,263900000.0,0.11606121910458264,0.0,0.0,0.0,0.0,0.0,2103100000,0.0,69300000.0,240000000,0.10555018031489137,170700000.0,0.0750725657489665,25400000.0,129400000.0,0.056909138886445595,46600000.0,31300000.0,0.01376550268273375,1.56,1.56,18891500,18891500,,,1620599681,18:34:41,20210509
34,1986-12-31,VVI,USD,1986-12-31,1986-12-31,FY,2584000000,2370300000.0,213700000.0,0.08270123839009288,0.0,0.0,0.0,0.0,0.0,2500100000,0.0,68000000.0,151900000,0.05878482972136223,83900000.0,0.03246904024767802,106900000.0,116400000.0,0.045046439628482975,21900000.0,186200000.0,0.07205882352941176,8.24,8.2,23304500,23304500,,,1620599681,18:34:41,20210509
35,1985-12-31,VVI,USD,1985-12-31,1985-12-31,FY,2561700000,2338200000.0,223500000.0,0.08724675020494203,0.0,0.0,0.0,0.0,0.0,2431800000,0.0,61300000.0,191200000,0.0746379357457938,129900000.0,0.05070851387750322,87600000.0,171100000.0,0.06679158371393996,51000000.0,120100000.0,0.046882929304758555,4.96,4.88,24277000,24277000,,,1620599681,18:34:41,20210509
