,date,symbol,reportedCurrency,fillingDate,acceptedDate,period,revenue,costOfRevenue,grossProfit,grossProfitRatio,researchAndDevelopmentExpenses,generalAndAdministrativeExpenses,sellingAndMarketingExpenses,otherExpenses,operatingExpenses,costAndExpenses,interestExpense,depreciationAndAmortization,ebitda,ebitdaratio,operatingIncome,operatingIncomeRatio,totalOtherIncomeExpensesNet,incomeBeforeTax,incomeBeforeTaxRatio,incomeTaxExpense,netIncome,netIncomeRatio,eps,epsdiluted,weightedAverageShsOut,weightedAverageShsOutDil,link,finalLink,timestamp,est_time,est_date
0,2019-12-31,AKERBP.OL,USD,2019-12-31,2019-12-31,FY,3338667000.0,1837710000.0,1500957000.0,0.4495677466485876,0.0,0.0,0.0,0.0,-4975000.0,1832735000.0,198311000.0,811874000.0,2317806000.0,0.6942309610392411,1505932000.0,0.45105786231451056,0.0,1084254000.0,0.32475655703309136,943204000.0,141051000.0,0.042247699456100296,0.39,0.39,360014176,360014176,https://www.oslobors.no/ob_eng/,https://www.oslobors.no/ob_eng/,1620586433,14:53:53,20210509
1,2018-12-31,AKERBP.OL,USD,2018-12-31,2018-12-31,FY,3711471000.0,1737447000.0,1974024000.0,0.5318710559775356,0.0,0.0,0.0,0.0,-12861000.0,1724586000.0,248770000.0,752437000.0,2739322000.0,0.7380690836598212,1986885000.0,0.5353362588580107,0.0,1804909000.0,0.48630556455917345,1328486000.0,476423000.0,0.12836500675877568,1.32,1.32,360113509,360113509,https://www.oslobors.no/ob_eng/,https://www.oslobors.no/ob_eng/,1620586433,14:53:53,20210509
2,2017-12-31,AKERBP.OL,USD,2017-12-31,2017-12-31,FY,2575654000.0,1475751000.0,1099903000.0,0.42703833667099694,0.0,0.0,0.0,0.0,26376000.0,1502127000.0,233246000.0,726670000.0,1800197000.0,0.6989281168976889,1073527000.0,0.4167978307645359,0.0,811128000.0,0.3149211811834975,536340000.0,274787000.0,0.10668630180917157,0.81,0.81,340189283,340189283,https://www.oslobors.no/ob_eng/,https://www.oslobors.no/ob_eng/,1620586433,14:53:53,20210509
3,2016-12-31,AKERBP.OL,USD,2016-12-31,2016-12-31,FY,1260804000.0,883298000.0,377506000.0,0.29941688002258876,0.0,0.0,0.0,0.0,-97533000.0,785765000.0,130138000.0,509027000.0,984066000.0,0.7805067242806971,475039000.0,0.37677466124790215,0.0,290453000.0,0.23037125516733767,255482000.0,34971000.0,0.027737063016932052,0.15,0.15,236582807,236582807,https://www.oslobors.no/ob_eng/,https://www.oslobors.no/ob_eng/,1620586433,14:53:53,20210509
4,2015-12-31,AKERBP.OL,USD,2015-12-31,2015-12-31,FY,1158684000.0,698363000.0,460321000.0,0.39727915462714597,0.0,0.0,0.0,0.0,48668000.0,747031000.0,109125000.0,480959000.0,892612000.0,0.7703670716088252,411653000.0,0.3552763307338325,0.0,-113607000.0,-0.0980483030748677,199045000.0,-312652000.0,-0.2698337078961995,-1.54,-1.54,202618602,202618602,https://www.oslobors.no/ob_eng/,https://www.oslobors.no/ob_eng/,1620586433,14:53:53,20210509
5,2014-12-31,AKERBP.OL,USD,2014-12-31,2014-12-31,FY,411996000.0,384585000.0,27411000.0,0.06653219934174118,0.0,32445000.0,1218000.0,0.0,-20084000.0,364501000.0,83846000.0,160254000.0,207749000.0,0.5042500412625365,47495000.0,0.1152802454392761,0.0,-375624000.0,-0.9117175894911601,-96485000.0,-279139000.0,-0.6775284226060447,-1.68,-1.68,165811098,165811098,https://www.oslobors.no/ob_eng/,https://www.oslobors.no/ob_eng/,1620586433,14:53:53,20210509
6,2013-12-31,AKERBP.OL,USD,2013-12-31,2013-12-31,FY,153439708.498722,387596068.152893,-234156359.654171,-1.5260479959535462,0.0,5518924.234004,1543996.500932,0.0,22558298.611225,410154366.764119,49630361.647061,77369187.815089,-179345470.450307,-1.1688334930055007,-256714658.265396,-1.6730653412805083,0.0,-418527793.581316,-2.727636787610307,-328321565.635472,-90206227.945843,-0.5878936347600943,-0.579654,-0.579654,155665822,155665822,https://www.oslobors.no/ob_eng/,https://www.oslobors.no/ob_eng/,1620586433,14:53:53,20210509
7,2012-12-31,AKERBP.OL,USD,2012-12-31,2012-12-31,FY,58227419.597504,346033966.427614,-287806546.830111,-4.942800983103298,0.0,5605069.530517,0.0,0.0,14067481.497933,360101447.925548,22970862.379011,20004262.818905,-281869765.509139,-4.840842466617253,-301874028.328044,-5.184396465011551,0.0,-707283151.476941,-12.146908730732415,-535829888.450268,-171453263.026673,-2.94454509940232,-1.204527,-1.204527,142326353,142326353,https://www.oslobors.no/ob_eng/,https://www.oslobors.no/ob_eng/,1620586433,14:53:53,20210509
8,2011-12-31,AKERBP.OL,USD,2011-12-31,2011-12-31,FY,60610843.050529,200053444.578475,-139442601.527945,-2.3006213824100237,0.0,0.0,0.0,622235.625251,26921659.295001,226975103.873475,45875887.950677,13154737.970781,-153209522.852165,-2.5277576608601193,-166364260.822946,-2.7447937109908587,0.0,-233024561.050797,-3.8446018785208627,-156079446.454899,-76945114.595899,-1.2694942146201913,-0.60424,-0.60424,127290745,127290745,https://www.oslobors.no/ob_eng/,https://www.oslobors.no/ob_eng/,1620586433,14:53:53,20210509
9,2010-12-31,AKERBP.OL,USD,2010-12-31,2010-12-31,FY,61595706.679821,328683427.17175,-267087720.491929,-4.336141833395476,0.0,0.0,0.0,-2791848.815255,44044634.200276,372728061.372025,37191821.599279,27054210.821752,-284078143.870452,-4.6119796197340674,-311132354.692204,-5.051201966226198,0.0,-371400602.153464,-6.029650801540951,-253971831.46507,-117428770.688394,-1.9064440854424702,-0.954815,-0.954815,122923222,122923222,https://www.oslobors.no/ob_eng/,https://www.oslobors.no/ob_eng/,1620586433,14:53:53,20210509
10,2009-12-31,AKERBP.OL,USD,2009-12-31,2009-12-31,FY,44027127.067533,711654.112633,43315472.9549,0.983836008387706,0.0,0.0,0.0,1484741.024513,254223246.10221,254934900.214842,3890283.781568,9226826.806098,-201680946.34121102,-4.58083367628902,-210907773.147309,-4.790405079663694,0.0,-241564638.176343,-5.486722715425155,151711231.330728,-89853406.845616,-2.0408646402884814,-0.885976,-0.885976,101342619,101342619,https://www.oslobors.no/ob_eng/,https://www.oslobors.no/ob_eng/,1620586433,14:53:53,20210509
11,2008-12-31,AKERBP.OL,USD,2008-12-31,2008-12-31,FY,46859099.748177,-435527.078111,47294626.826288,1.009294397042443,0.0,0.0,0.0,8045850.088052,129325442.1238,128889915.045689,6443993.827762,15969373.999736,-66061441.297776,-1.4097889556733545,-82030815.297512,-1.7505845340253963,0.0,-59678108.633675,-1.2735649842696073,92015671.517648,32337419.476966,0.6900990341416888,0.320527,0.320527,100797028,100797028,https://www.oslobors.no/ob_eng/,https://www.oslobors.no/ob_eng/,1620586433,14:53:53,20210509
12,2007-12-31,AKERBP.OL,USD,2007-12-31,2007-12-31,FY,23463616.31753,74604.92466,23389011.39287,0.9968203995645692,0.0,0.0,0.0,-3660970.231533,69710951.855935,69785556.780595,723998.529952,6349320.102903,-39972620.360162,-1.7036001534979879,-46321940.463065,-1.974202946220921,0.0,-45476846.747519,-1.9381857481850573,37849320.102903,-7627526.644616,-0.32507890264628,-0.157419,-0.157419,48501914,48501914,https://www.oslobors.no/ob_eng/,https://www.oslobors.no/ob_eng/,1620586433,14:53:53,20210509
13,2006-12-31,AKERBP.OL,USD,2006-12-31,2006-12-31,FY,18613493.975904,414779.116466,18198714.859438,0.9777162140002865,0.0,0.0,0.0,-334136.546185,41717911.646586,42132690.763052,960000.0,3382811.24498,-20136385.542169,-1.0818165341894677,-23519196.787149,-1.263556257497687,0.0,-22992449.799197,-1.2352570575391033,17365943.7751,-5626506.024096,-0.3022810242601289,-0.198667,-0.198667,28256715,28256715,https://www.oslobors.no/ob_eng/,https://www.oslobors.no/ob_eng/,1620586433,14:53:53,20210509
14,2005-12-31,AKERBP.OL,USD,2005-12-31,2005-12-31,FY,13880180.914955,-203306.888114,14083487.80307,1.0146472794094457,0.0,0.0,0.0,286646.400237,33207088.307259,33003781.419144,183880.774079,2957069.77089,-16166530.733299,-1.1647204623882537,-19123600.504189,-1.3777630580869846,0.0,-18867502.039001,-1.3593124005085901,12609179.209609,-6258322.829391,-0.4508819350220472,-0.483314,-0.483314,12959758,12959758,https://www.oslobors.no/ob_eng/,https://www.oslobors.no/ob_eng/,1620586433,14:53:53,20210509
