,date,symbol,reportedCurrency,fillingDate,acceptedDate,period,revenue,costOfRevenue,grossProfit,grossProfitRatio,researchAndDevelopmentExpenses,generalAndAdministrativeExpenses,sellingAndMarketingExpenses,otherExpenses,operatingExpenses,costAndExpenses,interestExpense,depreciationAndAmortization,ebitda,ebitdaratio,operatingIncome,operatingIncomeRatio,totalOtherIncomeExpensesNet,incomeBeforeTax,incomeBeforeTaxRatio,incomeTaxExpense,netIncome,netIncomeRatio,eps,epsdiluted,weightedAverageShsOut,weightedAverageShsOutDil,link,finalLink,timestamp,est_time,est_date
0,2020-12-31,8001.HK,HKD,2020-12-31,2020-12-31,FY,60574000,0.0,0.0,0.0,0.0,12318000.0,0.0,0.0,0.0,0.0,257000.0,5354000.0,0.0,0.0,0.0,0.3490276356192426,0.0,21142000.0,0.3490276356192426,4282000.0,16860000.0,0.2783372404001717,0.03902777777777778,0.03902777777777778,432000000,432000000,https://www1.hkexnews.hk/search/titlesearch.xhtml,https://www1.hkexnews.hk/search/titlesearch.xhtml,1620585754,14:42:34,20210509
1,2019-12-31,8001.HK,HKD,2019-12-31,2019-12-31,FY,34325000,0.0,0.0,0.0,0.0,11697000.0,0.0,0.0,26457000.0,0.0,429000.0,6019000.0,0.0,0.0,0.0,0.22922068463219228,0.0,7868000.0,0.22922068463219228,3695000.0,4173000.0,0.12157319737800437,0.0097,0.0097,432000000,432000000,https://www1.hkexnews.hk/search/titlesearch.xhtml,https://www1.hkexnews.hk/search/titlesearch.xhtml,1620585754,14:42:34,20210509
2,2018-12-31,8001.HK,HKD,2018-12-31,2018-12-31,FY,29681000,0.0,0.0,0.0,0.0,8455000.0,0.0,0.0,29883000.0,0.0,98000.0,1031000.0,0.0,0.0,0.0,-0.006805700616556046,0.0,-202000.0,-0.006805700616556046,1895000.0,-2097000.0,-0.07065125838078232,-0.0049,-0.0049,432000000,432000000,https://www1.hkexnews.hk/search/titlesearch.xhtml,https://www1.hkexnews.hk/search/titlesearch.xhtml,1620585754,14:42:34,20210509
3,2017-12-31,8001.HK,HKD,2017-12-31,2017-12-31,FY,30364000,0.0,0.0,0.0,0.0,14337000.0,0.0,0.0,28466000.0,0.0,7000.0,948000.0,0.0,0.0,0.0,0.06250823343433012,0.0,1898000.0,0.06250823343433012,2297000.0,-399000.0,-0.01314056119088394,-0.001,-0.001,416451728,416451728,https://www1.hkexnews.hk/search/titlesearch.xhtml,https://www1.hkexnews.hk/search/titlesearch.xhtml,1620585754,14:42:34,20210509
4,2016-12-31,8001.HK,HKD,2016-12-31,2016-12-31,FY,23308000,0.0,0.0,0.0,0.0,12402000.0,0.0,0.0,24977000.0,0.0,0.0,530000.0,0.0,0.0,0.0,-0.07160631542817916,0.0,-1669000.0,-0.07160631542817916,1800000.0,-3469000.0,-0.1488330187060237,-0.009,-0.009,383747072,383747072,https://www1.hkexnews.hk/search/titlesearch.xhtml,https://www1.hkexnews.hk/search/titlesearch.xhtml,1620585754,14:42:34,20210509
5,2015-12-31,8001.HK,HKD,2015-12-31,2015-12-31,FY,52013000,0.0,0.0,0.0,0.0,9099000.0,0.0,0.0,19811000.0,0.0,23000.0,181000.0,0.0,0.0,0.0,0.6191144521561918,0.0,32202000.0,0.6191144521561918,6097000.0,26105000.0,0.5018937573298983,0.0725,0.0725,360000000,360000000,https://www1.hkexnews.hk/search/titlesearch.xhtml,https://www1.hkexnews.hk/search/titlesearch.xhtml,1620585754,14:42:34,20210509
6,2014-12-31,8001.HK,HKD,2014-12-31,2014-12-31,FY,43498000,0.0,0.0,0.0,0.0,12513000.0,0.0,0.0,20418000.0,0.0,76000.0,86000.0,0.0,0.0,0.0,0.5305991080049658,0.0,23080000.0,0.5305991080049658,5150000.0,17930000.0,0.41220285990160466,0.0578,0.0578,310109589,310109589,https://www1.hkexnews.hk/search/titlesearch.xhtml,https://www1.hkexnews.hk/search/titlesearch.xhtml,1620585754,14:42:34,20210509
7,2013-12-31,8001.HK,HKD,2013-12-31,2013-12-31,FY,36146000,0.0,0.0,0.0,0.0,13576000.0,0.0,0.0,19319000.0,0.0,50000.0,79000.0,0.0,0.0,0.0,0.46552868920489127,0.0,16827000.0,0.46552868920489127,4037000.0,12790000.0,0.3538427488518785,0.0568,0.0568,225000000,225000000,https://www1.hkexnews.hk/search/titlesearch.xhtml,https://www1.hkexnews.hk/search/titlesearch.xhtml,1620585754,14:42:34,20210509
8,2012-12-31,8001.HK,HKD,2012-12-31,2012-12-31,FY,28614000,0.0,0.0,0.0,0.0,8367000.0,0.0,0.0,15765000.0,0.0,50000.0,356000.0,0.0,0.0,0.0,0.44904592157685047,0.0,12849000.0,0.44904592157685047,2744000.0,10105000.0,0.35314880827566925,0.0449,0.0449,225000000,225000000,https://www1.hkexnews.hk/search/titlesearch.xhtml,https://www1.hkexnews.hk/search/titlesearch.xhtml,1620585754,14:42:34,20210509
