,date,symbol,reportedCurrency,fillingDate,acceptedDate,period,revenue,costOfRevenue,grossProfit,grossProfitRatio,researchAndDevelopmentExpenses,generalAndAdministrativeExpenses,sellingAndMarketingExpenses,otherExpenses,operatingExpenses,costAndExpenses,interestExpense,depreciationAndAmortization,ebitda,ebitdaratio,operatingIncome,operatingIncomeRatio,totalOtherIncomeExpensesNet,incomeBeforeTax,incomeBeforeTaxRatio,incomeTaxExpense,netIncome,netIncomeRatio,eps,epsdiluted,weightedAverageShsOut,weightedAverageShsOutDil,link,finalLink,timestamp,est_time,est_date
0,2020-12-31,2362.HK,USD,2020-12-31,2020-12-31,FY,531502000.0,408621000.0,122881000.0,0.23119574338384427,0.0,8118000.0,23125000.0,536000.0,0.0,476188000.0,14053000.0,89667000.0,144981000.0,0.2727760196574989,55314000.0,0.10407110415388841,0.0,64274000.0,0.12092898991913482,22353000.0,29943000.0,0.05633657069963989,0.0023745679182412887,0.0023745679182412887,12609873051,12609873051,https://www1.hkexnews.hk/search/titlesearch.xhtml,https://www1.hkexnews.hk/search/titlesearch.xhtml,1620585520,14:38:40,20210509
1,2019-12-31,2362.HK,USD,2019-12-31,2019-12-31,FY,1246898000.0,1157834000.0,89064000.0,0.07142845685854016,0.0,43800000.0,29306000.0,507000.0,72825000.0,1230659000.0,20743000.0,100416000.0,116655000.0,0.093556168988963,16239000.0,0.013023519165160261,0.0,6425000.0,0.005152787156607838,-6697000.0,8745000.0,0.007013404464519151,0.0006935042061590379,0.0006575250730940229,12609873051,13299873051,https://www1.hkexnews.hk/search/titlesearch.xhtml,https://www1.hkexnews.hk/search/titlesearch.xhtml,1620585520,14:38:40,20210509
2,2018-12-31,2362.HK,USD,2018-12-31,2018-12-31,FY,1399970000.0,1201149000.0,198821000.0,0.1420180432437838,0.0,48740000.0,31026000.0,642000.0,79480000.0,1280629000.0,24056000.0,96200000.0,215541000.0,0.15396115631049237,119341000.0,0.0852453981156739,0.0,149422000.0,0.1067322871204383,54800000.0,66931000.0,0.04780888161889183,0.0072,0.0051,9286380667,13299873051,https://www1.hkexnews.hk/search/titlesearch.xhtml,https://www1.hkexnews.hk/search/titlesearch.xhtml,1620585520,14:38:40,20210509
3,2017-12-31,2362.HK,USD,2017-12-31,2017-12-31,FY,549188000.0,433025000.0,116163000.0,0.21151773163288345,0.0,20587000.0,31257000.0,1378000.0,51844000.0,484869000.0,8673000.0,50452000.0,114771000.0,0.20898308047517425,64319000.0,0.11711654296889226,0.0,61185000.0,0.11140993612387744,7750000.0,41624000.0,0.07579189639977567,0.0089,0.0032,4682898256,13149018256,https://www1.hkexnews.hk/search/titlesearch.xhtml,https://www1.hkexnews.hk/search/titlesearch.xhtml,1620585520,14:38:40,20210509
4,2016-12-31,2362.HK,USD,2016-12-31,2016-12-31,FY,364845000.0,362488000.0,2357000.0,0.006460277652153654,0.0,20925000.0,23440000.0,-1188000.0,44365000.0,406853000.0,6832000.0,57861000.0,15853000.0,0.04345132864641149,-42008000.0,-0.11513930573257136,0.0,3321000.0,0.009102495580314928,-2993000.0,8347000.0,0.022878208554317585,0.0019,0.0007,4350753051,12816873051,https://www1.hkexnews.hk/search/titlesearch.xhtml,https://www1.hkexnews.hk/search/titlesearch.xhtml,1620585520,14:38:40,20210509
5,2015-12-31,2362.HK,USD,2015-12-31,2015-12-31,FY,470691000.0,462637000.0,8054000.0,0.017111013382452606,0.0,26898000.0,28453000.0,2606000.0,55351000.0,517988000.0,6603000.0,57499000.0,10202000.0,0.02167451682738782,-47297000.0,-0.10048418176680668,0.0,-369637000.0,-0.7853071335547099,-13821000.0,-291767000.0,-0.6198695109955363,-0.0671,-0.0671,4350753051,4350753051,https://www1.hkexnews.hk/search/titlesearch.xhtml,https://www1.hkexnews.hk/search/titlesearch.xhtml,1620585520,14:38:40,20210509
6,2014-12-31,2362.HK,USD,2014-12-31,2014-12-31,FY,652475000.0,632201000.0,20274000.0,0.031072454883328864,0.0,32225000.0,28581000.0,556000.0,60806000.0,693007000.0,9007000.0,120120000.0,79588000.0,0.12197861987049312,-40532000.0,-0.06212038775432009,0.0,-432279000.0,-0.6625219357063489,-132776000.0,-230512000.0,-0.35328863174834285,-0.052982092363761696,-0.017985041989786656,4350753051,12816873051,https://www1.hkexnews.hk/search/titlesearch.xhtml,https://www1.hkexnews.hk/search/titlesearch.xhtml,1620585520,14:38:40,20210509
7,2013-12-31,2362.HK,USD,2013-12-31,2013-12-31,FY,742242000.0,632313000.0,109929000.0,0.14810398764823332,0.0,30819000.0,34100000.0,-14037000.0,74962000.0,707275000.0,6506000.0,71486000.0,106453000.0,0.1434208789047238,34967000.0,0.04710997221930314,0.0,218201000.0,0.29397554975331497,14364000.0,203877000.0,0.2746772615939276,0.0469,0.0298,4350753051,6835679682,https://www1.hkexnews.hk/search/titlesearch.xhtml,https://www1.hkexnews.hk/search/titlesearch.xhtml,1620585520,14:38:40,20210509
8,2012-12-31,2362.HK,USD,2012-12-31,2012-12-31,FY,237705529.196562,227013624.976458,10691904.220105,0.04497961934770022,0.0,7712004.994879001,4445080.844279,207173.946135,12157085.839158,239170710.815615,225233.941439,1045028.728293,-420152.89075999986,-0.0017675352028205017,-1465181.619053,-0.006163851652947546,0.0,-421313.890458,-0.0017724193958888088,529157.862419,-950342.752911,-0.003997983370951159,-0.000348,-0.000348,2754873000,2754873000,https://www1.hkexnews.hk/search/titlesearch.xhtml,https://www1.hkexnews.hk/search/titlesearch.xhtml,1620585520,14:38:40,20210509
9,2011-12-31,2362.HK,USD,2011-12-31,2011-12-31,FY,16662245.515536,5411231.440823,11251014.074713,0.6752399647587999,0.0,7692287.881325,6982628.739199,0.0,13438840.0273,18850071.468123,189422.717849,1391761.20633,-796064.7462559999,-0.04777655841847627,-2187825.952586,-0.13130438814780726,0.0,-2377248.670435,-0.1426727668979812,-48289.272055,-2328701.855596,-0.13975918512452007,-0.00085,-0.00085,2750116000,2750116000,https://www1.hkexnews.hk/search/titlesearch.xhtml,https://www1.hkexnews.hk/search/titlesearch.xhtml,1620585520,14:38:40,20210509
10,2010-12-31,2362.HK,USD,2010-12-31,2010-12-31,FY,16307430.188199,7010925.500243,9296504.687956,0.5700778467648132,0.0,6377855.528473,7677402.858387,0.0,15063775.985486,22074701.485729,162411.293752,1496265.439673,-4271005.857857,-0.2619055123073743,-5767271.29753,-0.35365911311418835,0.0,-56065432.22091,-3.438029878029598,309660.773689,-56374322.054914,-3.45697154023138,-0.071954,-0.071954,782224000,782224000,https://www1.hkexnews.hk/search/titlesearch.xhtml,https://www1.hkexnews.hk/search/titlesearch.xhtml,1620585520,14:38:40,20210509
11,2009-12-31,2362.HK,USD,2009-12-31,2009-12-31,FY,19527873.198609,7270551.583986,12257321.614624,0.6276833882502426,0.0,4954791.157326,8548545.992841,0.0,13037580.334024,20308131.91801,145452.294742,1126094.760623,345836.04122200015,0.017709867209022772,-780258.719401,-0.03995615454204091,0.0,-1220097.174512,-0.0624797776031703,110249.744685,-1265615.490154,-0.06481071836558995,-0.002708,-0.002708,485830194,485830194,https://www1.hkexnews.hk/search/titlesearch.xhtml,https://www1.hkexnews.hk/search/titlesearch.xhtml,1620585520,14:38:40,20210509
12,2008-12-31,2362.HK,USD,2008-12-31,2008-12-31,FY,17816461.249432,6317870.267146,11498590.982287,0.645391406368848,0.0,9926736.240142,8738748.503241,0.0,3282546.760808,9600417.027953,9231001.486436,1659466.740988,9875510.962467,0.554291383917883,8216044.221479,0.4611490523540937,0.0,-33467267.434659,-1.8784463966280596,333157.851274,-34408160.948016,-1.9312567443275501,-0.070967,-0.070967,485830194,485830194,https://www1.hkexnews.hk/search/titlesearch.xhtml,https://www1.hkexnews.hk/search/titlesearch.xhtml,1620585520,14:38:40,20210509
13,2007-12-31,2362.HK,USD,2007-12-31,2007-12-31,FY,13247601.289571,4916298.407015,8331302.882556,0.628891427243867,0.0,9288606.991077,4432965.629384,0.0,6916826.751681,11833125.158696,124776.543549,1027194.361588,2441670.492464,0.18431038488350135,1414476.130876,0.10677224502442777,0.0,-21059407.997497,-1.5896770696198217,360992.775015,-21418348.948568,-1.6167718578177104,0.05899,0.05899,364380880,364380880,https://www1.hkexnews.hk/search/titlesearch.xhtml,https://www1.hkexnews.hk/search/titlesearch.xhtml,1620585520,14:38:40,20210509
14,2006-12-31,2362.HK,USD,2006-12-31,2006-12-31,FY,693371.053816,509483.700894,183887.352922,0.2652077151331417,0.0,5627853.147303,0.0,128592.554491,5581688.42024,6091172.121134,362245.226001,351700.636533,-5046100.430785,-7.27763353115702,-5397801.067318,-7.784866468842259,0.0,-4709830.900791,-6.792655786350216,23661.030026,-5091493.60252,-7.34310089020695,-0.020832,-0.020832,244767529,244767529,https://www1.hkexnews.hk/search/titlesearch.xhtml,https://www1.hkexnews.hk/search/titlesearch.xhtml,1620585520,14:38:40,20210509
15,2005-12-31,2362.HK,USD,2005-12-31,2005-12-31,FY,402269.210933,615136.668386,-212867.457452,-0.5291666666665527,0.0,2963254.254771,697395.564724,128932.439402,3659876.224858,4275012.893244,0.0,472150.593089,-3400593.089221,-8.45352564103492,-3872743.68231,-9.627243589753691,0.0,-4161810.211449,-10.345833333344943,25786.48788,-4187596.69933,-10.409935897449198,-0.024626,-0.024626,169986000,169986000,https://www1.hkexnews.hk/search/titlesearch.xhtml,https://www1.hkexnews.hk/search/titlesearch.xhtml,1620585520,14:38:40,20210509
16,2004-12-31,2362.HK,USD,2004-12-31,2004-12-31,FY,3217112.976689,1789315.586466,1427797.390222,0.44381325759080603,30244.49132,1327926.2188849999,605147.226323,128699.963063,1901027.154405,3690342.740872,0.0,470913.164848,-2316.5993350000354,-0.0007200864103268892,-473229.764183,-0.14709765171816885,0.0,-1501671.16902,-0.46677601312139655,128699.963063,-1630371.132083,-0.506780813697426,-0.009652,-0.009652,169986000,169986000,https://www1.hkexnews.hk/search/titlesearch.xhtml,https://www1.hkexnews.hk/search/titlesearch.xhtml,1620585520,14:38:40,20210509
