,date,symbol,reportedCurrency,fillingDate,acceptedDate,period,revenue,costOfRevenue,grossProfit,grossProfitRatio,researchAndDevelopmentExpenses,generalAndAdministrativeExpenses,sellingAndMarketingExpenses,otherExpenses,operatingExpenses,costAndExpenses,interestExpense,depreciationAndAmortization,ebitda,ebitdaratio,operatingIncome,operatingIncomeRatio,totalOtherIncomeExpensesNet,incomeBeforeTax,incomeBeforeTaxRatio,incomeTaxExpense,netIncome,netIncomeRatio,eps,epsdiluted,weightedAverageShsOut,weightedAverageShsOutDil,link,finalLink,timestamp,est_time,est_date
0,2020-12-31,1289.HK,CNY,2020-12-31,2020-12-31,FY,121620000,91361000,30259000,0.24879953954941622,0.0,25511000,2245000.0,57000.0,0.0,118344000,0.0,0.0,-168000.0,-0.0013813517513566848,3276000.0,0.023630981746423287,0.0,2874000.0,0.023630981746423287,455000.0,2419000.0,0.0198898207531656,0.0188984375,0.0188984375,128000000,128000000,https://www1.hkexnews.hk/search/titlesearch.xhtml,https://www1.hkexnews.hk/search/titlesearch.xhtml,1620585166,14:32:46,20210509
1,2019-12-31,1289.HK,CNY,2019-12-31,2019-12-31,FY,134757000,104177000,30580000,0.22692698709529005,0.0,35923000,4799000.0,309000.0,39477000.0,143654000,0.0,8940000.0,43000.0,0.00031909288571280154,-8897000.0,-0.06602254428341385,0.0,11059000.0,0.08206623774646216,2980000.0,8079000.0,0.0599523586900866,0.06,0.06,128000000,128000000,https://www1.hkexnews.hk/search/titlesearch.xhtml,https://www1.hkexnews.hk/search/titlesearch.xhtml,1620585166,14:32:46,20210509
2,2018-12-31,1289.HK,CNY,2018-12-31,2018-12-31,FY,176857000,108469000,68388000,0.3866852881141261,0.0,30135000,4611000.0,603000.0,32720000.0,141189000,0.0,9339000.0,45007000.0,0.25448243496157913,35668000.0,0.20167706112848233,0.0,58647000.0,0.3316068914433695,10593000.0,48054000.0,0.2717110433853339,0.38,0.38,128000000,128000000,https://www1.hkexnews.hk/search/titlesearch.xhtml,https://www1.hkexnews.hk/search/titlesearch.xhtml,1620585166,14:32:46,20210509
3,2017-12-31,1289.HK,CNY,2017-12-31,2017-12-31,FY,160584000,105663000,54921000,0.3420079210880287,0.0,17139000,4885000.0,0.0,21502000.0,127165000,0.0,9720000.0,43139000.0,0.26863822049519254,33419000.0,0.20810915159667215,0.0,40655000.0,0.25316968066557066,7200000.0,33455000.0,0.20833333333333334,0.26,0.26,128000000,128000000,https://www1.hkexnews.hk/search/titlesearch.xhtml,https://www1.hkexnews.hk/search/titlesearch.xhtml,1620585166,14:32:46,20210509
4,2016-12-31,1289.HK,CNY,2016-12-31,2016-12-31,FY,112284000,79350000,32934000,0.2933098215239927,0.0,19850000,4332000.0,0.0,22311000.0,101661000,0.0,9296000.0,19919000.0,0.177398382672509,10623000.0,0.09460831463075772,0.0,15860000.0,0.14124897581133555,-12748000.0,28608000.0,0.25478251576359945,0.22,0.22,128000000,128000000,https://www1.hkexnews.hk/search/titlesearch.xhtml,https://www1.hkexnews.hk/search/titlesearch.xhtml,1620585166,14:32:46,20210509
5,2015-12-31,1289.HK,CNY,2015-12-31,2015-12-31,FY,68168000,49969000,18199000,0.26697277314869144,0.0,117475000,3701000.0,0.0,117479000.0,167448000,257000.0,7768000.0,-91512000.0,-1.3424480694754137,-99280000.0,-1.4564018307710362,0.0,-91844000.0,-1.3473183898603451,-3040000.0,-88804000.0,-1.302722685130853,-0.69,-0.69,128000000,128000000,https://www1.hkexnews.hk/search/titlesearch.xhtml,https://www1.hkexnews.hk/search/titlesearch.xhtml,1620585166,14:32:46,20210509
6,2014-12-31,1289.HK,CNY,2014-12-31,2014-12-31,FY,314298000,161545000,152753000,0.4860132740265608,0.0,22200000,5464000.0,0.0,15954000.0,177499000,2840000.0,4663000.0,141462000.0,0.45008876925720176,136799000.0,0.43525253103742306,0.0,140040000.0,0.44556440066433767,28438000.0,111602000.0,0.3550833921946688,1.11,1.11,100384000,100384000,https://www1.hkexnews.hk/search/titlesearch.xhtml,https://www1.hkexnews.hk/search/titlesearch.xhtml,1620585166,14:32:46,20210509
7,2013-12-31,1289.HK,CNY,2013-12-31,2013-12-31,FY,318948000,133125000,185823000,0.5826122126490839,0.0,47567000,5166000.0,0.0,32463000.0,165588000,1825000.0,4076000.0,157436000.0,0.49361024367608514,153360000.0,0.4808307310282554,0.0,153461000.0,0.4811473970678606,22469000.0,130992000.0,0.41070017683133303,1.36,1.36,96000000,96000000,https://www1.hkexnews.hk/search/titlesearch.xhtml,https://www1.hkexnews.hk/search/titlesearch.xhtml,1620585166,14:32:46,20210509
