,date,symbol,reportedCurrency,fillingDate,acceptedDate,period,revenue,costOfRevenue,grossProfit,grossProfitRatio,researchAndDevelopmentExpenses,generalAndAdministrativeExpenses,sellingAndMarketingExpenses,otherExpenses,operatingExpenses,costAndExpenses,interestExpense,depreciationAndAmortization,ebitda,ebitdaratio,operatingIncome,operatingIncomeRatio,totalOtherIncomeExpensesNet,incomeBeforeTax,incomeBeforeTaxRatio,incomeTaxExpense,netIncome,netIncomeRatio,eps,epsdiluted,weightedAverageShsOut,weightedAverageShsOutDil,link,finalLink,timestamp,est_time,est_date
0,2020-06-30,HHM.AX,AUD,2020-06-30,2020-06-30,FY,0.0,0.0,0.0,0.0,0.0,222599.0,0.0,-1259002.0,465722.0,0.0,1800.0,67184.0,-398538.0,0.0,-465722.0,0.0,-1259002.0,-1731937.0,0.0,0.0,-1731937.0,0.0,-0.0059,-0.0059,294805379,294805379,,,1620593077,16:44:37,20210509
1,2019-06-30,HHM.AX,AUD,2019-06-30,2019-06-30,FY,0.0,0.0,0.0,0.0,0.0,211723.0,0.0,-1321981.0,327715.0,0.0,12898.0,1502.0,-326213.0,0.0,-327715.0,0.0,-1321981.0,-1656026.0,0.0,0.0,-1656026.0,0.0,-0.0056,-0.0056,294805379,294805379,,,1620593077,16:44:37,20210509
2,2018-06-30,HHM.AX,AUD,2018-06-30,2018-06-30,FY,0.0,0.0,0.0,0.0,0.0,212895.0,0.0,109371.0,320224.0,0.0,21638.0,1367.0,-318857.0,0.0,-320224.0,0.0,109371.0,-225928.0,0.0,-771444.0,545516.0,0.0,0.002,0.002,266978610,266978610,,,1620593077,16:44:37,20210509
3,2017-06-30,HHM.AX,AUD,2017-06-30,2017-06-30,FY,0.0,0.0,0.0,0.0,0.0,219259.0,0.0,244805.0,327368.0,0.0,21000.0,1061.0,-326307.0,0.0,-327368.0,0.0,244805.0,-102584.0,0.0,-11622.0,-90962.0,0.0,-0.000374,-0.000374,252093574,252093574,,,1620593077,16:44:37,20210509
4,2016-06-30,HHM.AX,AUD,2016-06-30,2016-06-30,FY,0.0,0.0,0.0,0.0,0.0,232306.0,0.0,232208.0,378234.0,0.0,11968.0,451.0,-377783.0,0.0,-378234.0,0.0,232208.0,-149215.0,0.0,334274.0,-483489.0,0.0,-0.001964,-0.001964,252107353,252107353,,,1620593077,16:44:37,20210509
5,2015-06-30,HHM.AX,AUD,2015-06-30,2015-06-30,FY,0.0,0.0,0.0,0.0,0.0,227924.0,0.0,117681.0,339461.0,0.0,7859.0,1280.0,-338181.0,0.0,-339461.0,0.0,117681.0,-228472.0,0.0,-512528.0,284056.0,0.0,0.00187,0.00187,156603021,156603021,,,1620593077,16:44:37,20210509
6,2014-06-30,HHM.AX,AUD,2014-06-30,2014-06-30,FY,0.0,0.0,0.0,0.0,0.0,255536.0,0.0,245692.0,385561.0,0.0,644.0,1050.0,-384511.0,0.0,-385561.0,0.0,245692.0,-140426.0,0.0,879510.0,-1019936.0,0.0,-0.005819,-0.005819,169247431,169247431,,,1620593077,16:44:37,20210509
7,2013-06-30,HHM.AX,AUD,2013-06-30,2013-06-30,FY,0.0,0.0,0.0,0.0,0.0,282485.0,0.0,285533.0,3984235.0,0.0,0.0,1790.0,-3982445.0,0.0,-3984235.0,0.0,285533.0,-3697773.0,0.0,-978219.0,-2719554.0,0.0,-0.015793,-0.015793,169247431,169247431,,,1620593077,16:44:37,20210509
8,2012-06-30,HHM.AX,AUD,2012-06-30,2012-06-30,FY,0.0,0.0,0.0,0.0,0.0,453240.0,0.0,-338140.0,1217167.0,0.0,0.0,2407.0,-1214760.0,0.0,-1217167.0,0.0,-338140.0,-1537131.0,0.0,0.0,-1537131.0,0.0,-0.009144,-0.009144,163233547,163233547,,,1620593077,16:44:37,20210509
9,2011-06-30,HHM.AX,AUD,2011-06-30,2011-06-30,FY,0.0,0.0,0.0,0.0,0.0,432398.0,0.0,46073.0,1075275.0,0.0,0.0,9126.0,-1066149.0,0.0,-1075275.0,0.0,-179521.0,-1203311.0,0.0,0.0,-1203311.0,0.0,-0.007482,-0.007482,160067489,160067489,,,1620593077,16:44:37,20210509
10,2010-06-30,HHM.AX,AUD,2010-06-30,2010-06-30,FY,0.0,0.0,0.0,0.0,0.0,194371.0,0.0,43802.0,2311020.0,0.0,0.0,10827.0,-2300193.0,0.0,-2311020.0,0.0,43802.0,-2200253.0,0.0,0.0,-2200253.0,0.0,-0.013744,-0.013744,160067489,160067489,,,1620593077,16:44:37,20210509
11,2009-06-30,HHM.AX,AUD,2009-06-30,2009-06-30,FY,0.0,0.0,0.0,0.0,0.0,237130.0,0.0,48903.0,1110345.0,0.0,0.0,10998.0,-1099347.0,0.0,-1110345.0,0.0,48903.0,-890250.0,0.0,0.0,-890250.0,0.0,-0.00553,-0.00553,160067489,160067489,,,1620593077,16:44:37,20210509
12,2008-06-30,HHM.AX,AUD,2008-06-30,2008-06-30,FY,0.0,0.0,0.0,0.0,0.0,167167.0,0.0,23605.0,887031.0,0.0,0.0,11524.0,-875507.0,0.0,-887031.0,0.0,23605.0,-785370.0,0.0,0.0,-785370.0,0.0,-0.005449,-0.005449,145532771,145532771,,,1620593077,16:44:37,20210509
13,2007-06-30,HHM.AX,AUD,2007-06-30,2007-06-30,FY,0.0,0.0,0.0,0.0,0.0,161694.0,0.0,19319.0,709530.0,0.0,0.0,4019.0,-705511.0,0.0,-709530.0,0.0,19319.0,-609469.0,0.0,0.0,-609469.0,0.0,-0.004318,-0.004318,141193847,141193847,,,1620593077,16:44:37,20210509
14,2006-06-30,HHM.AX,AUD,2006-06-30,2006-06-30,FY,4209.0,0.0,4209.0,1.0,0.0,203651.0,0.0,17799.0,1855122.0,0.0,0.0,3050.0,-1847863.0,-439.0266096459967,-1850913.0,-439.7512473271561,17799.0,-1747720.0,-415.23402233309577,0.0,-1747720.0,-415.23402233309577,-0.013354,-0.013354,131061672,131061672,,,1620593077,16:44:37,20210509
15,2005-06-30,HHM.AX,AUD,2005-06-30,2005-06-30,FY,100.0,0.0,100.0,1.0,0.0,257474.0,0.0,19569.0,930199.0,0.0,101.0,4228.0,-925871.0,-9258.71,-930099.0,-9300.99,19569.0,-841731.0,-8417.31,-841731.0,-841731.0,-8417.31,-0.006897,-0.006897,122303766,122303766,,,1620593077,16:44:37,20210509
16,2004-06-30,HHM.AX,AUD,2004-06-30,2004-06-30,FY,808.0,0.0,808.0,1.0,0.0,235565.0,0.0,8739.0,1725663.0,0.0,24.0,1010.0,-1723845.0,-2133.4715346534654,-1724855.0,-2134.7215346534654,8739.0,-1645055.0,-2035.9591584158416,-1645055.0,-1645055.0,-2035.9591584158416,-0.014407,-0.014407,114181347,114181347,,,1620593077,16:44:37,20210509
17,2003-06-30,HHM.AX,AUD,2003-06-30,2003-06-30,FY,100.0,0.0,100.0,1.0,0.0,20278.0,0.0,6698.0,151577.0,0.0,0.0,871.0,-150606.0,-1506.06,-151477.0,-1514.77,6698.0,-61056.0,-610.56,-61056.0,-61056.0,-610.56,-0.000613,-0.000613,106426083,106426083,,,1620593077,16:44:37,20210509
18,2002-06-30,HHM.AX,AUD,2002-06-30,2002-06-30,FY,5539.0,0.0,5539.0,1.0,0.0,20514.0,0.0,-131612.0,9011.0,0.0,0.0,1210.0,-2262.0,-0.4083769633507853,-3472.0,-0.626827947282903,-131612.0,-95808.0,-17.29698501534573,-95808.0,-95808.0,-17.29698501534573,-0.001149,-0.001149,84450487,84450487,,,1620593077,16:44:37,20210509
19,2001-06-30,HHM.AX,AUD,2001-06-30,2001-06-30,FY,0.0,0.0,0.0,0.0,0.0,0.0,0.0,11403.0,211655.0,0.0,0.0,5153.0,-206502.0,0.0,-211655.0,0.0,11403.0,-181091.0,0.0,-181091.0,-181091.0,0.0,-0.002419,-0.002419,73813765,73813765,,,1620593077,16:44:37,20210509
20,2000-06-30,HHM.AX,AUD,2000-06-30,2000-06-30,FY,0.0,0.0,0.0,0.0,0.0,0.0,0.0,0.0,0.0,0.0,0.0,0.0,0.0,0.0,0.0,0.0,0.0,-406817.0,0.0,-406817.0,-406817.0,0.0,-0.00595,-0.00595,68212480,68212480,,,1620593077,16:44:37,20210509
21,1999-06-30,HHM.AX,AUD,1999-06-30,1999-06-30,FY,0.0,0.0,0.0,0.0,0.0,0.0,0.0,0.0,0.0,0.0,0.0,0.0,0.0,0.0,0.0,0.0,0.0,-669971.0,0.0,-669971.0,-669971.0,0.0,-0.011069,-0.011069,61973465,61973465,,,1620593077,16:44:37,20210509
22,1998-06-30,HHM.AX,AUD,1998-06-30,1998-06-30,FY,0.0,0.0,0.0,0.0,0.0,0.0,0.0,0.0,0.0,0.0,0.0,0.0,0.0,0.0,0.0,0.0,0.0,-444248.0,0.0,-444248.0,-444248.0,0.0,-0.007177,-0.007177,61902180,61902180,,,1620593077,16:44:37,20210509
23,1997-06-30,HHM.AX,AUD,1997-06-30,1997-06-30,FY,0.0,0.0,0.0,0.0,0.0,0.0,0.0,0.0,0.0,0.0,0.0,0.0,0.0,0.0,0.0,0.0,0.0,-552422.0,0.0,-552422.0,-552422.0,0.0,-0.011761,-0.011761,46790108,46790108,,,1620593077,16:44:37,20210509
24,1996-06-30,HHM.AX,AUD,1996-06-30,1996-06-30,FY,0.0,0.0,0.0,0.0,0.0,0.0,0.0,0.0,0.0,0.0,0.0,0.0,0.0,0.0,0.0,0.0,0.0,-158489.0,0.0,-158489.0,-158489.0,0.0,-0.004151,-0.004151,38181799,38181799,,,1620593077,16:44:37,20210509
25,1995-06-30,HHM.AX,AUD,1995-06-30,1995-06-30,FY,0.0,0.0,0.0,0.0,0.0,0.0,0.0,0.0,0.0,0.0,0.0,0.0,0.0,0.0,0.0,0.0,0.0,-109000.0,0.0,-109000.0,-109000.0,0.0,-0.002767,-0.002767,39389007,39389007,,,1620593077,16:44:37,20210509
26,1994-06-30,HHM.AX,AUD,1994-06-30,1994-06-30,FY,0.0,0.0,0.0,0.0,0.0,0.0,0.0,0.0,0.0,0.0,0.0,0.0,0.0,0.0,0.0,0.0,0.0,-477000.0,0.0,-477000.0,-477000.0,0.0,-0.06849,-0.06849,35739200,35739200,,,1620593077,16:44:37,20210509
