,date,symbol,reportedCurrency,fillingDate,acceptedDate,period,revenue,costOfRevenue,grossProfit,grossProfitRatio,researchAndDevelopmentExpenses,generalAndAdministrativeExpenses,sellingAndMarketingExpenses,otherExpenses,operatingExpenses,costAndExpenses,interestExpense,depreciationAndAmortization,ebitda,ebitdaratio,operatingIncome,operatingIncomeRatio,totalOtherIncomeExpensesNet,incomeBeforeTax,incomeBeforeTaxRatio,incomeTaxExpense,netIncome,netIncomeRatio,eps,epsdiluted,weightedAverageShsOut,weightedAverageShsOutDil,link,finalLink,timestamp,est_time,est_date
0,2020-12-31,ZYNE,USD,2021-03-10,2021-03-10 07:16:09,FY,0.0,0.0,0.0,0.0,35654994.0,16407548.0,0.0,0.0,52062542.0,52062542.0,0.0,207035.0,-51855507.0,0.0,-52062542.0,0.0,481719.0,-51336831.0,0.0,0.0,-51336831.0,0.0,-1.9,-1.9,27022931.0,27022931.0,https://www.sec.gov/Archives/edgar/data/1621443/000155837021002669/0001558370-21-002669-index.htm,https://www.sec.gov/Archives/edgar/data/1621443/000155837021002669/zyne-20201231x10k.htm,1620600190,18:43:10,20210509
1,2019-12-31,ZYNE,USD,2020-03-10,2020-03-10 07:12:54,FY,0.0,0.0,0.0,0.0,20384049.0,13935761.0,0.0,0.0,34319810.0,34319810.0,0.0,133879.0,-34185931.0,0.0,-34319810.0,0.0,-145911.0,-32943583.0,0.0,0.0,-32943583.0,0.0,-1.5,-1.5,22000203.0,22000203.0,https://www.sec.gov/Archives/edgar/data/1621443/000155837020002280/0001558370-20-002280-index.htm,https://www.sec.gov/Archives/edgar/data/1621443/000155837020002280/zyne-20191231x10k.htm,1620600190,18:43:10,20210509
2,2018-12-31,ZYNE,USD,2019-03-11,2019-03-11 09:01:37,FY,86000.0,0.0,0.0,0.0,27245043.0,13238787.0,0.0,0.0,40483830.0,40483830.0,0.0,99572.0,-40298258.0,-468.58439534883723,-40397830.0,-469.7422093023256,-474668.0,-39911175.0,-464.08343023255816,0.0,-39911175.0,-464.08343023255816,-2.61,-2.61,15308886.0,15308886.0,https://www.sec.gov/Archives/edgar/data/1621443/000155837019001742/0001558370-19-001742-index.htm,https://www.sec.gov/Archives/edgar/data/1621443/000155837019001742/zyne-20181231x10k.htm,1620600190,18:43:10,20210509
3,2017-12-31,ZYNE,USD,2018-03-12,2018-03-12 16:16:12,FY,0.0,0.0,0.0,0.0,22806107.0,10016902.0,0.0,0.0,32823009.0,32823009.0,0.0,94211.0,-32728798.0,0.0,-32823009.0,0.0,291151.0,-32012304.0,0.0,0.0,-32012304.0,0.0,-2.48,-2.48,12914814.0,12914814.0,https://www.sec.gov/Archives/edgar/data/1621443/000155837018001906/0001558370-18-001906-index.htm,https://www.sec.gov/Archives/edgar/data/1621443/000155837018001906/zyne-20171231x10k.htm,1620600190,18:43:10,20210509
4,2016-12-31,ZYNE,USD,2017-03-27,2017-03-27 17:10:08,FY,7250.0,0.0,0.0,0.0,16784626.0,6430252.0,0.0,0.0,23214878.0,23214878.0,0.0,75301.0,-23132327.0,-3190.6657931034483,-23207628.0,-3201.0521379310344,-288644.0,-23416050.0,-3229.8,-27543.0,-23388507.0,-3226.000965517241,-2.58,-2.58,9070232.0,9070232.0,https://www.sec.gov/Archives/edgar/data/1621443/000155837017002155/0001558370-17-002155-index.htm,https://www.sec.gov/Archives/edgar/data/1621443/000155837017002155/zyne-20161231x10k.htm,1620600190,18:43:10,20210509
5,2015-12-31,ZYNE,USD,2016-03-14,2016-03-14 08:18:58,FY,278900.0,0.0,278900.0,1.0,7445669.0,5364390.0,0.0,0.0,12810059.0,12810059.0,0.0,26027.0,-12505132.0,-44.83733237719613,-12531159.0,-44.93065256364288,0.0,-12523807.0,-44.90429186088204,27543.0,-12551350.0,-45.003047687343134,-2.82,-2.82,4457719.0,4457719.0,https://www.sec.gov/Archives/edgar/data/1621443/000155837016004082/0001558370-16-004082-index.htm,https://www.sec.gov/Archives/edgar/data/1621443/000155837016004082/zync-20151231x10k.htm,1620600190,18:43:10,20210509
6,2014-12-31,ZYNE,USD,2014-12-31,2014-12-31,FY,810012.0,0.0,810012.0,1.0,2401406.0,4076339.0,0.0,0.0,0.0,6477745.0,0.0,27063.0,-5640670.0,-6.963686957724083,-5667733.0,-6.997097573863103,0.0,-5669577.0,-6.999374083346914,0.0,-5669577.0,-6.999374083346914,-2.56,-2.56,2215507.0,2215507.0,,,1620600190,18:43:10,20210509
7,2013-12-31,ZYNE,USD,2013-12-31,2013-12-31,FY,943904.0,0.0,943904.0,1.0,1134041.0,444302.0,0.0,0.0,0.0,1578343.0,0.0,49392.0,-585047.0,-0.6198162101230633,-634439.0,-0.6721435654473337,0.0,-636790.0,-0.6746342848425264,0.0,-636790.0,-0.6746342848425264,-0.13928,-0.13928,5733963.0,5733963.0,,,1620600190,18:43:10,20210509
