,date,symbol,reportedCurrency,fillingDate,acceptedDate,period,revenue,costOfRevenue,grossProfit,grossProfitRatio,researchAndDevelopmentExpenses,generalAndAdministrativeExpenses,sellingAndMarketingExpenses,otherExpenses,operatingExpenses,costAndExpenses,interestExpense,depreciationAndAmortization,ebitda,ebitdaratio,operatingIncome,operatingIncomeRatio,totalOtherIncomeExpensesNet,incomeBeforeTax,incomeBeforeTaxRatio,incomeTaxExpense,netIncome,netIncomeRatio,eps,epsdiluted,weightedAverageShsOut,weightedAverageShsOutDil,link,finalLink,timestamp,est_time,est_date
0,2019-12-31,AMEZ.ME,RUB,2019-12-31,2019-12-31,FY,27051721000,22777367000,4274354000,0.15800673088414596,0.0,258721000,1348507000.0,-11948000.0,2735362000,25512729000,287952000.0,13791000.0,1552783000,0.057400525460099196,1538992000,0.05689072425373602,0.0,1897380000.0,0.07013897563116224,368121000,1529259000,0.05653093198765432,3.07,3.07,498455000,498455000,http://www.cbr.ru/eng/search/?text=AMEZ&category=Any&time=Any&dateFrom=&dateTo=,http://www.cbr.ru/eng/search/?text=AMEZ&category=Any&time=Any&dateFrom=&dateTo=,1620587528,15:12:08,20210509
1,2018-12-31,AMEZ.ME,RUB,2018-12-31,2018-12-31,FY,26153012000,22038086000,4114926000,0.15734042411635035,0.0,263468000,1351902000.0,-15186000.0,2219161000,24257247000,363925000.0,11210000.0,1906975000,0.07291607559389335,1895765000,0.07248744427601685,0.0,747570000.0,0.028584470499994418,165343000,582227000,0.022262330625627366,1.17,1.17,498455000,498455000,http://www.cbr.ru/eng/search/?text=AMEZ&category=Any&time=Any&dateFrom=&dateTo=,http://www.cbr.ru/eng/search/?text=AMEZ&category=Any&time=Any&dateFrom=&dateTo=,1620587528,15:12:08,20210509
2,2017-12-31,AMEZ.ME,RUB,2017-12-31,2017-12-31,FY,22537287000,18815620000,3721667000,0.16513376255092282,0.0,230480000,1128032000.0,-19042000.0,1945100000,20760720000,407050000.0,10534000.0,1787101000,0.07929530293508709,1776567000,0.0788278997378877,0.0,1044220000.0,0.04633299473889648,253392000,790828000,0.03508976036024212,1.59,1.59,498455000,498455000,http://www.cbr.ru/eng/search/?text=AMEZ&category=Any&time=Any&dateFrom=&dateTo=,http://www.cbr.ru/eng/search/?text=AMEZ&category=Any&time=Any&dateFrom=&dateTo=,1620587528,15:12:08,20210509
3,2016-12-31,AMEZ.ME,RUB,2016-12-31,2016-12-31,FY,19241312000,15776584000,3464728000,0.18006713887285858,0.0,654154000,1119469000.0,0.0,1783654000,17560238000,535616000.0,729488000.0,2410562000,0.12528054220003293,1681074000,0.08736795079254471,0.0,2335259000.0,0.1213669317352164,402631000,1932628000,0.1004415915089366,3.88,3.88,498455000,498455000,http://www.cbr.ru/eng/search/?text=AMEZ&category=Any&time=Any&dateFrom=&dateTo=,http://www.cbr.ru/eng/search/?text=AMEZ&category=Any&time=Any&dateFrom=&dateTo=,1620587528,15:12:08,20210509
4,2015-12-31,AMEZ.ME,RUB,2015-12-31,2015-12-31,FY,17375705000,14853318000,2522387000,0.14516746226987626,0.0,605917000,929394000.0,0.0,1561849000,16415167000,561137000.0,696421000.0,1656959000,0.09536067745164872,960538000,0.055280519553019575,0.0,-751942000.0,-0.04327548148406064,74031000,-825973000,-0.047536085586167585,-1.66,-1.66,498455000,498455000,http://www.cbr.ru/eng/search/?text=AMEZ&category=Any&time=Any&dateFrom=&dateTo=,http://www.cbr.ru/eng/search/?text=AMEZ&category=Any&time=Any&dateFrom=&dateTo=,1620587528,15:12:08,20210509
5,2014-12-31,AMEZ.ME,RUB,2014-12-31,2014-12-31,FY,15741135000,13499347000,2241788000,0.14241590584160546,0.0,546148000,781502000.0,0.0,1343373000,14842720000,0.0,348681000.0,1247096000,0.07922529093359532,898415000,0.05707434692606347,0.0,-1302458000.0,-0.08274231813652573,-241607000,-1060851000,-0.06739355198973898,-2.13,-2.13,498455000,498455000,http://www.cbr.ru/eng/search/?text=AMEZ&category=Any&time=Any&dateFrom=&dateTo=,http://www.cbr.ru/eng/search/?text=AMEZ&category=Any&time=Any&dateFrom=&dateTo=,1620587528,15:12:08,20210509
6,2013-12-31,AMEZ.ME,RUB,2013-12-31,2013-12-31,FY,13086641000,12223666000,862975000,0.06594320116216223,0.0,1335973000,0.0,0.0,9893852000,22117518000,0.0,1044976000.0,-7985901000,-0.6102330613333092,-9030877000,-0.690083650953671,0.0,-9095702000.0,-0.6950371756969569,-1791149000,-7304553000,-0.5581686698672333,-14.83,-14.83,492718000,492718000,http://www.cbr.ru/eng/search/?text=AMEZ&category=Any&time=Any&dateFrom=&dateTo=,http://www.cbr.ru/eng/search/?text=AMEZ&category=Any&time=Any&dateFrom=&dateTo=,1620587528,15:12:08,20210509
7,2012-12-31,AMEZ.ME,RUB,2012-12-31,2012-12-31,FY,14716448000,12980221000,1736227000,0.11797867257098996,0.0,530221000,959836000.0,-120048000.0,1490057000,14470278000,145123000.0,0.0,168655000,0.01146030618257884,246170000,0.016727541863362682,0.0,23532000.0,0.0015990271565529944,95709000,-72177000,-0.004904512284486039,-0.144801,-0.144801,498454822,498454822,http://www.cbr.ru/eng/search/?text=AMEZ&category=Any&time=Any&dateFrom=&dateTo=,http://www.cbr.ru/eng/search/?text=AMEZ&category=Any&time=Any&dateFrom=&dateTo=,1620587528,15:12:08,20210509
8,2011-12-31,AMEZ.ME,RUB,2011-12-31,2011-12-31,FY,17292532000,15560465000,1732067000,0.10016271764019288,0.0,471576000,1113526000.0,-102514000.0,1585102000,17145567000,88385000.0,0.0,89967000,0.005202650485192105,146965000,0.008498755416500024,0.0,1582000.0,9.148457842957874e-05,-111956000,113538000,0.006565724441047731,0.22778,0.22778,498454822,498454822,http://www.cbr.ru/eng/search/?text=AMEZ&category=Any&time=Any&dateFrom=&dateTo=,http://www.cbr.ru/eng/search/?text=AMEZ&category=Any&time=Any&dateFrom=&dateTo=,1620587528,15:12:08,20210509
9,2010-12-31,AMEZ.ME,RUB,2010-12-31,2010-12-31,FY,13783102000,11637388000,2145714000,0.15567714727787693,0.0,414392000,957993000.0,242874000.0,1372385000,13009773000,96822000.0,0.0,1143528000,0.08296593901721107,773329000,0.05610703599233322,0.0,1046706000.0,0.07594125038035705,38559000,1008147000,0.07314369435849782,2.022543659909119,2.022543659909119,498455000,498455000,http://www.cbr.ru/eng/search/?text=AMEZ&category=Any&time=Any&dateFrom=&dateTo=,http://www.cbr.ru/eng/search/?text=AMEZ&category=Any&time=Any&dateFrom=&dateTo=,1620587528,15:12:08,20210509
