,date,symbol,reportedCurrency,fillingDate,acceptedDate,period,revenue,costOfRevenue,grossProfit,grossProfitRatio,researchAndDevelopmentExpenses,generalAndAdministrativeExpenses,sellingAndMarketingExpenses,otherExpenses,operatingExpenses,costAndExpenses,interestExpense,depreciationAndAmortization,ebitda,ebitdaratio,operatingIncome,operatingIncomeRatio,totalOtherIncomeExpensesNet,incomeBeforeTax,incomeBeforeTaxRatio,incomeTaxExpense,netIncome,netIncomeRatio,eps,epsdiluted,weightedAverageShsOut,weightedAverageShsOutDil,link,finalLink,timestamp,est_time,est_date
0,2020-03-31,WRLD,USD,2020-05-29,2020-05-29 16:08:41,FY,564132885.0,0.0,0.0,0.0,0.0,203774574.0,24304023.0,0.0,555000000.0,0.0,25896130.0,5010626.0,0.0,0.0,0.0,0.061881595503867855,0.0,34909443.0,0.061881595503867855,6751965.0,28157478.0,0.04991284633229633,3.929899,3.86,7807834.0,7953000.0,https://www.sec.gov/Archives/edgar/data/108385/000010838520000014/0000108385-20-000014-index.htm,https://www.sec.gov/Archives/edgar/data/108385/000010838520000014/wrld-20200331.htm,1620599925,18:38:46,20210509
1,2019-03-31,WRLD,USD,2019-05-24,2019-05-24 16:32:31,FY,526608865.0,0.0,0.0,0.0,0.0,180823031.0,22494946.0,0.0,455000000.0,0.0,17934060.0,1527656.0,0.0,0.0,0.0,0.1706742479544092,0.0,89878572.0,0.1706742479544092,15981057.0,37235134.0,0.07070738165412388,4.010613,4.010613,9284118.0,9284118.0,https://www.sec.gov/Archives/edgar/data/108385/000010838519000011/0000108385-19-000011-index.htm,https://www.sec.gov/Archives/edgar/data/108385/000010838519000011/wrld10-kq4fy19.htm,1620599925,18:38:46,20210509
2,2018-03-31,WRLD,USD,2018-06-13,2018-06-13 15:18:12,FY,529616499.0,0.0,0.0,0.0,0.0,182947342.0,22293705.0,0.0,406000000.0,0.0,19089635.0,990399.0,0.0,0.0,0.0,0.19109016654709618,0.0,101204505.0,0.19109016654709618,47514487.0,53690018.0,0.10137527456447311,5.887202,5.887202,9119443.0,9119443.0,https://www.sec.gov/Archives/edgar/data/108385/000010838518000049/0000108385-18-000049-index.htm,https://www.sec.gov/Archives/edgar/data/108385/000010838518000049/wrld10-kq4fy18.htm,1620599925,18:38:46,20210509
3,2017-03-31,WRLD,USD,2017-06-29,2017-06-29 17:19:36,FY,510230516.0,0.0,0.0,0.0,0.0,171958682.0,17866422.0,0.0,385000000.0,0.0,21504208.0,489836.0,0.0,0.0,0.0,0.22342280092082928,0.0,113997131.0,0.22342280092082928,40396837.0,73600294.0,0.1442491024978208,8.379873,8.379873,8782949.0,8782949.0,https://www.sec.gov/Archives/edgar/data/108385/000010838517000026/0000108385-17-000026-index.htm,https://www.sec.gov/Archives/edgar/data/108385/000010838517000026/wrld10-kq4fy17.htm,1620599925,18:38:46,20210509
4,2016-03-31,WRLD,USD,2016-06-01,2016-06-01 17:20:40,FY,530626457.0,0.0,0.0,0.0,0.0,169573039.0,16863076.0,0.0,420000000.0,0.0,26849250.0,528747.0,0.0,0.0,0.0,0.25985976044160947,0.0,137888464.0,0.25985976044160947,50492907.0,87395557.0,0.16470259981778482,9.780249,9.780249,8812250.0,8812250.0,https://www.sec.gov/Archives/edgar/data/108385/000010838516000127/0000108385-16-000127-index.htm,https://www.sec.gov/Archives/edgar/data/108385/000010838516000127/wrld-331201610xk.htm,1620599925,18:38:46,20210509
5,2015-03-31,WRLD,USD,2015-06-02,2015-06-02 09:06:44,FY,586911720.0,0.0,0.0,0.0,0.0,192419147.0,17299665.0,0.0,434000000.0,0.0,23301156.0,723071.0,0.0,0.0,0.0,0.2999264335699413,0.0,176030339.0,0.2999264335699413,65196881.0,110833458.0,0.1888417869726643,12.356147,11.9,8969948.0,9317000.0,https://www.sec.gov/Archives/edgar/data/108385/000010838515000036/0000108385-15-000036-index.htm,https://www.sec.gov/Archives/edgar/data/108385/000010838515000036/wrld-331201510xk.htm,1620599925,18:38:46,20210509
6,2014-03-31,WRLD,USD,2014-06-12,2014-06-12 16:58:09,FY,596453881.0,0.0,0.0,0.0,0.0,202794384.0,16062076.0,0.0,429000000.0,0.0,21195370.0,1057620.0,0.0,0.0,0.0,0.285427273462573,0.0,170244205.0,0.285427273462573,63636273.0,106607932.0,0.17873625337346075,10.388229,9.08,10262384.0,11741000.0,https://www.sec.gov/Archives/edgar/data/108385/000010838514000020/0000108385-14-000020-index.htm,https://www.sec.gov/Archives/edgar/data/108385/000010838514000020/wrld-331201410xk.htm,1620599925,18:38:46,20210509
7,2013-03-31,WRLD,USD,2013-06-14 00:00:00,2013-06-14 16:41:51,FY,546242123.0,0.0,0.0,0.0,0.0,178009856.0,14849980.0,0.0,397000000.0,0.0,17393963.0,1365473.0,0.0,0.0,0.0,0.3044269637916591,0.0,166290831.0,0.3044269637916591,62201083.0,104089748.0,0.1905560622610571,8.552244,7.88,12171075.0,13214000.0,https://www.sec.gov/Archives/edgar/data/108385/000010838513000022/0000108385-13-000022-index.html,https://www.sec.gov/Archives/edgar/data/108385/000010838513000022/wrld-33113x10xkxnontimely.htm,1620599925,18:38:46,20210509
8,2012-03-31,WRLD,USD,2012-05-29,2012-05-29 12:16:07,FY,526263034.0,0.0,0.0,0.0,0.0,210893335.0,14228002.0,0.0,380000000.0,0.0,13898648.0,1698241.0,0.0,0.0,0.0,0.30378979839195774,0.0,159873341.0,0.30378979839195774,59178898.0,100694443.0,0.1913386206031716,7.245077,6.59,13898265.0,15289000.0,https://www.sec.gov/Archives/edgar/data/108385/000114036112027556/0001140361-12-027556-index.htm,https://www.sec.gov/Archives/edgar/data/108385/000114036112027556/form10k.htm,1620599925,18:38:46,20210509
9,2011-03-31,WRLD,USD,2011-06-03,2011-06-03 16:37:54,FY,476672409.0,0.0,0.0,0.0,0.0,191393970.0,13056444.0,0.0,348000000.0,0.0,14772694.0,1949444.0,0.0,0.0,0.0,0.3005189922792448,0.0,143249112.0,0.3005189922792448,51999932.0,91249180.0,0.19142954003028945,5.807834,5.63,15711365.0,16210000.0,https://www.sec.gov/Archives/edgar/data/108385/000114036111031335/0001140361-11-031335-index.htm,https://www.sec.gov/Archives/edgar/data/108385/000114036111031335/form10k.htm,1620599925,18:38:46,20210509
10,2010-03-31,WRLD,USD,2010-06-08,2010-06-08 15:53:00,FY,426754916.0,0.0,0.0,0.0,0.0,173458058.0,12842759.0,0.0,321000000.0,0.0,13881224.0,2242517.0,0.0,0.0,0.0,0.279888925755222,0.0,119443975.0,0.279888925755222,45782667.0,73661308.0,0.17260798935940083,4.458479,4.45,16253140.0,16546000.0,https://www.sec.gov/Archives/edgar/data/108385/000114420410032368/0001144204-10-032368-index.htm,https://www.sec.gov/Archives/edgar/data/108385/000114420410032368/v187490_10k.htm,1620599925,18:38:46,20210509
11,2009-03-31,WRLD,USD,2009-05-29,2009-05-29 16:06:55,FY,383316810.0,0.0,0.0,0.0,0.0,132981266.0,13067079.0,0.0,301000000.0,0.0,10388510.0,2454872.0,0.0,0.0,0.0,0.25468220138845465,0.0,97623969.0,0.25468220138845465,36920499.0,60703470.0,0.15836370442506814,3.74,3.69,16239883.0,16464403.0,https://www.sec.gov/Archives/edgar/data/108385/000114420409030075/0001144204-09-030075-index.htm,https://www.sec.gov/Archives/edgar/data/108385/000114420409030075/v150957_10k.htm,1620599925,18:38:46,20210509
12,2008-03-31,WRLD,USD,2008-05-30,2008-05-30 06:08:55,FY,334477744.0,0.0,0.0,0.0,0.0,119483185.0,12647576.0,0.0,263000000.0,0.0,11569110.0,3268727.0,0.0,0.0,0.0,0.26225121274436725,0.0,87717194.0,0.26225121274436725,34721036.0,52996158.0,0.15844449728170854,3.11,3.05,17044122.0,17374746.0,https://www.sec.gov/Archives/edgar/data/108385/000114420408032794/0001144204-08-032794-index.htm,https://www.sec.gov/Archives/edgar/data/108385/000114420408032794/v115904_10k.htm,1620599925,18:38:46,20210509
13,2007-03-31,WRLD,USD,2007-05-25,2007-05-25 16:41:48,FY,282722304.0,0.0,0.0,0.0,0.0,102824945.0,10277796.0,0.0,215000000.0,0.0,9596116.0,6322494.0,0.0,0.0,0.0,0.27295469408738265,0.0,77170380.0,0.27295469408738265,29274000.0,47896380.0,0.16941139528913857,2.66,2.6,18018370.0,18393728.0,https://www.sec.gov/Archives/edgar/data/108385/000114420407028855/0001144204-07-028855-index.htm,https://www.sec.gov/Archives/edgar/data/108385/000114420407028855/v076742_10k.htm,1620599925,18:38:46,20210509
14,2006-03-31,WRLD,USD,2006-06-14,2006-06-14 17:28:43,FY,236135162.0,0.0,0.0,0.0,0.0,84817025.0,8592492.0,0.0,182000000.0,0.0,7136853.0,5257412.0,0.0,0.0,0.0,0.2608462224698243,0.0,61594965.0,0.2608462224698243,23080000.0,38514965.0,0.16310559034829383,2.08,2.02,18493389.0,19098087.0,https://www.sec.gov/Archives/edgar/data/108385/000114420406024826/0001144204-06-024826-index.htm,https://www.sec.gov/Archives/edgar/data/108385/000114420406024826/v045472_10k.htm,1620599925,18:38:46,20210509
15,2005-03-31,WRLD,USD,2005-06-13,2005-06-13 15:42:53,FY,206117723.0,0.0,0.0,0.0,0.0,73361104.0,7792313.0,0.0,157000000.0,0.0,4640285.0,4715298.0,0.0,0.0,0.0,0.2612958517885432,0.0,53857706.0,0.2612958517885432,19868000.0,33989706.0,0.16490433479123967,1.81,1.74,18761066.0,19557515.0,https://www.sec.gov/Archives/edgar/data/108385/000119312505124342/0001193125-05-124342-index.htm,https://www.sec.gov/Archives/edgar/data/108385/000119312505124342/d10k.htm,1620599925,18:38:46,20210509
16,2004-03-31,WRLD,USD,2004-06-14,2004-06-14 16:38:16,FY,175209935.0,0.0,0.0,0.0,0.0,62696557.0,7093498.0,0.0,0.0,0.0,3942572.0,4178716.0,0.0,0.0,0.0,0.2592040342917769,0.0,45415122.0,0.2592040342917769,16650000.0,28765122.0,0.16417517648185875,1.58,1.49,18251639.0,19347080.0,https://www.sec.gov/Archives/edgar/data/108385/000119312504102664/0001193125-04-102664-index.htm,https://www.sec.gov/Archives/edgar/data/108385/000119312504102664/d10k.htm,1620599925,18:38:46,20210509
17,2003-03-31,WRLD,USD,2003-06-30,2003-06-30 16:49:59,FY,151177604.0,0.0,0.0,0.0,0.0,55537903.0,5755145.0,0.0,0.0,0.0,4493219.0,4022094.0,0.0,0.0,0.0,0.23714175943680124,0.0,35850523.0,0.23714175943680124,12987000.0,22863523.0,0.1512361778137455,1.28,1.25,17860101.0,18304976.0,https://www.sec.gov/Archives/edgar/data/108385/000119312503015114/0001193125-03-015114-index.htm,https://www.sec.gov/Archives/edgar/data/108385/000119312503015114/d10k.htm,1620599925,18:38:46,20210509
18,2002-03-31,WRLD,USD,2002-06-28 00:00:00,2002-06-28 15:39:54,FY,131140311.0,0.0,0.0,0.0,0.0,48454298.0,4929249.0,0.0,0.0,0.0,5414790.0,3823284.0,0.0,0.0,0.0,0.22902299659789582,0.0,30034147.0,0.22902299659789582,10695000.0,19339147.0,0.14746912564512676,1.03,1.0,18786529.0,19339764.0,https://www.sec.gov/Archives/edgar/data/108385/000103221002001035/0001032210-02-001035-index.html,https://www.sec.gov/Archives/edgar/data/108385/000103221002001035/d10k.txt,1620599925,18:38:46,20210509
19,2001-03-31,WRLD,USD,2001-06-29 00:00:00,2001-06-29 00:00:00,FY,112283887.0,0.0,0.0,0.0,0.0,43878217.0,3967213.0,0.0,0.0,0.0,8259794.0,3429782.0,0.0,0.0,0.0,0.216156571067049,0.0,24270900.0,0.216156571067049,8670000.0,15600900.0,0.13894157404793084,0.84,0.83,18670597.0,18839620.0,https://www.sec.gov/Archives/edgar/data/108385/000095016801500696/0000950168-01-500696-index.html,https://www.sec.gov/Archives/edgar/data/108385/000095016801500696/form10k_77550.txt,1620599925,18:38:46,20210509
20,2000-03-31,WRLD,USD,2000-06-29 00:00:00,2000-06-29 00:00:00,FY,99260834.0,0.0,0.0,0.0,0.0,39498066.0,3932663.0,0.0,0.0,0.0,6015029.0,3049945.0,0.0,0.0,0.0,0.21890324838495714,0.0,21728519.0,0.21890324838495714,7560000.0,14168519.0,0.14274027760032723,0.75,0.74,19003380.0,19155042.0,https://www.sec.gov/Archives/edgar/data/108385/000095016800001593/0000950168-00-001593-index.html,https://www.sec.gov/Archives/edgar/data/108385/000095016800001593/0000950168-00-001593-0001.txt,1620599925,18:38:46,20210509
21,1999-03-31,WRLD,USD,1999-06-29 00:00:00,1999-06-29 00:00:00,FY,86300000.0,0.0,0.0,0.0,0.0,37100000.0,4100000.0,0.0,0.0,0.0,5500000.0,2900000.0,0.0,0.0,0.0,0.12630359212050984,0.0,10900000.0,0.12630359212050984,3600000.0,7300000.0,0.08458864426419467,0.39,0.38,19010789.0,19212813.0,https://www.sec.gov/Archives/edgar/data/108385/000095016899001882/0000950168-99-001882-index.html,https://www.sec.gov/Archives/edgar/data/108385/0000950168-99-001882.txt,1620599925,18:38:46,20210509
22,1998-03-31,WRLD,USD,1998-03-31,1998-03-31,FY,78100000.0,0.0,0.0,0.0,0.0,32900000.0,4200000.0,0.0,0.0,0.0,5500000.0,3000000.0,0.0,0.0,0.0,0.15364916773367476,0.0,12000000.0,0.15364916773367476,3900000.0,8100000.0,0.10371318822023047,0.43,0.42,18959348.0,19172456.0,,,1620599925,18:38:46,20210509
23,1997-03-31,WRLD,USD,1997-06-30 00:00:00,1997-06-30 00:00:00,FY,71000000.0,0.0,0.0,0.0,0.0,40300000.0,2900000.0,0.0,0.0,0.0,4300000.0,4400000.0,0.0,0.0,0.0,0.1704225352112676,0.0,12100000.0,0.1704225352112676,4000000.0,8100000.0,0.11408450704225352,0.40842000703390013,0.4082673225556809,19832525.0,19839942.0,https://www.sec.gov/Archives/edgar/data/108385/000095016897001714/0000950168-97-001714-index.html,https://www.sec.gov/Archives/edgar/data/108385/0000950168-97-001714.txt,1620599925,18:38:46,20210509
24,1996-03-31,WRLD,USD,1996-03-31,1996-03-31,FY,66300000.0,0.0,0.0,0.0,0.0,34000000.0,2600000.0,0.0,0.0,0.0,3600000.0,3800000.0,0.0,0.0,0.0,0.24434389140271492,0.0,16200000.0,0.24434389140271492,5600000.0,10600000.0,0.15987933634992457,0.51,0.49,20784314.0,21632653.0,,,1620599925,18:38:46,20210509
25,1995-03-31,WRLD,USD,1995-03-31,1995-03-31,FY,54600000.0,0.0,0.0,0.0,0.0,27700000.0,1900000.0,0.0,0.0,0.0,3600000.0,4000000.0,0.0,0.0,0.0,0.24725274725274726,0.0,13500000.0,0.24725274725274726,4900000.0,8600000.0,0.1575091575091575,0.41,0.41,20975610.0,20975610.0,,,1620599925,18:38:46,20210509
26,1994-03-31,WRLD,USD,1994-03-31,1994-03-31,FY,47000000.0,0.0,0.0,0.0,0.0,24000000.0,1500000.0,0.0,0.0,0.0,3700000.0,4700000.0,0.0,0.0,0.0,0.19574468085106383,0.0,9200000.0,0.19574468085106383,3400000.0,5800000.0,0.12340425531914893,0.28,0.28,20714286.0,20714286.0,,,1620599925,18:38:46,20210509
27,1993-03-31,WRLD,USD,1993-03-31,1993-03-31,FY,39600000.0,0.0,0.0,0.0,0.0,20500000.0,1400000.0,0.0,0.0,0.0,4300000.0,4400000.0,0.0,0.0,0.0,0.18434343434343434,0.0,7300000.0,0.18434343434343434,2900000.0,4400000.0,0.1111111111111111,0.21,0.21,20952381.0,20952381.0,,,1620599925,18:38:46,20210509
28,1992-03-31,WRLD,USD,1992-03-31,1992-03-31,FY,34000000.0,0.0,0.0,0.0,0.0,15200000.0,1100000.0,0.0,0.0,0.0,5900000.0,300000.0,0.0,0.0,0.0,0.11470588235294117,0.0,3900000.0,0.11470588235294117,1600000.0,2000000.0,0.058823529411764705,0.07,0.07,15714286.0,15714286.0,,,1620599925,18:38:46,20210509
29,1991-03-31,WRLD,USD,1991-03-31,1991-03-31,FY,0.0,0.0,0.0,0.0,0.0,0.0,0.0,0.0,0.0,0.0,0.0,0.0,0.0,0.0,0.0,0.0,0.0,0.0,0.0,0.0,1300000.0,0.0,0.03,0.03,20378001.0,20378001.0,,,1620599925,18:38:46,20210509
30,1990-03-31,WRLD,USD,1990-03-31,1990-03-31,FY,0.0,0.0,0.0,0.0,0.0,0.0,0.0,0.0,0.0,0.0,0.0,0.0,0.0,0.0,0.0,0.0,0.0,0.0,0.0,0.0,-600000.0,0.0,-0.4,-0.4,20378001.0,20378001.0,,,1620599925,18:38:46,20210509
