,date,symbol,reportedCurrency,fillingDate,acceptedDate,period,revenue,costOfRevenue,grossProfit,grossProfitRatio,researchAndDevelopmentExpenses,generalAndAdministrativeExpenses,sellingAndMarketingExpenses,otherExpenses,operatingExpenses,costAndExpenses,interestExpense,depreciationAndAmortization,ebitda,ebitdaratio,operatingIncome,operatingIncomeRatio,totalOtherIncomeExpensesNet,incomeBeforeTax,incomeBeforeTaxRatio,incomeTaxExpense,netIncome,netIncomeRatio,eps,epsdiluted,weightedAverageShsOut,weightedAverageShsOutDil,link,finalLink,timestamp,est_time,est_date
0,2020-12-31,OEC,USD,2021-02-18,2021-02-18 16:31:38,FY,1136383000.0,844034000.0,292348000.0,0.2572618562579694,20201000.0,176140000.0,0.0,-9916000.0,210407000.0,1054441000.0,38671000.0,96526000.0,178467000.0,0.1570482838972424,81941000.0,0.07210685129925386,-17475000.0,25795000.0,0.02269921320540698,8132000.0,18156000.0,0.01597700775178791,0.3004467979480391,0.2956666178123015,60487000,60487000,https://www.sec.gov/Archives/edgar/data/1609804/000160980421000012/0001609804-21-000012-index.htm,https://www.sec.gov/Archives/edgar/data/1609804/000160980421000012/oec-20201231.htm,1620596045,17:34:05,20210509
1,2019-12-31,OEC,USD,2020-02-20,2020-02-20,FY,1476353000.0,1086644000.0,389708000.0,0.26396668005551516,19874000.0,0.0,0.0,0.0,0.0,1325573000.0,27572000.0,96713000.0,247492000.0,0.16763741462915713,150779000.0,0.1021293687891717,-3628000.0,119579000.0,0.08099621161063783,33216000.0,86920000.0,0.05887480839609497,1.45,1.42,59986000,61300000,https://www.sec.gov/Archives/edgar/data/1609804/000160980420000086/0001609804-20-000086-index.htm,https://www.sec.gov/ix?doc=/Archives/edgar/data/1609804/000160980420000086/oec-20191231.htm,1620596045,17:34:05,20210509
2,2018-12-31,OEC,USD,2018-12-31,2018-12-31,FY,1578203000.0,1148232000.0,429971000.0,0.272443405569499,20320000.0,0.0,0.0,0.0,0.0,1406531000.0,28642000.0,98156000.0,269828000.0,0.17097166841021086,171672000.0,0.10877688104762188,24633000.0,167663000.0,0.10623665016477601,46944000.0,121310000.0,0.07686590381592229,2.04,1.99,59567000,61049000,,,1620596045,17:34:05,20210509
3,2017-12-31,OEC,USD,2017-12-31,2017-12-31,FY,1412301749.166207,1010628164.215275,401673584.950932,0.28441059793919504,19284017.563644,85452407.802865,138107349.377354,0.0,0.0,1258069198.838688,30548024.090026,103066439.522998,257298989.850517,0.18218414726344484,154232550.327519,0.10920651370613584,-11661108.045205,105045948.604746,0.07437925263971591,24878230.198911,80167718.405835,0.05676387390525029,1.27,1.24,59320000,60674000,,,1620596045,17:34:05,20210509
4,2016-12-31,OEC,USD,2016-12-31,2016-12-31,FY,1083351562.828657,727550376.509192,355801186.319465,0.32842633779053176,15281225.022086,74800176.685878,120475579.487611,0.0,0.0,941843001.977199,36042867.359387,93302763.871945,234811324.723403,0.2167452679075895,141508560.851458,0.13062108894916416,-28980690.757646,71374784.401161,0.06588330773696373,24441546.422111,46933237.97905,0.04332225991026052,0.788776,0.778259,59353000,60154000,,,1620596045,17:34:05,20210509
5,2015-12-31,OEC,USD,2015-12-31,2015-12-31,FY,1215507401.657446,865312793.825028,350194607.832419,0.2881056975505862,14654625.762578,69543874.226489,118185992.609276,0.0,0.0,1077075634.66206,45129337.677388,79568364.200905,218000131.196291,0.17934907751201648,138431766.995386,0.11388804939124413,-16919948.396125,72936391.664662,0.060004893071985525,26062143.310082,46874248.35458,0.038563523587485396,0.787178,0.787178,59635000,59830000,,,1620596045,17:34:05,20210509
6,2014-12-31,OEC,USD,2014-12-31,2014-12-31,FY,1603189600.661511,1237100539.909529,366089060.751982,0.22835044626095732,15751009.290335,72002529.3059,121165912.738946,0.0,0.0,1451830098.740211,90637920.132302,93733887.835011,245093389.756311,0.1528786050353496,151359501.9213,0.09441147937763929,-62180796.731359,-46834719.587529,-0.029213462692250485,21187800.963082,-68022520.55061,-0.04242949213401985,-1.349774,-1.349774,50471000,50471000,,,1620596045,17:34:05,20210509
7,2013-12-31,OEC,USD,2013-12-31,2013-12-31,FY,1849843961.446049,1478661382.529205,371182578.916844,0.20065615622340674,13926095.722058,89767737.30288,127125852.688558,0.0,0.0,1711846502.250822,134907067.303709,105029136.402552,243026595.59778,0.13137680834863644,137997459.195228,0.07459951329481512,-22972189.234721,-15772321.798448,-0.008526298502560483,10399348.228341,-26171670.026789,-0.014148041982054658,-0.439117,-0.439117,59635126,59635126,,,1620596045,17:34:05,20210509
8,2012-12-31,OEC,USD,2012-12-31,2012-12-31,FY,1848243711.482001,1475882773.031449,372360938.450551,0.20146744508708542,12567778.453726,88367233.581083,127219827.016161,0.0,0.0,1708460073.531357,128656068.981935,78392890.205517,218176528.15616098,0.1180453242182102,139783637.950644,0.07563052268607989,-23510196.524453,-12960562.85873,-0.0070123668097524135,11794112.201444,-24754675.060174,-0.013393620606626947,-0.415102,-0.415102,59635126,59635126,,,1620596045,17:34:05,20210509
