,date,symbol,reportedCurrency,fillingDate,acceptedDate,period,revenue,costOfRevenue,grossProfit,grossProfitRatio,researchAndDevelopmentExpenses,generalAndAdministrativeExpenses,sellingAndMarketingExpenses,otherExpenses,operatingExpenses,costAndExpenses,interestExpense,depreciationAndAmortization,ebitda,ebitdaratio,operatingIncome,operatingIncomeRatio,totalOtherIncomeExpensesNet,incomeBeforeTax,incomeBeforeTaxRatio,incomeTaxExpense,netIncome,netIncomeRatio,eps,epsdiluted,weightedAverageShsOut,weightedAverageShsOutDil,link,finalLink,timestamp,est_time,est_date
0,2019-12-31,GILT,USD,2020-03-23,2020-03-23,FY,263492000.0,167615000.0,95877000.0,0.36387062984834456,30184000.0,18633000.0,21488000.0,0.0,70305000.0,237920000.0,395000.0,10978000.0,36550000.0,0.1387138888467202,25572000.0,0.09705038483141804,-103000.0,22955000.0,0.08711839448636012,-13583000.0,36538000.0,0.13866834666707148,0.66,0.65,55368703.0,56030976.0,https://www.sec.gov/Archives/edgar/data/897322/000117891320000895/zk2024178.htm,https://www.sec.gov/Archives/edgar/data/897322/000117891320000895/zk2024178.htm,1620592559,16:35:59,20210509
1,2018-12-31,GILT,USD,2019-03-18,2019-03-18,FY,266391000.0,172354000.0,94037000.0,0.35300366754132084,33023000.0,17024000.0,22706000.0,0.0,72753000.0,245107000.0,614000.0,13149000.0,34433000.0,0.129257369806037,21284000.0,0.07989759413794009,-1074000.0,16986000.0,0.06376341543070149,-1423000.0,18409000.0,0.06910518748756526,0.34,0.33,54927272.0,55752642.0,https://www.sec.gov/Archives/edgar/data/897322/000117891319000837/zk1922794.htm,https://www.sec.gov/Archives/edgar/data/897322/000117891319000837/zk1922794.htm,1620592559,16:35:59,20210509
2,2017-12-31,GILT,USD,2018-03-20,2018-03-20,FY,282756000.0,200261000.0,82495000.0,0.2917533138112012,28014000.0,19861000.0,23759000.0,0.0,71634000.0,271895000.0,844000.0,13140000.0,24001000.0,0.08488237208052173,10861000.0,0.038411209664870063,-226000.0,6554000.0,0.023178995317517576,-247000.0,6801000.0,0.02405253999915121,0.12437633069963726,0.1239882609861557,54680822.0,54851967.0,https://www.sec.gov/Archives/edgar/data/897322/000117891318000901/zk1821325.htm,https://www.sec.gov/Archives/edgar/data/897322/000117891318000901/zk1821325.htm,1620592559,16:35:59,20210509
3,2016-12-31,GILT,USD,2017-03-29,2017-03-29,FY,279551000.0,204061000.0,75490000.0,0.2700401715608243,24853000.0,26471000.0,23411000.0,0.0,74735000.0,278796000.0,1098000.0,13108000.0,13863000.0,0.049590235770932675,755000.0,0.0027007594320893145,-452000.0,-4088000.0,-0.014623449746200157,1252000.0,-5340000.0,-0.01910206008921449,-0.1,-0.1,51970458.0,51970458.0,https://www.sec.gov/Archives/edgar/data/897322/000117891317000958/zk1719725.htm,https://www.sec.gov/Archives/edgar/data/897322/000117891317000958/zk1719725.htm,1620592559,16:35:59,20210509
4,2015-12-31,GILT,USD,2016-03-22,2016-03-22,FY,197543000.0,153455000.0,44088000.0,0.22318178826888324,22412000.0,18644000.0,24823000.0,0.0,65879000.0,219334000.0,1539000.0,15072000.0,-6719000.0,-0.034012847835661095,-21791000.0,-0.11031016031952537,-25797000.0,-50944000.0,-0.25788815599641596,1190000.0,-52334000.0,-0.2649245986949677,-1.17327,-1.17327,44277790.0,44277790.0,https://www.sec.gov/Archives/edgar/data/897322/000117891316004773/zk1618214.htm,https://www.sec.gov/Archives/edgar/data/897322/000117891316004773/zk1618214.htm,1620592559,16:35:59,20210509
5,2014-12-31,GILT,USD,2015-04-01,2015-04-01,FY,235133000.0,151498000.0,83635000.0,0.3556923103094844,25158000.0,20903000.0,32537000.0,0.0,78598000.0,230096000.0,1793000.0,15951000.0,20988000.0,0.0892601208677642,5037000.0,0.021421918658801616,-2501000.0,1200000.0,0.0051034946179396344,1901000.0,-1496000.0,-0.006362356623698077,-0.039438,-0.039438,43049697.0,43049697.0,https://www.sec.gov/Archives/edgar/data/897322/000117891315001135/zk1516527.htm,https://www.sec.gov/Archives/edgar/data/897322/000117891315001135/zk1516527.htm,1620592559,16:35:59,20210509
6,2013-12-31,GILT,USD,2014-03-31,2014-03-31,FY,234866000.0,155210000.0,79656000.0,0.33915509269115157,27900000.0,23071000.0,32214000.0,0.0,83185000.0,238395000.0,2219000.0,17559000.0,14030000.0,0.05973618999770082,-3529000.0,-0.015025589059293385,-3833000.0,-10332000.0,-0.04399104170037383,-755000.0,-17897000.0,-0.0762008975330614,-0.428878,-0.428878,42070837.0,42070837.0,https://www.sec.gov/Archives/edgar/data/897322/000117891314001148/zk1414680.htm,https://www.sec.gov/Archives/edgar/data/897322/000117891314001148/zk1414680.htm,1620592559,16:35:59,20210509
7,2012-12-31,GILT,USD,2013-04-11,2013-04-11,FY,348363000.0,235363000.0,113000000.0,0.3243742877400872,29241000.0,34075000.0,42631000.0,2729000.0,105947000.0,341310000.0,2520000.0,22582000.0,29635000.0,0.08506930988652642,7053000.0,0.020246122579033937,-29465000.0,-25054000.0,-0.07191923367292163,-1862000.0,-23192000.0,-0.06657423434750533,-0.558538,-0.558538,41518395.0,41518395.0,https://www.sec.gov/Archives/edgar/data/897322/000117891313001060/zk1312910.htm,https://www.sec.gov/Archives/edgar/data/897322/000117891313001060/zk1312910.htm,1620592559,16:35:59,20210509
8,2011-12-31,GILT,USD,2012-04-02,2012-04-02,FY,339201000.0,217574000.0,121627000.0,0.3585691079920165,31701000.0,36005000.0,46523000.0,0.0,114229000.0,331803000.0,4583000.0,24121000.0,31519000.0,0.09292130624614904,7398000.0,0.02181007721085728,-11660000.0,-6193000.0,-0.0182576112688347,-343000.0,-5850000.0,-0.017246411419777653,-0.138032,-0.138032,41512606.0,41512606.0,https://www.sec.gov/Archives/edgar/data/897322/000117891312000953/zk1211171.htm,https://www.sec.gov/Archives/edgar/data/897322/000117891312000953/zk1211171.htm,1620592559,16:35:59,20210509
9,2010-12-31,GILT,USD,2011-04-12,2011-04-12,FY,232985000.0,153131000.0,79854000.0,0.3427430950490375,18945000.0,29844000.0,33396000.0,0.0,82185000.0,235316000.0,2268000.0,14794000.0,12463000.0,0.053492714123226814,-2331000.0,-0.010004935940081979,33518000.0,30630000.0,0.1314676910530721,11000.0,30619000.0,0.1314204777131575,0.749316,0.719737,41044018.0,42583664.0,https://www.sec.gov/Archives/edgar/data/897322/000117891311001094/zk1109735.htm,https://www.sec.gov/Archives/edgar/data/897322/000117891311001094/zk1109735.htm,1620592559,16:35:59,20210509
10,2009-12-31,GILT,USD,2010-04-01,2010-04-01,FY,228059000.0,157628000.0,70431000.0,0.30882797872480366,13970000.0,27987000.0,29138000.0,0.0,71095000.0,228723000.0,3576000.0,14509000.0,13845000.0,0.06070797469075985,-664000.0,-0.0029115272802213463,2396000.0,2782000.0,0.012198597731288834,904000.0,1878000.0,0.008234711193156156,0.049297,0.039438,40731627.0,42065377.0,https://www.sec.gov/Archives/edgar/data/897322/000117891310000951/zk1008132.htm,https://www.sec.gov/Archives/edgar/data/897322/000117891310000951/zk1008132.htm,1620592559,16:35:59,20210509
11,2008-12-31,GILT,USD,2008-12-31,2008-12-31,FY,267526000.0,181574000.0,85952000.0,0.3212846601825617,16942000.0,29819000.0,35783000.0,0.0,82544000.0,264118000.0,3569000.0,13132000.0,16540000.0,0.061825766467558295,3408000.0,0.012738948737692785,-4387000.0,321000.0,0.0011998833758214156,1445000.0,-1124000.0,-0.00420146079259586,-0.029578,-0.029578,40469948.0,40469948.0,,,1620592559,16:35:59,20210509
12,2007-12-31,GILT,USD,2007-12-31,2007-12-31,FY,282619000.0,180774000.0,101845000.0,0.3603614760507963,15030000.0,0.0,0.0,0.0,96674000.0,277448000.0,0.0,17715000.0,22886000.0,0.08097827817662648,5171000.0,0.018296717488916172,-12991000.0,11053000.0,0.03910918940340175,963000.0,10090000.0,0.035701775181428,0.256345,0.236626,39698825.0,42169292.0,,,1620592559,16:35:59,20210509
13,2006-12-31,GILT,USD,2006-12-31,2006-12-31,FY,248710000.0,158345000.0,90365000.0,0.36333480760725345,13642000.0,0.0,0.0,0.0,76917000.0,235262000.0,0.0,20728000.0,34176000.0,0.1374130513449399,13448000.0,0.054071006392987814,-812000.0,12844000.0,0.051642475171886935,2357000.0,10487000.0,0.042165574363716776,0.404236,0.374658,26166946.0,27912129.0,,,1620592559,16:35:59,20210509
14,2005-12-31,GILT,USD,2005-12-31,2005-12-31,FY,209395000.0,133219000.0,76176000.0,0.3637909214642183,13994000.0,0.0,0.0,0.0,74788000.0,208007000.0,0.0,19116000.0,20504000.0,0.09792019866758996,1388000.0,0.006628620549678836,699000.0,-990000.0,-0.004727906588027412,3126000.0,-3716000.0,-0.0177463645263736,-0.16761,-0.16761,22759971.0,22759971.0,,,1620592559,16:35:59,20210509
15,2004-12-31,GILT,USD,2005-03-18,2005-03-18,FY,241498000.0,164395000.0,77103000.0,0.31926972480103355,13879000.0,0.0,0.0,0.0,85686000.0,250081000.0,0.0,31674000.0,23091000.0,0.09561569868073441,-8583000.0,-0.035540667003453444,-948000.0,-7039000.0,-0.0291472393146113,4429000.0,-9451000.0,-0.039134899667906155,-0.414095,-0.414095,22559148.0,22559148.0,https://www.sec.gov/Archives/edgar/data/897322/000117891305000366/zk51380.htm,https://www.sec.gov/Archives/edgar/data/897322/000117891305000366/zk51380.htm,1620592559,16:35:59,20210509
16,2003-12-31,GILT,USD,2004-03-19,2004-03-19,FY,190177000.0,157547000.0,32630000.0,0.17157700457994396,16949000.0,0.0,0.0,0.0,362988000.0,520535000.0,0.0,26293000.0,-304065000.0,-1.5988526477965264,-330358000.0,-1.7371080624891548,213128000.0,151962000.0,0.7990556166097899,9690000.0,143631000.0,0.7552490574570005,11.929892,11.042544,12050411.0,13001786.0,https://www.sec.gov/Archives/edgar/data/897322/000117891304000313/d40573.htm,https://www.sec.gov/Archives/edgar/data/897322/000117891304000313/d40573.htm,1620592559,16:35:59,20210509
17,2002-12-31,GILT,USD,2002-12-31,2002-12-31,FY,208755000.0,189135000.0,19620000.0,0.09398577279586118,25066000.0,0.0,0.0,0.0,209722000.0,398857000.0,0.0,46230000.0,-143872000.0,-0.6891906780675912,-190102000.0,-0.9106464515819981,-144428000.0,-262805000.0,-1.2589159541088837,929000.0,-348204000.0,-1.6680031616009197,-291.247107,-291.247107,1195862.0,1195862.0,,,1620592559,16:35:59,20210509
18,2001-12-31,GILT,USD,2001-12-31,2001-12-31,FY,386029000.0,348829000.0,37200000.0,0.09636581707591917,38248000.0,121479000.0,0.0,0.0,300510000.0,649339000.0,0.0,61753000.0,-201557000.0,-0.5221291664615871,-263310000.0,-0.6820990132865665,-290166000.0,-428138000.0,-1.1090824782594053,974000.0,-429112000.0,-1.111605604760264,-362.234893,-362.234893,1184705.0,1184705.0,,,1620592559,16:35:59,20210509
19,2000-12-31,GILT,USD,2000-12-31,2000-12-31,FY,504562000.0,344441000.0,160121000.0,0.3173465302579267,31272000.0,86098000.0,0.0,0.0,117370000.0,461811000.0,0.0,42431000.0,85182000.0,0.16882365299011817,42751000.0,0.0847289332133613,-9074000.0,21438000.0,0.042488336418517444,2003000.0,19435000.0,0.038518556688771646,339.163862,319.445033,57092.0,61106.0,,,1620592559,16:35:59,20210509
20,1999-12-31,GILT,USD,1999-12-31,1999-12-31,FY,337873000.0,197942000.0,139931000.0,0.4141526549916685,24791000.0,68414000.0,0.0,0.0,115857000.0,313799000.0,0.0,22652000.0,46726000.0,0.13829456630153933,24074000.0,0.07125162413096045,-6511000.0,22086000.0,0.06536775652390099,2475000.0,19611000.0,0.058042518934629285,378.601521,362.826458,51846.0,54336.0,,,1620592559,16:35:59,20210509
21,1998-12-31,GILT,USD,1998-12-31,1998-12-31,FY,155300000.0,91000000.0,64300000.0,0.41403734707018675,12800000.0,29100000.0,0.0,0.0,47000000.0,138000000.0,0.0,5100000.0,22400000.0,0.1442369607211848,17300000.0,0.11139729555698648,-97400000.0,-81300000.0,-0.5235028976175145,300000.0,-81600000.0,-0.5254346426271732,-2910.499192,-2910.499192,819622.0,819622.0,,,1620592559,16:35:59,20210509
22,1997-12-31,GILT,USD,1997-12-31,1997-12-31,FY,103700000.0,55600000.0,48100000.0,0.46383799421407906,8100000.0,20300000.0,0.0,0.0,31500000.0,87100000.0,0.0,3100000.0,19700000.0,0.18997107039537126,16600000.0,0.1600771456123433,600000.0,17000000.0,0.16393442622950818,100000.0,16900000.0,0.16297010607521698,615.227471,595.508642,557335.0,557335.0,,,1620592559,16:35:59,20210509
23,1996-12-31,GILT,USD,1996-12-31,1996-12-31,FY,74100000.0,40800000.0,33300000.0,0.4493927125506073,0.0,20100000.0,0.0,0.0,22200000.0,63000000.0,0.0,2100000.0,13200000.0,0.17813765182186234,11100000.0,0.14979757085020243,-4700000.0,5600000.0,0.07557354925775979,100000.0,5500000.0,0.07422402159244265,201.132058,197.188292,548815.0,548815.0,,,1620592559,16:35:59,20210509
24,1995-12-31,GILT,USD,1995-12-31,1995-12-31,FY,41700000.0,22100000.0,19600000.0,0.47002398081534774,0.0,10800000.0,0.0,0.0,12000000.0,34100000.0,0.0,1200000.0,8800000.0,0.21103117505995203,7600000.0,0.18225419664268586,1100000.0,0.0,0.0,0.0,8500000.0,0.2038369304556355,362.826458,350.99516,508853.0,508853.0,,,1620592559,16:35:59,20210509
25,1994-12-31,GILT,USD,1994-12-31,1994-12-31,FY,27000000.0,13600000.0,13400000.0,0.4962962962962963,0.0,6700000.0,0.0,0.0,7400000.0,21000000.0,0.0,700000.0,6700000.0,0.24814814814814815,6000000.0,0.2222222222222222,600000.0,0.0,0.0,0.0,6100000.0,0.22592592592592592,283.951141,280.007375,423402.0,423402.0,,,1620592559,16:35:59,20210509
26,1993-12-31,GILT,USD,1993-12-31,1993-12-31,FY,16900000.0,9000000.0,7900000.0,0.46745562130177515,0.0,4000000.0,0.0,0.0,4300000.0,13300000.0,0.0,300000.0,3900000.0,0.23076923076923078,3600000.0,0.21301775147928995,600000.0,0.0,0.0,0.0,4100000.0,0.24260355029585798,189.30076,189.30076,423402.0,423402.0,,,1620592559,16:35:59,20210509
27,1992-12-31,GILT,USD,1992-12-31,1992-12-31,FY,5600000.0,2800000.0,2900000.0,0.5178571428571429,0.0,1500000.0,0.0,900000.0,2400000.0000000005,5200000.0,0.0,120000.0,520000.0,0.09285714285714286,400000.0,0.07142857142857142,100000.0,500000.0,0.08928571428571429,0.0,500000.0,0.08928571428571429,1.66667,1.66667,300000.0,300000.0,,,1620592559,16:35:59,20210509
28,1991-12-31,GILT,USD,1991-12-31,1991-12-31,FY,1700000.0,1000000.0,700000.0,0.4117647058823529,0.0,1300000.0,0.0,500000.0,1700000.0000000002,2700000.0,-100000.0,50000.0,-950000.0,-0.5588235294117647,-1000000.0,-0.5882352941176471,0.0,-1100000.0,-0.6470588235294118,0.0,-1100000.0,-0.6470588235294118,-3.66667,-3.66667,300000.0,300000.0,,,1620592559,16:35:59,20210509
29,1990-12-31,GILT,USD,1990-12-31,1990-12-31,FY,100000.0,0.0,0.0,0.0,0.0,500000.0,0.0,400000.0,1000000.0,1000000.0,0.0,30000.0,-870000.0,-8.7,-900000.0,-9.0,0.0,-900000.0,-9.0,0.0,-800000.0,-8.0,-4.0,-4.0,200000.0,200000.0,,,1620592559,16:35:59,20210509
30,1989-12-31,GILT,USD,1989-12-31,1989-12-31,FY,0.0,0.0,0.0,0.0,0.0,300000.0,0.0,300000.0,600000.0,600000.0,0.0,0.0,-100000.0,0.0,-600000.0,0.0,0.0,-600000.0,0.0,0.0,-100000.0,0.0,-1.0,-1.0,100000.0,100000.0,,,1620592559,16:35:59,20210509
31,1988-12-31,GILT,USD,1988-12-31,1988-12-31,FY,0.0,0.0,0.0,0.0,0.0,200000.0,0.0,200000.0,400000.0,400000.0,0.0,0.0,0.0,0.0,-400000.0,0.0,0.0,-400000.0,0.0,0.0,0.0,0.0,-2.73,-2.73,100000.0,100000.0,,,1620592559,16:35:59,20210509
