,date,symbol,reportedCurrency,fillingDate,acceptedDate,period,revenue,costOfRevenue,grossProfit,grossProfitRatio,researchAndDevelopmentExpenses,generalAndAdministrativeExpenses,sellingAndMarketingExpenses,otherExpenses,operatingExpenses,costAndExpenses,interestExpense,depreciationAndAmortization,ebitda,ebitdaratio,operatingIncome,operatingIncomeRatio,totalOtherIncomeExpensesNet,incomeBeforeTax,incomeBeforeTaxRatio,incomeTaxExpense,netIncome,netIncomeRatio,eps,epsdiluted,weightedAverageShsOut,weightedAverageShsOutDil,link,finalLink,timestamp,est_time,est_date
0,2020-12-31,MAT,USD,2021-02-25,2021-02-25 10:59:12,FY,4583660000,2340066000,2243594000,0.48947653185445694,0.0,1345906000,516803000.0,-2692000.0,1862709000,4202775000,198332000.0,199898000,580783000,0.12670726013709568,380885000,0.08309625932115383,-2692000.0,183806000,0.04010026921717579,68649000,126628000,0.027625958295336043,0.3658711355099682,0.3658711355099682,347463000,347463000,https://www.sec.gov/Archives/edgar/data/63276/000162828021003197/0001628280-21-003197-index.htm,https://www.sec.gov/Archives/edgar/data/63276/000162828021003197/mat-20201231.htm,1620594770,17:12:50,20210509
1,2019-12-31,MAT,USD,2020-02-25,2020-02-25 16:11:32,FY,4504571000,2523792000,1980779000,0.43972644675819295,0.0,1390022000,551517000.0,-2650000.0,1941539000,4465331000,201044000.0,244518000,283758000,0.06299334609222498,39240000,0.008711151405982945,-2650000.0,-158288000,-0.035139417271922234,55224000,-213512000,-0.04739896429648906,-0.62,-0.62,346100000,346100000,https://www.sec.gov/Archives/edgar/data/63276/000162828020002192/0001628280-20-002192-index.htm,https://www.sec.gov/Archives/edgar/data/63276/000162828020002192/mat1231201910-k.htm,1620594770,17:12:50,20210509
2,2018-12-31,MAT,USD,2019-02-22,2019-02-22 14:00:07,FY,4510852000,2716127000,1794725000,0.3978682962775103,0.0,1504796000,526436000.0,-7331000.0,2031232000,4747359000,181886000.0,271932000,35425000,0.007853283592545267,-236507000,-0.05243067163365147,-7331000.0,-419261000,-0.09294496915438591,111732000,-530993000,-0.11771456922106954,-1.54,-1.54,345000000,345000000,https://www.sec.gov/Archives/edgar/data/63276/000162828019001744/0001628280-19-001744-index.htm,https://www.sec.gov/Archives/edgar/data/63276/000162828019001744/mat1231201810-k.htm,1620594770,17:12:50,20210509
3,2017-12-31,MAT,USD,2018-02-27,2018-02-27 13:03:22,FY,4881951000,3061122000,1820829000,0.3729715845161084,0.0,1521366000,642286000.0,-64727000.0,2163652000,5224774000,105214000.0,274767000,-68056000,-0.013940328364623078,-342823000,-0.07022254012791197,-64727000.0,-504987000,-0.10343958798439394,548849000,-1053836000,-0.21586369875486255,-3.07,-3.07,343600000,343600000,https://www.sec.gov/Archives/edgar/data/63276/000162828018002322/0001628280-18-002322-index.htm,https://www.sec.gov/Archives/edgar/data/63276/000162828018002322/mat1231201710-k.htm,1620594770,17:12:50,20210509
4,2016-12-31,MAT,USD,2017-02-23,2017-02-23 15:28:59,FY,5456650000,2902259000,2554391000,0.46812439866951333,0.0,1400211000,634947000.0,-23517000.0,2035158000,4937417000,95118000.0,262340000,781573000,0.14323311922150037,519233000,0.09515600230910908,-23517000.0,409742000,0.07509039428953662,91720000,318022000,0.05828154637002556,0.93,0.92,341500000,344200000,https://www.sec.gov/Archives/edgar/data/63276/000162828017001638/0001628280-17-001638-index.htm,https://www.sec.gov/Archives/edgar/data/63276/000162828017001638/mat1231201610-k.htm,1620594770,17:12:50,20210509
5,2015-12-31,MAT,USD,2016-02-25,2016-02-25 14:30:54,FY,5702613000,2896255000,2806358000,0.49211791156089324,0.0,1547584000,717852000.0,1033000.0,2265436000,5161691000,85270000.0,265427000,806349000,0.14139991614370465,540922000,0.09485511291052014,1033000.0,463915000,0.08135130334111748,94499000,369416000,0.06478012798694213,1.0890801886792454,1.0874771857521341,339200000,339700000,https://www.sec.gov/Archives/edgar/data/63276/000162828016011701/0001628280-16-011701-index.htm,https://www.sec.gov/Archives/edgar/data/63276/000162828016011701/mat1231201510-k.htm,1620594770,17:12:50,20210509
6,2014-12-31,MAT,USD,2015-02-25,2015-02-25 14:35:57,FY,6023819000,3022797000,3001022000,0.49819259177608094,0.0,1614065000,733243000.0,5085000.0,2347308000,5370105000,79271000.0,248701000,902415000,0.14980778804940853,653714000,0.10852152098195514,5085000.0,586910000,0.09743154633298245,88036000,498874000,0.08281689738685707,1.46,1.45,339000000,340800000,https://www.sec.gov/Archives/edgar/data/63276/000119312515062193/0001193125-15-062193-index.htm,https://www.sec.gov/Archives/edgar/data/63276/000119312515062193/d813832d10k.htm,1620594770,17:12:50,20210509
7,2013-12-31,MAT,USD,2014-02-26,2014-02-26 14:17:23,FY,6484892000,3006009000,3478883000,0.5364596665603684,0.0,1560575000,750205000.0,3975000.0,2310780000,5316789000,78505000.0,196393000,1364496000,0.21041152265912832,1168103000,0.18012682400878843,3975000.0,1099128000,0.16949056360537693,195184000,903944000,0.13939229828345637,2.61,2.58,343400000,347500000,https://www.sec.gov/Archives/edgar/data/63276/000119312514069306/0001193125-14-069306-index.htm,https://www.sec.gov/Archives/edgar/data/63276/000119312514069306/d620872d10k.htm,1620594770,17:12:50,20210509
8,2012-12-31,MAT,USD,2013-02-26,2013-02-26 14:10:25,FY,6420881000,3011684000,3409197000,0.5309547085516769,0.0,1670379000,717803000.0,6024000.0,2388182000,5399866000,88835000.0,174282000,1195297000,0.18615778738151353,1021015000,0.1590147831738355,6024000.0,945045000,0.14718307347543116,168581000,776464000,0.12092795365620387,2.25,2.22,341700000,346200000,https://www.sec.gov/Archives/edgar/data/63276/000119312513076313/0001193125-13-076313-index.htm,https://www.sec.gov/Archives/edgar/data/63276/000119312513076313/d416679d10k.htm,1620594770,17:12:50,20210509
9,2011-12-31,MAT,USD,2012-02-23,2012-02-23 14:21:10,FY,6266037000,3120211000,3145826000,0.5020439553740267,0.0,1405478000,699247000.0,0.0,2104725000,5224936000,75332000.0,161298000,1202399000,0.19189146186018372,1041101000,0.166149832820968,-3189000.0,970673000,0.15491019283799315,202165000,768508000,0.12264657869080568,2.2,2.18,344700000,348400000,https://www.sec.gov/Archives/edgar/data/63276/000119312512074927/0001193125-12-074927-index.htm,https://www.sec.gov/Archives/edgar/data/63276/000119312512074927/d226731d10k.htm,1620594770,17:12:50,20210509
10,2010-12-31,MAT,USD,2011-02-24,2011-02-24 14:17:20,FY,5856195000,2901222000,2954973000,0.5045892426737839,0.0,1405801000,647270000.0,0.0,2053071000,4954293000,64839000.0,165808000,1067710000,0.18232145616735781,901902000,0.15400819132559623,1328000.0,846825000,0.1446032790916286,161962000,684863000,0.1169467546760311,1.88,1.86,360600000,364600000,https://www.sec.gov/Archives/edgar/data/63276/000119312511045072/0001193125-11-045072-index.htm,https://www.sec.gov/Archives/edgar/data/63276/000119312511045072/d10k.htm,1620594770,17:12:50,20210509
11,2009-12-31,MAT,USD,2010-02-24,2010-02-24 13:55:13,FY,5430846000,2716149000,2714697000,0.49986631917016244,0.0,1373776000,609753000.0,0.0,1983529000,4699678000,71843000.0,169830000,900998000,0.1659038020963953,731168000,0.1346324311166253,-7361000.0,660047000,0.12153668139365395,131343000,528704000,0.09735205159564458,1.4682143848930853,1.4625283540802212,360100000,361500000,https://www.sec.gov/Archives/edgar/data/63276/000119312510038642/0001193125-10-038642-index.htm,https://www.sec.gov/Archives/edgar/data/63276/000119312510038642/d10k.htm,1620594770,17:12:50,20210509
12,2008-12-31,MAT,USD,2009-02-26,2009-02-26 14:56:00,FY,5918002000,3233596000,2684406000,0.4536000494761577,0.0,1423455000,719159000.0,0.0,2142614000,5376210000,81944000.0,172095000,713887000,0.12062973280509198,541792000,0.0915498169821504,3073000.0,487964000,0.08245417963697883,108328000,379636000,0.06414935310937711,1.0522062084257207,1.0452533039647578,360800000,363200000,https://www.sec.gov/Archives/edgar/data/63276/000119312509038925/0001193125-09-038925-index.htm,https://www.sec.gov/Archives/edgar/data/63276/000119312509038925/d10k.htm,1620594770,17:12:50,20210509
13,2007-12-31,MAT,USD,2008-02-26,2008-02-26 16:55:59,FY,5970090000,3192790000,2777300000,0.4652023671334938,0.0,1338454000,708768000.0,0.0,2047222000,5240012000,0.0,172080000,902158000,0.15111296479617561,730078000,0.12228927872109131,10989000.0,703398000,0.11782033436681859,103405000,599993000,0.10049982496076273,1.56,1.54,384450000,390612000,https://www.sec.gov/Archives/edgar/data/63276/000119312508038808/0001193125-08-038808-index.htm,https://www.sec.gov/Archives/edgar/data/63276/000119312508038808/d10k.htm,1620594770,17:12:50,20210509
14,2006-12-31,MAT,USD,2007-02-26,2007-02-26 16:57:09,FY,5650156000,3038363000,2611793000,0.4622514847377665,0.0,1232000000,650975000.0,0.0,1882975000,4921338000,0.0,172264000,901082000,0.15947913650525755,728818000,0.1289907747679887,4323000.0,683756000,0.12101541975124226,90829000,592927000,0.10493993440181121,1.55,1.53,382921000,386422000,https://www.sec.gov/Archives/edgar/data/63276/000119312507039835/0001193125-07-039835-index.htm,https://www.sec.gov/Archives/edgar/data/63276/000119312507039835/d10k.htm,1620594770,17:12:50,20210509
15,2005-12-31,MAT,USD,2006-02-27,2006-02-27 15:21:10,FY,5179016000,2806148000,2372868000,0.45816966002808257,0.0,1079224000,629115000.0,0.0,1708339000,4514487000,0.0,174991000,839520000,0.16210029086606415,664529000,0.12831182603027294,29799000.0,652049000,0.12590210186645495,235030000,417019000,0.08052089431660377,1.02,1.01,407402000,411039000,https://www.sec.gov/Archives/edgar/data/63276/000119312506039887/0001193125-06-039887-index.htm,https://www.sec.gov/Archives/edgar/data/63276/000119312506039887/d10k.htm,1620594770,17:12:50,20210509
16,2004-12-31,MAT,USD,2005-03-08,2005-03-08 16:09:22,FY,5102786000,2692061000,2410725000,0.472433098311393,0.0,1036941000,642967000.0,0.0,1679908000,4371969000,0.0,182478000,913295000,0.17897967894401215,730817000,0.14321921397448376,23518000.0,696254000,0.13644585526416353,123531000,572723000,0.11223731506671061,1.37,1.35,419235000,423093000,https://www.sec.gov/Archives/edgar/data/63276/000119312505044603/0001193125-05-044603-index.htm,https://www.sec.gov/Archives/edgar/data/63276/000119312505044603/d10k.htm,1620594770,17:12:50,20210509
17,2003-12-31,MAT,USD,2004-03-12,2004-03-12 14:30:24,FY,4960100000,2530617000,2429483000,0.4898052458619786,0.0,1002899000,636105000.0,0.0,1639004000,4169621000,0.0,183819000,974298000,0.1964270881635451,790479000,0.15936755307352674,11986000.0,740854000,0.14936271446140198,203222000,537632000,0.1083913630773573,1.23,1.22,437020000,442231000,https://www.sec.gov/Archives/edgar/data/63276/000119312504040335/0001193125-04-040335-index.htm,https://www.sec.gov/Archives/edgar/data/63276/000119312504040335/d10k.htm,1620594770,17:12:50,20210509
18,2002-12-31,MAT,USD,2003-03-24,2003-03-24 16:56:15,FY,4885340000,2524353000,2360987000,0.48327997641924614,0.0,1050344000,552501000.0,0.0,1602846000,4127199000,0.0,191928000,950069000,0.19447346551110056,758141000,0.15518694707021416,-40471000.0,621497000,0.12721673414746978,166455000,230101000,0.047100304175349106,0.5280089033708897,0.5214257226507618,435790000,441292000,https://www.sec.gov/Archives/edgar/data/63276/000089843003002040/0000898430-03-002040-index.htm,https://www.sec.gov/Archives/edgar/data/63276/000089843003002040/d10k.htm,1620594770,17:12:50,20210509
19,2001-12-31,MAT,USD,2002-03-28 00:00:00,2002-03-28 00:00:00,FY,4804062000,2537178000,2266884000,0.4718681815513622,0.0,936078000,661504000.0,0.0,1648726000,4185904000,0.0,51144000,669302000,0.13932001710219394,618158000,0.12867402627193406,-33016000.0,430010000,0.08950966910918302,119090000,298919000,0.06222213618392102,0.69,0.68,430983000,436166000,https://www.sec.gov/Archives/edgar/data/63276/000089843002001098/0000898430-02-001098-index.html,https://www.sec.gov/Archives/edgar/data/63276/000089843002001098/d10k.txt,1620594770,17:12:50,20210509
20,2000-12-31,MAT,USD,2000-12-31,2000-12-31,FY,4669942000,2312768000,2357174000,0.5047544487704558,0.0,1652875000,0.0,0.0,1909264000,4222032000,0.0,256389000,704299000,0.15081536344562738,447910000,0.09591339678308639,-69507000.0,225424000,0.04827126332618264,55247000,-430969000,-0.09228572860219678,-1.0112702561912494,-1.0089973450457241,426166000,427126000,,,1620594770,17:12:50,20210509
21,1999-12-31,MAT,USD,1999-12-31,1999-12-31,FY,5515000000,2707200000,2807800000,0.5091205802357207,0.0,2136900000,0.0,0.0,2435500000,5142700000,0.0,298600000,670900000,0.12165004533091568,372300000,0.06750679963735268,-331500000.0,-110800000,-0.020090661831368994,-28400000,-82400000,-0.014941069809610154,-0.21,-0.21,414186000,414186000,,,1620594770,17:12:50,20210509
22,1998-12-31,MAT,USD,1998-12-31,1998-12-31,FY,4781900000,2245900000,2536000000,0.5303331311821661,0.0,1695400000,0.0,0.0,1910300000,4156200000,0.0,214900000,840600000,0.17578786674752714,625700000,0.13084757104916456,-49700000.0,465100000,0.09726259436625609,132800000,332300000,0.06949120642422468,1.11,1.1,291481000,303243000,,,1620594770,17:12:50,20210509
23,1997-12-31,MAT,USD,1997-12-31,1997-12-31,FY,4834600000,2244700000,2589900000,0.5357009887064079,0.0,1576100000,0.0,0.0,1766000000,4010700000,0.0,189900000,1013800000,0.20969676912257476,823900000,0.1704174078517354,-308700000.0,425100000,0.08792868075952509,135300000,285200000,0.058991436726926735,0.95,0.93,295450000,295653000,,,1620594770,17:12:50,20210509
24,1996-12-31,MAT,USD,1997-03-17 00:00:00,1997-03-17 00:00:00,FY,3786000000,1728300000,2057700000,0.5435023771790808,0.0,1261500000,0.0,0.0,1410500000,3138800000,0.0,149000000,796200000,0.2103011093502377,647200000,0.17094558901215004,-25900000.0,545700000,0.1441362916006339,168100000,377600000,0.09973586899101955,1.3563949207033426,1.2434216499355053,278385000,303678161,https://www.sec.gov/Archives/edgar/data/63276/000006327697000005/0000063276-97-000005-index.html,https://www.sec.gov/Archives/edgar/data/63276/0000063276-97-000005.txt,1620594770,17:12:50,20210509
25,1995-12-31,MAT,USD,1996-03-22 00:00:00,1996-03-22 00:00:00,FY,3638800000,1716700000,1922100000,0.5282235901945697,0.0,1187600000,0.0,0.0,1320600000,3037300000,0.0,133000000,734500000,0.20185225898647907,601500000,0.1653017478289546,4900000.0,532900000,0.1464493789161262,175100000,357800000,0.09832911948994173,1.2732416419052364,1.2688989699093767,281015000,281976744,https://www.sec.gov/Archives/edgar/data/63276/000006327696000011/0000063276-96-000011-index.html,https://www.sec.gov/Archives/edgar/data/63276/0000063276-96-000011.txt,1620594770,17:12:50,20210509
26,1994-12-31,MAT,USD,1995-03-22 00:00:00,1995-03-22 00:00:00,FY,3205000000,1479200000,1725800000,0.5384711388455539,0.0,1152400000,0.0,0.0,1276700000,2755900000,0.0,124300000,573400000,0.17890795631825274,449100000,0.14012480499219968,0.0,393600000,0.12280811232449299,137800000,255800000,0.07981279251170047,0.896,0.888,279923750,283757500,https://www.sec.gov/Archives/edgar/data/63276/000006327695000008/0000063276-95-000008-index.html,https://www.sec.gov/Archives/edgar/data/63276/0000063276-95-000008.txt,1620594770,17:12:50,20210509
