,date,symbol,reportedCurrency,fillingDate,acceptedDate,period,revenue,costOfRevenue,grossProfit,grossProfitRatio,researchAndDevelopmentExpenses,generalAndAdministrativeExpenses,sellingAndMarketingExpenses,otherExpenses,operatingExpenses,costAndExpenses,interestExpense,depreciationAndAmortization,ebitda,ebitdaratio,operatingIncome,operatingIncomeRatio,totalOtherIncomeExpensesNet,incomeBeforeTax,incomeBeforeTaxRatio,incomeTaxExpense,netIncome,netIncomeRatio,eps,epsdiluted,weightedAverageShsOut,weightedAverageShsOutDil,link,finalLink,timestamp,est_time,est_date
0,2019-12-31,EVOLD,USD,2020-03-30,2020-03-30 17:09:36,FY,25750000,8685000.0,17065000.0,0.6627184466019418,4594000.0,-2368000.0,7459000.0,21094000.0,17144000,33644000,314000.0,1548000.0,-6346000.0,-0.24644660194174758,-7894000.0,-0.3065631067961165,-698000.0,-8592000.0,-0.3336699029126214,1103000.0,-9695000.0,-0.37650485436893205,-0.79748,-0.79748,12157000.0,12157000.0,https://www.sec.gov/Archives/edgar/data/1052054/000110465920040523/0001104659-20-040523-index.htm,https://www.sec.gov/Archives/edgar/data/1052054/000110465920040523/tm201434-1_10k.htm,1620591859,16:24:19,20210509
1,2018-12-31,EVOLD,USD,2019-04-04,2019-04-04 16:34:11,FY,30636000,10349000.0,20287000.0,0.6621948034991513,4170000.0,85000.0,6592000.0,33370000.0,17439000,46639000,478000.0,1100000.0,-14903000.0,-0.4864538451494973,-16003000.0,-0.5223593158375767,790000.0,-15213000.0,-0.4965726596161379,-426000.0,-14787000.0,-0.4826674500587544,-1.22126,-1.22126,12108000.0,12108000.0,https://www.sec.gov/Archives/edgar/data/1052054/000110465919019960/0001104659-19-019960-index.htm,https://www.sec.gov/Archives/edgar/data/1052054/000110465919019960/a19-30094_110k.htm,1620591859,16:24:19,20210509
2,2017-12-31,EVOLD,USD,2018-04-02,2018-04-02 17:23:05,FY,28812000,8680000.0,20132000.0,0.6987366375121478,2042000.0,851000.0,5214000.0,12118000.0,13321000,23397000,365000.0,1123000.0,6538000.0,0.22691933916423712,5415000.0,0.18794252394835484,-1478000.0,3937000.0,0.1366444536998473,1421000.0,2516000.0,0.08732472580869083,0.21082621082621084,0.2099991653451298,11934000.0,11981000.0,https://www.sec.gov/Archives/edgar/data/1052054/000110465918021862/0001104659-18-021862-index.htm,https://www.sec.gov/Archives/edgar/data/1052054/000110465918021862/a18-1082_110k.htm,1620591859,16:24:19,20210509
3,2016-12-31,EVOLD,USD,2017-03-28,2017-03-28 17:02:02,FY,24778000,5297000.0,19481000.0,0.7862216482363387,3014000.0,-1110000.0,4965000.0,10363000.0,11834000,19183000,340000.0,1074000.0,6669000.0,0.2691500524658972,5595000.0,0.22580514972959884,-703000.0,4892000.0,0.19743320687706836,1457000.0,3435000.0,0.1386310436677698,0.2899957788096243,0.2871833458740908,11845000.0,11961000.0,https://www.sec.gov/Archives/edgar/data/1052054/000110465917019723/0001104659-17-019723-index.htm,https://www.sec.gov/Archives/edgar/data/1052054/000110465917019723/a17-1137_110k.htm,1620591859,16:24:19,20210509
4,2015-12-31,EVOLD,USD,2016-03-15,2016-03-15 17:01:43,FY,25576000,6449000.0,19127000.0,0.7478495464497967,3847000.0,-1841000.0,5844000.0,11409000.0,13694000,21256000,121000.0,594000.0,4914000.0,0.1921332499218017,4320000.0,0.16890835157960588,-109000.0,4211000.0,0.1646465436346575,915000.0,3296000.0,0.12887081639036596,0.2818780466946036,0.2761625471302891,11693000.0,11935000.0,https://www.sec.gov/Archives/edgar/data/1052054/000110465916105253/0001104659-16-105253-index.htm,https://www.sec.gov/Archives/edgar/data/1052054/000110465916105253/a15-23322_110k.htm,1620591859,16:24:19,20210509
5,2014-12-31,EVOLD,USD,2015-03-17,2015-03-17 17:01:09,FY,29680000,7648000.0,22032000.0,0.7423180592991914,3643000.0,-2096000.0,5734000.0,11869000.0,13015000,21241000,17000.0,356000.0,8795000.0,0.2963274932614555,8439000.0,0.28433288409703505,-27000.0,8405000.0,0.28318733153638814,2797000.0,5608000.0,0.1889487870619946,0.48170417454045694,0.4702331041422103,11642000.0,11926000.0,https://www.sec.gov/Archives/edgar/data/1052054/000110465915020488/0001104659-15-020488-index.htm,https://www.sec.gov/Archives/edgar/data/1052054/000110465915020488/a15-1803_110k.htm,1620591859,16:24:19,20210509
6,2013-12-31,EVOLD,USD,2014-03-11,2014-03-11 17:01:37,FY,25093000,7164000.0,17929000.0,0.7145020523652015,2956000.0,-1720000.0,5364000.0,39000.0,11964000,20052000,20000.0,384000.0,5425000.0,0.21619575180329176,5041000.0,0.2008926792332523,87000.0,5080000.0,0.20244689754114692,1274000.0,3806000.0,0.1516757661499223,0.3321406754516101,0.3237495746852671,11459000.0,11756000.0,https://www.sec.gov/Archives/edgar/data/1052054/000110465914018434/0001104659-14-018434-index.htm,https://www.sec.gov/Archives/edgar/data/1052054/000110465914018434/a14-3012_110k.htm,1620591859,16:24:19,20210509
7,2012-12-31,EVOLD,USD,2013-03-12,2013-03-12 16:57:35,FY,26247000,18011000.0,8236000.0,0.3137882424658056,3069000.0,-1457000.0,5070000.0,532000.0,12284000,20656000,3000.0,675000.0,6266000.0,0.23873204556711244,5591000.0,0.21301482074141806,1374000.0,6965000.0,0.2653636606088315,1401000.0,5564000.0,0.2119861317483903,0.49334988473133534,0.4826090727730072,11278000.0,11529000.0,https://www.sec.gov/Archives/edgar/data/1052054/000110465913019789/0001104659-13-019789-index.htm,https://www.sec.gov/Archives/edgar/data/1052054/000110465913019789/a13-1454_110k.htm,1620591859,16:24:19,20210509
8,2011-12-31,EVOLD,USD,2012-03-30,2012-03-30 16:14:57,FY,19023000,21793000.0,19023000.0,1.0,2484000.0,-2588000.0,6238000.0,619000.0,12991000,21793000,14000.0,919000.0,-1851000.0,-0.0973032644693266,-2770000.0,-0.1456132050675498,62000.0,-1360000.0,-0.07149240393208221,-405000.0,32309000.0,1.698417704883562,2.97203569128875,2.8842171040885556,10871000.0,11202000.0,https://www.sec.gov/Archives/edgar/data/1052054/000110465912022857/0001104659-12-022857-index.htm,https://www.sec.gov/Archives/edgar/data/1052054/000110465912022857/a12-1201_210k.htm,1620591859,16:24:19,20210509
9,2010-12-31,EVOLD,USD,2011-03-08,2011-03-08 16:33:13,FY,37306000,31091000.0,6215000.0,0.1665951857610036,0.0,-1834000.0,7265000.0,18395000.0,31091000,31091000,102000.0,592000.0,6807000.0,0.18246394681820619,6215000.0,0.1665951857610036,-210000.0,6005000.0,0.16096606444003644,652000.0,5353000.0,0.14348898300541468,0.53174,0.53174,10067000.0,10067000.0,https://www.sec.gov/Archives/edgar/data/1052054/000110465911013003/0001104659-11-013003-index.htm,https://www.sec.gov/Archives/edgar/data/1052054/000110465911013003/a11-2200_110k.htm,1620591859,16:24:19,20210509
10,2009-12-31,EVOLD,USD,2010-03-08,2010-03-08 17:07:42,FY,38196000,31512000.0,6684000.0,0.17499214577442665,0.0,-1959000.0,7696000.0,18079000.0,31512000,31512000,547000.0,632000.0,7316000.0,0.1915383809823018,6684000.0,0.17499214577442665,-1096000.0,5588000.0,0.14629804167975705,764000.0,4824000.0,0.12629594721960416,0.49325,0.49325,9780000.0,9780000.0,https://www.sec.gov/Archives/edgar/data/1052054/000110465910012868/0001104659-10-012868-index.htm,https://www.sec.gov/Archives/edgar/data/1052054/000110465910012868/a09-36008_110k.htm,1620591859,16:24:19,20210509
11,2008-12-31,EVOLD,USD,2009-03-11,2009-03-11 16:27:08,FY,37821000,33912000.0,3909000.0,0.10335527881335765,0.0,-2824000.0,8500000.0,19736000.0,33912000,33912000,1171000.0,847000.0,4756000.0,0.12575024457312076,3909000.0,0.10335527881335765,57000.0,3489000.0,0.09225033711430158,560000.0,2929000.0,0.07744374818222681,0.15118,0.15118,19374000.0,19374000.0,https://www.sec.gov/Archives/edgar/data/1052054/000110465909016472/0001104659-09-016472-index.htm,https://www.sec.gov/Archives/edgar/data/1052054/000110465909016472/a09-1591_110k.htm,1620591859,16:24:19,20210509
12,2007-12-31,EVOLD,USD,2008-03-13,2008-03-13 17:03:32,FY,35953000,33515000.0,2438000.0,0.06781075292743304,0.0,-2695000.0,8557000.0,19096000.0,33515000,33515000,1747000.0,899000.0,3337000.0,0.09281562039329125,2438000.0,0.06781075292743304,-1284000.0,1154000.0,0.03209746057352655,556000.0,598000.0,0.016632826189747728,0.03115,0.03115,19198000.0,19198000.0,https://www.sec.gov/Archives/edgar/data/1052054/000110465908017416/0001104659-08-017416-index.htm,https://www.sec.gov/Archives/edgar/data/1052054/000110465908017416/a08-2893_110k.htm,1620591859,16:24:19,20210509
13,2006-12-31,EVOLD,USD,2007-03-15,2007-03-15 17:13:01,FY,50383000,50383000.0,0.0,0.0,0.0,-3824000.0,8962000.0,36283000.0,50383000,50383000,1992000.0,1169000.0,-15381000.0,-0.3052815433777266,-16550000.0,-0.32848381398487586,-1837000.0,-18387000.0,-0.3649445249389675,0.0,-16783000.0,-0.3331083897346327,-0.87869,-0.87869,19100000.0,19100000.0,https://www.sec.gov/Archives/edgar/data/1052054/000110465907019617/0001104659-07-019617-index.htm,https://www.sec.gov/Archives/edgar/data/1052054/000110465907019617/a07-7265_110k.htm,1620591859,16:24:19,20210509
14,2005-12-31,EVOLD,USD,2006-03-24,2006-03-24 16:55:24,FY,41061000,41061000.0,0.0,0.0,0.0,-2825000.0,9643000.0,24600000.0,41061000,41061000,1636000.0,1443000.0,-166000.0,-0.00404276564136285,-1609000.0,-0.03918560190935438,-172000.0,-3301000.0,-0.08039258663939018,-396000.0,-2905000.0,-0.07074839872384989,-0.1559,-0.1559,18634000.0,18634000.0,https://www.sec.gov/Archives/edgar/data/1052054/000104746906003982/0001047469-06-003982-index.htm,https://www.sec.gov/Archives/edgar/data/1052054/000104746906003982/a2168762z10-k.htm,1620591859,16:24:19,20210509
15,2004-12-31,EVOLD,USD,2005-03-31,2005-03-31 16:13:21,FY,26342000,26303000.0,39000.0,0.001480525396704882,0.0,673000.0,4412000.0,16806000.0,26303000,26303000,301000.0,1152000.0,1191000.0,0.04521296788398755,39000.0,0.001480525396704882,87000.0,126000.0,0.0047832358970465415,-298000.0,424000.0,0.016095968415458205,0.026,0.026,16307000.0,16307000.0,https://www.sec.gov/Archives/edgar/data/1052054/000104746905008576/0001047469-05-008576-index.htm,https://www.sec.gov/Archives/edgar/data/1052054/000104746905008576/a2154872z10-k.htm,1620591859,16:24:19,20210509
16,2003-12-31,EVOLD,USD,2004-03-22,2004-03-22 16:23:05,FY,27973000,21126000.0,6847000.0,0.24477174418188968,0.0,554000.0,2940000.0,14692000.0,21126000,21126000,16000.0,1182000.0,8029000.0,0.2870267758195403,6847000.0,0.24477174418188968,191000.0,7038000.0,0.25159975690844744,167000.0,6871000.0,0.24562971436742573,0.4837,0.4837,14205000.0,14205000.0,https://www.sec.gov/Archives/edgar/data/1052054/000104746904008844/0001047469-04-008844-index.htm,https://www.sec.gov/Archives/edgar/data/1052054/000104746904008844/a2131467z10-k.htm,1620591859,16:24:19,20210509
17,2002-12-31,EVOLD,USD,2003-03-28,2003-03-28 13:35:32,FY,35405000,35405000.0,0.0,0.0,0.0,513000.0,4907000.0,25078000.0,35405000,35405000,27000.0,1771000.0,-10671000.0,-0.3013981076119192,-12442000.0,-0.35141929106058467,35000.0,-12407000.0,-0.350430730122864,0.0,-12407000.0,-0.350430730122864,-0.93321,-0.93321,13295000.0,13295000.0,https://www.sec.gov/Archives/edgar/data/1052054/000104746903010805/0001047469-03-010805-index.htm,https://www.sec.gov/Archives/edgar/data/1052054/000104746903010805/a2106648z10-k.htm,1620591859,16:24:19,20210509
18,2001-12-31,EVOLD,USD,2002-04-01,2002-04-01 00:00:00,FY,33895647000,29250066000.0,4645581000.0,0.13705538649254873,0.0,530804000.0,8206858000.0,34808025000.0,51752545000,81002611000,25709000.0,37165000.0,-17819733000.0,-0.5257233473076941,-17856898000.0,-0.5268198007844488,255726000.0,-17601172000.0,-0.5192752921931244,1547007000.0,-19148179000.0,-0.5649155775076369,-1464.49673,-1464.49673,13074921.0,13074921.0,https://www.sec.gov/Archives/edgar/data/1052054/000091205702012925/0000912057-02-012925-index.htm,https://www.sec.gov/Archives/edgar/data/1052054/000091205702012925/a2074968z10-k405.htm,1620591859,16:24:19,20210509
