,date,symbol,reportedCurrency,fillingDate,acceptedDate,period,revenue,costOfRevenue,grossProfit,grossProfitRatio,researchAndDevelopmentExpenses,generalAndAdministrativeExpenses,sellingAndMarketingExpenses,otherExpenses,operatingExpenses,costAndExpenses,interestExpense,depreciationAndAmortization,ebitda,ebitdaratio,operatingIncome,operatingIncomeRatio,totalOtherIncomeExpensesNet,incomeBeforeTax,incomeBeforeTaxRatio,incomeTaxExpense,netIncome,netIncomeRatio,eps,epsdiluted,weightedAverageShsOut,weightedAverageShsOutDil,link,finalLink,timestamp,est_time,est_date
0,2020-06-30,SIH.AX,AUD,2020-06-30,2020-06-30,FY,0.0,0.0,0.0,0.0,0.0,772410.0,0.0,355634.0,2530053.0,0.0,640907.0,13015.0,-2517038.0,0.0,-2530053.0,0.0,355634.0,-2814814.0,0.0,0.0,-2448691.0,0.0,-0.001062,-0.001062,2351476465.0,2351476465.0,,,1620597923,18:05:23,20210509
1,2019-06-30,SIH.AX,AUD,2019-06-30,2019-06-30,FY,0.0,0.0,0.0,0.0,0.0,929615.0,0.0,203929.0,1747624.0,0.0,397017.0,11415.0,-1736209.0,0.0,-1747624.0,0.0,203929.0,-1940143.0,0.0,0.0,-1716554.0,0.0,-0.000869,-0.000869,1988200739.0,1988200739.0,,,1620597923,18:05:23,20210509
2,2018-06-30,SIH.AX,AUD,2018-06-30,2018-06-30,FY,0.0,0.0,0.0,0.0,0.0,2071054.0,0.0,2308626.0,4944696.0,0.0,38284.0,15480.0,-4929216.0,0.0,-4944696.0,0.0,2308626.0,-2673862.0,0.0,0.0,-2091472.0,0.0,-0.001159,-0.001159,1840825801.0,1840825801.0,,,1620597923,18:05:23,20210509
3,2017-06-30,SIH.AX,AUD,2017-06-30,2017-06-30,FY,0.0,0.0,0.0,0.0,0.0,659654.0,0.0,725554.0,1944669.0,0.0,96935.0,57736.0,-1886933.0,0.0,-1944669.0,0.0,725554.0,-1315522.0,0.0,0.0,-875503.0,0.0,-0.000579,-0.000579,1587928061.0,1587928061.0,,,1620597923,18:05:23,20210509
4,2016-06-30,SIH.AX,AUD,2016-06-30,2016-06-30,FY,0.0,0.0,0.0,0.0,0.0,530948.0,0.0,0.0,2060319.0,0.0,483085.0,145078.0,-1915241.0,0.0,-2060319.0,0.0,0.0,-2542637.0,0.0,0.0,-813033.0,0.0,-0.00067,-0.00067,1177100461.0,1177100461.0,,,1620597923,18:05:23,20210509
5,2015-06-30,SIH.AX,AUD,2015-06-30,2015-06-30,FY,0.0,0.0,0.0,0.0,0.0,1250608.0,0.0,0.0,6125827.0,0.0,486996.0,224859.0,-5900968.0,0.0,-6125827.0,0.0,0.0,-6610979.0,0.0,0.0,-5119079.0,0.0,-0.004069,-0.004069,1249799309.0,1249799309.0,,,1620597923,18:05:23,20210509
6,2014-06-30,SIH.AX,AUD,2014-06-30,2014-06-30,FY,0.0,0.0,0.0,0.0,0.0,2827642.0,0.0,0.0,20652668.0,0.0,0.0,221232.0,-20431436.0,0.0,-20652668.0,0.0,0.0,-20650316.0,0.0,0.0,-19180066.0,0.0,-0.018009,-0.018009,1063430042.0,1063430042.0,,,1620597923,18:05:23,20210509
7,2013-06-30,SIH.AX,AUD,2013-06-30,2013-06-30,FY,0.0,0.0,0.0,0.0,0.0,2870693.0,0.0,0.0,9954977.0,0.0,0.0,207823.0,-9747154.0,0.0,-9954977.0,0.0,0.0,-9939432.0,0.0,0.0,-8608444.0,0.0,-0.009132,-0.009132,940333431.0,940333431.0,,,1620597923,18:05:23,20210509
8,2012-06-30,SIH.AX,AUD,2012-06-30,2012-06-30,FY,0.0,0.0,0.0,0.0,0.0,3545521.0,0.0,0.0,9815551.0,0.0,0.0,185893.0,-9629658.0,0.0,-9815551.0,0.0,0.0,-9711061.0,0.0,0.0,-9667996.0,0.0,-0.011717,-0.011717,830098093.0,830098093.0,,,1620597923,18:05:23,20210509
9,2011-06-30,SIH.AX,AUD,2011-06-30,2011-06-30,FY,0.0,0.0,0.0,0.0,0.0,3892742.0,0.0,0.0,11216628.0,0.0,0.0,128103.0,-11088525.0,0.0,-11216628.0,0.0,-60818.0,-11141054.0,0.0,0.0,-10592830.0,0.0,-0.01525,-0.01525,695144527.0,695144527.0,,,1620597923,18:05:23,20210509
10,2010-06-30,SIH.AX,AUD,2010-06-30,2010-06-30,FY,0.0,0.0,0.0,0.0,0.0,400346.0,0.0,4684.0,8603266.0,0.0,92260.0,14424.0,-8588842.0,0.0,-8603266.0,0.0,4684.0,-8649593.0,0.0,0.0,-8660537.0,0.0,-0.019213,-0.019213,450031161.0,450031161.0,,,1620597923,18:05:23,20210509
11,2009-06-30,SIH.AX,AUD,2009-06-30,2009-06-30,FY,0.0,0.0,0.0,0.0,0.0,240368.0,0.0,-23915.0,2600388.0,0.0,282253.0,15767.0,-2584621.0,0.0,-2600388.0,0.0,-23915.0,-2895178.0,0.0,0.0,-2895178.0,0.0,-0.011976,-0.011976,241900796.0,241900796.0,,,1620597923,18:05:23,20210509
12,2008-06-30,SIH.AX,AUD,2008-06-30,2008-06-30,FY,0.0,0.0,0.0,0.0,0.0,346090.0,0.0,-843477.0,3056307.0,0.0,0.0,18217.0,-3038090.0,0.0,-3056307.0,0.0,-848193.0,-3881094.0,0.0,0.0,-3881094.0,0.0,-0.020591,-0.020591,188389600.0,188389600.0,,,1620597923,18:05:23,20210509
13,2007-06-30,SIH.AX,AUD,2007-06-30,2007-06-30,FY,0.0,0.0,0.0,0.0,0.0,266120.0,0.0,-914317.0,3270274.0,0.0,0.0,5828.0,-3264446.0,0.0,-3270274.0,0.0,-914317.0,-4114065.0,0.0,0.0,-4114065.0,0.0,-0.03541,-0.03541,116104393.0,116104393.0,,,1620597923,18:05:23,20210509
14,2006-06-30,SIH.AX,AUD,2006-06-30,2006-06-30,FY,0.0,0.0,0.0,0.0,0.0,174273.0,0.0,165977.0,2686962.0,0.0,0.0,6352.0,-2680610.0,0.0,-2686962.0,0.0,165977.0,-2481662.0,0.0,0.0,-2481662.0,0.0,-0.03281,-0.03281,75525205.0,75525205.0,,,1620597923,18:05:23,20210509
15,2005-06-30,SIH.AX,AUD,2005-06-30,2005-06-30,FY,0.0,0.0,0.0,0.0,0.0,386930.0,0.0,-28883.0,5424884.0,0.0,0.0,15907.0,-5408977.0,0.0,-5424884.0,0.0,-28883.0,-5429854.0,0.0,-5429854.0,-5429854.0,0.0,-0.085005,-0.085005,63934319.0,63934319.0,,,1620597923,18:05:23,20210509
16,2004-06-30,SIH.AX,AUD,2004-06-30,2004-06-30,FY,0.0,0.0,0.0,0.0,0.0,221135.0,0.0,6832.0,2425029.0,0.0,0.0,14947.0,-2410082.0,0.0,-2425029.0,0.0,6832.0,-2368319.0,0.0,-2368319.0,0.0,0.0,-0.046078,-0.046078,51834766.0,51834766.0,,,1620597923,18:05:23,20210509
17,2003-06-30,SIH.AX,AUD,2003-06-30,2003-06-30,FY,0.0,0.0,0.0,0.0,0.0,179784.0,0.0,-66920.0,2879232.0,0.0,16.0,14935.0,-2864297.0,0.0,-2879232.0,0.0,-166920.0,-2867891.0,0.0,-2867891.0,-2867891.0,0.0,-0.072294,-0.072294,39456415.0,39456415.0,,,1620597923,18:05:23,20210509
18,2002-06-30,SIH.AX,AUD,2002-06-30,2002-06-30,FY,0.0,0.0,0.0,0.0,0.0,185803.0,0.0,-205702.0,1664599.0,0.0,1021.0,18504.0,-1646095.0,0.0,-1664599.0,0.0,-205702.0,-1849606.0,0.0,-1849606.0,-1849606.0,0.0,-0.053228,-0.053228,34920807.0,34920807.0,,,1620597923,18:05:23,20210509
19,2001-06-30,SIH.AX,AUD,2001-06-30,2001-06-30,FY,0.0,0.0,0.0,0.0,0.0,42057.0,0.0,-515071.0,1762278.0,0.0,2615.0,24646.0,-1737632.0,0.0,-1762278.0,0.0,-515071.0,-2195160.0,0.0,-2195160.0,-2195160.0,0.0,0.063555,0.063555,34701901.0,34701901.0,,,1620597923,18:05:23,20210509
20,2000-06-30,SIH.AX,AUD,2000-06-30,2000-06-30,FY,0.0,0.0,0.0,0.0,0.0,0.0,0.0,0.0,0.0,0.0,3944.0,0.0,-2123326.0,0.0,0.0,0.0,0.0,-2127270.0,0.0,-2127270.0,-2127270.0,0.0,-0.067527,-0.067527,31320854.0,31320854.0,,,1620597923,18:05:23,20210509
21,1999-06-30,SIH.AX,AUD,1999-06-30,1999-06-30,FY,0.0,0.0,0.0,0.0,0.0,0.0,0.0,0.0,0.0,0.0,2409.0,0.0,-2032053.0,0.0,0.0,0.0,0.0,-2034462.0,0.0,-2034462.0,-2034462.0,0.0,-0.075472,-0.075472,27048813.0,27048813.0,,,1620597923,18:05:23,20210509
22,1998-06-30,SIH.AX,AUD,1998-06-30,1998-06-30,FY,0.0,0.0,0.0,0.0,0.0,0.0,0.0,0.0,0.0,0.0,1605.0,0.0,-1111809.0,0.0,0.0,0.0,0.0,-1113414.0,0.0,-1113414.0,-1113414.0,0.0,-0.079444,-0.079444,26889487.0,26889487.0,,,1620597923,18:05:23,20210509
23,1997-06-30,SIH.AX,AUD,1997-06-30,1997-06-30,FY,0.0,0.0,0.0,0.0,0.0,0.0,0.0,0.0,0.0,0.0,1745.0,0.0,-1294775.0,0.0,0.0,0.0,0.0,-1296520.0,0.0,-1296520.0,-1296520.0,0.0,-0.079444,-0.079444,26825259.0,26825259.0,,,1620597923,18:05:23,20210509
24,1996-06-30,SIH.AX,AUD,1996-06-30,1996-06-30,FY,0.0,0.0,0.0,0.0,0.0,0.0,0.0,0.0,0.0,0.0,6947.0,0.0,-1457506.0,0.0,0.0,0.0,0.0,-1464453.0,0.0,-1464453.0,-1464453.0,0.0,-0.086488,-0.086488,16932412.0,16932412.0,,,1620597923,18:05:23,20210509
25,1995-06-30,SIH.AX,AUD,1995-06-30,1995-06-30,FY,0.0,0.0,0.0,0.0,0.0,0.0,0.0,0.0,0.0,0.0,7000.0,0.0,-902000.0,0.0,0.0,0.0,0.0,-909000.0,0.0,-909000.0,-909000.0,0.0,-0.081771,-0.081771,11116463.0,11116463.0,,,1620597923,18:05:23,20210509
26,1994-06-30,SIH.AX,AUD,1994-06-30,1994-06-30,FY,0.0,0.0,0.0,0.0,0.0,0.0,0.0,0.0,0.0,0.0,0.0,0.0,-329000.0,0.0,0.0,0.0,0.0,-329000.0,0.0,-329000.0,-329000.0,0.0,-0.038168,-0.038168,8619840.0,8619840.0,,,1620597923,18:05:23,20210509
27,1993-06-30,SIH.AX,AUD,1993-06-30,1993-06-30,FY,0.0,0.0,0.0,0.0,0.0,0.0,0.0,0.0,0.0,0.0,0.0,0.0,-394000.0,0.0,0.0,0.0,0.0,-394000.0,0.0,-394000.0,-394000.0,0.0,-0.068702,-0.068702,8710754.0,8710754.0,,,1620597923,18:05:23,20210509
28,1992-06-30,SIH.AX,AUD,1992-06-30,1992-06-30,FY,0.0,0.0,0.0,0.0,0.0,0.0,0.0,0.0,0.0,0.0,0.0,0.0,-502000.0,0.0,0.0,0.0,0.0,-502000.0,0.0,-502000.0,-502000.0,0.0,-0.12237085487011626,-0.12237085487011626,4102284.0,4102284.0,,,1620597923,18:05:23,20210509
29,1991-06-30,SIH.AX,AUD,1991-06-30,1991-06-30,FY,0.0,0.0,0.0,0.0,0.0,0.0,0.0,0.0,0.0,0.0,30000.0,0.0,-297000.0,0.0,0.0,0.0,0.0,-327000.0,0.0,-327000.0,-327000.0,0.0,-0.00013906156615520283,-0.00013906156615520283,2351476465.0,2351476465.0,,,1620597923,18:05:23,20210509
30,1990-06-30,SIH.AX,AUD,1990-06-30,1990-06-30,FY,0.0,0.0,0.0,0.0,0.0,0.0,0.0,0.0,0.0,0.0,62000.0,0.0,-1022000.0,0.0,0.0,0.0,0.0,-1084000.0,0.0,-1084000.0,-1084000.0,0.0,-0.0004609869654808559,-0.0004609869654808559,2351476465.0,2351476465.0,,,1620597923,18:05:23,20210509
31,1989-06-30,SIH.AX,AUD,1989-06-30,1989-06-30,FY,0.0,0.0,0.0,0.0,0.0,0.0,0.0,0.0,0.0,0.0,52000.0,0.0,-1212000.0,0.0,0.0,0.0,0.0,-1264000.0,0.0,-1264000.0,-1264000.0,0.0,-0.000537534616575463,-0.000537534616575463,2351476465.0,2351476465.0,,,1620597923,18:05:23,20210509
