,date,symbol,reportedCurrency,fillingDate,acceptedDate,period,revenue,costOfRevenue,grossProfit,grossProfitRatio,researchAndDevelopmentExpenses,generalAndAdministrativeExpenses,sellingAndMarketingExpenses,otherExpenses,operatingExpenses,costAndExpenses,interestExpense,depreciationAndAmortization,ebitda,ebitdaratio,operatingIncome,operatingIncomeRatio,totalOtherIncomeExpensesNet,incomeBeforeTax,incomeBeforeTaxRatio,incomeTaxExpense,netIncome,netIncomeRatio,eps,epsdiluted,weightedAverageShsOut,weightedAverageShsOutDil,link,finalLink,timestamp,est_time,est_date
0,2020-12-31,CZR,USD,2021-03-01,2021-02-26 21:50:50,FY,3474000000,1768000000,1706000000,0.491076568796776,0.0,1077000000,0.0,176000000.0,1660000000,3428000000,1174000000,583000000.0,629000000,0.1810592976396085,46000000,0.013241220495106506,-504000000.0,-1632000000.0,-0.4697754749568221,126000000.0,-1757000000.0,-0.5057570523891768,-22.619230993779198,-22.619230993779198,77677265,77677265,https://www.sec.gov/Archives/edgar/data/1590895/000159089521000085/0001590895-21-000085-index.htm,https://www.sec.gov/Archives/edgar/data/1590895/000159089521000085/czr-20201231.htm,1620590953,16:09:13,20210509
1,2019-12-31,CZR,USD,2020-02-25,2020-02-25 17:14:44,FY,2528249000,1186149000,1342100000,0.5308417011140912,0.0,542747000,129373000.0,0.0,893645000,2079794000,286248000,221525000.0,669980000,0.2649976327489895,448455000,0.1773777029082183,-37229000.0,124978000.0,0.04943263104227471,43977000.0,81001000.0,0.032038379131169435,1.04,1.03,77677265,78593819,https://www.sec.gov/Archives/edgar/data/858339/000085833920000023/a2019q4cecform10-k.htm,https://www.sec.gov/Archives/edgar/data/858339/000085833920000023/a2019q4cecform10-k.htm,1620590953,16:09:13,20210509
2,2018-12-31,CZR,USD,2019-02-22,2019-02-21 17:58:32,FY,2056007000,1055592000,1000415000,0.48658151455710025,0.0,396230000,106161000.0,-20842000.0,659820000,1715412000,171732000,157429000.0,498024000,0.2422287472756659,340595000,0.16565848268026326,-33241000.0,135622000.0,0.0659637831972362,40387000.0,95235000.0,0.04632036758629713,1.23,1.22,77458902,78282101,https://www.sec.gov/Archives/edgar/data/858339/000085833919000015/a2018q4cecform10-k.htm,https://www.sec.gov/Archives/edgar/data/858339/000085833919000015/a2018q4cecform10-k.htm,1620590953,16:09:13,20210509
3,2017-12-31,CZR,USD,2018-03-08,2018-03-07 18:40:34,FY,1473504000,806906000,666598000,0.45238967793775925,0.0,271834000,82525000.0,-92777000.0,460250000,1267156000,99769000,105891000.0,312239000,0.2119023769192347,206348000,0.14003898190978784,-149909000.0,-43330000.0,-0.029406095945447044,-117270000.0,73940000.0,0.05017970768996895,1.1,1.09,67133531,68102814,https://www.sec.gov/Archives/edgar/data/858339/000085833918000052/a2017q4cecform10-k.htm,https://www.sec.gov/Archives/edgar/data/858339/000085833918000052/a2017q4cecform10-k.htm,1620590953,16:09:13,20210509
4,2016-12-31,CZR,USD,2017-02-15 00:00:00,2017-02-14 18:24:57,FY,892896000,539657000,353239000,0.3956104630326488,0.0,150052000,40600000.0,0.0,254101000,793758000,50917000,63449000.0,162587000,0.182089515464287,99138000,0.11102972798623804,-10175000.0,38046000.0,0.0426096656273519,13244000.0,24802000.0,0.02777703114360463,0.53,0.52,47033311,47701562,https://www.sec.gov/Archives/edgar/data/1610979/000161097917000007/0001610979-17-000007-index.html,https://www.sec.gov/Archives/edgar/data/1610979/000161097917000007/a2016q4cerpform10-k.htm,1620590953,16:09:13,20210509
5,2015-12-31,CZR,USD,2016-02-29 00:00:00,2016-02-26 18:25:21,FY,719784000,446783000,273001000,0.3792818401075878,0.0,113339000,31227000.0,0.0,201487000,648270000,61558000,56921000.0,128435000,0.17843547508697052,71514000,0.09935480644193258,34647000.0,44603000.0,0.06196720127149256,-69580000.0,114183000.0,0.15863509052715816,2.45,2.43,46550042,47008980,https://www.sec.gov/Archives/edgar/data/1610979/000161097916000033/0001610979-16-000033-index.html,https://www.sec.gov/Archives/edgar/data/1610979/000161097916000033/a2015q4cerpform10-k.htm,1620590953,16:09:13,20210509
6,2014-12-31,CZR,USD,2015-03-16,2015-03-16 16:57:29,FY,361823000,225498000,136325000,0.37677262086710905,0.0,63355000,21982000.0,0.0,113980000,339478000,30752000,28643000.0,50988000,0.14091973147091258,22345000,0.061756715300022386,-4165000.0,-12554000.0,-0.034696522885499265,1768000.0,-14425000.0,-0.03986755955259892,-0.48,-0.48,29901405,29901405,https://www.sec.gov/Archives/edgar/data/858339/000085833915000055/a2014q4cecform10-k.htm,https://www.sec.gov/Archives/edgar/data/858339/000085833915000055/a2014q4cecform10-k.htm,1620590953,16:09:13,20210509
7,2013-12-31,CZR,USD,2014-03-17,2014-03-17 17:12:56,FY,247186000,146076000,101110000,0.40904420153244925,0.0,43713000,17740000.0,0.0,78484000,224560000,15681000,17031000.0,39657000,0.16043384334064226,22626000,0.09153431019556124,11936000.0,18897000.0,0.07644850436513395,0.0,18897000.0,0.07644850436513395,0.406847,0.406847,46447432,46447432,https://www.sec.gov/Archives/edgar/data/858339/000085833914000014/a201310-k.htm,https://www.sec.gov/Archives/edgar/data/858339/000085833914000014/a201310-k.htm,1620590953,16:09:13,20210509
8,2012-12-31,CZR,USD,2013-03-15,2013-03-15 15:12:19,FY,254740000,148438000,106302000,0.41729606657768703,0.0,44936000,18724000.0,0.0,81311000,229749000,16069000,17651000.0,42642000,0.1673942058569522,24991000,0.09810394912459763,-9927000.0,-991000.0,-0.003890241030069875,0.0,-991000.0,-0.003890241030069875,-0.021336,-0.021336,46447432,46447432,https://www.sec.gov/Archives/edgar/data/858339/000085833913000013/a201210-k.htm,https://www.sec.gov/Archives/edgar/data/858339/000085833913000013/a201210-k.htm,1620590953,16:09:13,20210509
9,2011-12-31,CZR,USD,2012-03-15,2012-03-14 21:52:43,FY,8567000000,4558000000,4008000000,0.4678417182210809,0.0,2273000000,0.0,74000000.0,3153000000,7711000000,2122300000,845900000.0,1701900000,0.19865763978055329,856000000,0.09991829111707716,74000000.0,-1266000000.0,-0.1477763511147426,-506900000.0,-725000000.0,-0.08462705731294502,-5.8,-5.8,125000000,125000000,https://www.sec.gov/Archives/edgar/data/858339/000119312512115625/d268435d10k.htm,https://www.sec.gov/Archives/edgar/data/858339/000119312512115625/d268435d10k.htm,1620590953,16:09:13,20210509
10,2010-12-31,CZR,USD,2011-03-04,2011-03-04 17:02:03,FY,8553000000,4691000000,3863000000,0.45165439027241905,0.0,2171000000,0.0,150000000.0,3223000000,7914000000,1981000000,871700000.0,1511700000,0.17674500175377061,640000000,0.07482754589033087,150000000.0,-1342000000.0,-0.15690401028878756,468000000.0,-831000000.0,-0.0971588916169765,-8.39394,-8.39394,99000000,99000000,https://www.sec.gov/Archives/edgar/data/858339/000119312511056393/d10k.htm,https://www.sec.gov/Archives/edgar/data/858339/000119312511056393/d10k.htm,1620590953,16:09:13,20210509
11,2009-12-31,CZR,USD,2010-03-09,2010-03-09 17:16:21,FY,8907000000,4735000000,4172000000,0.46839564387560345,0.0,2173000000,0.0,9515000000.0,-185000000,4550000000,1892000000,872000000.0,5230000000,0.5871786235545077,4358000000,0.4892780958796452,33000000.0,2498000000.0,0.2804535758392276,-1651000000.0,828000000.0,0.09296059279218592,6.624,6.624,125000000,125000000,https://www.sec.gov/Archives/edgar/data/858339/000119312510051491/d10k.htm,https://www.sec.gov/Archives/edgar/data/858339/000119312510051491/d10k.htm,1620590953,16:09:13,20210509
12,2008-12-31,CZR,USD,2009-03-17,2009-03-16 21:56:24,FY,10127000000,5390000000,4737000000,0.46775945492248444,0.0,2491000000,0.0,11461000000.0,8269000000,13659000000,2074000000,1132200000.0,-2399800000,-0.23697047496790757,-3532000000,-0.348770613212205,36000000.0,-5661000000.0,-0.5590006912214871,360000000.0,-5197000000.0,-0.5131825812185248,-41.576,-41.576,125000000,125000000,https://www.sec.gov/Archives/edgar/data/858339/000119312509055861/d10k.htm,https://www.sec.gov/Archives/edgar/data/858339/000119312509055861/d10k.htm,1620590953,16:09:13,20210509
13,2007-12-31,CZR,USD,2008-02-29,2008-02-29 17:23:38,FY,10825000000,5578000000,5247000000,0.48471131639722864,0.0,2585000000,0.0,6752000000.0,3597000000,9175000000,800000000,905800000.0,2555800000,0.23610161662817553,1650000000,0.15242494226327943,43000000.0,893000000.0,0.08249422632794458,-350000000.0,619000000.0,0.0571824480369515,3.27513,3.27513,189000000,189000000,https://www.sec.gov/Archives/edgar/data/858339/000119312508043934/d10k.htm,https://www.sec.gov/Archives/edgar/data/858339/000119312508043934/d10k.htm,1620590953,16:09:13,20210509
14,2006-12-31,CZR,USD,2007-03-01,2007-03-01 15:47:13,FY,9674000000,4857000000,4817000000,0.49793260285300806,0.0,2405000000,0.0,5911000000.0,3322000000,8179000000,670000000,711400000.0,2206400000,0.2280752532561505,1495000000,0.1545379367376473,11000000.0,835000000.0,0.08631383088691337,-295000000.0,536000000.0,0.05540624353938391,2.85106,2.85106,188000000,188000000,https://www.sec.gov/Archives/edgar/data/858339/000119312507044315/d10k.htm,https://www.sec.gov/Archives/edgar/data/858339/000119312507044315/d10k.htm,1620590953,16:09:13,20210509
15,2005-12-31,CZR,USD,2006-03-14,2006-03-13 19:21:59,FY,7010000000,3618000000,3392000000,0.4838801711840228,0.0,1579000000,0.0,4657000000.0,2366000000,5984000000,481000000,523000000.0,1549000000,0.2209700427960057,1026000000,0.1463623395149786,8000000.0,554000000.0,0.07902995720399429,-227000000.0,236000000.0,0.03366619115549215,1.57333,1.57333,150000000,150000000,https://www.sec.gov/Archives/edgar/data/858339/000110465906016242/a06-2584_110k.htm,https://www.sec.gov/Archives/edgar/data/858339/000110465906016242/a06-2584_110k.htm,1620590953,16:09:13,20210509
16,2004-12-31,CZR,USD,2005-03-01,2005-03-01 16:37:57,FY,4397000000,2314000000,2083000000,0.4737320900614055,0.0,974000000,0.0,2832462000000.0,1310000000,3624000000,271802000000,347500000.0,1120500000,0.25483284057311806,773000000,0.1758016829656584,10000000.0,513000000.0,0.11667045712986127,-190641000000.0,368000000.0,0.08369342733682056,3.25664,3.25664,113000000,113000000,https://www.sec.gov/Archives/edgar/data/858339/000104746905005121/a2152383z10-k.htm,https://www.sec.gov/Archives/edgar/data/858339/000104746905005121/a2152383z10-k.htm,1620590953,16:09:13,20210509
17,2003-12-31,CZR,USD,2004-03-05,2004-03-04 19:31:41,FY,3949000000,2069000000,1880000000,0.47606989111167386,0.0,60000000,0.0,830000000.0,1220000000,3289000000,234419000000,319700000.0,979700000,0.24808812357558876,660000000,0.1671309192200557,3000000.0,428000000.0,0.10838186882755128,-172201000000.0,293000000.0,0.07419599898708534,2.66364,2.66364,110000000,110000000,https://www.sec.gov/Archives/edgar/data/858339/000104746904006606/a2129773z10-k.htm,https://www.sec.gov/Archives/edgar/data/858339/000104746904006606/a2129773z10-k.htm,1620590953,16:09:13,20210509
18,2002-12-31,CZR,USD,2002-12-31,2002-12-31,FY,3748000000,1910000000,1837000000,0.49012806830309497,0.0,58000000,0.0,781000000.0,1129000000,3039000000,-240000000,304600000.0,1013600000,0.27043756670224117,709000000,0.1891675560298826,2000000.0,471000000.0,0.12566702241195304,174000000.0,235000000.0,0.06270010672358592,2.0614,2.0614,114000000,114000000,,,1620590953,16:09:13,20210509
19,2001-12-31,CZR,USD,2001-12-31,2001-12-31,FY,3648000000,1805000000,1843000000,0.5052083333333334,0.0,66000000,0.0,871000000.0,1270000000,3075000000,-256000000,327600000.0,900600000,0.246875,573000000,0.15707236842105263,28000000.0,346000000.0,0.09484649122807018,126000000.0,209000000.0,0.057291666666666664,1.80172,1.80172,116000000,116000000,,,1620590953,16:09:13,20210509
20,2000-12-31,CZR,USD,2000-12-31,2000-12-31,FY,3330000000,1650000000,1680000000,0.5045045045045045,0.0,59000000,0.0,793000000.0,1397000000,3047000000,-265000000,282100000.0,565100000,0.1696996996996997,283000000,0.08498498498498498,0.0,18000000.0,0.005405405405405406,15000000.0,-12000000.0,-0.0036036036036036037,-0.10256,-0.10256,117000000,117000000,,,1620590953,16:09:13,20210509
21,1999-12-31,CZR,USD,1999-12-31,1999-12-31,FY,2894000000,1410000000,1484000000,0.5127850725639254,0.0,45000000,0.0,692000000.0,1003000000,2413000000,-121000000,218300000.0,699300000,0.24163787145818935,481000000,0.16620594333102973,0.0,360000000.0,0.1243953006219765,129000000.0,208000000.0,0.0718728403593642,1.6124,1.6124,129000000,129000000,,,1620590953,16:09:13,20210509
22,1998-12-31,CZR,USD,1998-12-31,1998-12-31,FY,2004000000,1027000000,977000000,0.4875249500998004,9000000.0,46000000,0.0,468000000.0,689000000,1716000000,-85000000,159200000.0,447200000,0.22315369261477047,288000000,0.1437125748502994,0.0,203000000.0,0.10129740518962076,75000000.0,102000000.0,0.05089820359281437,1.0,1.0,102000000,102000000,,,1620590953,16:09:13,20210509
23,1997-12-31,CZR,USD,1997-12-31,1997-12-31,FY,1619000000,829000000,790000000,0.48795552810376774,11000000.0,45000000,0.0,384000000.0,577000000,1406000000,-30000000,122400000.0,336400000,0.20778258184064238,214000000,0.13218035824583077,0.0,184000000.0,0.11365040148239654,69000000.0,99000000.0,0.06114885731933292,0.9802,0.9802,101000000,101000000,,,1620590953,16:09:13,20210509
24,1996-12-31,CZR,USD,1996-12-31,1996-12-31,FY,1586000000,781000000,805000000,0.5075662042875158,12000000.0,40000000,0.0,358000000.0,568000000,1349000000,-65000000,102300000.0,339300000,0.2139344262295082,237000000,0.1494325346784363,0.0,172000000.0,0.10844892812105927,67000000.0,99000000.0,0.06242118537200504,0.95192,0.95192,104000000,104000000,,,1620590953,16:09:13,20210509
25,1995-12-31,CZR,USD,1995-12-31,1995-12-31,FY,1579000000,745000000,834000000,0.5281823939202026,0.0,30000000,0.0,514000000.0,624000000,1369000000,-74000000,95400000.0,304400000,0.1927802406586447,209000000,0.13236225459151363,16000000.0,152000000.0,0.09626345788473717,61000000.0,79000000.0,0.050031665611146296,0.76699,0.76699,103000000,103000000,,,1620590953,16:09:13,20210509
26,1994-12-31,CZR,USD,1994-12-31,1994-12-31,FY,1339000000,614000000,725000000,0.5414488424197162,0.0,29000000,0.0,357000000.0,456000000,1070000000,-78000000,86600000.0,355600000,0.2655713218820015,269000000,0.20089619118745333,-52000000.0,139000000.0,0.10380881254667662,75000000.0,78000000.0,0.05825242718446602,0.75728,0.75728,103000000,103000000,,,1620590953,16:09:13,20210509
27,1993-12-31,CZR,USD,1993-12-31,1993-12-31,FY,1021000000,479000000,542000000,0.5308521057786484,0.0,27000000,0.0,250000000.0,332000000,811000000,-73000000,70200000.0,280200000,0.27443682664054847,210000000,0.20568070519098922,2000000.0,139000000.0,0.13614103819784526,59000000.0,86000000.0,0.0842311459353575,0.83495,0.83495,103000000,103000000,,,1620590953,16:09:13,20210509
28,1992-12-31,CZR,USD,1992-12-31,1992-12-31,FY,894000000,438000000,456000000,0.5100671140939598,0.0,27000000,0.0,220000000.0,295000000,733000000,-78000000,63800000.0,224800000,0.25145413870246086,161000000,0.18008948545861297,2000000.0,85000000.0,0.09507829977628636,35000000.0,52000000.0,0.058165548098434,0.51485,0.51485,101000000,101000000,,,1620590953,16:09:13,20210509
29,1992-01-03,CZR,USD,1992-01-03,1992-01-03,FY,1031000000,497000000,534000000,0.5179437439379243,0.0,27000000,0.0,267000000.0,358000000,855000000,-134000000,88100000.0,264100000,0.2561590688651794,176000000,0.17070805043646944,10000000.0,52000000.0,0.0504364694471387,22000000.0,30000000.0,0.029097963142580018,0.33333,0.33333,90000000,90000000,,,1620590953,16:09:13,20210509
30,1990-12-28,CZR,USD,1990-12-28,1990-12-28,FY,1004000000,474000000,531000000,0.5288844621513944,0.0,34000000,0.0,282000000.0,371000000,845000000,-119000000,82100000.0,241100000,0.2401394422310757,159000000,0.15836653386454183,3000000.0,44000000.0,0.043824701195219126,21000000.0,23000000.0,0.022908366533864542,0.29487,0.29487,78000000,78000000,,,1620590953,16:09:13,20210509
31,1989-12-31,CZR,USD,1989-12-31,1989-12-31,FY,945000000,440000000,505000000,0.5343915343915344,0.0,35000000,0.0,265000000.0,350000000,790000000,-26000000,75500000.0,230500000,0.24391534391534392,155000000,0.164021164021164,26000000.0,155000000.0,0.164021164021164,0.0,155000000.0,0.164021164021164,2.01299,2.01299,77000000,77000000,,,1620590953,16:09:13,20210509
32,1988-12-31,CZR,USD,1988-12-31,1988-12-31,FY,866000000,408000000,458000000,0.5288683602771362,0.0,32000000,0.0,245000000.0,322000000,730000000,-24000000,65100000.0,201100000,0.23221709006928407,136000000,0.15704387990762125,18000000.0,129000000.0,0.1489607390300231,0.0,115000000.0,0.13279445727482678,1.49351,1.49351,77000000,77000000,,,1620590953,16:09:13,20210509
33,1987-12-31,CZR,USD,1987-12-31,1987-12-31,FY,798000000,366000000,431000000,0.5401002506265664,0.0,39000000,0.0,197000000.0,281000000,647000000,-20000000,0.0,134000000,0.16792,151000000,0.18922305764411027,24000000.0,155000000.0,0.19423558897243107,0.0,154000000.0,0.19298245614035087,2.0,2.0,77000000,77000000,,,1620590953,16:09:13,20210509
