,date,symbol,reportedCurrency,fillingDate,acceptedDate,period,revenue,costOfRevenue,grossProfit,grossProfitRatio,researchAndDevelopmentExpenses,generalAndAdministrativeExpenses,sellingAndMarketingExpenses,otherExpenses,operatingExpenses,costAndExpenses,interestExpense,depreciationAndAmortization,ebitda,ebitdaratio,operatingIncome,operatingIncomeRatio,totalOtherIncomeExpensesNet,incomeBeforeTax,incomeBeforeTaxRatio,incomeTaxExpense,netIncome,netIncomeRatio,eps,epsdiluted,weightedAverageShsOut,weightedAverageShsOutDil,link,finalLink,timestamp,est_time,est_date
0,2020-06-30,0183.HK,HKD,2020-06-30,2020-06-30,FY,33730000.0,7045000.0,26685000.0,0.7911354876964127,0.0,25942000.0,0.0,3137000.0,0.0,32987000,3759000.0,3456000.0,4199000.0,0.1244885858286392,743000.0,0.02202786836643937,0.0,-154350000.0,-4.576045063741477,1416000.0,-153375000.0,-4.547139045360214,-0.027644469501954354,-0.027644469501954354,5548126000,5548126000,https://www1.hkexnews.hk/search/titlesearch.xhtml,https://www1.hkexnews.hk/search/titlesearch.xhtml,1620584578,14:22:58,20210509
1,2019-06-30,0183.HK,HKD,2019-06-30,2019-06-30,FY,42944000.0,16008000.0,26936000.0,0.6272354694485842,0.0,31650000.0,0.0,3759000.0,0.0,47658000,2787000.0,3356000.0,-1358000.0,-0.0316225782414307,-4714000.0,-0.10977086438152012,0.0,44162000.0,1.028362518628912,1062000.0,42997000.0,1.0012341654247392,0.0077,0.0077,5548126000,5548126000,https://www1.hkexnews.hk/search/titlesearch.xhtml,https://www1.hkexnews.hk/search/titlesearch.xhtml,1620584578,14:22:58,20210509
2,2018-06-30,0183.HK,HKD,2018-06-30,2018-06-30,FY,638065000.0,464260000.0,173805000.0,0.2723938783666241,0.0,30921000.0,0.0,3533000.0,0.0,495181000,2121000.0,2134000.0,145018000.0,0.227277785178626,142884000.0,0.22393329833167466,0.0,255337000.0,0.4001739634676718,45004000.0,145954000.0,0.22874472036548,0.0263,0.0263,5548126000,5548126000,https://www1.hkexnews.hk/search/titlesearch.xhtml,https://www1.hkexnews.hk/search/titlesearch.xhtml,1620584578,14:22:58,20210509
3,2017-06-30,0183.HK,HKD,2017-06-30,2017-06-30,FY,18512000.0,1868000.0,16644000.0,0.8990924805531547,0.0,22445000.0,0.0,0.0,0.0,24280000,801000.0,379000.0,-5389000.0,-0.2911084701815039,-5768000.0,-0.3115816767502161,0.0,8118000.0,0.4385263612791703,1320000.0,7106000.0,0.38385911840968023,0.0020924820529763686,0.002092416125208108,3395967000,3396074000,https://www1.hkexnews.hk/search/titlesearch.xhtml,https://www1.hkexnews.hk/search/titlesearch.xhtml,1620584578,14:22:58,20210509
4,2016-06-30,0183.HK,HKD,2016-06-30,2016-06-30,FY,11607000.0,7571000.0,4036000.0,0.34772120272249507,0.0,28024000.0,0.0,-6928000.0,0.0,34937000,351000.0,815000.0,-22515000.0,-1.9397777203411735,-23330000.0,-2.0099939691565436,0.0,-40872000.0,-3.521323339364177,976000.0,-41259000.0,-3.554665288188162,-0.014314704222107422,-0.014276292752062604,2882281000,2890036000,https://www1.hkexnews.hk/search/titlesearch.xhtml,https://www1.hkexnews.hk/search/titlesearch.xhtml,1620584578,14:22:58,20210509
5,2015-06-30,0183.HK,HKD,2015-06-30,2015-06-30,FY,7236000.0,1255000.0,5981000.0,0.8265616362631288,0.0,22192000.0,220000.0,287000.0,0.0,19825000,588000.0,5272000.0,-7317000.0,-1.0111940298507462,-12589000.0,-1.7397733554449972,0.0,12513000.0,1.7292703150912105,-121000.0,-28580000.0,-3.9496959646213377,-0.008857744560374765,-0.008837093530029266,3226555000,3234095000,https://www1.hkexnews.hk/search/titlesearch.xhtml,https://www1.hkexnews.hk/search/titlesearch.xhtml,1620584578,14:22:58,20210509
6,2014-06-30,0183.HK,HKD,2014-06-30,2014-06-30,FY,560372000.0,362694000.0,197678000.0,0.3527620937520076,0.0,60254000.0,3871000.0,6153000.0,0.0,341051000,5000.0,7818000.0,227139000.0,0.4053360981633629,219321000.0,0.39138465162427816,0.0,44706000.0,0.07977914670968571,34255000.0,10502000.0,0.01874112196897775,0.003,0.003,3478500000,3478500000,https://www1.hkexnews.hk/search/titlesearch.xhtml,https://www1.hkexnews.hk/search/titlesearch.xhtml,1620584578,14:22:58,20210509
7,2013-06-30,0183.HK,HKD,2013-06-30,2013-06-30,FY,100440000.0,37840000.0,62600000.0,0.6232576662684189,0.0,63419000.0,8472000.0,11208000.0,0.0,107715000,3000.0,8369000.0,1094000.0,0.010892074870569495,-7275000.0,-0.07243130227001195,0.0,-190463000.0,-1.8962863401035444,4939000.0,-195402000.0,-1.9454599761051374,-0.0562,-0.0562,3478500000,3478500000,https://www1.hkexnews.hk/search/titlesearch.xhtml,https://www1.hkexnews.hk/search/titlesearch.xhtml,1620584578,14:22:58,20210509
8,2012-06-30,0183.HK,HKD,2012-06-30,2012-06-30,FY,153807000.0,69534000.0,84273000.0,0.5479139440987731,0.0,64683000.0,4947000.0,1929000.0,0.0,136478000,891000.0,6945000.0,24274000.0,0.15782116548661634,17329000.0,0.11266717379573102,3228000.0,29850000.0,0.1940743919327469,5631000.0,24219000.0,0.15746357447970508,0.007,0.007,3478500000,3478500000,https://www1.hkexnews.hk/search/titlesearch.xhtml,https://www1.hkexnews.hk/search/titlesearch.xhtml,1620584578,14:22:58,20210509
9,2011-06-30,0183.HK,HKD,2011-06-30,2011-06-30,FY,485304000.0,203677000.0,281627000.0,0.5803104857985922,0.0,77597000.0,9050000.0,0.0,0.0,282251000,1000.0,2939000.0,205992000.0,0.42445972009297267,203053000.0,0.41840372220299027,0.0,203052000.0,0.41840166163889025,35142000.0,167903000.0,0.34597489408700527,0.0518,0.0517,3239322000,3244549000,https://www1.hkexnews.hk/search/titlesearch.xhtml,https://www1.hkexnews.hk/search/titlesearch.xhtml,1620584578,14:22:58,20210509
10,2010-06-30,0183.HK,HKD,2010-06-30,2010-06-30,FY,310709000.0,106727000.0,203982000.0,0.6565049612338233,0.0,35420000.0,5092000.0,0.0,0.0,145188000,5000.0,1559000.0,167080000.0,0.5377378833570962,165521000.0,0.5327203267365928,0.0,165517000.0,0.532707452954372,25868000.0,140437000.0,0.45198883843081467,0.048,0.048,2928500000,2928500000,https://www1.hkexnews.hk/search/titlesearch.xhtml,https://www1.hkexnews.hk/search/titlesearch.xhtml,1620584578,14:22:58,20210509
11,2009-06-30,0183.HK,HKD,2009-06-30,2009-06-30,FY,118399000.0,64498000.0,53901000.0,0.45524877743899866,0.0,20869000.0,3529000.0,0.0,0.0,83792000,0.0,735000.0,35342000.0,0.29849914272924605,34607000.0,0.29229132002804076,0.0,34607000.0,0.29229132002804076,10980000.0,23627000.0,0.19955405028758688,0.0081,0.0081,2928500000,2928500000,https://www1.hkexnews.hk/search/titlesearch.xhtml,https://www1.hkexnews.hk/search/titlesearch.xhtml,1620584578,14:22:58,20210509
12,2008-03-31,0183.HK,HKD,2008-03-31,2008-03-31,FY,143155000.0,88046000.0,55109000.0,0.3849603576542908,0.0,15079000.0,10102000.0,0.0,0.0,106415000,2587000.0,411000.0,37151000.0,0.25951590932904894,36740000.0,0.25664489539310537,0.0,34153000.0,0.23857357409800567,6496000.0,27657000.0,0.1931961859522895,0.0106,0.0106,2605781421,2605781421,https://www1.hkexnews.hk/search/titlesearch.xhtml,https://www1.hkexnews.hk/search/titlesearch.xhtml,1620584578,14:22:58,20210509
13,2007-03-31,0183.HK,HKD,2007-03-31,2007-03-31,FY,89939000.0,62467000.0,27472000.0,0.30545147266480616,0.0,20688000.0,19193000.0,0.0,0.0,101081000,53000.0,734000.0,-10408000.0,-0.11572287884010274,-11142000.0,-0.12388396579904157,0.0,-11195000.0,-0.1244732540944418,458000.0,-11653000.0,-0.1295655944584663,-0.007144,-0.007144,1631251472,1631251472,https://www1.hkexnews.hk/search/titlesearch.xhtml,https://www1.hkexnews.hk/search/titlesearch.xhtml,1620584578,14:22:58,20210509
14,2006-03-31,0183.HK,HKD,2006-03-31,2006-03-31,FY,70913000.0,38576000.0,32337000.0,0.45600947640066,0.0,16277000.0,23031000.0,0.0,0.0,77884000,508000.0,1737000.0,-5234000.0,-0.07380875156882377,-6971000.0,-0.09830355506042615,0.0,-5300000.0,-0.07473946949078449,100000.0,-5359000.0,-0.07557147490587057,-0.013,-0.013,412230769,412230769,https://www1.hkexnews.hk/search/titlesearch.xhtml,https://www1.hkexnews.hk/search/titlesearch.xhtml,1620584578,14:22:58,20210509
15,2005-03-31,0183.HK,HKD,2005-03-31,2005-03-31,FY,69893000.0,36628000.0,33265000.0,0.4759417967464553,0.0,19494000.0,23596000.0,0.0,0.0,79718000,584000.0,1742000.0,-8083000.0,-0.11564820511353069,-9825000.0,-0.14057201722633167,0.0,-9728000.0,-0.1391841815346315,223000.0,-10045000.0,-0.14371968580544547,-0.0251,-0.0251,400000000,400000000,https://www1.hkexnews.hk/search/titlesearch.xhtml,https://www1.hkexnews.hk/search/titlesearch.xhtml,1620584578,14:22:58,20210509
16,2004-03-31,0183.HK,HKD,2004-03-31,2004-03-31,FY,65847000.0,34318000.0,31529000.0,0.4788221179400732,0.0,13146000.0,17797000.0,0.0,0.0,65261000,499000.0,1498000.0,2084000.0,0.03164912600422191,586000.0,0.008899418348595988,0.0,644000.0,0.009780248151016751,281000.0,1139000.0,0.017297674913056022,0.0019,0.0019,400000000,400000000,https://www1.hkexnews.hk/search/titlesearch.xhtml,https://www1.hkexnews.hk/search/titlesearch.xhtml,1620584578,14:22:58,20210509
17,2003-03-31,0183.HK,HKD,2003-03-31,2003-03-31,FY,59564000.0,28989000.0,30575000.0,0.5133134107850379,0.0,10564000.0,17595000.0,0.0,0.0,57148000,660000.0,1481000.0,3897000.0,0.06542542475320663,2416000.0,0.04056141293398697,0.0,2253000.0,0.03782486065408636,542000.0,1681000.0,0.02822174467799342,0.0044,0.0044,382045455,382045455,https://www1.hkexnews.hk/search/titlesearch.xhtml,https://www1.hkexnews.hk/search/titlesearch.xhtml,1620584578,14:22:58,20210509
18,2002-03-31,0183.HK,HKD,2002-03-31,2002-03-31,FY,49587000.0,18416000.0,31171000.0,0.628612337911146,0.0,10793000.0,17899000.0,0.0,0.0,47108000,381000.0,0.0,2723000.0,0.05491358622219533,2479000.0,0.04999294169842902,0.0,2342000.0,0.047230120797789744,422000.0,1920000.0,0.038719825760784074,0.0069,0.0069,400000000,400000000,https://www1.hkexnews.hk/search/titlesearch.xhtml,https://www1.hkexnews.hk/search/titlesearch.xhtml,1620584578,14:22:58,20210509
19,2001-03-31,0183.HK,HKD,2001-03-31,2001-03-31,FY,38502000.0,14139000.0,24363000.0,0.6327723235156615,0.0,7387000.0,14329000.0,0.0,0.0,35855000,450000.0,0.0,2729000.0,0.07087943483455406,2647000.0,0.0687496753415407,0.0,2279000.0,0.05919173029972469,410000.0,1869000.0,0.04854293283465794,0.0067,0.0067,278955224,278955224,https://www1.hkexnews.hk/search/titlesearch.xhtml,https://www1.hkexnews.hk/search/titlesearch.xhtml,1620584578,14:22:58,20210509
