,date,symbol,reportedCurrency,fillingDate,acceptedDate,period,revenue,costOfRevenue,grossProfit,grossProfitRatio,researchAndDevelopmentExpenses,generalAndAdministrativeExpenses,sellingAndMarketingExpenses,otherExpenses,operatingExpenses,costAndExpenses,interestExpense,depreciationAndAmortization,ebitda,ebitdaratio,operatingIncome,operatingIncomeRatio,totalOtherIncomeExpensesNet,incomeBeforeTax,incomeBeforeTaxRatio,incomeTaxExpense,netIncome,netIncomeRatio,eps,epsdiluted,weightedAverageShsOut,weightedAverageShsOutDil,link,finalLink,timestamp,est_time,est_date
0,2020-12-31,3608.HK,CNY,2020-12-31,2020-12-31,FY,361936000,249563000,112373000,0.31047754299102603,0.0,35508000,1428000.0,1654000.0,0.0,283096000,1785000.0,0.0,90736000,0.25069625569161397,78840000,0.24472282392467176,0.0,88574000,0.24472282392467176,17431000.0,72685000,0.20082279740064543,0.10437023706150345,0.10437023706150345,696415013,696415013,https://www1.hkexnews.hk/search/titlesearch.xhtml,https://www1.hkexnews.hk/search/titlesearch.xhtml,1620585610,14:40:10,20210509
1,2019-12-31,3608.HK,CNY,2019-12-31,2019-12-31,FY,306539000,204085000,102454000,0.3342282711172151,0.0,44340000,3881000.0,1023000.0,47513000.0,251598000,1005000.0,27496000.0,82437000,0.2689282603518639,54941000,0.1792300490312815,0.0,68610000,0.2238214387076359,17597000.0,113895000,0.37155141760102306,0.164,0.162,696415013,704725618,https://www1.hkexnews.hk/search/titlesearch.xhtml,https://www1.hkexnews.hk/search/titlesearch.xhtml,1620585610,14:40:10,20210509
2,2018-12-31,3608.HK,CNY,2018-12-31,2018-12-31,FY,680180000,523403000,156777000,0.23049339880619835,0.0,64119000,10760000.0,1590000.0,70225000.0,593628000,1537000.0,22225000.0,108777000,0.1599238436884354,86552000,0.12724866946984623,0.0,105450000,0.15503249139933548,18771000.0,80751000,0.11872004469405158,0.204,0.199,396339902,406160925,https://www1.hkexnews.hk/search/titlesearch.xhtml,https://www1.hkexnews.hk/search/titlesearch.xhtml,1620585610,14:40:10,20210509
3,2017-12-31,3608.HK,CNY,2017-12-31,2017-12-31,FY,647811000,467652000,180159000,0.27810426189119974,0.0,66262000,7857000.0,893000.0,71346000.0,538998000,766000.0,16916000.0,125729000,0.1940828420635031,108813000,0.16797028763018843,0.0,120797000,0.18646951039732268,22347000.0,92144000,0.1422390172442271,0.23,0.227,400077133,406274788,https://www1.hkexnews.hk/search/titlesearch.xhtml,https://www1.hkexnews.hk/search/titlesearch.xhtml,1620585610,14:40:10,20210509
4,2016-12-31,3608.HK,CNY,2016-12-31,2016-12-31,FY,580651000,413446000,167205000,0.2879612710561077,0.0,59450000,9346000.0,570000.0,67371000.0,480817000,1350000.0,16015000.0,115849000,0.19951571598085596,99834000,0.1719346044353665,0.0,110282000,0.1899282012775316,21711000.0,79128000,0.13627462968289042,0.198,0.197,400000000,401723950,https://www1.hkexnews.hk/search/titlesearch.xhtml,https://www1.hkexnews.hk/search/titlesearch.xhtml,1620585610,14:40:10,20210509
5,2015-12-31,3608.HK,CNY,2015-12-31,2015-12-31,FY,491165000,349742000,141423000,0.28793379007054654,0.0,57435000,8544000.0,439000.0,63418000.0,413160000,975000.0,175000.0,78180000,0.15917257947940103,78005000,0.15881628373357223,0.0,82371000,0.16770535359807803,18578000.0,56230000,0.1144829130740179,0.141,0.14,400000000,402173120,https://www1.hkexnews.hk/search/titlesearch.xhtml,https://www1.hkexnews.hk/search/titlesearch.xhtml,1620585610,14:40:10,20210509
6,2014-12-31,3608.HK,CNY,2014-12-31,2014-12-31,FY,1379008000,1237089000,141919000,0.10291383371234974,0.0,51978000,19593000.0,1084000.0,69519000.0,1306608000,5266000.0,437000.0,72837000,0.052818402793892424,72400000,0.05250150833062607,0.0,69877000,0.05067193228755743,12843000.0,47897000,0.034732938460110455,0.12,0.12,400000000,400000000,https://www1.hkexnews.hk/search/titlesearch.xhtml,https://www1.hkexnews.hk/search/titlesearch.xhtml,1620585610,14:40:10,20210509
7,2013-12-31,3608.HK,CNY,2013-12-31,2013-12-31,FY,1767423000,1638586000,128837000,0.07289539629166306,0.0,42360000,16075000.0,1429000.0,54731000.0,1693317000,20630000.0,437000.0,74543000,0.04217609480016951,74106000,0.041928842161723594,0.0,65102000,0.036834419377817305,16577000.0,40024000,0.02264539954498725,0.13,0.13,309589041,309589041,https://www1.hkexnews.hk/search/titlesearch.xhtml,https://www1.hkexnews.hk/search/titlesearch.xhtml,1620585610,14:40:10,20210509
8,2012-12-31,3608.HK,CNY,2012-12-31,2012-12-31,FY,2210853000,2101708000,109145000,0.049367823188606386,0.0,24546000,22693000.0,458000.0,45769000.0,2147477000,41339000.0,437000.0,63813000,0.028863520098351178,63376000,0.02866585883367189,0.0,39048000,0.017661961243013443,6061000.0,23173000,0.010481474797284125,0.08,0.08,300000000,300000000,https://www1.hkexnews.hk/search/titlesearch.xhtml,https://www1.hkexnews.hk/search/titlesearch.xhtml,1620585610,14:40:10,20210509
