,date,symbol,reportedCurrency,fillingDate,acceptedDate,period,revenue,costOfRevenue,grossProfit,grossProfitRatio,researchAndDevelopmentExpenses,generalAndAdministrativeExpenses,sellingAndMarketingExpenses,otherExpenses,operatingExpenses,costAndExpenses,interestExpense,depreciationAndAmortization,ebitda,ebitdaratio,operatingIncome,operatingIncomeRatio,totalOtherIncomeExpensesNet,incomeBeforeTax,incomeBeforeTaxRatio,incomeTaxExpense,netIncome,netIncomeRatio,eps,epsdiluted,weightedAverageShsOut,weightedAverageShsOutDil,link,finalLink,timestamp,est_time,est_date
0,2020-08-31,HINT.L,GBP,2020-08-31,2020-08-31,FY,-8332000.0,0.0,0.0,0.0,0.0,497000.0,114000.0,0.0,615000.0,0.0,727000.0,0.0,0.0,0.0,0.0,1.0738118098895824,0.0,-8947000.0,1.0738118098895824,1406000.0,-10353000.0,1.2425588094095055,-0.0538,-0.0538,192134317,192134317,https://find-and-update.company-information.service.gov.uk/search/companies?q=Henderson+International+Income+Trust+PLC,https://find-and-update.company-information.service.gov.uk/search/companies?q=Henderson+International+Income+Trust+PLC,1620593104,16:45:04,20210509
1,2019-08-31,HINT.L,GBP,2019-08-31,2019-08-31,FY,7904000.0,0.0,0.0,0.0,0.0,449000.0,108000.0,0.0,560000.0,0.0,258000.0,0.0,0.0,0.0,0.0,0.9291497975708503,0.0,7344000.0,0.9291497975708503,1393000.0,5951000.0,0.75290991902834,0.0331,0.0331,179379411,179379411,https://find-and-update.company-information.service.gov.uk/search/companies?q=Henderson+International+Income+Trust+PLC,https://find-and-update.company-information.service.gov.uk/search/companies?q=Henderson+International+Income+Trust+PLC,1620593104,16:45:04,20210509
2,2018-08-31,HINT.L,GBP,2018-08-31,2018-08-31,FY,18398000.0,0.0,0.0,0.0,0.0,465000.0,94000.0,0.0,559000.0,0.0,56000.0,0.0,0.0,0.0,0.0,0.9696162626372432,0.0,17839000.0,0.9696162626372432,1453000.0,16386000.0,0.890640286987716,0.093,0.093,176164731,176164731,https://find-and-update.company-information.service.gov.uk/search/companies?q=Henderson+International+Income+Trust+PLC,https://find-and-update.company-information.service.gov.uk/search/companies?q=Henderson+International+Income+Trust+PLC,1620593104,16:45:04,20210509
3,2017-08-31,HINT.L,GBP,2017-08-31,2017-08-31,FY,44404000.0,0.0,0.0,0.0,0.0,441000.0,89000.0,0.0,530000.0,0.0,68000.0,0.0,0.0,0.0,0.0,0.988064138365913,0.0,43874000.0,0.988064138365913,1038000.0,42836000.0,0.9646878659580218,0.2712,0.2712,157944441,157944441,https://find-and-update.company-information.service.gov.uk/search/companies?q=Henderson+International+Income+Trust+PLC,https://find-and-update.company-information.service.gov.uk/search/companies?q=Henderson+International+Income+Trust+PLC,1620593104,16:45:04,20210509
4,2016-08-31,HINT.L,GBP,2016-08-31,2016-08-31,FY,38776000.0,0.0,0.0,0.0,0.0,341000.0,54000.0,0.0,395000.0,0.0,107000.0,0.0,0.0,0.0,0.0,0.9898132865690118,0.0,38381000.0,0.9898132865690118,811000.0,37570000.0,0.9688982876005777,0.3526,0.3526,106540906,106540906,https://find-and-update.company-information.service.gov.uk/search/companies?q=Henderson+International+Income+Trust+PLC,https://find-and-update.company-information.service.gov.uk/search/companies?q=Henderson+International+Income+Trust+PLC,1620593104,16:45:04,20210509
5,2015-08-31,HINT.L,GBP,2015-08-31,2015-08-31,FY,2511000.0,0.0,0.0,0.0,0.0,350000.0,0.0,0.0,350000.0,0.0,93000.0,0.0,0.0,0.0,0.0,0.8606133014735166,0.0,2161000.0,0.8606133014735166,493000.0,1668000.0,0.6642771804062126,0.0216,0.0216,77267337,77267337,https://find-and-update.company-information.service.gov.uk/search/companies?q=Henderson+International+Income+Trust+PLC,https://find-and-update.company-information.service.gov.uk/search/companies?q=Henderson+International+Income+Trust+PLC,1620593104,16:45:04,20210509
6,2014-08-31,HINT.L,GBP,2014-08-31,2014-08-31,FY,7835000.0,0.0,0.0,0.0,0.0,302000.0,0.0,0.0,302000.0,0.0,139000.0,0.0,0.0,0.0,0.0,0.9614550095724314,0.0,7533000.0,0.9614550095724314,456000.0,7077000.0,0.9032546266751755,0.1158,0.115,61101252,61526567,https://find-and-update.company-information.service.gov.uk/search/companies?q=Henderson+International+Income+Trust+PLC,https://find-and-update.company-information.service.gov.uk/search/companies?q=Henderson+International+Income+Trust+PLC,1620593104,16:45:04,20210509
7,2013-08-31,HINT.L,GBP,2013-08-31,2013-08-31,FY,9217000.0,0.0,0.0,0.0,0.0,302000.0,0.0,0.0,302000.0,0.0,86000.0,0.0,0.0,0.0,0.0,0.967234458066616,0.0,8915000.0,0.967234458066616,285000.0,8630000.0,0.9363133340566345,0.1819,0.1788,47434946,48257132,https://find-and-update.company-information.service.gov.uk/search/companies?q=Henderson+International+Income+Trust+PLC,https://find-and-update.company-information.service.gov.uk/search/companies?q=Henderson+International+Income+Trust+PLC,1620593104,16:45:04,20210509
8,2012-08-31,HINT.L,GBP,2012-08-31,2012-08-31,FY,2348000.0,0.0,0.0,0.0,0.0,349000.0,0.0,0.0,349000.0,0.0,4000.0,0.0,0.0,0.0,0.0,0.8513628620102215,0.0,1999000.0,0.8513628620102215,344000.0,1655000.0,0.704855195911414,0.0385,0.0385,42947148,42947148,https://find-and-update.company-information.service.gov.uk/search/companies?q=Henderson+International+Income+Trust+PLC,https://find-and-update.company-information.service.gov.uk/search/companies?q=Henderson+International+Income+Trust+PLC,1620593104,16:45:04,20210509
9,2012-02-29,HINT.L,GBP,2012-02-29,2012-02-29,FY,0.0,0.0,0.0,0.0,0.0,0.0,0.0,0.0,0.0,0.0,0.0,0.0,0.0,0.0,0.0,0.0,0.0,0.0,0.0,0.0,0.0,0.0,0.0014,0.0014,42153571,42153571,https://find-and-update.company-information.service.gov.uk/search/companies?q=Henderson+International+Income+Trust+PLC,https://find-and-update.company-information.service.gov.uk/search/companies?q=Henderson+International+Income+Trust+PLC,1620593104,16:45:04,20210509
