,date,symbol,reportedCurrency,fillingDate,acceptedDate,period,revenue,costOfRevenue,grossProfit,grossProfitRatio,researchAndDevelopmentExpenses,generalAndAdministrativeExpenses,sellingAndMarketingExpenses,otherExpenses,operatingExpenses,costAndExpenses,interestExpense,depreciationAndAmortization,ebitda,ebitdaratio,operatingIncome,operatingIncomeRatio,totalOtherIncomeExpensesNet,incomeBeforeTax,incomeBeforeTaxRatio,incomeTaxExpense,netIncome,netIncomeRatio,eps,epsdiluted,weightedAverageShsOut,weightedAverageShsOutDil,link,finalLink,timestamp,est_time,est_date
0,2020-06-30,ARAY,USD,2020-08-25,2020-08-25 16:28:33,FY,382928000.0,233207000.0,149721000.0,0.39098995111352525,49784000.0,40144000.0,47254000.0,759000.0,137182000.0,370389000.0,18080000.0,7541000.0,20080000.0,0.05243805624033761,12539000.0,0.03274505912338612,11231000.0,5690000.0,0.014859190239418377,1863000.0,3827000.0,0.009994045878076296,0.04,0.03,89874000,90623000,https://www.sec.gov/Archives/edgar/data/1138723/000156459020041201/0001564590-20-041201-index.htm,https://www.sec.gov/Archives/edgar/data/1138723/000156459020041201/aray-10k_20200630.htm,1620588677,15:31:17,20210509
1,2019-06-30,ARAY,USD,2019-08-23 00:00:00,2019-08-23 16:57:06,FY,418785000.0,256134000.0,162651000.0,0.388387836240553,56493000.0,49577000.0,55998000.0,822000.0,162068000.0,418202000.0,15084000.0,10491000.0,11074000.0,0.026443162959513832,583000.0,0.0013921224494669103,157000.0,-14344000.0,-0.03425146554914813,2086000.0,-16430000.0,-0.03923254175770383,-0.19,-0.19,87465000,87465000,https://www.sec.gov/Archives/edgar/data/1138723/000156459019032909/0001564590-19-032909-index.html,https://www.sec.gov/Archives/edgar/data/1138723/000156459019032909/aray-10k_20190630.htm,1620588677,15:31:17,20210509
2,2018-06-30,ARAY,USD,2018-08-24 00:00:00,2018-08-24 16:11:57,FY,404897000.0,243202000.0,161695000.0,0.3993484762791525,57251000.0,48136000.0,60105000.0,-3279000.0,165492000.0,408694000.0,14959000.0,9732000.0,5935000.0,0.014658048837111661,-3797000.0,-0.00937769358627009,-4265000.0,-23021000.0,-0.05685643509336943,878000.0,-23899000.0,-0.05902488781097415,-0.28,-0.28,84893000,84893000,https://www.sec.gov/Archives/edgar/data/1138723/000156459018022303/0001564590-18-022303-index.html,https://www.sec.gov/Archives/edgar/data/1138723/000156459018022303/aray-10k_20180630.htm,1620588677,15:31:17,20210509
3,2017-06-30,ARAY,USD,2017-08-25 00:00:00,2017-08-25 17:31:58,FY,383414000.0,242073000.0,141341000.0,0.36863807790012887,49921000.0,43766000.0,57477000.0,-149000.0,151164000.0,393237000.0,17302000.0,18043000.0,8220000.0,0.021438966756560793,-9823000.0,-0.025619826088770885,-1416000.0,-28541000.0,-0.07443911802907562,1038000.0,-29579000.0,-0.07714637441512308,-0.36,-0.36,82495000,82495000,https://www.sec.gov/Archives/edgar/data/1138723/000104746917005403/0001047469-17-005403-index.html,https://www.sec.gov/Archives/edgar/data/1138723/000104746917005403/a2233072z10-k.htm,1620588677,15:31:17,20210509
4,2016-06-30,ARAY,USD,2016-08-24,2016-08-24 16:07:31,FY,398800000.0,240087000.0,158713000.0,0.3979764292878636,56652000.0,50122000.0,56812000.0,1179000.0,163586000.0,403673000.0,17460000.0,18296000.0,13423000.0,0.03365847542627884,-4873000.0,-0.012219157472417252,-835000.0,-23168000.0,-0.058094282848545634,2336000.0,-25504000.0,-0.0639518555667001,-0.32,-0.32,80509000,80509000,https://www.sec.gov/Archives/edgar/data/1138723/000104746916015108/a2229520z10-k.htm,https://www.sec.gov/Archives/edgar/data/1138723/000104746916015108/a2229520z10-k.htm,1620588677,15:31:17,20210509
5,2015-06-30,ARAY,USD,2015-08-28 00:00:00,2015-08-28 08:32:06,FY,379801000.0,234399000.0,145402000.0,0.3828373279691207,55752000.0,46379000.0,62440000.0,448000.0,164571000.0,398970000.0,16518000.0,19493000.0,324000.0,0.0008530783225952538,-19169000.0,-0.05047116779576673,-2103000.0,-37790000.0,-0.09949947472492174,2419000.0,-40209000.0,-0.10586859960874247,-0.51,-0.51,78277000,78277000,https://www.sec.gov/Archives/edgar/data/1138723/000104746915007028/0001047469-15-007028-index.html,https://www.sec.gov/Archives/edgar/data/1138723/000104746915007028/a2225792z10-k.htm,1620588677,15:31:17,20210509
6,2014-06-30,ARAY,USD,2014-08-29 00:00:00,2014-08-29 16:05:18,FY,369419000.0,226619000.0,142800000.0,0.38655293853321027,53724000.0,45335000.0,61885000.0,162000.0,160944000.0,387563000.0,14287000.0,20564000.0,2420000.0,0.00655082710959642,-18144000.0,-0.049114961601866715,71000.0,-32360000.0,-0.08759701044071908,3088000.0,-35448000.0,-0.09595608238883219,-0.47,-0.47,75804000,75804000,https://www.sec.gov/Archives/edgar/data/1138723/000104746914007280/0001047469-14-007280-index.html,https://www.sec.gov/Archives/edgar/data/1138723/000104746914007280/a2221251z10-k.htm,1620588677,15:31:17,20210509
7,2013-06-30,ARAY,USD,2013-08-29 00:00:00,2013-08-29 15:47:43,FY,315974000.0,218334000.0,97640000.0,0.30901276687322377,66197000.0,57726000.0,54372000.0,-252000.0,178295000.0,396629000.0,10378000.0,25564000.0,-55091000.0,-0.17435295309107712,-80655000.0,-0.2552583440409654,-2755000.0,-93788000.0,-0.2968218904087045,3573000.0,-103219000.0,-0.3266692829156829,-1.41,-1.41,73281000,73281000,https://www.sec.gov/Archives/edgar/data/1138723/000104746913008757/0001047469-13-008757-index.html,https://www.sec.gov/Archives/edgar/data/1138723/000104746913008757/a2216404z10-k.htm,1620588677,15:31:17,20210509
8,2012-06-30,ARAY,USD,2012-09-10 00:00:00,2012-09-07 20:25:23,FY,409223000.0,271951000.0,137272000.0,0.3354454661639253,87114000.0,58598000.0,54547000.0,0.0,200259000.0,472210000.0,7811000.0,32592000.0,-30395000.0,-0.07427490634690621,-62987000.0,-0.1539185236411443,-5420000.0,-75858000.0,-0.18537081249098902,2595000.0,-72042000.0,-0.176045823426347,-1.02,-1.02,70887000,70887000,https://www.sec.gov/Archives/edgar/data/1138723/000104746912008730/0001047469-12-008730-index.html,https://www.sec.gov/Archives/edgar/data/1138723/000104746912008730/a2210941z10-k.htm,1620588677,15:31:17,20210509
9,2011-06-30,ARAY,USD,2011-09-19 00:00:00,2011-09-19 17:29:26,FY,222284000.0,115042000.0,107242000.0,0.48245487754404276,41687000.0,56657000.0,37181000.0,0.0,135525000.0,250567000.0,23000.0,7566000.0,-20717000.0,-0.09320059023591441,-28283000.0,-0.12723812780047147,1768000.0,-25995000.0,-0.11694498929297656,1116000.0,-26682000.0,-0.12003563009483363,-0.44,-0.44,60085000,60085000,https://www.sec.gov/Archives/edgar/data/1138723/000104746911008120/0001047469-11-008120-index.html,https://www.sec.gov/Archives/edgar/data/1138723/000104746911008120/a2205595z10-k.htm,1620588677,15:31:17,20210509
10,2010-06-30,ARAY,USD,2010-09-01 00:00:00,2010-08-31 19:15:39,FY,221625000.0,117607000.0,104018000.0,0.4693423575860124,31523000.0,35472000.0,34187000.0,0.0,101182000.0,218789000.0,32000.0,7122000.0,9958000.0,0.0449317540891145,2836000.0,0.01279639029892837,-1780000.0,2837000.0,0.012800902425267907,-4000.0,2841000.0,0.012818950930626058,0.049357192494788045,0.04719974747055208,57560000,60191000,https://www.sec.gov/Archives/edgar/data/1138723/000104746910007812/0001047469-10-007812-index.html,https://www.sec.gov/Archives/edgar/data/1138723/000104746910007812/a2199984z10-k.htm,1620588677,15:31:17,20210509
11,2009-06-30,ARAY,USD,2009-09-09 00:00:00,2009-09-08 21:52:00,FY,233598000.0,118308000.0,115290000.0,0.49354018441938713,35992000.0,36223000.0,45493000.0,0.0,117708000.0,236016000.0,10000.0,6651000.0,4233000.0,0.01812087432255413,-2418000.0,-0.010351116019828938,-774000.0,664000.0,0.0028424900898124127,55000.0,609000.0,0.00260704286851771,0.010990200855394943,0.010369664050128556,55413000,58729000,https://www.sec.gov/Archives/edgar/data/1138723/000104746909008217/0001047469-09-008217-index.html,https://www.sec.gov/Archives/edgar/data/1138723/000104746909008217/a2194315z10-k.htm,1620588677,15:31:17,20210509
12,2009-06-27,ARAY,USD,2009-09-09 00:00:00,2009-09-08 21:52:00,FY,233598000.0,118308000.0,115290000.0,0.49354018441938713,35992000.0,-9270000.0,45493000.0,3082000.0,117708000.0,236016000.0,0.0,6651000.0,4233000.0,0.01812087432255413,-2418000.0,-0.010351116019828938,3082000.0,664000.0,0.0028424900898124127,55000.0,609000.0,0.00260704286851771,0.010990200855394943,0.010369664050128556,55413000,58729000,https://www.sec.gov/Archives/edgar/data/1138723/000104746909008217/0001047469-09-008217-index.html,https://www.sec.gov/Archives/edgar/data/1138723/000104746909008217/a2194315z10-k.htm,1620588677,15:31:17,20210509
13,2008-06-30,ARAY,USD,2008-09-10 00:00:00,2008-09-10 17:29:23,FY,210381000.0,103429000.0,106952000.0,0.5083729043972602,32880000.0,0.0,0.0,0.0,107886000.0,211315000.0,0.0,7688000.0,6754000.0,0.03210365955100508,-934000.0,-0.004439564409333543,0.0,6250000.0,0.02970800595110775,867000.0,5383000.0,0.025586911365570085,0.1,0.09,54531000,60434000,https://www.sec.gov/Archives/edgar/data/1138723/000104746908009989/0001047469-08-009989-index.html,https://www.sec.gov/Archives/edgar/data/1138723/000104746908009989/a2187725z10-k.htm,1620588677,15:31:17,20210509
14,2008-06-28,ARAY,USD,2008-09-10 00:00:00,2008-09-10 17:29:23,FY,210381000.0,103429000.0,106952000.0,0.5083729043972602,32880000.0,-10446000.0,42726000.0,7184000.0,107886000.0,211315000.0,-7184000.0,7688000.0,6754000.0,0.03210365955100508,-934000.0,-0.004439564409333543,7184000.0,6250000.0,0.02970800595110775,867000.0,5383000.0,0.025586911365570085,0.09871449267389192,0.08907237647681769,54531000,60434000,https://www.sec.gov/Archives/edgar/data/1138723/000104746908009989/0001047469-08-009989-index.html,https://www.sec.gov/Archives/edgar/data/1138723/000104746908009989/a2187725z10-k.htm,1620588677,15:31:17,20210509
15,2007-06-30,ARAY,USD,2007-09-04 00:00:00,2007-08-31 22:00:20,FY,140452000.0,60413000.0,80039000.0,0.5698672856207103,26775000.0,0.0,0.0,0.0,88579000.0,148992000.0,0.0,6246000.0,-2294000.0,-0.016332982086406742,-8540000.0,-0.060803690940677245,-380000.0,-5010000.0,-0.03567054936917951,1444000.0,-5616000.0,-0.03998519067012218,-0.18,-0.18,30764000,30764000,https://www.sec.gov/Archives/edgar/data/1138723/000110465907066624/0001104659-07-066624-index.html,https://www.sec.gov/Archives/edgar/data/1138723/000110465907066624/a07-22477_110k.htm,1620588677,15:31:17,20210509
16,2006-06-30,ARAY,USD,2006-06-30,2006-06-30,FY,52897000.0,27492000.0,25405000.0,0.4802729833449912,17788000.0,0.0,0.0,0.0,58897000.0,86389000.0,0.0,3806000.0,-29686000.0,-0.5612038489895457,-33492000.0,-0.6331549993383367,0.0,-33436000.0,-0.6320963381666257,258000.0,-33694000.0,-0.6369737414220088,-2.11,-2.11,15997000,15997000,,,1620588677,15:31:17,20210509
17,2005-06-30,ARAY,USD,2005-06-30,2005-06-30,FY,22377000.0,11115000.0,11262000.0,0.5032846226035662,11655000.0,0.0,0.0,0.0,36145000.0,47260000.0,0.0,2080000.0,-22803000.0,-1.019037404477812,-24883000.0,-1.111989989721589,0.0,-25121000.0,-1.1226259105331367,68000.0,-25189000.0,-1.1256647450507218,-1.76,-1.76,14283000,14283000,,,1620588677,15:31:17,20210509
18,2004-06-30,ARAY,USD,2004-06-30,2004-06-30,FY,19569000.0,0.0,0.0,0.0,0.0,0.0,0.0,0.0,0.0,0.0,0.0,0.0,19569000.0,1.0,19569000.0,1.0,0.0,0.0,0.0,0.0,-11696000.0,-0.5976800040880985,-0.03,-0.03,11737000,11737000,,,1620588677,15:31:17,20210509
19,2003-06-30,ARAY,USD,2003-06-30,2003-06-30,FY,2710000.0,3027000.0,-317000.0,-0.11697416974169741,5844000.0,0.0,6710000.0,0.0,15569000.0,18596000.0,0.0,0.0,-15886000.0,-5.861992619926199,-15886000.0,-5.861992619926199,0.0,-15840000.0,-5.845018450184502,0.0,-15840000.0,-5.845018450184502,-1.53,-1.53,10608000,10608000,,,1620588677,15:31:17,20210509
20,2002-06-30,ARAY,USD,2002-06-30,2002-06-30,FY,19354000.0,0.0,0.0,0.0,0.0,0.0,0.0,0.0,0.0,0.0,0.0,0.0,19354000.0,1.0,19354000.0,1.0,0.0,-5797000.0,-0.2995246460679963,0.0,0.0,0.0,-1.21,-1.21,10563000,10563000,,,1620588677,15:31:17,20210509
