,date,symbol,reportedCurrency,fillingDate,acceptedDate,period,revenue,costOfRevenue,grossProfit,grossProfitRatio,researchAndDevelopmentExpenses,generalAndAdministrativeExpenses,sellingAndMarketingExpenses,otherExpenses,operatingExpenses,costAndExpenses,interestExpense,depreciationAndAmortization,ebitda,ebitdaratio,operatingIncome,operatingIncomeRatio,totalOtherIncomeExpensesNet,incomeBeforeTax,incomeBeforeTaxRatio,incomeTaxExpense,netIncome,netIncomeRatio,eps,epsdiluted,weightedAverageShsOut,weightedAverageShsOutDil,link,finalLink,timestamp,est_time,est_date
0,2020-03-31,8213.HK,HKD,2020-03-31,2020-03-31,FY,188125000,71862000,116263000,0.6180093023255814,0.0,0.0,0.0,0.0,124317000,196179000,4060000.0,22854000.0,14800000.0,0.07867109634551495,-8054000.0,-0.04281196013289037,0.0,-22486000.0,-0.11952691029900332,667000.0,-22967000.0,-0.12208372093023256,-0.0055,-0.0055,4166175000,4166175000,https://www1.hkexnews.hk/search/titlesearch.xhtml,https://www1.hkexnews.hk/search/titlesearch.xhtml,1620585843,14:44:03,20210509
1,2019-03-31,8213.HK,HKD,2019-03-31,2019-03-31,FY,251792000,87249000,164543000,0.6534877994535172,0.0,0.0,0.0,1390000.0,180843000,268092000,4248000.0,9564000.0,-6736000.0,-0.026752239944080828,-16300000.0,-0.0647359725487704,0.0,-75362000.0,-0.29930259897057887,1363000.0,-75916000.0,-0.30150282773082543,-0.0182,-0.0182,4166175000,4166175000,https://www1.hkexnews.hk/search/titlesearch.xhtml,https://www1.hkexnews.hk/search/titlesearch.xhtml,1620585843,14:44:03,20210509
2,2018-03-31,8213.HK,HKD,2018-03-31,2018-03-31,FY,305543000,103075000,202468000,0.6626497743361818,0.0,0.0,0.0,0.0,225220000,328295000,2089000.0,17473000.0,-5279000.0,-0.017277437218329333,-22752000.0,-0.07446415070873821,0.0,-34262000.0,-0.11213478953862467,4521000.0,-37687000.0,-0.12334434105837803,-0.0094,-0.0094,4002695000,4002695000,https://www1.hkexnews.hk/search/titlesearch.xhtml,https://www1.hkexnews.hk/search/titlesearch.xhtml,1620585843,14:44:03,20210509
3,2017-03-31,8213.HK,HKD,2017-03-31,2017-03-31,FY,336419000,113027000,223392000,0.664029082780699,0.0,263346000.0,0.0,0.0,261202000,374229000,2311000.0,24688000.0,-13122000.0,-0.03900493135048853,-37810000.0,-0.1123896093859146,0.0,-50351000.0,-0.14966752769611705,-2611000.0,-47333000.0,-0.14069657183452777,-0.0141,-0.0141,3359819000,3359819000,https://www1.hkexnews.hk/search/titlesearch.xhtml,https://www1.hkexnews.hk/search/titlesearch.xhtml,1620585843,14:44:03,20210509
4,2016-03-31,8213.HK,HKD,2016-03-31,2016-03-31,FY,442871000,144389000,298482000,0.6739705241481153,0.0,328980000.0,0.0,0.0,325459000,469848000,2390000.0,33133000.0,6156000.0,0.013900210219228624,-26977000.0,-0.06091390043601862,0.0,-34736000.0,-0.07843367481727184,3898000.0,-38705000.0,-0.08739565245861662,-0.0155,-0.0155,2497757000,2497757000,https://www1.hkexnews.hk/search/titlesearch.xhtml,https://www1.hkexnews.hk/search/titlesearch.xhtml,1620585843,14:44:03,20210509
5,2015-03-31,8213.HK,HKD,2015-03-31,2015-03-31,FY,505991000,159999000,345992000,0.6837908184137662,0.0,372840000.0,0.0,0.0,370992000,530991000,3269000.0,36501000.0,11501000.0,0.022729653294228554,-25000000.0,-0.04940799342280792,0.0,-34891000.0,-0.06895577194060763,2021000.0,-36643000.0,-0.07241828411967802,-0.0163,-0.0163,2242950000,2242950000,https://www1.hkexnews.hk/search/titlesearch.xhtml,https://www1.hkexnews.hk/search/titlesearch.xhtml,1620585843,14:44:03,20210509
6,2014-03-31,8213.HK,HKD,2014-03-31,2014-03-31,FY,414613000,135411000,279202000,0.6734038730092882,0.0,301206000.0,0.0,0.0,299130000,434541000,6749000.0,25794000.0,5866000.0,0.014148133319505178,-19928000.0,-0.04806409832783825,0.0,-27901000.0,-0.06729407905685543,289000.0,-27712000.0,-0.066838232279258,-0.0124,-0.0124,2242950000,2242950000,https://www1.hkexnews.hk/search/titlesearch.xhtml,https://www1.hkexnews.hk/search/titlesearch.xhtml,1620585843,14:44:03,20210509
7,2013-03-31,8213.HK,HKD,2013-03-31,2013-03-31,FY,255065000,83424000,171641000,0.6729304294983631,0.0,175595000.0,0.0,0.0,174717000,258141000,5484000.0,16596000.0,13520000.0,0.05300609648520965,-3076000.0,-0.012059671064238527,0.0,-12539000.0,-0.04916001803461863,409000.0,-17922000.0,-0.07026444239703605,-0.0089,-0.0089,2009525000,2009525000,https://www1.hkexnews.hk/search/titlesearch.xhtml,https://www1.hkexnews.hk/search/titlesearch.xhtml,1620585843,14:44:03,20210509
8,2012-03-31,8213.HK,HKD,2012-03-31,2012-03-31,FY,89272000,28777000,60495000,0.6776480867461242,0.0,65080000.0,0.0,0.0,65570000,94347000,3462000.0,8121000.0,3046000.0,0.034120440899722194,-5075000.0,-0.05684873196522986,0.0,-6929000.0,-0.07761672192848822,34000.0,-16021000.0,-0.17946276548077786,-0.0123,-0.0123,1300295000,1300295000,https://www1.hkexnews.hk/search/titlesearch.xhtml,https://www1.hkexnews.hk/search/titlesearch.xhtml,1620585843,14:44:03,20210509
9,2011-03-31,8213.HK,HKD,2011-03-31,2011-03-31,FY,88334000,31224000,57110000,0.6465234224647362,0.0,72626000.0,0.0,0.0,73315000,104539000,2505000.0,4577000.0,-11628000.0,-0.13163674236420858,-16205000.0,-0.1834514456494668,0.0,-27575000.0,-0.3121674553399597,66000.0,-27641000.0,-0.3129146195123056,-0.025333,-0.025333,1091806400,1091806400,https://www1.hkexnews.hk/search/titlesearch.xhtml,https://www1.hkexnews.hk/search/titlesearch.xhtml,1620585843,14:44:03,20210509
10,2010-03-31,8213.HK,HKD,2010-03-31,2010-03-31,FY,52429000,23586000,28843000,0.5501344675656602,0.0,38177000.0,0.0,0.0,38147000,61733000,1366000.0,3066000.0,-6238000.0,-0.11897995384233917,-9304000.0,-0.17745903984436096,0.0,-13536000.0,-0.25817772606763434,-70000.0,-14825000.0,-0.2827633561578516,-0.019195,-0.019195,772480274,772480274,https://www1.hkexnews.hk/search/titlesearch.xhtml,https://www1.hkexnews.hk/search/titlesearch.xhtml,1620585843,14:44:03,20210509
11,2009-03-31,8213.HK,HKD,2009-03-31,2009-03-31,FY,63074000,28163000,34911000,0.5534927228334972,0.0,37119000.0,0.0,0.0,36867000,65030000,1001000.0,4487000.0,2531000.0,0.04012746932174906,-1956000.0,-0.031011193201636172,0.0,-2957000.0,-0.046881440847258773,271000.0,-3228000.0,-0.05117798141865111,-0.00419,-0.00419,769740000,769740000,https://www1.hkexnews.hk/search/titlesearch.xhtml,https://www1.hkexnews.hk/search/titlesearch.xhtml,1620585843,14:44:03,20210509
12,2008-03-31,8213.HK,HKD,2008-03-31,2008-03-31,FY,59367000,26393000,32974000,0.5554264153485944,0.0,35646000.0,0.0,0.0,34454000,60847000,1218000.0,5100000.0,3620000.0,0.060976636852123234,-1480000.0,-0.024929674735122205,0.0,-2698000.0,-0.04544612326713494,12000.0,-2710000.0,-0.04564825576498728,-0.003508,-0.003508,769740000,769740000,https://www1.hkexnews.hk/search/titlesearch.xhtml,https://www1.hkexnews.hk/search/titlesearch.xhtml,1620585843,14:44:03,20210509
13,2007-03-31,8213.HK,HKD,2007-03-31,2007-03-31,FY,53782000,23521000,30261000,0.5626603696404001,0.0,35051000.0,0.0,0.0,34155000,57676000,1164000.0,5449000.0,1555000.0,0.028913019225763267,-3894000.0,-0.07240340634413,0.0,-5058000.0,-0.0940463352050872,-209000.0,-4813000.0,-0.08949090773864862,-0.006236,-0.006236,769740000,769740000,https://www1.hkexnews.hk/search/titlesearch.xhtml,https://www1.hkexnews.hk/search/titlesearch.xhtml,1620585843,14:44:03,20210509
14,2006-03-31,8213.HK,HKD,2006-03-31,2006-03-31,FY,57406000,25534000,31872000,0.5552032888548235,0.0,34184000.0,0.0,0.0,33445000,58979000,1139000.0,4724000.0,3151000.0,0.05488973278054559,-1573000.0,-0.02740131693551197,0.0,-3416000.0,-0.05950597498519319,11000.0,-3411000.0,-0.059418876075671534,-0.004385,-0.004385,769740000,769740000,https://www1.hkexnews.hk/search/titlesearch.xhtml,https://www1.hkexnews.hk/search/titlesearch.xhtml,1620585843,14:44:03,20210509
15,2005-03-31,8213.HK,HKD,2005-03-31,2005-03-31,FY,50594000,22848000,27746000,0.5484049492034628,0.0,32299000.0,0.0,0.0,31842000,54690000,815000.0,4249000.0,153000.0,0.0030240740008696683,-4096000.0,-0.08095821638929518,0.0,-12322000.0,-0.24354666561252322,-362000.0,-11848000.0,-0.2341779657666917,-0.015395,-0.015395,769740000,769740000,https://www1.hkexnews.hk/search/titlesearch.xhtml,https://www1.hkexnews.hk/search/titlesearch.xhtml,1620585843,14:44:03,20210509
16,2004-03-31,8213.HK,HKD,2004-03-31,2004-03-31,FY,52540000,23419000,29121000,0.5542634183479254,0.0,0.0,0.0,0.0,22680000,46099000,478000.0,3542000.0,9983000.0,0.19000761324704987,6441000.0,0.12259231062047964,0.0,-7137000.0,-0.13583936048724782,-15000.0,-7099000.0,-0.13511610201751048,-0.009256,-0.009256,766931124,766931124,https://www1.hkexnews.hk/search/titlesearch.xhtml,https://www1.hkexnews.hk/search/titlesearch.xhtml,1620585843,14:44:03,20210509
17,2003-03-31,8213.HK,HKD,2003-03-31,2003-03-31,FY,42306000,17709000,24597000,0.581406892639342,0.0,0.0,0.0,0.0,22837000,40546000,199000.0,2655000.0,4415000.0,0.1043587198033376,1760000.0,0.04160166406656266,0.0,1391000.0,0.03287949699806174,792000.0,554000.0,0.013095069257315748,0.000779,0.000779,710726600,710726600,https://www1.hkexnews.hk/search/titlesearch.xhtml,https://www1.hkexnews.hk/search/titlesearch.xhtml,1620585843,14:44:03,20210509
