,date,symbol,reportedCurrency,fillingDate,acceptedDate,period,revenue,costOfRevenue,grossProfit,grossProfitRatio,researchAndDevelopmentExpenses,generalAndAdministrativeExpenses,sellingAndMarketingExpenses,otherExpenses,operatingExpenses,costAndExpenses,interestExpense,depreciationAndAmortization,ebitda,ebitdaratio,operatingIncome,operatingIncomeRatio,totalOtherIncomeExpensesNet,incomeBeforeTax,incomeBeforeTaxRatio,incomeTaxExpense,netIncome,netIncomeRatio,eps,epsdiluted,weightedAverageShsOut,weightedAverageShsOutDil,link,finalLink,timestamp,est_time,est_date
0,2020-12-31,BBY.L,GBP,2020-12-31,2020-12-31,FY,7320000000,7081000000.0,239000000.0,0.032650273224043715,0.0,0.0,0.0,-2000000.0,0.0,7311000000,34000000.0,6000000.0,15000000,0.0020491803278688526,9000000.0,0.0012295081967213116,0.0,48000000.0,0.006557377049180328,18000000.0,30000000.0,0.004098360655737705,0.043795620437956206,0.043795620437956206,685000000,685000000,https://find-and-update.company-information.service.gov.uk/search/companies?q=Balfour+Beatty+PLC,https://find-and-update.company-information.service.gov.uk/search/companies?q=Balfour+Beatty+PLC,1620589190,15:39:50,20210509
1,2019-12-31,BBY.L,GBP,2019-12-31,2019-12-31,FY,7313000000,6931000000.0,382000000.0,0.052235744564474225,0.0,0.0,0.0,-16000000.0,273000000.0,7204000000,39000000.0,6000000.0,115000000,0.015725420484069465,109000000.0,0.014904963763161493,0.0,138000000.0,0.01887050458088336,5000000.0,130000000.0,0.017776562286339396,0.19,0.188,685000000,689000000,https://find-and-update.company-information.service.gov.uk/search/companies?q=Balfour+Beatty+PLC,https://find-and-update.company-information.service.gov.uk/search/companies?q=Balfour+Beatty+PLC,1620589190,15:39:50,20210509
2,2018-12-31,BBY.L,GBP,2018-12-31,2018-12-31,FY,6634000000,6263000000.0,371000000.0,0.05592402773590594,0.0,0.0,0.0,-20000000.0,327000000.0,6590000000,39000000.0,8000000.0,52000000,0.007838408200180886,44000000.0,0.006632499246306904,0.0,123000000.0,0.018540850165812483,-12000000.0,135000000.0,0.020349713596623454,0.197,0.195,682000000,687000000,https://find-and-update.company-information.service.gov.uk/search/companies?q=Balfour+Beatty+PLC,https://find-and-update.company-information.service.gov.uk/search/companies?q=Balfour+Beatty+PLC,1620589190,15:39:50,20210509
3,2017-12-31,BBY.L,GBP,2017-12-31,2017-12-31,FY,6916000000,6605000000.0,311000000.0,0.04496818970503181,0.0,0.0,0.0,-22000000.0,308000000.0,6913000000,45000000.0,9000000.0,12000000,0.001735106998264893,3000000.0,0.00043377674956622325,0.0,117000000.0,0.016917293233082706,-45000000.0,168000000.0,0.024291497975708502,0.247,0.244,680000000,688000000,https://find-and-update.company-information.service.gov.uk/search/companies?q=Balfour+Beatty+PLC,https://find-and-update.company-information.service.gov.uk/search/companies?q=Balfour+Beatty+PLC,1620589190,15:39:50,20210509
4,2016-12-31,BBY.L,GBP,2016-12-31,2016-12-31,FY,6923000000,6639000000.0,284000000.0,0.041022678029755885,0.0,0.0,0.0,-21000000.0,390000000.0,7029000000,57000000.0,9000000.0,-97000000,-0.014011266791853242,-106000000.0,-0.015311281236458182,0.0,8000000.0,0.0011555683952043912,8000000.0,24000000.0,0.0034667051856131733,0.03529411764705882,0.03508771929824561,680000000,684000000,https://find-and-update.company-information.service.gov.uk/search/companies?q=Balfour+Beatty+PLC,https://find-and-update.company-information.service.gov.uk/search/companies?q=Balfour+Beatty+PLC,1620589190,15:39:50,20210509
5,2015-12-31,BBY.L,GBP,2015-12-31,2015-12-31,FY,6955000000,6798000000.0,157000000.0,0.02257368799424874,0.0,0.0,0.0,-19000000.0,478000000.0,7276000000,41000000.0,10000000.0,-311000000,-0.044716031631919485,-321000000.0,-0.046153846153846156,0.0,-199000000.0,-0.02861250898634076,7000000.0,-206000000.0,-0.029618979151689432,-0.301,-0.301,685000000,685000000,https://find-and-update.company-information.service.gov.uk/search/companies?q=Balfour+Beatty+PLC,https://find-and-update.company-information.service.gov.uk/search/companies?q=Balfour+Beatty+PLC,1620589190,15:39:50,20210509
6,2014-12-31,BBY.L,GBP,2014-12-31,2014-12-31,FY,7264000000,7133000000.0,131000000.0,0.018034140969162997,0.0,0.0,0.0,-19000000.0,558000000.0,7691000000,47000000.0,11000000.0,-416000000,-0.05726872246696035,-427000000.0,-0.05878303964757709,0.0,-304000000.0,-0.04185022026431718,-3000000.0,-60000000.0,-0.008259911894273128,-0.086,-0.086,686000000,686000000,https://find-and-update.company-information.service.gov.uk/search/companies?q=Balfour+Beatty+PLC,https://find-and-update.company-information.service.gov.uk/search/companies?q=Balfour+Beatty+PLC,1620589190,15:39:50,20210509
7,2013-12-31,BBY.L,GBP,2013-12-31,2013-12-31,FY,8745000000,7882000000.0,863000000.0,0.09868496283590623,0.0,0.0,0.0,-12000000.0,843000000.0,8725000000,56000000.0,30000000.0,50000000,0.005717552887364208,20000000.0,0.002287021154945683,0.0,32000000.0,0.003659233847913093,15000000.0,-35000000.0,-0.004002287021154946,-0.051094890510948905,-0.05102040816326531,685000000,686000000,https://find-and-update.company-information.service.gov.uk/search/companies?q=Balfour+Beatty+PLC,https://find-and-update.company-information.service.gov.uk/search/companies?q=Balfour+Beatty+PLC,1620589190,15:39:50,20210509
8,2012-12-31,BBY.L,GBP,2012-12-31,2012-12-31,FY,9483000000,8433000000.0,1050000000.0,0.11072445428661816,0.0,0.0,0.0,-12000000.0,935000000.0,9368000000,45000000.0,45000000.0,160000000,0.0168722977960561,115000000.0,0.012126964040915322,0.0,75000000.0,0.007908889591901298,31000000.0,44000000.0,0.004639881893915428,0.06432748538011696,0.06423357664233577,684000000,685000000,https://find-and-update.company-information.service.gov.uk/search/companies?q=Balfour+Beatty+PLC,https://find-and-update.company-information.service.gov.uk/search/companies?q=Balfour+Beatty+PLC,1620589190,15:39:50,20210509
9,2011-12-31,BBY.L,GBP,2011-12-31,2011-12-31,FY,9494000000,8358000000.0,1136000000.0,0.11965451864335369,6000000.0,0.0,0.0,63000000.0,873000000.0,9231000000,37000000.0,136000000.0,399000000,0.0420265430798399,263000000.0,0.02770170634084685,0.0,246000000.0,0.02591110174847272,64000000.0,186000000.0,0.01959132083421108,0.27232796486090777,0.2719298245614035,683000000,684000000,https://find-and-update.company-information.service.gov.uk/search/companies?q=Balfour+Beatty+PLC,https://find-and-update.company-information.service.gov.uk/search/companies?q=Balfour+Beatty+PLC,1620589190,15:39:50,20210509
10,2010-12-31,BBY.L,GBP,2010-12-31,2010-12-31,FY,9236000000,8132000000.0,1104000000.0,0.11953226504980512,4000000.0,0.0,9000000.0,60000000.0,844000000.0,8976000000,53000000.0,156000000.0,416000000,0.04504114335210048,260000000.0,0.028150714595062798,0.0,201000000.0,0.02176266782156778,44000000.0,143000000.0,0.015482893027284539,0.21,0.209,682000000,683000000,https://find-and-update.company-information.service.gov.uk/search/companies?q=Balfour+Beatty+PLC,https://find-and-update.company-information.service.gov.uk/search/companies?q=Balfour+Beatty+PLC,1620589190,15:39:50,20210509
11,2009-12-31,BBY.L,GBP,2009-12-31,2009-12-31,FY,8954000000,8173000000.0,781000000.0,0.08722358722358722,4000000.0,0.0,3000000.0,-174000000.0,539000000.0,8712000000,35000000.0,117000000.0,359000000,0.040093812821085546,242000000.0,0.02702702702702703,0.0,265000000.0,0.029595711413893232,54000000.0,211000000.0,0.02356488720125084,0.371,0.37,571000000,572000000,https://find-and-update.company-information.service.gov.uk/search/companies?q=Balfour+Beatty+PLC,https://find-and-update.company-information.service.gov.uk/search/companies?q=Balfour+Beatty+PLC,1620589190,15:39:50,20210509
12,2008-12-31,BBY.L,GBP,2008-12-31,2008-12-31,FY,8261000000,7628000000.0,633000000.0,0.07662510591938022,4000000.0,0.0,0.0,63000000.0,509900000.0,8137900000,12000000.0,92000000.0,215100000,0.02603800992615906,123100000.0,0.014901343662994795,0.0,270000000.0,0.03268369446798208,74000000.0,196000000.0,0.023725941169349958,0.32571,0.323968,602836500,606281280,https://find-and-update.company-information.service.gov.uk/search/companies?q=Balfour+Beatty+PLC,https://find-and-update.company-information.service.gov.uk/search/companies?q=Balfour+Beatty+PLC,1620589190,15:39:50,20210509
13,2007-12-31,BBY.L,GBP,2007-12-31,2007-12-31,FY,6466000000,5992000000.0,474000000.0,0.07330652644602537,3000000.0,0.0,0.0,53000000.0,377000000.0,6369000000,6000000.0,59000000.0,156000000,0.024126198577172905,97000000.0,0.015001546551190844,0.0,157000000.0,0.024280853696257345,-12000000.0,151000000.0,0.023352922981750696,0.30568,0.303067,493751800,498000362,https://find-and-update.company-information.service.gov.uk/search/companies?q=Balfour+Beatty+PLC,https://find-and-update.company-information.service.gov.uk/search/companies?q=Balfour+Beatty+PLC,1620589190,15:39:50,20210509
14,2006-12-31,BBY.L,GBP,2006-12-31,2006-12-31,FY,4487000000,4121000000.0,366000000.0,0.08156897704479608,4000000.0,0.0,0.0,30000000.0,281000000.0,4402000000,6000000.0,44000000.0,129000000,0.028749721417428126,85000000.0,0.01894361488745264,0.0,109000000.0,0.024292400267439267,34000000.0,91000000.0,0.0202808112324493,0.184627,0.182885,490421846,494900060,https://find-and-update.company-information.service.gov.uk/search/companies?q=Balfour+Beatty+PLC,https://find-and-update.company-information.service.gov.uk/search/companies?q=Balfour+Beatty+PLC,1620589190,15:39:50,20210509
15,2005-12-31,BBY.L,GBP,2005-12-31,2005-12-31,FY,3837000000,3542000000.0,295000000.0,0.07688298149596039,4000000.0,0.0,0.0,-69000000.0,167000000.0,3709000000,24000000.0,41000000.0,169000000,0.04404482668751629,128000000.0,0.03335939536095908,0.0,141000000.0,0.03674745895230649,35000000.0,106000000.0,0.02762574928329424,0.21685,0.215108,487091892,492259062,https://find-and-update.company-information.service.gov.uk/search/companies?q=Balfour+Beatty+PLC,https://find-and-update.company-information.service.gov.uk/search/companies?q=Balfour+Beatty+PLC,1620589190,15:39:50,20210509
16,2004-12-31,BBY.L,GBP,2004-12-31,2004-12-31,FY,3490000000,3192000000.0,298000000.0,0.08538681948424069,8000000.0,0.0,0.0,-203000000.0,203000000.0,3395000000,28000000.0,41000000.0,136000000,0.03896848137535817,95000000.0,0.027220630372492838,0.0,120000000.0,0.034383954154727794,28000000.0,260000000.0,0.07449856733524356,0.499887,0.495532,481580244,486402936,https://find-and-update.company-information.service.gov.uk/search/companies?q=Balfour+Beatty+PLC,https://find-and-update.company-information.service.gov.uk/search/companies?q=Balfour+Beatty+PLC,1620589190,15:39:50,20210509
17,2003-12-31,BBY.L,GBP,2003-12-31,2003-12-31,FY,3161000000,2847000000.0,314000000.0,0.09933565327428029,10000000.0,0.0,0.0,-91000000.0,236000000.0,3083000000,12000000.0,43000000.0,121000000,0.03827902562480228,78000000.0,0.024675735526732048,0.0,118000000.0,0.03732995887377412,29000000.0,89000000.0,0.028155646947168617,0.147179,0.145437,478020638,611946946,https://find-and-update.company-information.service.gov.uk/search/companies?q=Balfour+Beatty+PLC,https://find-and-update.company-information.service.gov.uk/search/companies?q=Balfour+Beatty+PLC,1620589190,15:39:50,20210509
18,2002-12-31,BBY.L,GBP,2002-12-31,2002-12-31,FY,3100000000,2816000000.0,284000000.0,0.09161290322580645,12000000.0,0.0,0.0,-60000000.0,199000000.0,3015000000,13000000.0,40000000.0,125000000,0.04032258064516129,85000000.0,0.027419354838709678,0.0,88000000.0,0.02838709677419355,35000000.0,53000000.0,0.017096774193548388,0.078379,0.077509,475494466,475494466,https://find-and-update.company-information.service.gov.uk/search/companies?q=Balfour+Beatty+PLC,https://find-and-update.company-information.service.gov.uk/search/companies?q=Balfour+Beatty+PLC,1620589190,15:39:50,20210509
19,2001-12-31,BBY.L,GBP,2001-12-31,2001-12-31,FY,2734000000,2480000000.0,254000000.0,0.09290416971470374,13000000.0,0.0,0.0,11000000.0,197000000.0,2677000000,7000000.0,35000000.0,92000000,0.033650329188002925,57000000.0,0.020848573518653987,0.0,103000000.0,0.03767373811265545,27000000.0,76000000.0,0.027798098024871983,0.123665,0.121924,475609292,481350592,https://find-and-update.company-information.service.gov.uk/search/companies?q=Balfour+Beatty+PLC,https://find-and-update.company-information.service.gov.uk/search/companies?q=Balfour+Beatty+PLC,1620589190,15:39:50,20210509
20,2000-12-31,BBY.L,GBP,2000-12-31,2000-12-31,FY,2342000000,2114000000.0,228000000.0,0.09735269000853972,8000000.0,0.0,0.0,-42000000.0,131000000.0,2245000000,4000000.0,32000000.0,129000000,0.055081127241673786,97000000.0,0.041417591801878734,0.0,94000000.0,0.04013663535439795,23000000.0,71000000.0,0.03031596925704526,0.111473,0.111473,481465418,481465418,https://find-and-update.company-information.service.gov.uk/search/companies?q=Balfour+Beatty+PLC,https://find-and-update.company-information.service.gov.uk/search/companies?q=Balfour+Beatty+PLC,1620589190,15:39:50,20210509
21,1999-12-31,BBY.L,GBP,1999-12-31,1999-12-31,FY,2635000000,2357000000.0,278000000.0,0.10550284629981024,11000000.0,0.0,0.0,0.0,-256200000.0,2100800000,22000000.0,39000000.0,573200000,0.21753320683111954,534200000.0,0.2027324478178368,0.0,-383000000.0,-0.14535104364326376,-4000000.0,-378000000.0,-0.14345351043643265,-0.816888,-0.816888,483876764,483876764,https://find-and-update.company-information.service.gov.uk/search/companies?q=Balfour+Beatty+PLC,https://find-and-update.company-information.service.gov.uk/search/companies?q=Balfour+Beatty+PLC,1620589190,15:39:50,20210509
22,1998-12-31,BBY.L,GBP,1998-12-31,1998-12-31,FY,3670000000,3341000000.0,329000000.0,0.0896457765667575,21000000.0,0.0,0.0,-198000000.0,50900000.0,3391900000,41000000.0,78000000.0,356100000,0.0970299727520436,278100000.0,0.07577656675749318,0.0,-114000000.0,-0.03106267029972752,20000000.0,-139000000.0,-0.037874659400544956,-0.320485,-0.320485,483072982,483072982,https://find-and-update.company-information.service.gov.uk/search/companies?q=Balfour+Beatty+PLC,https://find-and-update.company-information.service.gov.uk/search/companies?q=Balfour+Beatty+PLC,1620589190,15:39:50,20210509
23,1997-12-31,BBY.L,GBP,1997-12-31,1997-12-31,FY,4139000000,0.0,0.0,0.0,29000000.0,0.0,0.0,0.0,3917000000.0,3917000000,39000000.0,89000000.0,311000000,0.07513892244503503,222000000.0,0.05363614399613433,0.0,-30000000.0,-0.00724812756704518,25000000.0,-66000000.0,-0.015945880647499397,-0.169822,-0.169822,481695070,481695070,https://find-and-update.company-information.service.gov.uk/search/companies?q=Balfour+Beatty+PLC,https://find-and-update.company-information.service.gov.uk/search/companies?q=Balfour+Beatty+PLC,1620589190,15:39:50,20210509
24,1996-12-31,BBY.L,GBP,1996-12-31,1996-12-31,FY,4236000000,0.0,0.0,0.0,30000000.0,0.0,0.0,-31000000.0,4073000000.0,4073000000,51000000.0,98000000.0,261000000,0.06161473087818697,163000000.0,0.03847969782813975,0.0,64000000.0,0.015108593012275733,38000000.0,3000000.0,0.000708215297450425,-0.027868,-0.027868,430941978,430941978,https://find-and-update.company-information.service.gov.uk/search/companies?q=Balfour+Beatty+PLC,https://find-and-update.company-information.service.gov.uk/search/companies?q=Balfour+Beatty+PLC,1620589190,15:39:50,20210509
25,1995-12-31,BBY.L,GBP,1995-12-31,1995-12-31,FY,4063000000,0.0,0.0,0.0,31000000.0,0.0,0.0,-156000000.0,3786000000.0,3786000000,57000000.0,93000000.0,370000000,0.09106571498892443,277000000.0,0.06817622446468127,0.0,-67000000.0,-0.016490278119616047,33000000.0,-116000000.0,-0.028550332266797932,-0.317906,-0.317906,412771821,412771821,https://find-and-update.company-information.service.gov.uk/search/companies?q=Balfour+Beatty+PLC,https://find-and-update.company-information.service.gov.uk/search/companies?q=Balfour+Beatty+PLC,1620589190,15:39:50,20210509
26,1994-12-31,BBY.L,GBP,1994-12-31,1994-12-31,FY,3674000000,0.0,0.0,0.0,26000000.0,0.0,0.0,-16000000.0,3504000000.0,3504000000,67000000.0,92000000.0,262000000,0.07131192161132281,170000000.0,0.04627109417528579,0.0,131000000.0,0.035655960805661406,41000000.0,69000000.0,0.018780620577027764,0.16795,0.16795,411954913,411954913,https://find-and-update.company-information.service.gov.uk/search/companies?q=Balfour+Beatty+PLC,https://find-and-update.company-information.service.gov.uk/search/companies?q=Balfour+Beatty+PLC,1620589190,15:39:50,20210509
27,1993-12-31,BBY.L,GBP,1993-12-31,1993-12-31,FY,3614000000,0.0,0.0,0.0,27000000.0,0.0,0.0,-17000000.0,3467000000.0,3467000000,73000000.0,93000000.0,240000000,0.06640841173215274,147000000.0,0.04067515218594355,0.0,102000000.0,0.028223574986164915,31000000.0,53000000.0,0.01466519092418373,0.131961,0.131961,401801916,401801916,https://find-and-update.company-information.service.gov.uk/search/companies?q=Balfour+Beatty+PLC,https://find-and-update.company-information.service.gov.uk/search/companies?q=Balfour+Beatty+PLC,1620589190,15:39:50,20210509
28,1992-12-31,BBY.L,GBP,1992-12-31,1992-12-31,FY,3388000000,0.0,0.0,0.0,24000000.0,0.0,0.0,-12000000.0,3250000000.0,3250000000,72000000.0,89000000.0,227000000,0.06700118063754427,138000000.0,0.04073199527744982,0.0,63000000.0,0.01859504132231405,43000000.0,7000000.0,0.002066115702479339,0.018852,0.018852,363757355,363757355,https://find-and-update.company-information.service.gov.uk/search/companies?q=Balfour+Beatty+PLC,https://find-and-update.company-information.service.gov.uk/search/companies?q=Balfour+Beatty+PLC,1620589190,15:39:50,20210509
29,1991-12-31,BBY.L,GBP,1991-12-31,1991-12-31,FY,3452000000,0.0,0.0,0.0,27000000.0,0.0,0.0,74000000.0,3452000000.0,3452000000,54000000.0,78000000.0,213000000,0.061703360370799536,0.0,0.02346465816917729,0.0,81000000.0,0.02346465816917729,40000000.0,3000000.0,0.0008690614136732329,0.008974,0.008974,334285635,334285635,https://find-and-update.company-information.service.gov.uk/search/companies?q=Balfour+Beatty+PLC,https://find-and-update.company-information.service.gov.uk/search/companies?q=Balfour+Beatty+PLC,1620589190,15:39:50,20210509
30,1990-12-31,BBY.L,GBP,1990-12-31,1990-12-31,FY,3555000000,0.0,0.0,0.0,25000000.0,0.0,0.0,189500000.0,3555000000.0,3555000000,48000000.0,73300000.0,304300000,0.08559774964838256,0.0,0.05147679324894515,0.0,183000000.0,0.05147679324894515,57000000.0,93000000.0,0.026160337552742614,0.227463,0.227463,329207879,329207879,https://find-and-update.company-information.service.gov.uk/search/companies?q=Balfour+Beatty+PLC,https://find-and-update.company-information.service.gov.uk/search/companies?q=Balfour+Beatty+PLC,1620589190,15:39:50,20210509
31,1989-12-31,BBY.L,GBP,1989-12-31,1989-12-31,FY,3792000000,0.0,0.0,0.0,21800000.0,0.0,0.0,208300000.0,3792000000.0,3792000000,39700000.0,64800000.0,305100000,0.08045886075949367,0.0,0.05290084388185654,0.0,200600000.0,0.05290084388185654,62500000.0,116500000.0,0.030722573839662447,0.312658,0.312658,307566964,307566964,https://find-and-update.company-information.service.gov.uk/search/companies?q=Balfour+Beatty+PLC,https://find-and-update.company-information.service.gov.uk/search/companies?q=Balfour+Beatty+PLC,1620589190,15:39:50,20210509
32,1988-12-31,BBY.L,GBP,1988-12-31,1988-12-31,FY,2947000000,0.0,0.0,0.0,1800000.0,0.0,0.0,154500000.0,2947000000.0,2947000000,23000000.0,59100000.0,238100000,0.08079402782490669,0.0,0.05293518832711232,0.0,156000000.0,0.05293518832711232,46400000.0,88800000.0,0.030132337970817782,0.314325,0.314325,282510388,282510388,https://find-and-update.company-information.service.gov.uk/search/companies?q=Balfour+Beatty+PLC,https://find-and-update.company-information.service.gov.uk/search/companies?q=Balfour+Beatty+PLC,1620589190,15:39:50,20210509
33,1987-12-31,BBY.L,GBP,1987-12-31,1987-12-31,FY,2489000000,0.0,0.0,0.0,0.0,0.0,0.0,0.0,2489000000.0,2489000000,15200000.0,54000000.0,197200000,0.07922860586580956,0.0,0.05142627561269586,0.0,128000000.0,0.05142627561269586,45800000.0,64800000.0,0.02603455202892728,0.24361,0.24361,265999253,265999253,https://find-and-update.company-information.service.gov.uk/search/companies?q=Balfour+Beatty+PLC,https://find-and-update.company-information.service.gov.uk/search/companies?q=Balfour+Beatty+PLC,1620589190,15:39:50,20210509
34,1986-12-31,BBY.L,GBP,1986-12-31,1986-12-31,FY,2143000000,0.0,0.0,0.0,0.0,0.0,0.0,90700000.0,2143000000.0,2143000000,20100000.0,50400000.0,171500000,0.08002799813345778,0.0,0.04713019132057863,0.0,101000000.0,0.04713019132057863,39000000.0,32000000.0,0.014932337844143724,0.131297,0.131297,243721360,243721360,https://find-and-update.company-information.service.gov.uk/search/companies?q=Balfour+Beatty+PLC,https://find-and-update.company-information.service.gov.uk/search/companies?q=Balfour+Beatty+PLC,1620589190,15:39:50,20210509
35,1985-12-31,BBY.L,GBP,1985-12-31,1985-12-31,FY,2109000000,0.0,0.0,0.0,0.0,0.0,0.0,94300000.0,2109000000.0,2109000000,26800000.0,48500000.0,167300000,0.0793266951161688,0.0,0.04362256993835941,0.0,92000000.0,0.04362256993835941,36000000.0,28000000.0,0.013276434329065908,0.120309,0.120309,232734170,232734170,https://find-and-update.company-information.service.gov.uk/search/companies?q=Balfour+Beatty+PLC,https://find-and-update.company-information.service.gov.uk/search/companies?q=Balfour+Beatty+PLC,1620589190,15:39:50,20210509
