,date,symbol,reportedCurrency,fillingDate,acceptedDate,period,revenue,costOfRevenue,grossProfit,grossProfitRatio,researchAndDevelopmentExpenses,generalAndAdministrativeExpenses,sellingAndMarketingExpenses,otherExpenses,operatingExpenses,costAndExpenses,interestExpense,depreciationAndAmortization,ebitda,ebitdaratio,operatingIncome,operatingIncomeRatio,totalOtherIncomeExpensesNet,incomeBeforeTax,incomeBeforeTaxRatio,incomeTaxExpense,netIncome,netIncomeRatio,eps,epsdiluted,weightedAverageShsOut,weightedAverageShsOutDil,link,finalLink,timestamp,est_time,est_date
0,2020-02-29,HELE,USD,2020-04-29,2020-04-29 15:30:11,FY,1707432000,972966000,734466000,0.43015827277455265,17800000.0,461605000.0,0.0,0.0,511902000.0,1529181000.0,12705000.0,37409000.0,215660000.0,0.12630664061584884,178251000.0,0.1043971297246391,394000.0,165940000.0,0.09718688650558266,11907000.0,152333000.0,0.08921760866611379,6.064694641293096,6.015836031909012,25118000,25322000,https://www.sec.gov/Archives/edgar/data/916789/000091678920000024/0000916789-20-000024-index.htm,https://www.sec.gov/Archives/edgar/data/916789/000091678920000024/fy20q410k.htm,1620593034,16:43:54,20210509
1,2019-02-28,HELE,USD,2019-04-29,2019-04-29 13:06:18,FY,1564151000,923045000,641106000,0.40987474994421896,13000000.0,400037000.0,0.0,0.0,438141000.0,1364772000.0,11719000.0,29927000.0,229306000.0,0.1466009355874209,199379000.0,0.12746787234736287,340000.0,188000000.0,0.12019299926925214,13776000.0,168545000.0,0.10775494181827713,6.464350093966939,6.407824202562446,26073000,26303000,https://www.sec.gov/Archives/edgar/data/916789/000091678919000008/0000916789-19-000008-index.htm,https://www.sec.gov/Archives/edgar/data/916789/000091678919000008/fy19_q4x10k.htm,1620593034,16:43:54,20210509
2,2018-02-28,HELE,USD,2018-04-30,2018-04-30 17:09:11,FY,1478845000,867646000,611199000,0.4132948348204173,13500000.0,379800000.0,0.0,0.0,435735000.0,1309783000.0,13951000.0,33730000.0,202792000.0,0.13712863755160276,169062000.0,0.11432029725900957,327000.0,155438000.0,0.1051077022946962,26556000.0,44446000.0,0.03005453580327891,1.6414669276507736,1.6308064871211565,27077000,27254000,https://www.sec.gov/Archives/edgar/data/916789/000155837018003549/0001558370-18-003549-index.htm,https://www.sec.gov/Archives/edgar/data/916789/000155837018003549/hele-20180228x10k.htm,1620593034,16:43:54,20210509
3,2017-02-28,HELE,USD,2017-05-01,2017-05-01 16:31:38,FY,1397535000,824119000,573416000,0.41030528752410494,11800000.0,356460000.0,0.0,0.0,498736000.0,1227871000.0,14857000.0,36175000.0,205839000.0,0.14728718779851668,169664000.0,0.12140232623869886,414000.0,155717000.0,0.11142261195605119,9200000.0,140689000.0,0.10066939289534788,5.111874137053993,5.044243662830303,27522000,27891000,https://www.sec.gov/Archives/edgar/data/916789/000155837017003176/0001558370-17-003176-index.htm,https://www.sec.gov/Archives/edgar/data/916789/000155837017003176/hele-20170228x10k.htm,1620593034,16:43:54,20210509
4,2016-02-29,HELE,USD,2016-04-29,2016-04-29 16:56:58,FY,1392575000,866841000,525734000,0.3775265246037018,11600000.0,346541000.0,0.0,0.0,499390000.0,1276281000.0,11096000.0,34889000.0,151183000.0,0.10856363212035258,116294000.0,0.0835100443423155,299000.0,106012000.0,0.07612660000359048,18590000.0,101228000.0,0.07269123745579233,3.580377038163619,3.521096385961251,28273000,28749000,https://www.sec.gov/Archives/edgar/data/916789/000155837016005055/0001558370-16-005055-index.htm,https://www.sec.gov/Archives/edgar/data/916789/000155837016005055/hele-20160229x10k.htm,1620593034,16:43:54,20210509
5,2015-02-28,HELE,USD,2015-04-29,2015-04-29 15:38:29,FY,1445131000,845572000,599559000,0.4148821110335326,0.0,434560000.0,0.0,0.0,428840000.0,1283412000.0,15022000.0,39653000.0,201372000.0,0.1393451527923766,161719000.0,0.11190611785367555,457000.0,147214000.0,0.10186896551246911,16050000.0,131164000.0,0.09076270594153749,4.589523776199307,4.51744446357844,28579000,29035000,https://www.sec.gov/Archives/edgar/data/916789/000155837015000587/0001558370-15-000587-index.htm,https://www.sec.gov/Archives/edgar/data/916789/000155837015000587/hele-20150228x10k.htm,1620593034,16:43:54,20210509
6,2014-02-28,HELE,USD,2014-04-29,2014-04-29 11:12:35,FY,1317200000,800500000,516700000,0.3922714849681142,0.0,388500000.0,0.0,0.0,387554000.0,1200100000.0,10193000.0,33800000.0,150900000.0,0.11456119040388703,117100000.0,0.08890069845126025,200000.0,107100000.0,0.08130883692681445,20886000.0,86200000.0,0.06544184634072274,2.688502966382516,2.658519630175863,32062453,32424060,https://www.sec.gov/Archives/edgar/data/916789/000110465914031704/0001104659-14-031704-index.htm,https://www.sec.gov/Archives/edgar/data/916789/000110465914031704/a14-4707_110k.htm,1620593034,16:43:54,20210509
7,2013-02-28,HELE,USD,2013-04-29,2013-04-29 16:32:53,FY,1288300000,770100000,518200000,0.40223550415275944,0.0,369400000.0,0.0,0.0,369438000.0,1139500000.0,13345000.0,34400000.0,183200000.0,0.1422029030505317,148800000.0,0.11550104789257161,100000.0,135500000.0,0.10517736552045331,19848000.0,115700000.0,0.08980827447023208,3.643635447502677,3.622870741482966,31754000,31936000,https://www.sec.gov/Archives/edgar/data/916789/000110465913034243/0001104659-13-034243-index.htm,https://www.sec.gov/Archives/edgar/data/916789/000110465913034243/a13-4299_110k.htm,1620593034,16:43:54,20210509
8,2012-02-29,HELE,USD,2012-04-30,2012-04-30 17:03:56,FY,1181700000,703200000,478500000,0.4049251078954049,0.0,339800000.0,0.0,0.0,339098000.0,1042299999.9999999,12917000.0,30200000.0,169600000.0,0.1435220445121435,139400000.0,0.11796564271811796,0.0,126100000.0,0.10671067106710672,15718000.0,110400000.0,0.09342472708809342,3.5226547543075943,3.4821006150449456,31340000,31705000,https://www.sec.gov/Archives/edgar/data/916789/000110465912030645/0001104659-12-030645-index.htm,https://www.sec.gov/Archives/edgar/data/916789/000110465912030645/a12-2513_110k.htm,1620593034,16:43:54,20210509
9,2011-02-28,HELE,USD,2011-05-16,2011-05-16 16:10:05,FY,777000000,427800000,349200000,0.4494208494208494,0.0,233500000.0,0.0,0.0,235341000.0,665299999.9999999,9693000.0,18500000.0,130200000.0,0.16756756756756758,111700000.0,0.14375804375804377,0.0,102600000.0,0.13204633204633204,9323000.0,93300000.0,0.12007722007722008,3.0421598356646777,2.9756019773560833,30669000,31355000,https://www.sec.gov/Archives/edgar/data/916789/000110465911029322/0001104659-11-029322-index.htm,https://www.sec.gov/Archives/edgar/data/916789/000110465911029322/a11-12078_110k.htm,1620593034,16:43:54,20210509
10,2010-02-28,HELE,USD,2010-05-13,2010-05-13 14:26:21,FY,647600000,368500000,279100000,0.43097591105620753,0.0,187200000.0,0.0,0.0,188887000.0,558300000.0,10310000.0,15300000.0,104700000.0,0.16167387276096357,89400000.0,0.13804817788758492,100000.0,80100000.0,0.1236874613959234,8288000.0,71800000.0,0.1108709079678814,2.3761458781480624,2.3220465056110733,30217000,30921000,https://www.sec.gov/Archives/edgar/data/916789/000110465910028183/0001104659-10-028183-index.htm,https://www.sec.gov/Archives/edgar/data/916789/000110465910028183/a10-9997_110k.htm,1620593034,16:43:54,20210509
11,2009-02-28,HELE,USD,2009-05-14,2009-05-14 17:25:09,FY,622700000,367300000,255400000,0.41014934960655214,0.0,193600000.0,0.0,-11249000.0,188344000.0,663000000.0,13687000.0,14200000.0,-26000000.0,-0.04175365344467641,-40200000.0,-0.06455757186446122,-100000.0,-51500000.0,-0.08270435201541673,5328000.0,-56800000.0,-0.09121567367913923,-1.88079,-1.88079,30173000,30173000,https://www.sec.gov/Archives/edgar/data/916789/000110465909032574/0001104659-09-032574-index.htm,https://www.sec.gov/Archives/edgar/data/916789/000110465909032574/a09-13361_110k.htm,1620593034,16:43:54,20210509
12,2008-02-29,HELE,USD,2008-05-13,2008-05-13 12:03:59,FY,652500000,370900000,281600000,0.43157088122605364,0.0,207800000.0,0.0,-11277000.0,207771000.0,579900000.0,15025000.0,14300000.0,87000000.0,0.13333333333333333,72700000.0,0.1114176245210728,300000.0,61300000.0,0.0939463601532567,-236000.0,61500000.0,0.09425287356321839,2.0143460744816744,1.934083904648091,30531000,31798000,https://www.sec.gov/Archives/edgar/data/916789/000110465908032699/0001104659-08-032699-index.htm,https://www.sec.gov/Archives/edgar/data/916789/000110465908032699/a08-13981_110k.htm,1620593034,16:43:54,20210509
13,2007-02-28,HELE,USD,2007-05-14,2007-05-14 17:29:24,FY,634900000,355600000,279300000,0.43991179713340683,0.0,209000000.0,0.0,2643000.0,208964000.0,564100000.0,17912000.0,14300000.0,85200000.0,0.13419436131674278,70900000.0,0.11167112931170263,200000.0,55100000.0,0.086785320522917,5060000.0,50100000.0,0.07891006457709876,1.663236172896886,1.579594539206104,30122000,31717000,https://www.sec.gov/Archives/edgar/data/916789/000114420407025150/0001144204-07-025150-index.htm,https://www.sec.gov/Archives/edgar/data/916789/000114420407025150/v074833_10k.htm,1620593034,16:43:54,20210509
14,2006-02-28,HELE,USD,2006-05-15,2006-05-15 16:46:28,FY,589700000,323200000,266500000,0.4519247074783788,0.0,195200000.0,0.0,-15576000.0,195180000.0,518000000.0,16866000.0,12400000.0,84200000.0,0.14278446667797184,71800000.0,0.1217568255044938,100000.0,55800000.0,0.09462438528065117,6492000.0,49300000.0,0.08360183143971511,1.6477823456666332,1.5598797658598322,29919000,31605000,https://www.sec.gov/Archives/edgar/data/916789/000095013406010002/0000950134-06-010002-index.htm,https://www.sec.gov/Archives/edgar/data/916789/000095013406010002/d36214e10vk.htm,1620593034,16:43:54,20210509
15,2005-02-28,HELE,USD,2005-05-16,2005-05-16 17:02:17,FY,581500000,307000000,274500000,0.472055030094583,0.0,172500000.0,0.0,-12445000.0,172480000.0,479500000.0,9870000.0,9700000.0,111700000.0,0.19208942390369735,102000000.0,0.17540842648323302,500000.0,89600000.0,0.15408426483233018,12907000.0,76500000.0,0.13155631986242478,2.574890609222484,2.347417840375587,29710000,32589000,https://www.sec.gov/Archives/edgar/data/916789/000095013405010305/0000950134-05-010305-index.htm,https://www.sec.gov/Archives/edgar/data/916789/000095013405010305/d25582e10vk.htm,1620593034,16:43:54,20210509
16,2004-02-29,HELE,USD,2004-05-14,2004-05-14 17:30:01,FY,474900000,257700000,217200000,0.4573594440934934,0.0,131400000.0,0.0,265000.0,131443000.0,386500000.0,4047000.0,6100000.0,94500000.0,0.19898926089703095,88400000.0,0.186144451463466,1000000.0,86000000.0,0.18109075594862076,14477000.0,60500000.0,0.12739524110339018,2.1335872478487796,1.9353187677937367,28356000,31261000,https://www.sec.gov/Archives/edgar/data/916789/000095013404007667/0000950134-04-007667-index.htm,https://www.sec.gov/Archives/edgar/data/916789/000095013404007667/d15510e10vk.htm,1620593034,16:43:54,20210509
17,2003-02-28,HELE,USD,2003-05-29 00:00:00,2003-05-29 16:14:00,FY,379800000,224000000,155700000,0.4099526066350711,0.0,105500000.0,0.0,0.0,158172000.0,329500000.0,-2800000.0,6400000.0,56600000.0,0.14902580305423907,50200000.0,0.1321748288572933,1200000.0,48600000.0,0.12796208530805686,10800000.0,38700000.0,0.1018957345971564,1.31186,1.31186,29500000,29500000,https://www.sec.gov/Archives/edgar/data/916789/000095013403008672/0000950134-03-008672-index.html,https://www.sec.gov/Archives/edgar/data/916789/000095013403008672/d06369e10vk.txt,1620593034,16:43:54,20210509
18,2002-02-28,HELE,USD,2002-02-28,2002-02-28,FY,338600000,211000000,127600000,0.37684583579444775,0.0,97900000.0,0.0,0.0,170733000.0,308900000.0,-3800000.0,8400000.0,38100000.0,0.11252215002953338,29700000.0,0.08771411695215593,1500000.0,27500000.0,0.08121677495569994,5500000.0,29200000.0,0.08623744831659776,1.0,1.0,29200000,29200000,,,1620593034,16:43:54,20210509
19,2001-02-28,HELE,USD,2001-02-28,2001-02-28,FY,357200000,220500000,136600000,0.3824188129899216,0.0,113600000.0,0.0,0.0,118306000.0,334200000.0,-3100000.0,8100000.0,31100000.0,0.08706606942889138,23000000.0,0.06438969764837627,1000000.0,20900000.0,0.05851063829787234,3600000.0,17300000.0,0.048432250839865625,0.60279,0.60279,28700000,28700000,,,1620593034,16:43:54,20210509
20,2000-02-29,HELE,USD,2000-02-29,2000-02-29,FY,299500000,185700000,113800000,0.37996661101836393,0.0,104000000.0,0.0,0.0,111330000.0,289700000.0,-3500000.0,6900000.0,16700000.0,0.05575959933222037,9800000.0,0.032721202003338896,6800000.0,13100000.0,0.04373956594323873,0.0,13100000.0,0.04373956594323873,0.43813,0.43813,29900000,29900000,,,1620593034,16:43:54,20210509
21,1999-02-28,HELE,USD,1999-02-28,1999-02-28,FY,294500000,175300000,119200000,0.4047538200339559,0.0,82900000.0,0.0,0.0,87900000.0,258199999.99999997,-1800000.0,5000000.0,41300000.0,0.1402376910016978,36300000.0,0.12325976230899831,900000.0,35400000.0,0.12020373514431239,7100000.0,28300000.0,0.09609507640067912,0.95608,0.95608,29600000,29600000,,,1620593034,16:43:54,20210509
22,1998-02-28,HELE,USD,1998-02-28,1998-02-28,FY,248100000,153100000,95000000,0.38291011688835147,0.0,64900000.0,0.0,0.0,68900000.0,218000000.0,-1800000.0,4000000.0,34100000.0,0.13744457879887143,30100000.0,0.12132204756146715,500000.0,28800000.0,0.11608222490931076,6500000.0,22300000.0,0.08988311164852882,0.77163,0.77163,28900000,28900000,,,1620593034,16:43:54,20210509
23,1997-02-28,HELE,USD,1997-02-28,1997-02-28,FY,213000000,132900000,80200000,0.37652582159624415,0.0,57400000.0,0.0,0.0,60100000.0,190300000.0,-900000.0,2700000.0,25400000.0,0.11924882629107982,22700000.0,0.10657276995305165,300000.0,22100000.0,0.10375586854460093,5000000.0,17200000.0,0.08075117370892018,0.61871,0.61871,27800000,27800000,,,1620593034,16:43:54,20210509
24,1996-02-29,HELE,USD,1996-02-29,1996-02-29,FY,167100000,100100000,67000000,0.4009575104727708,0.0,0.0,0.0,0.0,0.0,149700000.0,0.0,2200000.0,19600000.0,0.1172950329144225,17400000.0,0.10412926391382406,1300000.0,16900000.0,0.10113704368641532,3800000.0,13100000.0,0.07839616995810891,0.51,0.49,25686275,26734694,,,1620593034,16:43:54,20210509
25,1995-02-28,HELE,USD,1995-02-28,1995-02-28,FY,138100000,84400000,53700000,0.388848660391021,0.0,0.0,0.0,0.0,0.0,123500000.0,0.0,2000000.0,16600000.0,0.12020275162925416,14600000.0,0.1057204923968139,100000.0,14500000.0,0.10499637943519188,3300000.0,11200000.0,0.08110065170166546,0.44,0.41,25454545,27317073,,,1620593034,16:43:54,20210509
26,1994-02-28,HELE,USD,1994-02-28,1994-02-28,FY,123200000,76300000,46900000,0.3806818181818182,0.0,0.0,0.0,0.0,0.0,113400000.0,0.0,1600000.0,11400000.0,0.09253246753246754,9800000.0,0.07954545454545454,300000.0,9400000.0,0.0762987012987013,1500000.0,7500000.0,0.060876623376623376,0.28,0.26,26785714,28846154,,,1620593034,16:43:54,20210509
27,1993-02-28,HELE,USD,1993-02-28,1993-02-28,FY,132000000,79100000,52900000,0.40075757575757576,0.0,0.0,0.0,0.0,0.0,117800000.0,0.0,1900000.0,16100000.0,0.12196969696969696,14200000.0,0.10757575757575757,3000000.0,16200000.0,0.12272727272727273,3300000.0,12900000.0,0.09772727272727273,0.45,0.45,28666667,28666667,,,1620593034,16:43:54,20210509
28,1992-02-29,HELE,USD,1992-02-29,1992-02-29,FY,120200000,70700000,49500000,0.4118136439267887,0.0,0.0,0.0,0.0,0.0,109000000.0,0.0,2000000.0,13200000.0,0.10981697171381032,11200000.0,0.09317803660565724,900000.0,9500000.0,0.07903494176372712,2300000.0,7200000.0,0.059900166389351084,0.26,0.26,27692308,27692308,,,1620593034,16:43:54,20210509
29,1991-02-28,HELE,USD,1991-02-28,1991-02-28,FY,116900000,68400000,48500000,0.41488451668092385,0.0,0.0,0.0,0.0,0.0,108300000.0,0.0,2300000.0,10900000.0,0.0932420872540633,8600000.0,0.07356715141146279,600000.0,6100000.0,0.05218135158254919,1500000.0,4600000.0,0.03934987168520103,0.16,0.16,28750000,28750000,,,1620593034,16:43:54,20210509
30,1990-02-28,HELE,USD,1990-02-28,1990-02-28,FY,118800000,66800000,52000000,0.4377104377104377,0.0,0.0,0.0,0.0,0.0,104300000.0,0.0,1600000.0,16100000.0,0.13552188552188552,14500000.0,0.12205387205387205,200000.0,13200000.0,0.1111111111111111,2300000.0,10900000.0,0.09175084175084175,0.33,0.33,33030303,33030303,,,1620593034,16:43:54,20210509
31,1989-02-28,HELE,USD,1989-02-28,1989-02-28,FY,97400000,52700000,44700000,0.4589322381930185,0.0,0.0,0.0,0.0,0.0,83500000.0,0.0,1400000.0,15300000.0,0.1570841889117043,13900000.0,0.14271047227926079,300000.0,12000000.0,0.12320328542094455,3400000.0,8600000.0,0.08829568788501027,0.39,0.31,22051282,27741935,,,1620593034,16:43:54,20210509
32,1988-02-29,HELE,USD,1988-02-29,1988-02-29,FY,67900000,34300000,33600000,0.4948453608247423,0.0,0.0,0.0,0.0,0.0,58300000.0,0.0,1100000.0,10700000.0,0.15758468335787923,9600000.0,0.14138438880706922,300000.0,7800000.0,0.11487481590574374,2700000.0,5100000.0,0.07511045655375552,0.25,0.21,20400000,24285714,,,1620593034,16:43:54,20210509
33,1987-02-28,HELE,USD,1987-02-28,1987-02-28,FY,52200000,24600000,27600000,0.5287356321839081,0.0,0.0,0.0,0.0,0.0,45400000.0,0.0,900000.0,7700000.0,0.1475095785440613,6800000.0,0.13026819923371646,-200000.0,5600000.0,0.10727969348659004,2100000.0,3500000.0,0.06704980842911877,0.18,0.18,19444444,19444444,,,1620593034,16:43:54,20210509
34,1986-02-28,HELE,USD,1986-02-28,1986-02-28,FY,40800000,20600000,20200000,0.4950980392156863,0.0,0.0,0.0,0.0,0.0,41300000.0,0.0,1000000.0,500000.0,0.012254901960784314,-500000.0,-0.012254901960784314,200000.0,-1500000.0,-0.03676470588235294,-100000.0,-1400000.0,-0.03431372549019608,-0.08,-0.08,17500000,17500000,,,1620593034,16:43:54,20210509
