,date,symbol,reportedCurrency,fillingDate,acceptedDate,period,revenue,costOfRevenue,grossProfit,grossProfitRatio,researchAndDevelopmentExpenses,generalAndAdministrativeExpenses,sellingAndMarketingExpenses,otherExpenses,operatingExpenses,costAndExpenses,interestExpense,depreciationAndAmortization,ebitda,ebitdaratio,operatingIncome,operatingIncomeRatio,totalOtherIncomeExpensesNet,incomeBeforeTax,incomeBeforeTaxRatio,incomeTaxExpense,netIncome,netIncomeRatio,eps,epsdiluted,weightedAverageShsOut,weightedAverageShsOutDil,link,finalLink,timestamp,est_time,est_date
0,2020-12-31,WEYS,USD,2021-03-12,2021-03-12 14:11:19,FY,195375000,116817000,78558000,0.40208829174664107,0.0,86156000.0,0.0,96000.0,86156000.0,202973000,79000.0,3217000.0,-4381000.0,-0.022423544465770953,-7598000.0,-0.0388893154190659,96000.0,-7054000.0,-0.036104926423544466,1431000.0,-8485000.0,-0.04342930262316059,-0.87,-0.87,9758000.0,9758000.0,https://www.sec.gov/Archives/edgar/data/106532/000110465921035462/0001104659-21-035462-index.htm,https://www.sec.gov/Archives/edgar/data/106532/000110465921035462/weys-20201231x10k.htm,1620599790,18:36:30,20210509
1,2019-12-31,WEYS,USD,2020-03-12,2020-03-12 14:20:42,FY,304011000,180049000,123962000,0.4077549825499735,0.0,96922000.0,0.0,-535000.0,96922000.0,276971000,244000.0,3486000.0,30526000.0,0.10041084039722246,27040000.0,0.08894415004720224,-535000.0,27084000.0,0.08908888165230863,6202000.0,20882000.0,0.06868830404163007,2.11,2.1,9904000.0,9953000.0,https://www.sec.gov/Archives/edgar/data/106532/000110465920032373/0001104659-20-032373-index.htm,https://www.sec.gov/Archives/edgar/data/106532/000110465920032373/tm205280d1_10k.htm,1620599790,18:36:30,20210509
2,2018-12-31,WEYS,USD,2019-03-14,2019-03-14 16:49:23,FY,298375000,178295000,120080000,0.4024465856723921,0.0,94621000.0,0.0,-638000.0,94621000.0,272916000,45000.0,4030000.0,29489000.0,0.09883200670297444,25459000.0,0.08532551319648093,-638000.0,25757000.0,0.08632425638877252,5798000.0,20484000.0,0.06865186426476749,2.01,1.97,10168000.0,10391000.0,https://www.sec.gov/Archives/edgar/data/106532/000114420419013992/0001144204-19-013992-index.htm,https://www.sec.gov/Archives/edgar/data/106532/000114420419013992/tv515153_10k.htm,1620599790,18:36:30,20210509
3,2017-12-31,WEYS,USD,2018-03-13,2018-03-13 15:18:50,FY,283749000,173056000,110693000,0.3901088638197844,0.0,87281000.0,0.0,-248000.0,87281000.0,260337000,15000.0,4305000.0,27717000.0,0.09768140152035779,23412000.0,0.08250954188384804,-248000.0,23922000.0,0.0843069050463614,7223000.0,16491000.0,0.058118266496093376,1.61,1.6,10253000.0,10314000.0,https://www.sec.gov/Archives/edgar/data/106532/000114420418014341/0001144204-18-014341-index.htm,https://www.sec.gov/Archives/edgar/data/106532/000114420418014341/v487074_10k.htm,1620599790,18:36:30,20210509
4,2016-12-31,WEYS,USD,2017-03-09,2017-03-09 17:06:34,FY,296933000,184890000,112043000,0.3773342807973516,0.0,90807000.0,0.0,514000.0,90807000.0,275697000,436000.0,4057000.0,25293000.0,0.08518083203955101,21236000.0,0.07151781715067035,514000.0,22077000.0,0.07435010591614943,5084000.0,16472000.0,0.055473793751452345,1.57,1.56,10519000.0,10572000.0,https://www.sec.gov/Archives/edgar/data/106532/000114420417013739/0001144204-17-013739-index.htm,https://www.sec.gov/Archives/edgar/data/106532/000114420417013739/v456062_10k.htm,1620599790,18:36:30,20210509
5,2015-12-31,WEYS,USD,2016-03-10,2016-03-10 15:59:42,FY,320617000,199008000,121609000,0.37929679337028294,0.0,91824000.0,0.0,-1425000.0,91824000.0,290832000,181000.0,4038000.0,33823000.0,0.10549347040238041,29785000.0,0.09289900410770484,-1425000.0,29115000.0,0.09080928335053974,10962000.0,18212000.0,0.05680297676043379,1.69,1.68,10773000.0,10859000.0,https://www.sec.gov/Archives/edgar/data/106532/000114420416087188/0001144204-16-087188-index.htm,https://www.sec.gov/Archives/edgar/data/106532/000114420416087188/v432450_10k.htm,1620599790,18:36:30,20210509
6,2014-12-31,WEYS,USD,2015-03-11,2015-03-11 11:10:44,FY,320488000,197420000,123068000,0.38400189710691196,0.0,92411000.0,0.0,-595000.0,92411000.0,289831000,178000.0,4020000.0,34677000.0,0.1082006190559397,30657000.0,0.09565724769726168,-595000.0,31058000.0,0.09690846459149796,11234000.0,19020000.0,0.05934699583135718,1.76,1.75,10791000.0,10888000.0,https://www.sec.gov/Archives/edgar/data/106532/000114420415015293/0001144204-15-015293-index.htm,https://www.sec.gov/Archives/edgar/data/106532/000114420415015293/v402800_10-k.htm,1620599790,18:36:30,20210509
7,2013-12-31,WEYS,USD,2014-03-12,2014-03-12 13:01:05,FY,300284000,182971000,117313000,0.3906734957573497,0.0,89558000.0,0.0,-653000.0,89558000.0,272529000,384000.0,4234000.0,31989000.0,0.1065291524023924,27755000.0,0.09242916705518775,-653000.0,28179000.0,0.09384116369836555,9930000.0,17601000.0,0.058614511595689416,1.63,1.62,10779000.0,10865000.0,https://www.sec.gov/Archives/edgar/data/106532/000114420414015028/0001144204-14-015028-index.htm,https://www.sec.gov/Archives/edgar/data/106532/000114420414015028/v368730_10k.htm,1620599790,18:36:30,20210509
8,2012-12-31,WEYS,USD,2013-03-14,2013-03-14 16:03:46,FY,293471000,178584000,114887000,0.3914765002334132,0.0,85090000.0,0.0,-144000.0,85090000.0,263674000,561000.0,3643000.0,33440000.0,0.11394652282508323,29797000.0,0.10153303052090326,-144000.0,30932000.0,0.10540053361320198,10533000.0,18957000.0,0.06459582037066695,1.75,1.73,10844000.0,10950000.0,https://www.sec.gov/Archives/edgar/data/106532/000114420413015061/0001144204-13-015061-index.htm,https://www.sec.gov/Archives/edgar/data/106532/000114420413015061/v331060_10k.htm,1620599790,18:36:30,20210509
9,2011-12-31,WEYS,USD,2012-03-13,2012-03-13 13:18:54,FY,271100000,164378000,106722000,0.39366285503504245,0.0,83525000.0,0.0,0.0,83525000.0,247903000,611000.0,2844000.0,26041000.0,0.09605680560678716,23197000.0,0.08556621172998893,216000.0,25022000.0,0.09229804500184434,8581000.0,15251000.0,0.056255994098118774,1.38,1.37,11066000.0,11159000.0,https://www.sec.gov/Archives/edgar/data/106532/000114420412014516/0001144204-12-014516-index.htm,https://www.sec.gov/Archives/edgar/data/106532/000114420412014516/v302790_10k.htm,1620599790,18:36:30,20210509
10,2010-12-31,WEYS,USD,2011-03-15,2011-03-15 15:22:45,FY,229231000,138934000,90297000,0.39391269069192214,0.0,71516000.0,0.0,0.0,71516000.0,210450000,120000.0,2816000.0,21597000.0,0.09421500582381964,18781000.0,0.08193045443242843,345000.0,21297000.0,0.09290628230911177,7171000.0,13668000.0,0.05962544333009061,1.21,1.19,11293000.0,11493000.0,https://www.sec.gov/Archives/edgar/data/106532/000114420411014846/0001144204-11-014846-index.htm,https://www.sec.gov/Archives/edgar/data/106532/000114420411014846/v214162_10k.htm,1620599790,18:36:30,20210509
11,2009-12-31,WEYS,USD,2010-03-12,2010-03-12 13:44:37,FY,225305000,140829000,84476000,0.37494063602671934,0.0,67696000.0,0.0,0.0,67696000.0,208525000,26000.0,3041000.0,19821000.0,0.0879740795810124,16780000.0,0.0744768203102461,1406000.0,20010000.0,0.08881294245578217,6940000.0,12821000.0,0.05690508421916957,1.14,1.11,11266000.0,11510000.0,https://www.sec.gov/Archives/edgar/data/106532/000114420410013068/0001144204-10-013068-index.htm,https://www.sec.gov/Archives/edgar/data/106532/000114420410013068/v176968_10k.htm,1620599790,18:36:30,20210509
12,2008-12-31,WEYS,USD,2009-03-12,2009-03-12 15:09:19,FY,221432000,140294000,81138000,0.36642400375736117,0.0,56639000.0,0.0,0.0,56639000.0,196933000,62000.0,2745000.0,27244000.0,0.12303551428881102,24499000.0,0.11063893204234257,-21000.0,26432000.0,0.11936847429459156,9407000.0,17025000.0,0.07688590628274143,1.49,1.45,11397000.0,11757000.0,https://www.sec.gov/Archives/edgar/data/106532/000114420409013541/0001144204-09-013541-index.htm,https://www.sec.gov/Archives/edgar/data/106532/000114420409013541/v142419_10k.htm,1620599790,18:36:30,20210509
13,2007-12-31,WEYS,USD,2008-03-13,2008-03-13 15:10:03,FY,232616656,143199303,89417353,0.3843978953940426,0.0,55285340.0,0.0,0.0,55285340.0,198484643,352905.0,2574424.0,36706437.0,0.1577979738475821,34132013.0,0.14673073539497533,24891.0,35962982.0,0.15460192154082036,13062000.0,22900982.0,0.09844945067046273,1.98,1.91,11566153.0,11990043.0,https://www.sec.gov/Archives/edgar/data/106532/000114420408015019/0001144204-08-015019-index.htm,https://www.sec.gov/Archives/edgar/data/106532/000114420408015019/v106471_10k.htm,1620599790,18:36:30,20210509
14,2006-12-31,WEYS,USD,2007-03-15,2007-03-15 15:04:31,FY,221047487,135734547,85312940,0.3859484726917524,0.0,51868545.0,0.0,0.0,51868545.0,187603092,608447.0,2281044.0,35725439.0,0.16161884256119138,33444395.0,0.1512995938289043,13627.0,34790551.0,0.15738948889294543,12935000.0,21855551.0,0.09887265083452408,1.88,1.81,11625293.0,12074890.0,https://www.sec.gov/Archives/edgar/data/106532/000127528707001331/0001275287-07-001331-index.htm,https://www.sec.gov/Archives/edgar/data/106532/000127528707001331/wg9266.htm,1620599790,18:36:30,20210509
15,2005-12-31,WEYS,USD,2006-03-13,2006-03-13 12:41:26,FY,209469303,132726939,76742364,0.3663656817533784,0.0,46063389.0,0.0,0.0,46063389.0,178790328,339670.0,2311724.0,32990699.0,0.1574965807758476,30678975.0,0.14646048161052028,-26070.0,31350765.0,0.1496675863766062,11950000.0,19400765.0,0.09261865448609431,1.68,1.62,11548074.0,11975781.0,https://www.sec.gov/Archives/edgar/data/106532/000127528706001360/0001275287-06-001360-index.htm,https://www.sec.gov/Archives/edgar/data/106532/000127528706001360/wg5054.htm,1620599790,18:36:30,20210509
16,2004-12-31,WEYS,USD,2005-03-14 00:00:00,2005-03-11 17:39:37,FY,223013334,140017783,82995551,0.3721551062054433,0.0,50043981.0,0.0,0.0,50043981.0,190061764,477807.0,2597806.0,35549376.0,0.1594047107515105,32951570.0,0.14775605300802327,-71694.0,32902674.0,0.14753680154389334,12625000.0,20277674.0,0.09092583674839819,1.78,1.725,11391952.0,11755173.0,https://www.sec.gov/Archives/edgar/data/106532/000095013705002913/0000950137-05-002913-index.html,https://www.sec.gov/Archives/edgar/data/106532/000095013705002913/c92868e10vk.htm,1620599790,18:36:30,20210509
17,2003-12-31,WEYS,USD,2004-03-12 00:00:00,2004-03-12 15:50:27,FY,215760531,139315498,76445033,0.35430499102729773,0.0,49184303.0,0.0,0.0,49184303.0,188499801,1374682.0,2509814.0,29770544.0,0.1379795640195194,27260730.0,0.12634715846152603,275222.0,26689801.0,0.12370103501460145,9555000.0,17134801.0,0.0794158269845934,1.505,1.455,11385250.0,11776496.0,https://www.sec.gov/Archives/edgar/data/106532/000095013704001795/0000950137-04-001795-index.html,https://www.sec.gov/Archives/edgar/data/106532/000095013704001795/c83596e10vk.txt,1620599790,18:36:30,20210509
18,2002-12-31,WEYS,USD,2003-03-24 00:00:00,2003-03-24 16:21:33,FY,181200118,122062238,59137880,0.32636777863466954,0.0,37731912.0,0.0,0.0,37731912.0,159794150,1289159.0,2231119.0,23637087.0,0.13044741505080035,21405968.0,0.11813440430541,18077.0,20987918.0,0.11582728660253963,7800000.0,13187918.0,0.07278095701902358,1.17,1.146667,11271725.0,11501091.0,https://www.sec.gov/Archives/edgar/data/106532/000095013403004395/0000950134-03-004395-index.html,https://www.sec.gov/Archives/edgar/data/106532/000095013403004395/c75458e10vk.txt,1620599790,18:36:30,20210509
19,2001-12-31,WEYS,USD,2001-12-31,2001-12-31,FY,131692896,94107329,37585567,0.2854031473345381,0.0,24231452.0,0.0,0.0,24231452.0,118338781,296178.0,1608525.0,14962640.0,0.11361767000704427,13354115.0,0.10140345763221731,621618.0,14701242.0,0.1116327641545676,5200000.0,9501242.0,0.07214695924068676,0.826667,0.82,11493438.0,11586880.0,,,1620599790,18:36:30,20210509
20,2000-12-31,WEYS,USD,2000-12-31,2000-12-31,FY,148155044,106107846,42047198,0.2838053762111535,0.0,24585638.0,0.0,0.0,26075149.0,132182995,626956.0,1489511.0,17461560.0,0.11786004396853339,15972049.0,0.10780631268956324,21029.0,16472333.0,0.1111830725115238,5850000.0,10622333.0,0.07169741045063575,0.87,0.863333,12209578.0,12303861.0,,,1620599790,18:36:30,20210509
21,1999-12-31,WEYS,USD,1999-12-31,1999-12-31,FY,133500000,94500000,39000000,0.29213483146067415,0.0,22500000.0,0.0,0.0,23700000.0,118200000,0.0,1200000.0,16500000.0,0.12359550561797752,15300000.0,0.1146067415730337,900000.0,17000000.0,0.12734082397003746,5900000.0,11100000.0,0.08314606741573034,0.86,0.85,12906977.0,13058824.0,,,1620599790,18:36:30,20210509
22,1998-12-31,WEYS,USD,1998-12-31,1998-12-31,FY,127100000,90300000,36800000,0.2895357985837923,0.0,22300000.0,0.0,0.0,22900000.0,113200000,400000.0,600000.0,14500000.0,0.11408339889850512,13900000.0,0.1093627065302911,1800000.0,15300000.0,0.12037765538945712,5500000.0,9800000.0,0.07710464201416208,0.7,0.69,14000000.0,14202899.0,,,1620599790,18:36:30,20210509
23,1997-12-31,WEYS,USD,1997-12-31,1997-12-31,FY,127000000,90900000,36100000,0.284251968503937,0.0,22700000.0,0.0,0.0,23500000.0,114400000,0.0,800000.0,13400000.0,0.10551181102362205,12600000.0,0.09921259842519685,1500000.0,14200000.0,0.11181102362204724,5100000.0,9100000.0,0.07165354330708662,0.633333,0.626667,14368421.0,14521277.0,,,1620599790,18:36:30,20210509
24,1996-12-31,WEYS,USD,1997-03-25 00:00:00,1997-03-25 00:00:00,FY,129300000,93500000,35800000,0.2768754833720031,0.0,23200000.0,0.0,0.0,24200000.0,117700000,0.0,1000000.0,12600000.0,0.09744779582366589,11600000.0,0.0897138437741686,1100000.0,12800000.0,0.09899458623356536,4700000.0,8100000.0,0.06264501160092807,0.5522222240402378,0.5491268916319774,14668008.0,14750689.0,https://www.sec.gov/Archives/edgar/data/106532/000095012497001773/0000950124-97-001773-index.html,https://www.sec.gov/Archives/edgar/data/106532/0000950124-97-001773.txt,1620599790,18:36:30,20210509
25,1995-12-31,WEYS,USD,1995-12-31,1995-12-31,FY,120600000,87000000,33600000,0.27860696517412936,0.0,0.0,0.0,0.0,0.0,112000000,0.0,1100000.0,9700000.0,0.08043117744610281,8600000.0,0.07131011608623548,2200000.0,10800000.0,0.08955223880597014,4000000.0,6800000.0,0.05638474295190713,0.402222,0.402222,16906077.0,16906440.0,,,1620599790,18:36:30,20210509
26,1994-12-31,WEYS,USD,1994-12-31,1994-12-31,FY,114700000,75100000,39600000,0.34524847428073235,0.0,0.0,0.0,0.0,0.0,105300000,0.0,1200000.0,10600000.0,0.09241499564080209,9400000.0,0.08195292066259809,700000.0,10100000.0,0.08805579773321709,3900000.0,6200000.0,0.05405405405405406,0.330165,0.330165,18778490.0,18778490.0,,,1620599790,18:36:30,20210509
27,1993-12-31,WEYS,USD,1993-12-31,1993-12-31,FY,122100000,81600000,40500000,0.3316953316953317,0.0,0.0,0.0,0.0,0.0,115000000,0.0,1200000.0,8300000.0,0.06797706797706797,7100000.0,0.05814905814905815,600000.0,7700000.0,0.06306306306306306,2800000.0,5800000.0,0.0475020475020475,0.303485,0.303485,19111323.0,19111323.0,,,1620599790,18:36:30,20210509
28,1992-12-31,WEYS,USD,1992-12-31,1992-12-31,FY,139500000,89200000,50300000,0.36057347670250894,0.0,0.0,0.0,0.0,0.0,129600000,0.0,1300000.0,11200000.0,0.08028673835125448,9900000.0,0.07096774193548387,600000.0,10500000.0,0.07526881720430108,3900000.0,6600000.0,0.047311827956989246,0.343505,0.343505,19213694.0,19213694.0,,,1620599790,18:36:30,20210509
29,1991-12-31,WEYS,USD,1991-12-31,1991-12-31,FY,140900000,92000000,48900000,0.3470546486870121,0.0,0.0,0.0,0.0,0.0,133500000,0.0,1200000.0,8600000.0,0.06103619588360539,7400000.0,0.0525195173882186,900000.0,8400000.0,0.05961674946770759,3300000.0,5100000.0,0.0361958836053939,0.263465,0.263465,19357410.0,19357410.0,,,1620599790,18:36:30,20210509
30,1990-12-31,WEYS,USD,1990-12-31,1990-12-31,FY,148500000,96200000,52300000,0.35218855218855216,0.0,0.0,0.0,0.0,0.0,138400000,100000.0,1200000.0,11300000.0,0.07609427609427609,10100000.0,0.06801346801346801,600000.0,10500000.0,0.0707070707070707,4000000.0,6500000.0,0.04377104377104377,0.336835,0.336835,19297282.0,19297282.0,,,1620599790,18:36:30,20210509
31,1989-12-31,WEYS,USD,1989-12-31,1989-12-31,FY,138900000,88900000,50000000,0.3599712023038157,0.0,0.0,0.0,0.0,0.0,129200000,0.0,900000.0,10600000.0,0.07631389488840892,9700000.0,0.06983441324694024,600000.0,10300000.0,0.07415406767458603,3900000.0,6400000.0,0.04607631389488841,0.330165,0.330165,19384247.0,19384247.0,,,1620599790,18:36:30,20210509
32,1988-12-31,WEYS,USD,1988-12-31,1988-12-31,FY,126300000,83400000,42900000,0.33966745843230406,0.0,0.0,0.0,0.0,0.0,118700000,400000.0,1200000.0,8800000.0,0.06967537608867776,7600000.0,0.060174188440221696,900000.0,8100000.0,0.06413301662707839,3000000.0,5100000.0,0.040380047505938245,0.256795,0.256795,19860200.0,19860200.0,,,1620599790,18:36:30,20210509
33,1987-12-31,WEYS,USD,1987-12-31,1987-12-31,FY,117900000,76600000,41300000,0.35029686174724345,0.0,0.0,0.0,0.0,0.0,110800000,0.0,1000000.0,8100000.0,0.06870229007633588,7100000.0,0.06022052586938083,900000.0,7800000.0,0.06615776081424936,3200000.0,4600000.0,0.039016115351993216,0.230115,0.230115,19990005.0,19990005.0,,,1620599790,18:36:30,20210509
34,1986-12-31,WEYS,USD,1986-12-31,1986-12-31,FY,106700000,68300000,38400000,0.3598875351452671,0.0,0.0,0.0,0.0,0.0,99400000,100000.0,1100000.0,8400000.0,0.07872539831302718,7300000.0,0.06841611996251172,600000.0,7800000.0,0.07310215557638237,3500000.0,4300000.0,0.04029990627928772,0.203435,0.203435,21136972.0,21136972.0,,,1620599790,18:36:30,20210509
35,1985-12-31,WEYS,USD,1985-12-31,1985-12-31,FY,111500000,71600000,39900000,0.357847533632287,0.0,0.0,0.0,0.0,0.0,103200000,100000.0,1100000.0,9400000.0,0.08430493273542601,8300000.0,0.07443946188340807,900000.0,9000000.0,0.08071748878923767,4200000.0,4800000.0,0.04304932735426009,0.223445,0.223445,21481796.0,21481796.0,,,1620599790,18:36:30,20210509
