,date,symbol,reportedCurrency,fillingDate,acceptedDate,period,revenue,costOfRevenue,grossProfit,grossProfitRatio,researchAndDevelopmentExpenses,generalAndAdministrativeExpenses,sellingAndMarketingExpenses,otherExpenses,operatingExpenses,costAndExpenses,interestExpense,depreciationAndAmortization,ebitda,ebitdaratio,operatingIncome,operatingIncomeRatio,totalOtherIncomeExpensesNet,incomeBeforeTax,incomeBeforeTaxRatio,incomeTaxExpense,netIncome,netIncomeRatio,eps,epsdiluted,weightedAverageShsOut,weightedAverageShsOutDil,link,finalLink,timestamp,est_time,est_date
0,2020-03-31,KBPH,USD,2020-06-30 00:00:00,2020-06-30 16:31:58,FY,14150.0,0.0,0.0,1.0,0.0,726500.0,0.0,61046.0,726503.0,787550.0,0.0,0.0,-773400.0,-54.657244,-773400.0,-54.657243816254415,0.0,-773400.0,-54.657243816254415,0.0,-773400.0,-54.657243816254415,-0.1325,-0.1325,5836830.0,5836830.0,https://www.sec.gov/Archives/edgar/data/1164888/000107878220000513/0001078782-20-000513-index.htm,https://www.sec.gov/Archives/edgar/data/1164888/000107878220000513/f10k033120_10k.htm,1620594068,17:01:08,20210509
1,2019-03-31,KBPH,USD,2019-05-16 00:00:00,2019-05-16 14:03:09,FY,9000.0,0.0,0.0,1.0,0.0,239080.0,0.0,239082.0,239082.0,239080.0,-30.0,0.0,-230140.0,-25.571111,-230080.0,-25.564444444444444,0.0,-230110.0,-25.567777777777778,0.0,-230110.0,-25.567777777777778,-0.04826,-0.04826,4768370.0,4768370.0,https://www.sec.gov/Archives/edgar/data/1164888/000107878219000455/0001078782-19-000455-index.html,https://www.sec.gov/Archives/edgar/data/1164888/000107878219000455/f10k033119_10k.htm,1620594068,17:01:08,20210509
2,2018-03-31,KBPH,USD,2018-06-28 00:00:00,2018-06-28 17:06:03,FY,0.0,0.0,0.0,0.0,0.0,90000.0,0.0,0.0,90827.0,90000.0,0.0,0.0,-90000.0,0.0,-90000.0,0.0,0.0,-90000.0,0.0,0.0,-90000.0,0.0,-0.02866,-0.02866,3140000.0,3140000.0,https://www.sec.gov/Archives/edgar/data/1164888/000165495418007123/0001654954-18-007123-index.html,https://www.sec.gov/Archives/edgar/data/1164888/000165495418007123/kyto_10k.htm,1620594068,17:01:08,20210509
3,2017-03-31,KBPH,USD,2017-06-29 00:00:00,2017-06-29 16:05:22,FY,0.0,0.0,0.0,0.0,0.0,90000.0,0.0,0.0,93929.0,90000.0,0.0,0.0,-90000.0,0.0,-90000.0,0.0,0.0,-90000.0,0.0,0.0,-90000.0,0.0,-0.02866,-0.02866,3140000.0,3140000.0,https://www.sec.gov/Archives/edgar/data/1164888/000165495417006008/0001654954-17-006008-index.html,https://www.sec.gov/Archives/edgar/data/1164888/000165495417006008/kbph_10k.htm,1620594068,17:01:08,20210509
4,2016-03-31,KBPH,USD,2016-06-29 00:00:00,2016-06-29 17:01:10,FY,0.0,0.0,0.0,0.0,0.0,90000.0,0.0,0.0,90378.0,90000.0,0.0,0.0,-90000.0,0.0,-90000.0,0.0,0.0,-90000.0,0.0,0.0,-90000.0,0.0,-0.02866,-0.02866,3140000.0,3140000.0,https://www.sec.gov/Archives/edgar/data/1164888/000165495416000575/0001654954-16-000575-index.html,https://www.sec.gov/Archives/edgar/data/1164888/000165495416000575/kbph_10k.htm,1620594068,17:01:08,20210509
5,2015-03-31,KBPH,USD,2015-06-30 00:00:00,2015-06-30 17:17:46,FY,0.0,0.0,0.0,0.0,0.0,0.0,0.0,0.0,101182.0,0.0,0.0,0.0,0.0,0.0,0.0,0.0,0.0,0.0,0.0,0.0,0.0,0.0,0.0,0.0,3140000.0,3140000.0,https://www.sec.gov/Archives/edgar/data/1164888/000135448815003214/0001354488-15-003214-index.html,https://www.sec.gov/Archives/edgar/data/1164888/000135448815003214/kbph_10k.htm,1620594068,17:01:08,20210509
6,2014-03-31,KBPH,USD,2014-06-30 00:00:00,2014-06-30 16:02:45,FY,0.0,0.0,0.0,0.0,0.0,0.0,0.0,0.0,80801.0,0.0,0.0,0.0,0.0,0.0,0.0,0.0,0.0,0.0,0.0,0.0,0.0,0.0,0.0,0.0,3140000.0,3140000.0,https://www.sec.gov/Archives/edgar/data/1164888/000135448814003492/0001354488-14-003492-index.html,https://www.sec.gov/Archives/edgar/data/1164888/000135448814003492/kbph_10k.htm,1620594068,17:01:08,20210509
7,2013-03-31,KBPH,USD,2013-06-28 00:00:00,2013-06-28 16:09:17,FY,0.0,0.0,0.0,0.0,0.0,60000.0,0.0,0.0,58726.0,230000.0,-20000.0,0.0,-270000.0,0.0,-230000.0,0.0,0.0,-250000.0,0.0,0.0,-250000.0,0.0,-0.19231,-0.19231,1300000.0,1300000.0,https://www.sec.gov/Archives/edgar/data/1164888/000135448813003690/0001354488-13-003690-index.html,https://www.sec.gov/Archives/edgar/data/1164888/000135448813003690/kbph_10k.htm,1620594068,17:01:08,20210509
8,2012-03-31,KBPH,USD,2012-03-31,2012-03-31,FY,0.0,0.0,0.0,0.0,0.0,120000.0,0.0,0.0,122020.0,120000.0,-70000.0,0.0,-260000.0,0.0,-120000.0,0.0,0.0,-190000.0,0.0,0.0,-190000.0,0.0,-0.14615,-0.14615,1300000.0,1300000.0,,,1620594068,17:01:08,20210509
9,2011-03-31,KBPH,USD,2011-06-29 00:00:00,2011-06-29 16:09:10,FY,0.0,0.0,0.0,0.0,0.0,350000.0,0.0,0.0,352050.0,400000.0,-120000.0,0.0,-640000.0,0.0,-400000.0,0.0,0.0,-520000.0,0.0,0.0,-520000.0,0.0,-0.4,-0.4,1300000.0,1300000.0,https://www.sec.gov/Archives/edgar/data/1164888/000135448811002014/0001354488-11-002014-index.html,https://www.sec.gov/Archives/edgar/data/1164888/000135448811002014/kbph_10k.htm,1620594068,17:01:08,20210509
10,2010-03-31,KBPH,USD,2010-06-30 00:00:00,2010-06-30 16:22:56,FY,0.0,0.0,0.0,0.0,150000.0,150000.0,0.0,0.0,293369.0,560000.0,-30000.0,0.0,-620000.0,0.0,-560000.0,0.0,0.0,-590000.0,0.0,0.0,-590000.0,0.0,-0.46457,-0.46457,1270000.0,1270000.0,https://www.sec.gov/Archives/edgar/data/1164888/000135448810002107/0001354488-10-002107-index.html,https://www.sec.gov/Archives/edgar/data/1164888/000135448810002107/kbph_10k.htm,1620594068,17:01:08,20210509
11,2009-03-31,KBPH,USD,2009-06-29 00:00:00,2009-06-29 15:42:08,FY,0.0,0.0,0.0,0.0,220000.0,160000.0,0.0,0.0,371805.0,370000.0,-270000.0,0.0,-910000.0,0.0,-370000.0,0.0,0.0,-640000.0,0.0,0.0,-640000.0,0.0,-0.50394,-0.50394,1270000.0,1270000.0,https://www.sec.gov/Archives/edgar/data/1164888/000135448809001051/0001354488-09-001051-index.html,https://www.sec.gov/Archives/edgar/data/1164888/000135448809001051/kyto10k.htm,1620594068,17:01:08,20210509
12,2008-03-31,KBPH,USD,2008-03-31,2008-03-31,FY,0.0,0.0,0.0,0.0,120000.0,370000.0,0.0,0.0,-484442.0,470000.0,120000.0,0.0,-230000.0,0.0,-470000.0,0.0,0.0,-350000.0,0.0,0.0,-350000.0,0.0,-0.28689,-0.28689,1220000.0,1220000.0,,,1620594068,17:01:08,20210509
13,2007-03-31,KBPH,USD,2007-03-31,2007-03-31,FY,0.0,0.0,0.0,0.0,80000.0,4070000.0,0.0,0.0,4151042.0,4150000.0,0.0,0.0,-4150000.0,0.0,-4150000.0,0.0,0.0,-4150000.0,0.0,0.0,-4150000.0,0.0,-3.42975,-3.42975,1210000.0,1210000.0,,,1620594068,17:01:08,20210509
