,date,symbol,reportedCurrency,fillingDate,acceptedDate,period,revenue,costOfRevenue,grossProfit,grossProfitRatio,researchAndDevelopmentExpenses,generalAndAdministrativeExpenses,sellingAndMarketingExpenses,otherExpenses,operatingExpenses,costAndExpenses,interestExpense,depreciationAndAmortization,ebitda,ebitdaratio,operatingIncome,operatingIncomeRatio,totalOtherIncomeExpensesNet,incomeBeforeTax,incomeBeforeTaxRatio,incomeTaxExpense,netIncome,netIncomeRatio,eps,epsdiluted,weightedAverageShsOut,weightedAverageShsOutDil,link,finalLink,timestamp,est_time,est_date
0,2019-12-31,PRU,USD,2020-02-14,2020-02-14 16:24:04,FY,64807000000,0.0,0.0,0.0,0.0,12954000000,462000000.0,0.0,59722000000.0,59722000000,1540000000.0,460000000,0.0,0.0,0.0,0.07846374620025615,3262000000.0,5085000000,0.07846374620025615,947000000,4186000000,0.064591787924144,10.340909,10.187394,404800000,410900000,https://www.sec.gov/Archives/edgar/data/1137774/000113777420000065/0001137774-20-000065-index.htm,https://www.sec.gov/Archives/edgar/data/1137774/000113777420000065/form10-kx4q2019.htm,1620596826,17:47:06,20210509
1,2018-12-31,PRU,USD,2019-02-15,2019-02-15 16:21:00,FY,62992000000,0.0,0.0,0.0,0.0,11949000000,0.0,0.0,58158000000.0,58158000000,1414000000.0,161000000,0.0,0.0,0.0,0.07673990347980696,-1042000000.0,4834000000,0.07673990347980696,822000000,4074000000,0.0646748793497587,9.755747,9.558893,417600000,426200000,https://www.sec.gov/Archives/edgar/data/1137774/000113777419000058/0001137774-19-000058-index.htm,https://www.sec.gov/Archives/edgar/data/1137774/000113777419000058/form10-kx4q2018.htm,1620596826,17:47:06,20210509
2,2017-12-31,PRU,USD,2018-02-16,2018-02-16 16:19:47,FY,59689000000,0.0,0.0,0.0,0.0,11915000000,0.0,0.0,53202000000.0,53202000000,1322000000.0,222000000,0.0,0.0,0.0,0.10867999128817706,1301000000.0,6487000000,0.10867999128817706,-1438000000,7863000000,0.1317328150915579,18.41452,18.034404,427000000,436000000,https://www.sec.gov/Archives/edgar/data/1137774/000113777418000063/0001137774-18-000063-index.htm,https://www.sec.gov/Archives/edgar/data/1137774/000113777418000063/form10-kx4q2017.htm,1620596826,17:47:06,20210509
3,2016-12-31,PRU,USD,2017-02-17,2017-02-17 16:20:56,FY,58779000000,0.0,0.0,0.0,0.0,11779000000,0.0,0.0,53074000000.0,53074000000,1315000000.0,318000000,0.0,0.0,0.0,0.09705847326426105,443000000.0,5705000000,0.09705847326426105,1335000000,4368000000,0.07431225437656305,10.168209,10.168209,429574173,429574173,https://www.sec.gov/Archives/edgar/data/1137774/000113777417000084/0001137774-17-000084-index.htm,https://www.sec.gov/Archives/edgar/data/1137774/000113777417000084/form10-kx4q2016.htm,1620596826,17:47:06,20210509
4,2015-12-31,PRU,USD,2016-02-19,2016-02-19 16:22:47,FY,57119000000,0.0,0.0,0.0,0.0,10912000000,0.0,0.0,49350000000.0,49350000000,1302000000.0,113000000,0.0,0.0,0.0,0.13601428596439014,0.0,7769000000,0.13601428596439014,2072000000,5642000000,0.09877623907981582,12.619062,12.17,447101369,463599014,https://www.sec.gov/Archives/edgar/data/1137774/000113777416000226/0001137774-16-000226-index.htm,https://www.sec.gov/Archives/edgar/data/1137774/000113777416000226/pfi201510-k.htm,1620596826,17:47:06,20210509
5,2014-12-31,PRU,USD,2015-02-20,2015-02-20 16:28:38,FY,54105000000,0.0,0.0,0.0,0.0,11807000000,0.0,0.0,52346000000.0,52346000000,1308000000.0,631000000,0.0,0.0,0.0,0.03251085851584881,-1978000000.0,1759000000,0.03251085851584881,349000000,1381000000,0.025524443212272433,3.022983,3.022983,456833477,456833477,https://www.sec.gov/Archives/edgar/data/1137774/000119312515056366/0001193125-15-056366-index.htm,https://www.sec.gov/Archives/edgar/data/1137774/000119312515056366/d864090d10k.htm,1620596826,17:47:06,20210509
6,2013-12-31,PRU,USD,2014-02-27,2014-02-27 16:24:20,FY,41461000000,0.0,0.0,0.0,0.0,11011000000,0.0,0.0,43145000000.0,43145000000,0.0,411000000,0.0,0.0,0.0,-0.04061648295989002,0.0,-1684000000,-0.04061648295989002,-1058000000,-667000000,-0.016087407443139336,-1.55,-1.55,468387097,468387097,https://www.sec.gov/Archives/edgar/data/1137774/000119312514073074/0001193125-14-073074-index.htm,https://www.sec.gov/Archives/edgar/data/1137774/000119312514073074/d655171d10k.htm,1620596826,17:47:06,20210509
7,2012-12-31,PRU,USD,2013-02-22,2013-02-22 16:36:17,FY,84815000000,0.0,0.0,0.0,0.0,11094000000,0.0,0.0,84139000000.0,84139000000,0.0,302000000,0.0,0.0,0.0,0.00797028827447975,0.0,676000000,0.00797028827447975,204000000,469000000,0.005529682249602075,0.95,0.94,446315789,451063830,https://www.sec.gov/Archives/edgar/data/1137774/000119312513071582/0001193125-13-071582-index.htm,https://www.sec.gov/Archives/edgar/data/1137774/000119312513071582/d450278d10k.htm,1620596826,17:47:06,20210509
8,2011-12-31,PRU,USD,2012-02-24,2012-02-24 16:12:37,FY,49045000000,0.0,0.0,0.0,0.0,9815000000,0.0,0.0,44121000000.0,43928000000,1164000000.0,290000000,0.0,0.0,0.0,0.10433275563258232,4039000000.0,5117000000,0.10433275563258232,1599000000,3666000000,0.07474768070139667,7.6343190337359434,7.501534683855126,480200000,488700000,https://www.sec.gov/Archives/edgar/data/1137774/000119312512078116/0001193125-12-078116-index.htm,https://www.sec.gov/Archives/edgar/data/1137774/000119312512078116/d291665d10k.htm,1620596826,17:47:06,20210509
9,2010-12-31,PRU,USD,2011-02-25,2011-02-25 16:36:09,FY,38414000000,0.0,0.0,0.0,0.0,7872000000,0.0,0.0,34077000000.0,33992000000,0.0,-104000000,0.0,0.0,0.0,0.11511428125162701,0.0,4422000000,0.11511428125162701,1310000000,3195000000,0.08317280158275629,5.82,5.75,466800000,475400000,https://www.sec.gov/Archives/edgar/data/1137774/000119312511047467/0001193125-11-047467-index.htm,https://www.sec.gov/Archives/edgar/data/1137774/000119312511047467/d10k.htm,1620596826,17:47:06,20210509
10,2009-12-31,PRU,USD,2010-02-26,2010-02-26 16:48:39,FY,32688000000,0.0,0.0,0.0,0.0,8991000000,0.0,0.0,30856000000.0,31119000000,0.0,175000000,0.0,0.0,0.0,0.047999265785609396,0.0,1569000000,0.047999265785609396,21000000,3124000000,0.0955702398433676,7.68,7.63,444600000,448200000,https://www.sec.gov/Archives/edgar/data/1137774/000119312510043048/0001193125-10-043048-index.htm,https://www.sec.gov/Archives/edgar/data/1137774/000119312510043048/d10k.htm,1620596826,17:47:06,20210509
11,2008-12-31,PRU,USD,2009-02-27,2009-02-26 18:19:12,FY,29275000000,0.0,0.0,0.0,0.0,9309000000,0.0,0.0,30216000000.0,30393000000,0.0,656000000,0.0,0.0,0.0,-0.03818958155422716,0.0,-1118000000,-0.03818958155422716,-461000000,-1073000000,-0.03665243381725021,-2.42,-2.42,429700000,429700000,https://www.sec.gov/Archives/edgar/data/1137774/000119312509039316/0001193125-09-039316-index.htm,https://www.sec.gov/Archives/edgar/data/1137774/000119312509039316/d10k.htm,1620596826,17:47:06,20210509
12,2007-12-31,PRU,USD,2008-02-27,2008-02-27 17:08:57,FY,34401000000,0.0,0.0,0.0,0.0,8841000000,0.0,0.0,29694000000.0,29715000000,0.0,272000000,0.0,0.0,0.0,0.1362169704369059,7420000000.0,4686000000,0.1362169704369059,1245000000,3704000000,0.10767128862533065,7.75,7.61,459800000,468300000,https://www.sec.gov/Archives/edgar/data/1137774/000119312508040213/0001193125-08-040213-index.htm,https://www.sec.gov/Archives/edgar/data/1137774/000119312508040213/d10k.htm,1620596826,17:47:06,20210509
13,2006-12-31,PRU,USD,2007-02-28,2007-02-28 17:25:08,FY,32488000000,0.0,0.0,0.0,0.0,8263000000,0.0,0.0,27874000000.0,28085000000,0.0,350000000,0.0,0.0,0.0,0.1355269638020192,6452000000.0,4403000000,0.1355269638020192,1248000000,3428000000,0.10551588278749077,6.63,6.5,484200000,494000000,https://www.sec.gov/Archives/edgar/data/1137774/000119312507042867/0001193125-07-042867-index.htm,https://www.sec.gov/Archives/edgar/data/1137774/000119312507042867/d10k.htm,1620596826,17:47:06,20210509
14,2005-12-31,PRU,USD,2006-02-28,2006-02-28 16:46:55,FY,31708000000,0.0,0.0,0.0,0.0,7838000000,0.0,0.0,27073000000.0,27237000000,0.0,501000000,0.0,0.0,0.0,0.14100542449854928,6088000000.0,4471000000,0.14100542449854928,869000000,3540000000,0.11164374921155544,6.45,6.34,511800000,520900000,https://www.sec.gov/Archives/edgar/data/1137774/000119312506041378/0001193125-06-041378-index.htm,https://www.sec.gov/Archives/edgar/data/1137774/000119312506041378/d10k.htm,1620596826,17:47:06,20210509
15,2004-12-31,PRU,USD,2005-03-09,2005-03-09 16:18:38,FY,28348000000,0.0,0.0,0.0,0.0,7346000000,0.0,0.0,0.0,25061000000,0.0,589000000,0.0,0.0,0.0,0.11595174262734584,5963000000.0,3287000000,0.11595174262734584,955000000,2256000000,0.07958233385071257,3.38,3.31,520600000,531200000,https://www.sec.gov/Archives/edgar/data/1137774/000119312505045535/0001193125-05-045535-index.htm,https://www.sec.gov/Archives/edgar/data/1137774/000119312505045535/d10k.htm,1620596826,17:47:06,20210509
16,2003-12-31,PRU,USD,2004-03-10,2004-03-10 15:30:48,FY,27907000000,0.0,0.0,0.0,0.0,7602000000,0.0,0.0,0.0,25949000000,1830000000.0,733000000,0.0,0.0,0.0,0.07016160819865984,5723000000.0,1958000000,0.07016160819865984,650000000,1264000000,0.04529329558892034,1.99,1.98,544400000,548400000,https://www.sec.gov/Archives/edgar/data/1137774/000119312504038160/0001193125-04-038160-index.htm,https://www.sec.gov/Archives/edgar/data/1137774/000119312504038160/d10k.htm,1620596826,17:47:06,20210509
17,2002-12-31,PRU,USD,2003-03-14,2003-03-14 15:49:30,FY,26675000000,0.0,0.0,0.0,0.0,8463000000,0.0,0.0,0.0,26611000000,1846000000.0,559000000,0.0,0.0,0.0,0.0023992502343017806,5670000000.0,64000000,0.0023992502343017806,-192000000,194000000,0.007272727272727273,1.25,0.33565,576567377,577983819,https://www.sec.gov/Archives/edgar/data/1137774/000095013003002060/0000950130-03-002060-index.htm,https://www.sec.gov/Archives/edgar/data/1137774/000095013003002060/d10k.htm,1620596826,17:47:06,20210509
