,date,symbol,reportedCurrency,fillingDate,acceptedDate,period,revenue,costOfRevenue,grossProfit,grossProfitRatio,researchAndDevelopmentExpenses,generalAndAdministrativeExpenses,sellingAndMarketingExpenses,otherExpenses,operatingExpenses,costAndExpenses,interestExpense,depreciationAndAmortization,ebitda,ebitdaratio,operatingIncome,operatingIncomeRatio,totalOtherIncomeExpensesNet,incomeBeforeTax,incomeBeforeTaxRatio,incomeTaxExpense,netIncome,netIncomeRatio,eps,epsdiluted,weightedAverageShsOut,weightedAverageShsOutDil,link,finalLink,timestamp,est_time,est_date
0,2020-09-30,XSNX,USD,2021-03-30,2021-03-29 19:38:50,FY,0.0,0.0,0.0,0.0,0.0,828892.0,0.0,-828892.0,828892.0,828892.0,30536.0,0.0,-6991467.0,0.0,-6991467.0,0.0,-6162575.0,-6770215.0,0.0,0.0,-6770215.0,0.0,-4.222169490087883,-4.222169490087883,1603492.0,1603492.0,https://www.sec.gov/Archives/edgar/data/1039466/000118518521000410/0001185185-21-000410-index.htm,https://www.sec.gov/Archives/edgar/data/1039466/000118518521000410/novaccess20200930_10k.htm,1620600052,18:40:52,20210509
1,2019-09-30,XSNX,USD,2019-12-20 00:00:00,2019-12-20 16:31:35,FY,1608723.0,856165.0,752558.0,0.46779837175200456,0.0,544698.0,0.0,0.0,545278.0,1401443.0,71981.0,580.0,207860.0,0.12920807373301682,207280.0,0.12884753932156126,2208683.0,2343982.0,1.4570451221248157,0.0,2343982.0,1.4570451221248157,1.503051654331374,0.46875205605549713,1559482.0,5000473.0,https://www.sec.gov/Archives/edgar/data/1039466/000118518519001754/0001185185-19-001754-index.html,https://www.sec.gov/Archives/edgar/data/1039466/000118518519001754/xsunx20190930_10k.htm,1620600052,18:40:52,20210509
2,2018-09-30,XSNX,USD,2019-01-07,2019-01-07,FY,665017.0,438693.0,226324.0,0.3403281419873477,0.0,428338.0,0.0,0.0,428618.0,867311.0,110970.0,280.0,-202014.0,-0.30377268551029524,-202294.0,-0.30419372737839784,-3656142.0,-3969406.0,-5.968878991063386,0.0,-3969406.0,-5.968878991063386,-2.931679,-2.931679,1353970.0,1353970.0,https://www.sec.gov/Archives/edgar/data/1039466/000118518519000013/0001185185-19-000013-index.htm,https://www.sec.gov/Archives/edgar/data/1039466/000118518519000013/xsunx20180930_10k.htm,1620600052,18:40:52,20210509
3,2017-09-30,XSNX,USD,2017-12-21 00:00:00,2017-12-20 19:44:41,FY,1172972.0,791413.0,381559.0,0.3252925048509257,0.0,453235.0,0.0,0.0,453399.0,1244812.0,38004.0,164.0,-71676.0,-0.06110631796837435,-71840.0,-0.06124613375255334,-388819.0,-498663.0,-0.4251277950368807,0.0,-498663.0,-0.4251277950368807,-0.535642,-0.535642,930964.0,930964.0,https://www.sec.gov/Archives/edgar/data/1039466/000118518517002648/0001185185-17-002648-index.html,https://www.sec.gov/Archives/edgar/data/1039466/000118518517002648/xsunx10k093017.htm,1620600052,18:40:52,20210509
4,2016-09-30,XSNX,USD,2016-12-14 00:00:00,2016-12-14 17:27:34,FY,750556.0,474030.0,276526.0,0.3684282052238607,0.0,482779.0,0.0,0.0,484383.0,958413.0,103763.0,1604.0,-206253.0,-0.2748002813913952,-207857.0,-0.27693736376766026,68754.0,-242866.0,-0.3235814516172011,0.0,-242866.0,-0.3235814516172011,-0.331089,-0.331089,733536.0,733536.0,https://www.sec.gov/Archives/edgar/data/1039466/000118518516005947/0001185185-16-005947-index.html,https://www.sec.gov/Archives/edgar/data/1039466/000118518516005947/xsunx10k093016.htm,1620600052,18:40:52,20210509
5,2015-09-30,XSNX,USD,2016-01-08,2016-01-08,FY,1215632.0,912404.0,303228.0,0.24944062018768837,0.0,520800.0,0.0,0.0,525450.0,1437854.0,216105.0,4650.0,-217572.0,-0.1789785066533293,-222222.0,-0.18280367742869552,-860240.0,-1320648.0,-1.0863879858378194,0.0,-1320648.0,-1.0863879858378194,-2.03267,-2.03267,649711.0,649711.0,https://www.sec.gov/Archives/edgar/data/1039466/000118518516003424/0001185185-16-003424-index.htm,https://www.sec.gov/Archives/edgar/data/1039466/000118518516003424/xsunx10k093015.htm,1620600052,18:40:52,20210509
6,2014-09-30,XSNX,USD,2014-09-30,2014-09-30,FY,393522.0,283224.0,110298.0,0.2802842026621129,0.0,527926.0,0.0,0.0,542655.0,825879.0,758905.0,14729.0,-417628.0,-1.061257058055204,-432357.0,-1.0986857151569671,-758625.0,-1949887.0,-4.954963127855621,0.0,-1949887.0,-4.954963127855621,-10.0,-10.0,535803.0,535803.0,,,1620600052,18:40:52,20210509
7,2013-09-30,XSNX,USD,2014-01-14,2014-01-14,FY,0.0,0.0,0.0,0.0,426371.0,532624.0,0.0,0.0,993932.0,993932.0,1047223.0,34937.0,-958995.0,0.0,-993932.0,0.0,-481227.0,-2522382.0,0.0,0.0,-2522382.0,0.0,-10.0,-10.0,343568.0,343568.0,https://www.sec.gov/Archives/edgar/data/1039466/000151116414000016/0001511164-14-000016-index.htm,https://www.sec.gov/Archives/edgar/data/1039466/000151116414000016/xsunx9301310kedgardraftv6.htm,1620600052,18:40:52,20210509
8,2012-09-30,XSNX,USD,2012-09-30,2012-09-30,FY,0.0,0.0,0.0,0.0,122673.0,645546.0,0.0,0.0,809925.0,809925.0,343693.0,41706.0,-768219.0,0.0,-809925.0,0.0,-401576.0,-1555194.0,0.0,0.0,-1555194.0,0.0,-10.0,-10.0,247855.0,247855.0,,,1620600052,18:40:52,20210509
9,2011-09-30,XSNX,USD,2011-12-29 00:00:00,2011-12-29 17:27:04,FY,0.0,0.0,0.0,0.0,282492.0,946459.0,0.0,0.0,1267423.0,1267423.0,46215.0,38472.0,-1228951.0,0.0,-1267423.0,0.0,195984.0,-1117654.0,0.0,0.0,-1117654.0,0.0,-10.0,-10.0,218617.0,218617.0,https://www.sec.gov/Archives/edgar/data/1039466/000139160911000598/0001391609-11-000598-index.html,https://www.sec.gov/Archives/edgar/data/1039466/000139160911000598/f10k_xsunx.htm,1620600052,18:40:52,20210509
10,2010-09-30,XSNX,USD,2010-12-29 00:00:00,2010-12-29 17:28:43,FY,0.0,0.0,0.0,0.0,292999.0,1470731.0,0.0,0.0,1850678.0,1850678.0,45721.0,86948.0,-1763730.0,0.0,-1850678.0,0.0,-314248.0,-2210603.0,0.0,0.0,-2210603.0,0.0,-10.0,-10.0,204441.0,204441.0,https://www.sec.gov/Archives/edgar/data/1039466/000114420410068743/0001144204-10-068743-index.html,https://www.sec.gov/Archives/edgar/data/1039466/000114420410068743/v206738_10k.htm,1620600052,18:40:52,20210509
11,2009-09-30,XSNX,USD,2009-09-30,2009-09-30,FY,0.0,0.0,0.0,0.0,0.0,3316853.0,0.0,0.0,3978664.0,3978664.0,4303.0,127293.0,-3851371.0,0.0,-3978664.0,0.0,-6656609.0,0.0,0.0,0.0,-10634133.0,0.0,-60.0,-60.0,189455.0,189455.0,,,1620600052,18:40:52,20210509
12,2008-09-30,XSNX,USD,2008-09-30,2008-09-30,FY,0.0,0.0,0.0,0.0,0.0,4004970.0,0.0,0.0,4262192.0,4262192.0,0.0,257222.0,-4004970.0,0.0,-4262192.0,0.0,28044.0,0.0,0.0,0.0,-4058952.0,0.0,-20.0,-24.305393,166998.0,166998.0,,,1620600052,18:40:52,20210509
13,2007-09-30,XSNX,USD,2007-09-30,2007-09-30,FY,6880.0,0.0,0.0,0.0,435534.0,2087031.0,47573.0,0.0,2647386.0,2647386.0,0.0,77248.0,-2563258.0,-372.5665697674419,-2640506.0,-383.79447674418606,1100000.0,0.0,0.0,0.0,-1289497.0,-187.4268895348837,-8.230131478172071,-7.817454880540281,156680.0,164951.0,,,1620600052,18:40:52,20210509
14,2006-09-30,XSNX,USD,2006-09-30,2006-09-30,FY,8000.0,0.0,0.0,0.0,949472.0,2334448.0,9050.0,0.0,3375911.0,3375911.0,0.0,82941.0,-3284970.0,-410.62125,-3367911.0,-420.988875,-3882.0,0.0,0.0,0.0,-3441940.0,-430.2425,-20.0,-20.0,138005.0,138005.0,,,1620600052,18:40:52,20210509
15,2005-09-30,XSNX,USD,2005-09-30,2005-09-30,FY,0.0,0.0,0.0,0.0,501423.0,859569.0,3979.0,0.0,1383406.0,1383406.0,0.0,18435.0,-1364971.0,0.0,-1383406.0,0.0,0.0,0.0,0.0,0.0,-1400839.0,0.0,-20.0,-20.0,123854.0,123854.0,,,1620600052,18:40:52,20210509
16,2004-09-30,XSNX,USD,2004-09-30,2004-09-30,FY,0.0,0.0,0.0,0.0,129493.0,1398299.0,0.0,0.0,1527792.0,1527792.0,0.0,0.0,-1547168.0,0.0,-1527792.0,0.0,19376.0,0.0,0.0,0.0,-1509068.0,0.0,-10.0,-10.0,114036.0,114036.0,,,1620600052,18:40:52,20210509
17,2003-09-30,XSNX,USD,2003-09-30,2003-09-30,FY,0.0,0.0,0.0,0.0,0.0,145845.0,0.0,0.0,145845.0,145845.0,0.0,0.0,-145845.0,0.0,-145845.0,0.0,0.0,0.0,0.0,0.0,-145868.0,0.0,-20.0,-20.0,6601.0,6601.0,,,1620600052,18:40:52,20210509
18,2002-09-30,XSNX,USD,2002-09-30,2002-09-30,FY,0.0,0.0,0.0,0.0,0.0,47297.0,0.0,0.0,47297.0,47297.0,0.0,0.0,-47297.0,0.0,-47297.0,0.0,0.0,0.0,0.0,0.0,-47297.0,0.0,-61.584635,-61.584635,768.0,768.0,,,1620600052,18:40:52,20210509
