,date,symbol,reportedCurrency,fillingDate,acceptedDate,period,revenue,costOfRevenue,grossProfit,grossProfitRatio,researchAndDevelopmentExpenses,generalAndAdministrativeExpenses,sellingAndMarketingExpenses,otherExpenses,operatingExpenses,costAndExpenses,interestExpense,depreciationAndAmortization,ebitda,ebitdaratio,operatingIncome,operatingIncomeRatio,totalOtherIncomeExpensesNet,incomeBeforeTax,incomeBeforeTaxRatio,incomeTaxExpense,netIncome,netIncomeRatio,eps,epsdiluted,weightedAverageShsOut,weightedAverageShsOutDil,link,finalLink,timestamp,est_time,est_date
0,2020-12-31,ATVI,USD,2021-02-23,2021-02-23 16:19:41,FY,8086000000,2260000000.0,5826000000,0.720504575810042,1150000000.0,784000000.0,1064000000.0,-12000000.0,2998000000.0,5258000000,99000000.0,446000000.0,3274000000.0,0.4048973534504081,2828000000.0,0.34974029186247835,-134000000.0,2616000000.0,0.3235221370269602,419000000.0,2197000000.0,0.2717041800643087,2.864406779661017,2.864406779661017,773000000,780000000,https://www.sec.gov/Archives/edgar/data/718877/000162828021002828/0001628280-21-002828-index.htm,https://www.sec.gov/Archives/edgar/data/718877/000162828021002828/atvi-20201231.htm,1620588907,15:35:07,20210509
1,2019-12-31,ATVI,USD,2020-02-27 00:00:00,2020-02-27 15:23:29,FY,6489000000,2094000000.0,4395000000,0.6773000462320851,998000000.0,732000000.0,926000000.0,-1000000.0,2656000000.0,4750000000,90000000.0,553000000.0,2292000000.0,0.35321312991215903,1739000000.0,0.2679919864385884,-95000000.0,1633000000.0,0.25165664971490215,130000000.0,1503000000.0,0.231622746185853,1.96,1.95,767000000,771000000,https://www.sec.gov/Archives/edgar/data/718877/000071887720000003/0000718877-20-000003-index.html,https://www.sec.gov/Archives/edgar/data/718877/000071887720000003/atvi-12312019x10xk.htm,1620588907,15:35:07,20210509
2,2018-12-31,ATVI,USD,2019-02-28 00:00:00,2019-02-28 16:25:21,FY,7500000000,2517000000.0,4983000000,0.6644,1101000000.0,832000000.0,1062000000.0,0.0,2995000000.0,5512000000,0.0,998000000.0,2986000000.0,0.39813333333333334,1988000000.0,0.2650666666666667,-40000000.0,1877000000.0,0.2502666666666667,64000000.0,1813000000.0,0.24173333333333333,2.38,2.35,762000000,771000000,https://www.sec.gov/Archives/edgar/data/718877/000104746919000788/0001047469-19-000788-index.html,https://www.sec.gov/Archives/edgar/data/718877/000104746919000788/a2237840z10-k.htm,1620588907,15:35:07,20210509
3,2017-12-31,ATVI,USD,2018-02-27 00:00:00,2018-02-27 16:43:26,FY,7017000000,2501000000.0,4516000000,0.6435798774405016,1069000000.0,760000000.0,1378000000.0,0.0,3207000000.0,5708000000,0.0,1199000000.0,2508000000.0,0.35741769987174005,1309000000.0,0.18654695738919766,-12000000.0,1151000000.0,0.16403021234145646,878000000.0,273000000.0,0.03890551517742625,0.3620689655172414,0.3563968668407311,754000000,766000000,https://www.sec.gov/Archives/edgar/data/718877/000104746918001114/0001047469-18-001114-index.html,https://www.sec.gov/Archives/edgar/data/718877/000104746918001114/a2234634z10-k.htm,1620588907,15:35:07,20210509
4,2016-12-31,ATVI,USD,2017-02-28 00:00:00,2017-02-28 17:25:26,FY,6608000000,2394000000.0,4214000000,0.6377118644067796,958000000.0,634000000.0,1210000000.0,0.0,2802000000.0,5196000000,0.0,1150000000.0,2562000000.0,0.3877118644067797,1412000000.0,0.21368038740920098,-92000000.0,1106000000.0,0.1673728813559322,140000000.0,966000000.0,0.1461864406779661,1.3,1.28,740000000,754000000,https://www.sec.gov/Archives/edgar/data/718877/000104746917001072/0001047469-17-001072-index.html,https://www.sec.gov/Archives/edgar/data/718877/000104746917001072/a2230993z10-k.htm,1620588907,15:35:07,20210509
5,2015-12-31,ATVI,USD,2016-02-29 00:00:00,2016-02-29 16:31:30,FY,4664000000,1585000000.0,3079000000,0.6601629502572899,646000000.0,380000000.0,734000000.0,0.0,1760000000.0,3345000000,0.0,494000000.0,1813000000.0,0.3887221269296741,1319000000.0,0.2828044596912521,0.0,1121000000.0,0.2403516295025729,229000000.0,892000000.0,0.19125214408233276,1.21,1.19,728000000,739000000,https://www.sec.gov/Archives/edgar/data/718877/000104746916010584/0001047469-16-010584-index.html,https://www.sec.gov/Archives/edgar/data/718877/000104746916010584/a2227483z10-k.htm,1620588907,15:35:07,20210509
6,2014-12-31,ATVI,USD,2015-02-26,2015-02-26 17:04:02,FY,4408000000,1525000000.0,2883000000,0.6540381125226861,571000000.0,417000000.0,712000000.0,0.0,1700000000.0,3225000000,208000000.0,346000000.0,1529000000.0,0.34686932849364793,1183000000.0,0.2683756805807623,2000000.0,981000000.0,0.22254990925589838,146000000.0,835000000.0,0.18942831215970962,1.14,1.13,716000000,726000000,https://www.sec.gov/Archives/edgar/data/718877/000104746915001298/a2223239z10-k.htm,https://www.sec.gov/Archives/edgar/data/718877/000104746915001298/a2223239z10-k.htm,1620588907,15:35:07,20210509
7,2013-12-31,ATVI,USD,2014-03-03,2014-03-03 16:34:13,FY,4583000000,1531000000.0,3052000000,0.6659393410429849,584000000.0,490000000.0,606000000.0,0.0,1680000000.0,3211000000,58000000.0,315000000.0,1687000000.0,0.36809949814531967,1372000000.0,0.2993672267073969,0.0,1319000000.0,0.28780274929085753,309000000.0,1010000000.0,0.22037966397556186,0.96,0.95,1024000000,1035000000,https://www.sec.gov/Archives/edgar/data/718877/000104746914001688/a2218641z10-k.htm,https://www.sec.gov/Archives/edgar/data/718877/000104746914001688/a2218641z10-k.htm,1620588907,15:35:07,20210509
8,2012-12-31,ATVI,USD,2013-02-22 00:00:00,2013-02-22 16:38:44,FY,4856000000,1662000000.0,3194000000,0.6577429983525536,604000000.0,561000000.0,578000000.0,0.0,1743000000.0,3405000000,1000000.0,328000000.0,1779000000.0,0.3663509060955519,1451000000.0,0.2988056013179572,2000000.0,1458000000.0,0.3002471169686985,309000000.0,1149000000.0,0.23661449752883032,1.033273381294964,1.0277280858676208,1112000000,1118000000,https://www.sec.gov/Archives/edgar/data/718877/000104746913001506/0001047469-13-001506-index.html,https://www.sec.gov/Archives/edgar/data/718877/000104746913001506/a2213119z10-k.htm,1620588907,15:35:07,20210509
9,2011-12-31,ATVI,USD,2012-02-28 00:00:00,2012-02-28 16:44:53,FY,4755000000,1755000000.0,3000000000,0.6309148264984227,646000000.0,456000000.0,545000000.0,0.0,1647000000.0,3402000000,4000000.0,435000000.0,1788000000.0,0.3760252365930599,1353000000.0,0.28454258675078864,-32000000.0,1331000000.0,0.27991587802313356,246000000.0,1085000000.0,0.22818086225026288,0.93,0.92,1148000000,1156000000,https://www.sec.gov/Archives/edgar/data/718877/000104746912001775/0001047469-12-001775-index.html,https://www.sec.gov/Archives/edgar/data/718877/000104746912001775/a2207405z10-k.htm,1620588907,15:35:07,20210509
10,2010-12-31,ATVI,USD,2011-02-25,2011-02-25 16:32:15,FY,4447000000,2126000000.0,2321000000,0.5219248931864178,642000000.0,364000000.0,520000000.0,0.0,1526000000.0,3652000000,5000000.0,517000000.0,1312000000.0,0.295030357544412,795000000.0,0.1787722059815606,-306000000.0,492000000.0,0.11063638407915449,74000000.0,418000000.0,0.09399595232741174,0.34,0.33,1222000000,1236000000,https://www.sec.gov/Archives/edgar/data/718877/000104746911001413/a2202068z10-k.htm,https://www.sec.gov/Archives/edgar/data/718877/000104746911001413/a2202068z10-k.htm,1620588907,15:35:07,20210509
11,2009-12-31,ATVI,USD,2010-03-01 00:00:00,2010-03-01 16:18:30,FY,4279000000,2307000000.0,1972000000,0.46085534003271794,627000000.0,395000000.0,544000000.0,0.0,1566000000.0,3873000000,4000000.0,628000000.0,1034000000.0,0.2416452442159383,406000000.0,0.09488198177144193,-432000000.0,-8000000.0,-0.0018695956999298902,-121000000.0,113000000.0,0.026408039261509697,0.08807482462977397,0.08619374523264683,1283000000,1311000000,https://www.sec.gov/Archives/edgar/data/718877/000104746910001649/0001047469-10-001649-index.html,https://www.sec.gov/Archives/edgar/data/718877/000104746910001649/a2196314z10-k.htm,1620588907,15:35:07,20210509
12,2008-12-31,ATVI,USD,2009-02-27 00:00:00,2009-02-27 17:17:43,FY,3026000000,1839000000.0,1187000000,0.39226701916721746,592000000.0,735000000.0,0.0,0.0,1327000000.0,3166000000,0.0,561000000.0,421000000.0,0.13912756113681427,-140000000.0,-0.046265697290152015,-80000000.0,-187000000.0,-0.06179775280898876,-80000000.0,-107000000.0,-0.03536021150033047,-0.11,-0.11,946000000,946000000,https://www.sec.gov/Archives/edgar/data/718877/000104746909002015/0001047469-09-002015-index.html,https://www.sec.gov/Archives/edgar/data/718877/000104746909002015/a2190811z10-k.htm,1620588907,15:35:07,20210509
13,2008-03-31,ATVI,USD,2008-05-30 00:00:00,2008-05-30 17:10:38,FY,2898136000,1645435000.0,1252701000,0.4322436904272263,269535000.0,503552000.0,0.0,0.0,773087000.0,2418522000,0.0,243547000.0,723161000.0,0.24952624721545158,479614000.0,0.1654905083819393,1103000.0,530868000.0,0.18317566877468827,185985000.0,344883000.0,0.1190016617577643,0.595,0.55,577914000,629462000,https://www.sec.gov/Archives/edgar/data/718877/000104746908007085/0001047469-08-007085-index.html,https://www.sec.gov/Archives/edgar/data/718877/000104746908007085/a2185924z10-k.htm,1620588907,15:35:07,20210509
14,2007-12-31,ATVI,USD,2008-02-11,2008-02-11,FY,1348800000,382000000.0,955900000,0.7087040332147093,384800000.0,330300000.0,0.0,0.0,787099999.9999999,1169100000,4200000.0,72800000.0,252400000.0,0.18712930011862397,179600000.0,0.13315539739027282,-9300000.0,174500000.0,0.12937425860023724,-52500000.0,227000000.0,0.16829774614472123,0.38435,0.38435,590600000,590600000,https://www.sec.gov/Archives/edgar/data/718877/000110465908008944/0001104659-08-008944-index.htm,https://www.sec.gov/Archives/edgar/data/718877/000110465908008944/a08-4932_110q.htm,1620588907,15:35:07,20210509
15,2007-03-31,ATVI,USD,2007-06-14 00:00:00,2007-06-14 16:20:32,FY,1513012000,978065000.0,534947000,0.35356428104998505,133073000.0,328727000.0,0.0,0.0,461800000.0,1439865000,0.0,147133000.0,220280000.0,0.1455903852712338,73147000.0,0.04834528741345079,1823000.0,109825000.0,0.07258699864905235,24038000.0,85787000.0,0.05669948420765995,0.155,0.14,562228000,610678000,https://www.sec.gov/Archives/edgar/data/718877/000110465907047752/0001104659-07-047752-index.html,https://www.sec.gov/Archives/edgar/data/718877/000110465907047752/a07-15539_410k.htm,1620588907,15:35:07,20210509
16,2006-03-31,ATVI,USD,2006-06-09,2006-06-09 16:21:24,FY,1468000000,940362000.0,527638000,0.35942643051771117,131782000.0,377899000.0,0.0,0.0,509681000.0,1450043000,0.0,188703000.0,206660000.0,0.1407765667574932,17957000.0,0.012232288828337875,4297000.0,48587000.0,0.03309741144414169,6688000.0,41899000.0,0.028541553133514988,0.075,0.07,546354000,598874000,https://www.sec.gov/Archives/edgar/data/718877/000110465906040913/a06-9724_110k.htm,https://www.sec.gov/Archives/edgar/data/718877/000110465906040913/a06-9724_110k.htm,1620588907,15:35:07,20210509
17,2005-03-31,ATVI,USD,2005-06-09,2005-06-09 15:38:36,FY,1405857000,844946000.0,560911000,0.3989815464873028,86543000.0,289797000.0,0.0,0.0,376340000.0,1221286000,0.0,145501000.0,330072000.0,0.2347834808234408,184571000.0,0.13128717927925812,471000.0,197663000.0,0.14059964847064815,59328000.0,138335000.0,0.09839905481140684,0.277507,0.247506,500032832,557706057,https://www.sec.gov/Archives/edgar/data/718877/000110465905027535/a05-8078_110k.htm,https://www.sec.gov/Archives/edgar/data/718877/000110465905027535/a05-8078_110k.htm,1620588907,15:35:07,20210509
18,2004-03-31,ATVI,USD,2004-06-10,2004-06-10 16:43:37,FY,947656000,567147000.0,380509000,0.401526503288113,97859000.0,172833000.0,0.0,0.0,270692000.0,837839000,0.0,98696000.0,208513000.0,0.22003026414648352,109817000.0,0.11588276758655039,21000.0,115992000.0,0.12239884515056096,38277000.0,77715000.0,0.08200760613555974,0.163133,0.151883,473750533,515149352,https://www.sec.gov/Archives/edgar/data/718877/000110465904016641/a04-6777_110k.htm,https://www.sec.gov/Archives/edgar/data/718877/000110465904016641/a04-6777_110k.htm,1620588907,15:35:07,20210509
19,2003-03-31,ATVI,USD,2003-06-19,2003-06-19 17:08:55,FY,864116000,565173000.0,298943000,0.3459523952802633,56971000.0,147125000.0,0.0,0.0,204096000.0,769269000,0.0,112295000.0,207142000.0,0.23971550115956655,94847000.0,0.10976188382115364,234000.0,103407000.0,0.11966796124594384,37227000.0,66180000.0,0.07658693971642697,0.086254,0.080004,769873504,829198538,https://www.sec.gov/Archives/edgar/data/718877/000110465903012724/j2068_10k.htm,https://www.sec.gov/Archives/edgar/data/718877/000110465903012724/j2068_10k.htm,1620588907,15:35:07,20210509
20,2002-03-31,ATVI,USD,2002-06-28 00:00:00,2002-06-28 15:21:13,FY,786434000,534731000.0,251703000,0.3200561013384467,40960000.0,130169000.0,0.0,0.0,171129000.0,705860000,0.0,68673000.0,149247000.0,0.18977689163998504,80574000.0,0.10245487860392608,0.0,83120000.0,0.10569227678355717,30882000.0,52238000.0,0.06642388299590303,0.128756,0.110006,405187739,475616218,https://www.sec.gov/Archives/edgar/data/718877/000091205702025821/0000912057-02-025821-index.html,https://www.sec.gov/Archives/edgar/data/718877/000091205702025821/a2083006z10-k.htm,1620588907,15:35:07,20210509
21,2001-03-31,ATVI,USD,2001-06-27 00:00:00,2001-06-27 00:00:00,FY,620183000,414609000.0,205574000,0.33147312970526444,41396000.0,122869000.0,0.0,0.0,165767000.0,580376000,0.0,1502000.0,41309000.0,0.06660775932265155,39807000.0,0.06418589351852598,0.0,32544000.0,0.05247483404092018,12037000.0,20507000.0,0.03306604663462236,0.068337,0.062503,298365081,328783560,https://www.sec.gov/Archives/edgar/data/718877/000091205701521517/0000912057-01-521517-index.html,https://www.sec.gov/Archives/edgar/data/718877/000091205701521517/a2052327z10-k.htm,1620588907,15:35:07,20210509
22,2000-03-31,ATVI,USD,2000-06-29 00:00:00,2000-06-29 00:00:00,FY,572205000,410660000.0,161545000,0.28232014749958495,26275000.0,123977000.0,0.0,0.0,191870000.0,602530000,0.0,41618000.0,11293000.0,0.01973593379994932,-30325000.0,-0.052996740678602945,0.0,-30325000.0,-0.052996740678602945,-4648000.0,-34088000.0,-0.05957305511136743,-0.115006,-0.115006,296277185,296277185,https://www.sec.gov/Archives/edgar/data/718877/000091205700030433/0000912057-00-030433-index.html,https://www.sec.gov/Archives/edgar/data/718877/000091205700030433/a10-k.txt,1620588907,15:35:07,20210509
23,1999-03-31,ATVI,USD,1999-03-31,1999-03-31,FY,436485000,297866000.0,138619000,0.31758021466946174,21422000.0,87767000.0,0.0,0.0,110774000.0,408640000,0.0,1585000.0,29430000.0,0.06742499742259184,27845000.0,0.06379371570615255,-600000.0,24215000.0,0.05547727871519067,8961000.0,15254000.0,0.03494736359783269,0.057503,0.055003,265930702,278782060,,,1620588907,15:35:07,20210509
24,1998-03-31,ATVI,USD,1998-03-31,1998-03-31,FY,259926000,163123000.0,96803000,0.37242522871894307,28393000.0,55245000.0,0.0,0.0,85200000.0,248323000,0.0,1562000.0,13165000.0,0.05064903087801913,11603000.0,0.04463962820187284,-1474000.0,9435000.0,0.036298792733316404,3608000.0,5827000.0,0.0224179189461616,0.025835,0.025001,221256936,231708414,,,1620588907,15:35:07,20210509
25,1997-03-31,ATVI,USD,1997-03-31,1997-03-31,FY,86483000,29822000.0,56661000,0.6551692240093429,18195000.0,27392000.0,0.0,0.0,46854000.0,76676000,0.0,1267000.0,11074000.0,0.12804828694656753,9807000.0,0.11339800885723206,0.0,10731000.0,0.12408218956326678,3624000.0,7107000.0,0.08217800030063711,0.040514372802963196,0.0067874713947762635,175419228,1047076236,,,1620588907,15:35:07,20210509
26,1996-03-31,ATVI,USD,1996-03-31,1996-03-31,FY,61393000,21749000.0,39644000,0.6457413711660939,17505000.0,18234000.0,0.0,0.0,37112000.0,58861000,0.0,1283000.0,3815000.0,0.06214063492580588,2532000.0,0.041242486928477186,0.0,4239000.0,0.06904695975111169,-1291000.0,5530000.0,0.09007541576401218,0.030826513454992707,0.005489259381074053,179391030,1007421879,,,1620588907,15:35:07,20210509
27,1995-03-31,ATVI,USD,1995-03-31,1995-03-31,FY,40669000,21293000.0,19376000,0.4764316801494996,7274000.0,13776000.0,0.0,0.0,22333000.0,43626000,0.0,1283000.0,-1674000.0,-0.04116157269664855,-2957000.0,-0.07270894292950404,0.0,-1365000.0,-0.03356364798741056,155000.0,-1520000.0,-0.03737490471858172,-0.00908440912011802,-0.00155794456241228,167319633,975644472,,,1620588907,15:35:07,20210509
28,1994-03-31,ATVI,USD,1994-03-31,1994-03-31,FY,26600000,14900000.0,11700000,0.4398496240601504,4400000.0,7700000.0,0.0,0.0,13800000.0,28700000,0.0,1700000.0,-400000.0,-0.015037593984962405,-2100000.0,-0.07894736842105263,200000.0,-1900000.0,-0.07142857142857142,100000.0,-2000000.0,-0.07518796992481203,-0.01085,-0.01085,488469846,488469846,,,1620588907,15:35:07,20210509
29,1993-03-31,ATVI,USD,1993-03-31,1993-03-31,FY,21100000,9800000.0,11300000,0.5355450236966824,0.0,9700000.0,0.0,0.0,11400000.0,21200000,0.0,1700000.0,1600000.0,0.07582938388625593,-100000.0,-0.004739336492890996,0.0,-200000.0,-0.009478672985781991,100000.0,-1400000.0,-0.06635071090047394,-0.006121,-0.006121,228737388,228737388,,,1620588907,15:35:07,20210509
