,date,symbol,reportedCurrency,fillingDate,acceptedDate,period,revenue,costOfRevenue,grossProfit,grossProfitRatio,researchAndDevelopmentExpenses,generalAndAdministrativeExpenses,sellingAndMarketingExpenses,otherExpenses,operatingExpenses,costAndExpenses,interestExpense,depreciationAndAmortization,ebitda,ebitdaratio,operatingIncome,operatingIncomeRatio,totalOtherIncomeExpensesNet,incomeBeforeTax,incomeBeforeTaxRatio,incomeTaxExpense,netIncome,netIncomeRatio,eps,epsdiluted,weightedAverageShsOut,weightedAverageShsOutDil,link,finalLink,timestamp,est_time,est_date
0,2020-12-31,EMIS.L,GBP,2020-12-31,2020-12-31,FY,159453000,20335000.0,139118000,0.8724702576934896,0.0,0.0,0.0,782000.0,0.0,123677000,590000.0,17340000.0,53116000.0,0.33311383291628255,35776000.0,0.22436705486883282,0.0,36915000.0,0.2315102255837143,6794000.0,30121000.0,0.18890205891391193,0.478977832903985,0.478977832903985,62886000,62886000,https://find-and-update.company-information.service.gov.uk/search/companies?q=EMIS+Group+PLC,https://find-and-update.company-information.service.gov.uk/search/companies?q=EMIS+Group+PLC,1620591608,16:20:08,20210509
1,2019-12-31,EMIS.L,GBP,2019-12-31,2019-12-31,FY,159507000,15407000.0,144100000,0.9034086278345151,0.0,0.0,0.0,0.0,111913000.0,127320000,331000.0,22155000.0,54342000.0,0.34068724256615696,32187000.0,0.20179051703060052,0.0,27071000.0,0.16971668954967495,5022000.0,22525000.0,0.14121637294914957,0.36,0.358,62886000,63264000,https://find-and-update.company-information.service.gov.uk/search/companies?q=EMIS+Group+PLC,https://find-and-update.company-information.service.gov.uk/search/companies?q=EMIS+Group+PLC,1620591608,16:20:08,20210509
2,2018-12-31,EMIS.L,GBP,2018-12-31,2018-12-31,FY,170070000,14686000.0,155384000,0.9136473216910684,0.0,0.0,0.0,0.0,126644000.0,141330000,166000.0,23512000.0,52252000.0,0.307238196036926,28740000.0,0.1689892397248192,0.0,29170000.0,0.17151761039571942,5548000.0,23622000.0,0.13889574880931382,0.361,0.36,62991000,63131000,https://find-and-update.company-information.service.gov.uk/search/companies?q=EMIS+Group+PLC,https://find-and-update.company-information.service.gov.uk/search/companies?q=EMIS+Group+PLC,1620591608,16:20:08,20210509
3,2017-12-31,EMIS.L,GBP,2017-12-31,2017-12-31,FY,160354000,14674000.0,145680000,0.9084899659503349,0.0,0.0,0.0,0.0,135040000.0,149714000,178000.0,19759000.0,30399000.0,0.18957431682402684,10640000.0,0.06635319355925016,0.0,10937000.0,0.06820534567269915,2074000.0,8863000.0,0.05527146189056712,0.14087260589684494,0.14041953167083876,62915000,63118000,https://find-and-update.company-information.service.gov.uk/search/companies?q=EMIS+Group+PLC,https://find-and-update.company-information.service.gov.uk/search/companies?q=EMIS+Group+PLC,1620591608,16:20:08,20210509
4,2016-12-31,EMIS.L,GBP,2016-12-31,2016-12-31,FY,158712000,14151000.0,144561000,0.9108384999243914,0.0,0.0,0.0,0.0,121022000.0,135173000,328000.0,18075000.0,41614000.0,0.26219819547356216,23539000.0,0.14831266696910125,0.0,25333000.0,0.15961616008871415,5208000.0,20125000.0,0.12680200614950352,0.304,0.303,62809000,63024000,https://find-and-update.company-information.service.gov.uk/search/companies?q=EMIS+Group+PLC,https://find-and-update.company-information.service.gov.uk/search/companies?q=EMIS+Group+PLC,1620591608,16:20:08,20210509
5,2015-12-31,EMIS.L,GBP,2015-12-31,2015-12-31,FY,155898000,12955000.0,142943000,0.9169007941089686,0.0,0.0,0.0,0.0,131513000.0,144468000,380000.0,18175000.0,29605000.0,0.18989980628359568,11430000.0,0.07331716891813879,0.0,10932000.0,0.07012277258207289,5558000.0,5374000.0,0.03447125684742588,0.08566191121383597,0.0853490034145954,62735000,62965000,https://find-and-update.company-information.service.gov.uk/search/companies?q=EMIS+Group+PLC,https://find-and-update.company-information.service.gov.uk/search/companies?q=EMIS+Group+PLC,1620591608,16:20:08,20210509
6,2014-12-31,EMIS.L,GBP,2014-12-31,2014-12-31,FY,137639000,12782000.0,124857000,0.9071338792057484,0.0,0.0,0.0,0.0,95736000.0,108518000,455000.0,15366000.0,44487000.0,0.3232150771220366,29121000.0,0.2115752076083087,0.0,28540000.0,0.20735402029947908,5719000.0,22821000.0,0.16580329703063812,0.353,0.352,62754000,62941000,https://find-and-update.company-information.service.gov.uk/search/companies?q=EMIS+Group+PLC,https://find-and-update.company-information.service.gov.uk/search/companies?q=EMIS+Group+PLC,1620591608,16:20:08,20210509
7,2013-12-31,EMIS.L,GBP,2013-12-31,2013-12-31,FY,105542000,11780000.0,93762000,0.8883856663697864,0.0,0.0,0.0,0.0,68817000.0,80597000,229000.0,9522000.0,34467000.0,0.32657141232874115,24945000.0,0.2363514051278164,0.0,24635000.0,0.23341418582175816,4706000.0,19929000.0,0.18882530177559645,0.3352792732166891,0.33463747187426535,59440000,59554000,https://find-and-update.company-information.service.gov.uk/search/companies?q=EMIS+Group+PLC,https://find-and-update.company-information.service.gov.uk/search/companies?q=EMIS+Group+PLC,1620591608,16:20:08,20210509
8,2012-12-31,EMIS.L,GBP,2012-12-31,2012-12-31,FY,86333000,10891000.0,75442000,0.8738489337796671,0.0,5414000.0,2572000.0,0.0,50896000.0,61787000,100000.0,8542000.0,33088000.0,0.3832601670276719,24546000.0,0.28431770006834,0.0,24059000.0,0.27867675164768974,4625000.0,18932000.0,0.2192904219707412,0.3255,0.325,58170000,58250000,https://find-and-update.company-information.service.gov.uk/search/companies?q=EMIS+Group+PLC,https://find-and-update.company-information.service.gov.uk/search/companies?q=EMIS+Group+PLC,1620591608,16:20:08,20210509
9,2011-12-31,EMIS.L,GBP,2011-12-31,2011-12-31,FY,73238000,11713000.0,61525000,0.8400693628990414,5629000.0,0.0,0.0,70000.0,40043000.0,51756000,132000.0,1799000.0,23281000.0,0.3178814276741582,21482000.0,0.2933176766159644,0.0,21435000.0,0.29267593325869085,4391000.0,16786000.0,0.22919795734454793,0.2547,0.2547,58470000,58470000,https://find-and-update.company-information.service.gov.uk/search/companies?q=EMIS+Group+PLC,https://find-and-update.company-information.service.gov.uk/search/companies?q=EMIS+Group+PLC,1620591608,16:20:08,20210509
10,2010-12-31,EMIS.L,GBP,2010-12-31,2010-12-31,FY,61900000,8817000.0,53083000,0.8575605815831987,5124000.0,0.0,0.0,-218000.0,33085000.0,41902000,356000.0,1323000.0,21321000.0,0.34444264943457187,19998000.0,0.32306946688206784,0.0,18067000.0,0.29187399030694666,4868000.0,13155000.0,0.21252019386106624,0.1984,0.1984,56410000,56410000,https://find-and-update.company-information.service.gov.uk/search/companies?q=EMIS+Group+PLC,https://find-and-update.company-information.service.gov.uk/search/companies?q=EMIS+Group+PLC,1620591608,16:20:08,20210509
11,2009-12-31,EMIS.L,GBP,2009-12-31,2009-12-31,FY,57696000,9022000.0,48674000,0.843628674431503,2001000.0,0.0,0.0,0.0,32842000.0,41864000,1550000.0,4458000.0,20290000.0,0.3516708264004437,15832000.0,0.2744037714919578,0.0,14462000.0,0.2506586245146977,4521000.0,9941000.0,0.17229963948973934,0.17,0.17,58333000,58333000,https://find-and-update.company-information.service.gov.uk/search/companies?q=EMIS+Group+PLC,https://find-and-update.company-information.service.gov.uk/search/companies?q=EMIS+Group+PLC,1620591608,16:20:08,20210509
12,2008-12-31,EMIS.L,GBP,2008-12-31,2008-12-31,FY,55398000,9449000.0,45949000,0.8294342756056176,0.0,0.0,0.0,0.0,40024000.0,49473000,2034000.0,4217000.0,10142000.0,0.183075201270804,5925000.0,0.10695331961442651,0.0,3970000.0,0.07166323693996172,1564000.0,2406000.0,0.043431170800389905,0.041,0.041,58333000,58333000,https://find-and-update.company-information.service.gov.uk/search/companies?q=EMIS+Group+PLC,https://find-and-update.company-information.service.gov.uk/search/companies?q=EMIS+Group+PLC,1620591608,16:20:08,20210509
13,2007-12-31,EMIS.L,GBP,2007-12-31,2007-12-31,FY,48467000,8121000.0,40346000,0.8324426929663482,0.0,0.0,0.0,0.0,35645000.0,43766000,0.0,1900000.0,6601000.0,0.13619576206491016,4701000.0,0.09699383085398312,0.0,6831000.0,0.14094125900096974,2341000.0,4490000.0,0.09264035323003281,0.077,0.077,58333000,58333000,https://find-and-update.company-information.service.gov.uk/search/companies?q=EMIS+Group+PLC,https://find-and-update.company-information.service.gov.uk/search/companies?q=EMIS+Group+PLC,1620591608,16:20:08,20210509
