,date,symbol,reportedCurrency,fillingDate,acceptedDate,period,revenue,costOfRevenue,grossProfit,grossProfitRatio,researchAndDevelopmentExpenses,generalAndAdministrativeExpenses,sellingAndMarketingExpenses,otherExpenses,operatingExpenses,costAndExpenses,interestExpense,depreciationAndAmortization,ebitda,ebitdaratio,operatingIncome,operatingIncomeRatio,totalOtherIncomeExpensesNet,incomeBeforeTax,incomeBeforeTaxRatio,incomeTaxExpense,netIncome,netIncomeRatio,eps,epsdiluted,weightedAverageShsOut,weightedAverageShsOutDil,link,finalLink,timestamp,est_time,est_date
0,2020-12-31,0085.HK,HKD,2020-12-31,2020-12-31,FY,1324556000,874111000,450445000,0.3400724469180616,0.0,319822000,73895000.0,2736000.0,0.0,1246728000,100377000.0,0.0,189416000,0.1430033913250931,77828000,-0.7567109280392826,0.0,-1002306000,-0.7567109280392826,8818000.0,-1013263000.0,-0.7649831339709307,-0.4991758101003413,-0.4991758101003413,2029872000,2029872000,https://www1.hkexnews.hk/search/titlesearch.xhtml,https://www1.hkexnews.hk/search/titlesearch.xhtml,1620584515,14:21:55,20210509
1,2019-12-31,0085.HK,HKD,2019-12-31,2019-12-31,FY,1695486000,1158987000,536499000,0.31642785608374235,0.0,345756000,83154000.0,2434000.0,0.0,1577041000,103381000.0,65879000.0,184324000,0.1087145514619407,118445000,0.06985902567169532,0.0,154790000,0.09129535720141599,-2796000.0,155159000.0,0.09151299391442926,0.0764,0.0764,2029872000,2029872000,https://www1.hkexnews.hk/search/titlesearch.xhtml,https://www1.hkexnews.hk/search/titlesearch.xhtml,1620584515,14:21:55,20210509
2,2018-12-31,0085.HK,HKD,2018-12-31,2018-12-31,FY,1686996000,1156265000,530731000,0.3146012201570128,0.0,343646000,90268000.0,2531000.0,0.0,1574760000,97610000.0,45379000.0,157615000,0.0934293857246846,112236000,0.06653009254319513,0.0,144315000,0.08554554960414844,27725000.0,113321000.0,0.0671732475951336,0.0558,0.0558,2029872000,2029872000,https://www1.hkexnews.hk/search/titlesearch.xhtml,https://www1.hkexnews.hk/search/titlesearch.xhtml,1620584515,14:21:55,20210509
3,2017-12-31,0085.HK,HKD,2017-12-31,2017-12-31,FY,1453035000,952759000,500276000,0.3442972812079544,0.0,352114000,97641000.0,1217000.0,0.0,1380707000,101777000.0,44824000.0,117152000,0.08062572477607215,72328000,0.049777190501261157,0.0,218006000,0.1500349268943969,-3845000.0,220097000.0,0.15147398376501597,0.1084,0.1084,2029872000,2029872000,https://www1.hkexnews.hk/search/titlesearch.xhtml,https://www1.hkexnews.hk/search/titlesearch.xhtml,1620584515,14:21:55,20210509
4,2016-12-31,0085.HK,HKD,2016-12-31,2016-12-31,FY,1358953000,852858000,506095000,0.3724153815474119,0.0,411668000,101484000.0,0.0,0.0,1271488000,188572000.0,52806000.0,140271000,0.10321990532417236,87465000,0.06436204931296373,0.0,423523000,0.31165389825843864,9434000.0,1061166000.0,0.7808702729233461,0.5228,0.5228,2029872000,2029872000,https://www1.hkexnews.hk/search/titlesearch.xhtml,https://www1.hkexnews.hk/search/titlesearch.xhtml,1620584515,14:21:55,20210509
5,2015-12-31,0085.HK,HKD,2015-12-31,2015-12-31,FY,1264001000,713828000,550173000,0.4352631050133663,0.0,308754000,64663000.0,0.0,0.0,974437000,178058000.0,55845000.0,345409000,0.2732663977322803,289564000,0.22908526179963465,0.0,193081000,0.15275383484664964,30011000.0,280134000.0,0.22162482466390454,0.138,0.138,2029872000,2029872000,https://www1.hkexnews.hk/search/titlesearch.xhtml,https://www1.hkexnews.hk/search/titlesearch.xhtml,1620584515,14:21:55,20210509
6,2014-12-31,0085.HK,HKD,2014-12-31,2014-12-31,FY,1357062000,773767000,583295000,0.42982192412726905,0.0,293997000,106078000.0,0.0,0.0,1085226000,205723000.0,41116000.0,312952000,0.23060995002439091,271836000,0.20031214491305482,0.0,216174000,0.15929559592708364,49135000.0,170108000.0,0.12535020507537606,0.0955,0.0955,1781467573,1781467573,https://www1.hkexnews.hk/search/titlesearch.xhtml,https://www1.hkexnews.hk/search/titlesearch.xhtml,1620584515,14:21:55,20210509
7,2013-12-31,0085.HK,HKD,2013-12-31,2013-12-31,FY,1308184000,721132000,587052000,0.44875338637378226,0.0,318705000,59064000.0,0.0,0.0,1098901000,171000.0,22722000.0,232005000,0.17734890504699644,209283000,0.15997978877589086,0.0,251474000,0.1922313680644313,27578000.0,223896000.0,0.1711502357466534,0.1324,0.1324,1691560000,1691560000,https://www1.hkexnews.hk/search/titlesearch.xhtml,https://www1.hkexnews.hk/search/titlesearch.xhtml,1620584515,14:21:55,20210509
8,2012-12-31,0085.HK,HKD,2012-12-31,2012-12-31,FY,1155632000,703904000,451728000,0.3908926024893738,0.0,200768000,57310000.0,0.0,0.0,933303000,546000.0,16982000.0,239311000,0.20708235839782907,222329000,0.1923873689894361,0.0,225523000,0.19515122461129494,27939000.0,197584000.0,0.17097484320268044,0.1168,0.1168,1691560000,1691560000,https://www1.hkexnews.hk/search/titlesearch.xhtml,https://www1.hkexnews.hk/search/titlesearch.xhtml,1620584515,14:21:55,20210509
9,2011-12-31,0085.HK,HKD,2011-12-31,2011-12-31,FY,995111000,665832000,329279000,0.3308967542314375,0.0,189287000,41289000.0,0.0,0.0,865164000,0.0,14363000.0,144310000,0.14501899788063843,129947000,0.13058543217791785,0.0,131229000,0.13187373066924193,16570000.0,114659000.0,0.11522232193192518,0.0678,0.0678,1691560000,1691560000,https://www1.hkexnews.hk/search/titlesearch.xhtml,https://www1.hkexnews.hk/search/titlesearch.xhtml,1620584515,14:21:55,20210509
10,2010-12-31,0085.HK,HKD,2010-12-31,2010-12-31,FY,574586000,362099000,212487000,0.36980887108283184,93935000.0,42870000,32517000.0,0.0,0.0,513093000,0.0,0.0,61493000,0.10702140323641718,61493000,0.10702140323641718,0.0,63126000,0.10986344950973397,3185000.0,59941000.0,0.10432032802748413,0.0354,0.0354,1691560000,1691560000,https://www1.hkexnews.hk/search/titlesearch.xhtml,https://www1.hkexnews.hk/search/titlesearch.xhtml,1620584515,14:21:55,20210509
11,2009-12-31,0085.HK,HKD,2009-12-31,2009-12-31,FY,460533000,287848000,172685000,0.3749677004688046,0.0,128954000,22326000.0,0.0,0.0,400831000,0.0,35085000.0,94787000,0.2058202126666276,59702000,0.12963674698664374,0.0,60995000,0.13244436337895438,7171000.0,41072000.0,0.08918361984917476,0.0266,0.0266,1544178301,1544178301,https://www1.hkexnews.hk/search/titlesearch.xhtml,https://www1.hkexnews.hk/search/titlesearch.xhtml,1620584515,14:21:55,20210509
12,2008-12-31,0085.HK,HKD,2008-12-31,2008-12-31,FY,2267343000,1827268000,440075000,0.19409282142137294,0.0,314776000,325926000.0,0.0,0.0,2576431000,33605000.0,36038000.0,-273050000,-0.12042730191241466,-309088000,-0.1363216769584487,0.0,-333459000,-0.1470703814994026,0.0,-446883000.0,-0.1970954549002952,-0.2031,-0.2031,1083560000,1083560000,https://www1.hkexnews.hk/search/titlesearch.xhtml,https://www1.hkexnews.hk/search/titlesearch.xhtml,1620584515,14:21:55,20210509
13,2007-12-31,0085.HK,HKD,2007-12-31,2007-12-31,FY,3167708000,2608047000,559661000,0.17667695381013654,0.0,331740000,259104000.0,0.0,0.0,3189192000,9075000.0,44240000.0,22756000,0.007183742946003861,-21484000,-0.006782190782736288,0.0,-19117000,-0.006034962818542618,-31640000.0,8074000.0,0.0025488460426276666,0.0075,0.0074,1083560000,1089965096,https://www1.hkexnews.hk/search/titlesearch.xhtml,https://www1.hkexnews.hk/search/titlesearch.xhtml,1620584515,14:21:55,20210509
14,2006-12-31,0085.HK,HKD,2006-12-31,2006-12-31,FY,3549329000,3317032000,232297000,0.06544814526914805,0.0,167575000,0.0,0.0,0.0,3484607000,0.0,0.0,64722000,0.01823499596684331,64722000,0.01823499596684331,0.0,71517000,0.020149442331212464,2358000.0,69159000.0,0.019485091407418133,0.0399,0.0399,1084611529,1084611529,https://www1.hkexnews.hk/search/titlesearch.xhtml,https://www1.hkexnews.hk/search/titlesearch.xhtml,1620584515,14:21:55,20210509
15,2005-12-31,0085.HK,HKD,2005-12-31,2005-12-31,FY,4768526000,4516467000,252059000,0.05285889182527263,0.0,169131000,0.0,0.0,0.0,4685598000,0.0,0.0,82928000,0.017390698928767507,82928000,0.017390698928767507,0.0,89946000,0.018862432542047586,5598000.0,84348000.0,0.017688484869328593,0.0461,0.0461,1082407809,1082407809,https://www1.hkexnews.hk/search/titlesearch.xhtml,https://www1.hkexnews.hk/search/titlesearch.xhtml,1620584515,14:21:55,20210509
16,2004-12-31,0085.HK,HKD,2004-12-31,2004-12-31,FY,4590123000,4352639000,237484000,0.05173804710679866,0.0,106436000,43032000.0,0.0,0.0,4492486000,0.0,0.0,97637000,0.021271107549841257,97637000,0.021271107549841257,0.0,14959000,0.003258954062886768,8518000.0,6441000.0,0.0014032303709508437,-0.0216,-0.0216,891805556,891805556,https://www1.hkexnews.hk/search/titlesearch.xhtml,https://www1.hkexnews.hk/search/titlesearch.xhtml,1620584515,14:21:55,20210509
17,2003-12-31,0085.HK,HKD,2003-12-31,2003-12-31,FY,2862236000,2707366000,154870000,0.05410804699542596,0.0,52785000,27383000.0,0.0,0.0,2791326000,0.0,0.0,70910000,0.024774337266388936,70910000,0.024774337266388936,0.0,64426000,0.022508975500273212,5186000.0,59240000.0,0.02069710534002088,0.0472,0.0472,815805085,815805085,https://www1.hkexnews.hk/search/titlesearch.xhtml,https://www1.hkexnews.hk/search/titlesearch.xhtml,1620584515,14:21:55,20210509
