,date,symbol,reportedCurrency,fillingDate,acceptedDate,period,revenue,costOfRevenue,grossProfit,grossProfitRatio,researchAndDevelopmentExpenses,generalAndAdministrativeExpenses,sellingAndMarketingExpenses,otherExpenses,operatingExpenses,costAndExpenses,interestExpense,depreciationAndAmortization,ebitda,ebitdaratio,operatingIncome,operatingIncomeRatio,totalOtherIncomeExpensesNet,incomeBeforeTax,incomeBeforeTaxRatio,incomeTaxExpense,netIncome,netIncomeRatio,eps,epsdiluted,weightedAverageShsOut,weightedAverageShsOutDil,link,finalLink,timestamp,est_time,est_date
0,2020-12-31,GLT,USD,2021-02-25,2021-02-25 17:22:00,FY,916498000,768629000,147869000,0.16134132316709912,0.0,100045000.0,0.0,-4020000.0,100045000.0,868674000,7022000.0,56600000.0,104424000,0.113938055511305,47824000,0.052181237711375256,-8842000.0,32359000.0,0.035307223801906824,11576000.0,21298000.0,0.02323845769439759,0.4803446176052685,0.47738378087595823,44339000,44614000,https://www.sec.gov/Archives/edgar/data/41719/000156459021008961/0001564590-21-008961-index.htm,https://www.sec.gov/Archives/edgar/data/41719/000156459021008961/glt-10k_20201231.htm,1620592623,16:37:03,20210509
1,2019-12-31,GLT,USD,2020-02-26 00:00:00,2020-02-25 18:10:56,FY,927673000,780131000,147542000,0.15904526702836022,0.0,94967000.0,0.0,-4477000.0,94967000.0,875098000,10408000.0,0.0,100041000,0.10784080166179247,52575000,0.05667406510699352,-77743000.0,-34453000.0,-0.0371391643391583,-9242000.0,-21541000.0,-0.02322046669462192,-0.49,-0.49,44132000,44132000,https://www.sec.gov/Archives/edgar/data/41719/000156459020006478/0001564590-20-006478-index.html,https://www.sec.gov/Archives/edgar/data/41719/000156459020006478/glt-10k_20191231.htm,1620592623,16:37:03,20210509
2,2018-12-31,GLT,USD,2019-02-25 00:00:00,2019-02-25 15:56:35,FY,866286000,735879000,130407000,0.15053573531143294,0.0,111721000.0,0.0,383000.0,111721000.0,847600000,15609000.0,0.0,67153000,0.0775182791826256,18686000,0.021570243545434187,3639000.0,7275000.0,0.008397919393826057,7723000.0,-177604000.0,-0.2050177424083963,-4.06,-4.06,43768000,43768000,https://www.sec.gov/Archives/edgar/data/41719/000156459019004077/0001564590-19-004077-index.html,https://www.sec.gov/Archives/edgar/data/41719/000156459019004077/glt-10k_20181231.htm,1620592623,16:37:03,20210509
3,2017-12-31,GLT,USD,2018-02-26 00:00:00,2018-02-23 18:48:10,FY,1596423000,1403913000,192510000,0.12058834030830175,0.0,134394000.0,0.0,-1220000.0,134394000.0,1538307000,17772000.0,0.0,133181000,0.08342463119110662,58116000,0.0364038854363787,-1246000.0,39335000.0,0.02463945959185003,31421000.0,7914000.0,0.004957332737000156,0.18147630076360385,0.17808681563491527,43609000,44439000,https://www.sec.gov/Archives/edgar/data/41719/000156459018003072/0001564590-18-003072-index.html,https://www.sec.gov/Archives/edgar/data/41719/000156459018003072/glt-10k_20171231.htm,1620592623,16:37:03,20210509
4,2016-12-31,GLT,USD,2017-02-24 00:00:00,2017-02-24 16:30:54,FY,1610938000,1392335000,218603000,0.13569920133487445,0.0,190694000.0,0.0,-1271000.0,190694000.0,1583029000,15822000.0,0.0,92670000,0.0575254913596923,27909000,0.01732468909417991,-1487000.0,10806000.0,0.006707893165348387,-10748000.0,21554000.0,0.013379782462143174,0.4948344735754626,0.48843164359038277,43558000,44129000,https://www.sec.gov/Archives/edgar/data/41719/000156459017002406/0001564590-17-002406-index.html,https://www.sec.gov/Archives/edgar/data/41719/000156459017002406/glt-10k_20161231.htm,1620592623,16:37:03,20210509
5,2015-12-31,GLT,USD,2016-02-26 00:00:00,2016-02-26 16:17:49,FY,1666748000,1463783000,202965000,0.12177305747479523,0.0,127706000.0,0.0,-615000.0,127706000.0,1591489000,17464000.0,0.0,138163000,0.0828937547847665,75259000,0.04515319652400963,20498000.0,78576000.0,0.04714329940698894,14001000.0,64575000.0,0.03874310933626439,1.49,1.47,43397000,43942000,https://www.sec.gov/Archives/edgar/data/41719/000119312516481956/0001193125-16-481956-index.html,https://www.sec.gov/Archives/edgar/data/41719/000119312516481956/d123473d10k.htm,1620592623,16:37:03,20210509
6,2014-12-31,GLT,USD,2015-02-27,2015-02-27 17:04:57,FY,1810342000,1575188000,235154000,0.12989479335948678,0.0,133235000.0,0.0,-635000.0,133235000.0,1708423000,18921000.0,0.0,171998000,0.09500856744195296,101919000,0.05629820221814442,4226000.0,87383000.0,0.048268780153142336,18137000.0,69246000.0,0.03825023117178964,1.6,1.57,43201000,44066000,https://www.sec.gov/Archives/edgar/data/41719/000119312515070196/d852804d10k.htm,https://www.sec.gov/Archives/edgar/data/41719/000119312515070196/d852804d10k.htm,1620592623,16:37:03,20210509
7,2013-12-31,GLT,USD,2014-03-03,2014-03-03 17:28:55,FY,1725768000,1507108000,218660000,0.12670300990631417,0.0,133867000.0,0.0,337000.0,133867000.0,1640975000,17965000.0,0.0,153636000,0.08902471247583685,84793000,0.04913348723582776,2063000.0,69201000.0,0.0400986691142726,2043000.0,67158000.0,0.03891484834577997,1.56,1.52,43158000,44299000,https://www.sec.gov/Archives/edgar/data/41719/000119312514080641/d656787d10k.htm,https://www.sec.gov/Archives/edgar/data/41719/000119312514080641/d656787d10k.htm,1620592623,16:37:03,20210509
8,2012-12-31,GLT,USD,2013-03-08 00:00:00,2013-03-07 17:35:34,FY,1584788000,1371139000,213649000,0.13481235345042997,0.0,121590000.0,0.0,-4699000.0,121590000.0,1492729000,18694000.0,0.0,157320000,0.09926879809791593,92059000,0.05808915766651439,5116000.0,78941000.0,0.049811709831220324,19562000.0,59379000.0,0.03746810298916953,1.39,1.36,42851000,43672000,https://www.sec.gov/Archives/edgar/data/41719/000119312513096334/0001193125-13-096334-index.html,https://www.sec.gov/Archives/edgar/data/41719/000119312513096334/d444088d10k.htm,1620592623,16:37:03,20210509
9,2011-12-31,GLT,USD,2012-03-09 00:00:00,2012-03-09 15:31:17,FY,1612498000,1406305000,206193000,0.1278717865076422,0.0,124871000.0,0.0,0.0,124871000.0,1531176000,31794000.0,0.0,151301000,0.09383019389791492,81322000,0.05043231061371859,651000.0,50845000.0,0.03153182205497309,8151000.0,42694000.0,0.026476932064411863,0.94,0.93,45228000,45794000,https://www.sec.gov/Archives/edgar/data/41719/000119312512106730/0001193125-12-106730-index.html,https://www.sec.gov/Archives/edgar/data/41719/000119312512106730/d242788d10k.htm,1620592623,16:37:03,20210509
10,2011-10-12,GLT,USD,2012-03-09,2012-03-09 15:31:17,FY,1612498000,1406305000,206193000,0.1278717865076422,0.0,124871000.0,0.0,-34427000.0,-34427000.0,1371878000,0.0,69313000.0,154585000,0.09586678557120691,85272000,0.052881926055102085,0.0,50845000.0,0.03153182205497309,8151000.0,42694000.0,0.026476932064411863,0.9439727602370214,0.93230554221077,45228000,45794000,https://www.sec.gov/Archives/edgar/data/41719/000119312512106730/0001193125-12-106730-index.htm,https://www.sec.gov/Archives/edgar/data/41719/000119312512106730/d242788d10k.htm,1620592623,16:37:03,20210509
11,2010-12-31,GLT,USD,2011-03-11,2011-03-11 17:00:08,FY,1465984000,1279737000,186247000,0.12704572491923513,0.0,122111000.0,0.0,0.0,121658000.0,1401395000,25547000.0,0.0,131236000,0.0895207587531651,64589000,0.04405846175674496,-6321000.0,33529000.0,0.022871327381472104,-20905000.0,54434000.0,0.03713137387584039,1.19,1.17,45922000,46374000,https://www.sec.gov/Archives/edgar/data/41719/000095012311024824/w81919e10vk.htm,https://www.sec.gov/Archives/edgar/data/41719/000095012311024824/w81919e10vk.htm,1620592623,16:37:03,20210509
12,2009-12-31,GLT,USD,2010-03-16 00:00:00,2010-03-16 16:53:26,FY,1197342000,927578000,269764000,0.22530237810082668,0.0,110257000.0,0.0,0.0,109359000.0,1036937000,19220000.0,0.0,223547000,0.1867027131763523,160405000,0.13396757150421518,75000.0,143146000.0,0.11955314354628836,19704000.0,123442000.0,0.10309669250723687,2.7024388108060773,2.6967710927600823,45678000,45774000,https://www.sec.gov/Archives/edgar/data/41719/000095012310025244/0000950123-10-025244-index.html,https://www.sec.gov/Archives/edgar/data/41719/000095012310025244/w77554e10vk.htm,1620592623,16:37:03,20210509
13,2008-12-31,GLT,USD,2009-03-13 00:00:00,2009-03-12 21:27:10,FY,1273214000,1095432000,177782000,0.1396324577015333,0.0,97897000.0,0.0,0.0,79429000.0,1174861000,0.0,60611000.0,158964000,0.12485253853633403,98353000,0.07724781537117877,19326000.0,81026000.0,0.06363894836217635,23138000.0,57888000.0,0.045466041058298136,1.28,1.27,45247000,45572000,https://www.sec.gov/Archives/edgar/data/41719/000089322009000541/0000893220-09-000541-index.html,https://www.sec.gov/Archives/edgar/data/41719/000089322009000541/w73077e10vk.htm,1620592623,16:37:03,20210509
14,2007-12-31,GLT,USD,2008-03-13,2008-03-13 16:22:13,FY,1157768000,1001456000,156312000,0.13501150489562674,0.0,116144000.0,0.0,0.0,37459000.0,1038915000,0.0,56001000.0,174854000,0.1510268032973791,118853000,0.10265700900353093,78855000.0,93934000.0,0.08113369863392321,30462000.0,63472000.0,0.054822727869486804,1.41,1.4,45035000,45422000,https://www.sec.gov/Archives/edgar/data/41719/000089322008000703/w47335e10vk.htm,https://www.sec.gov/Archives/edgar/data/41719/000089322008000703/w47335e10vk.htm,1620592623,16:37:03,20210509
15,2006-12-31,GLT,USD,2007-03-16,2007-03-16 15:04:12,FY,997137000,891843000,105294000,0.1055963222706609,0.0,92481000.0,0.0,0.0,74882000.0,966725000,0.0,50021000.0,80433000,0.08066394086268988,30412000,0.030499319551877024,-13720000.0,-22228000.0,-0.022291821484911302,-9992000.0,-12236000.0,-0.012271132251636434,-0.27,-0.27,44584000,44584000,https://www.sec.gov/Archives/edgar/data/41719/000089322007000775/w31558e10vk.htm,https://www.sec.gov/Archives/edgar/data/41719/000089322007000775/w31558e10vk.htm,1620592623,16:37:03,20210509
16,2005-12-31,GLT,USD,2006-03-13,2006-03-13 16:41:04,FY,589199000,492023000,97176000,0.1649289968245024,0.0,67633000.0,0.0,0.0,25429000.0,517452000,0.0,50647000.0,122394000,0.20772947679816156,71747000,0.12177040354786753,41668000.0,60140000.0,0.10207077744531134,21531000.0,38609000.0,0.06552794556677795,0.88,0.87,43873864,44378161,https://www.sec.gov/Archives/edgar/data/41719/000089322006000522/w18389e10vk.htm,https://www.sec.gov/Archives/edgar/data/41719/000089322006000522/w18389e10vk.htm,1620592623,16:37:03,20210509
17,2004-12-31,GLT,USD,2005-03-16,2005-03-16 17:30:43,FY,553477000,461063000,92414000,0.16696990118830593,0.0,59939000.0,0.0,0.0,-31355000.0,429708000,0.0,51598000.0,175367000,0.3168460478032511,123769000,0.22362085506714824,69661000.0,90763000.0,0.16398694074008496,34661000.0,56102000.0,0.10136283892555607,1.28,1.27,43829688,44174803,https://www.sec.gov/Archives/edgar/data/41719/000089322005000600/w06428e10vk.htm,https://www.sec.gov/Archives/edgar/data/41719/000089322005000600/w06428e10vk.htm,1620592623,16:37:03,20210509
18,2003-12-31,GLT,USD,2003-12-31,2003-12-31,FY,543233000,463687000,79546000,0.14643072125588835,0.0,59146000.0,0.0,0.0,38313000.0,502000000,0.0,56029000.0,97262000,0.17904287847019604,41233000,0.07590297349387831,12465000.0,20416000.0,0.03758240018555574,7430000.0,12661000.0,0.02330675787369324,0.29,0.29,43658621,43658621,,,1620592623,16:37:03,20210509
19,2002-12-31,GLT,USD,2002-12-31,2002-12-31,FY,553637000,426840000,126797000,0.2290255167194389,0.0,54259000.0,0.0,0.0,56658000.0,483498000,0.0,45190000.0,115329000,0.20831158322149712,70139000,0.12668770331462673,99000.0,59065000.0,0.1066854274551737,21470000.0,37595000.0,0.06790550487051986,0.87,0.86,43212644,43715116,,,1620592623,16:37:03,20210509
20,2001-12-31,GLT,USD,2002-03-27 00:00:00,2002-03-27 00:00:00,FY,652539000,503569000,148970000,0.2282928683189817,0.0,60653000.0,0.0,0.0,60653000.0,564222000,0.0,44988000.0,133305000,0.20428664033873836,88317000,0.13534363463333227,-47649000.0,11720000.0,0.01796061231589223,4762000.0,6958000.0,0.010662964205970831,0.16,0.16,43487500,43487500,https://www.sec.gov/Archives/edgar/data/41719/000089322002000325/0000893220-02-000325-index.html,https://www.sec.gov/Archives/edgar/data/41719/000089322002000325/w58137e10-k.txt,1620592623,16:37:03,20210509
21,2000-12-31,GLT,USD,2001-03-20 00:00:00,2001-03-20 00:00:00,FY,733963000,545095000,188868000,0.2573263229890335,0.0,60267000.0,0.0,0.0,106373000.0,651468000,0.0,46106000.0,128601000,0.1752145544121434,82495000,0.11239667394677934,-1307000.0,68603000.0,0.09346928932384875,24603000.0,44000000.0,0.05994852601561659,1.04,1.04,42307692,42307692,https://www.sec.gov/Archives/edgar/data/41719/000089322001000284/0000893220-01-000284-index.html,https://www.sec.gov/Archives/edgar/data/41719/000089322001000284/w46209e10-k.txt,1620592623,16:37:03,20210509
22,1999-12-31,GLT,USD,1999-12-31,1999-12-31,FY,680560000,508208000,172352000,0.25325026448806864,0.0,56256000.0,0.0,0.0,104022000.0,612230000,0.0,47766000.0,116096000,0.17058892676619256,68330000,0.10040260961561068,15246000.0,65152000.0,0.09573292582579053,23727000.0,41425000.0,0.06086899024332902,0.980000003785154,0.9783025830258303,42270408,42343750,,,1620592623,16:37:03,20210509
23,1998-12-31,GLT,USD,1998-12-31,1998-12-31,FY,705100000,527700000,177400000,0.2515955183661892,0.0,51800000.0,0.0,0.0,99500000.0,627200000,0.0,47700000.0,125600000,0.17813076159410013,77900000,0.11048078286767835,2800000.0,58700000.0,0.08325060275138278,22600000.0,36100000.0,0.05119841157282655,0.86,0.86,41976744,41976744,,,1620592623,16:37:03,20210509
24,1997-12-31,GLT,USD,1997-12-31,1997-12-31,FY,567100000,422300000,144800000,0.2553341562334685,0.0,36800000.0,0.0,0.0,72600000.0,494900000,0.0,35800000.0,108000000,0.19044260271557045,72200000,0.12731440663022395,20100000.0,73600000.0,0.12978310703579615,28300000.0,45300000.0,0.07988009169458649,1.07,1.07,42336449,42336449,,,1620592623,16:37:03,20210509
25,1996-12-31,GLT,USD,1997-03-28 00:00:00,1997-03-28 00:00:00,FY,566100000,400900000,165200000,0.2918212329977036,0.0,35500000.0,0.0,0.0,69100000.0,470000000,0.0,33600000.0,129700000,0.22911146440558205,96100000,0.16975799328740504,11100000.0,97900000.0,0.17293764352587881,37500000.0,60400000.0,0.10669493022434198,1.4100000142400664,1.4023908023409803,42836879,43069307,https://www.sec.gov/Archives/edgar/data/41719/000089322097000640/0000893220-97-000640-index.html,https://www.sec.gov/Archives/edgar/data/41719/0000893220-97-000640.txt,1620592623,16:37:03,20210509
26,1995-12-31,GLT,USD,1996-03-15 00:00:00,1996-03-15 00:00:00,FY,623700000,449500000,174200000,0.2793009459676126,0.0,36400000.0,0.0,0.0,69000000.0,518500000,0.0,32600000.0,137800000,0.2209395542728876,105200000,0.16867083533750202,12700000.0,107600000.0,0.17251883918550584,41800000.0,65800000.0,0.10549943883277217,1.489999994112462,1.489300417651442,44161074,44181818,https://www.sec.gov/Archives/edgar/data/41719/000089322096000452/0000893220-96-000452-index.html,https://www.sec.gov/Archives/edgar/data/41719/0000893220-96-000452.txt,1620592623,16:37:03,20210509
27,1994-12-31,GLT,USD,1995-03-30 00:00:00,1995-03-30 00:00:00,FY,478300000,394800000,83500000,0.17457662554881873,0.0,27200000.0,0.0,0.0,70100000.0,464900000,0.0,42900000.0,56300000,0.11770855111854485,13400000,0.028015889609031987,-199700000.0,-192800000.0,-0.4030942922851767,-74500000.0,-118300000.0,-0.24733430901108092,-2.6700000063195266,-2.628888888888889,44307116,45000000,https://www.sec.gov/Archives/edgar/data/41719/000089322095000198/0000893220-95-000198-index.html,https://www.sec.gov/Archives/edgar/data/41719/0000893220-95-000198.txt,1620592623,16:37:03,20210509
28,1993-12-31,GLT,USD,1993-12-31,1993-12-31,FY,473500000,361200000,112300000,0.23717001055966208,0.0,0.0,0.0,0.0,0.0,443800000,0.0,38100000.0,67800000,0.14318901795142555,29700000,0.06272439281942978,8500000.0,35400000.0,0.0747624076029567,15000000.0,16200000.0,0.034213305174234425,0.36,0.36,45000000,45000000,,,1620592623,16:37:03,20210509
29,1992-12-31,GLT,USD,1992-12-31,1992-12-31,FY,540100000,390100000,150000000,0.2777263469727828,0.0,0.0,0.0,0.0,0.0,457000000,0.0,31900000.0,115000000,0.2129235326791335,83100000,0.1538603962229217,7800000.0,90700000.0,0.16793186446954267,34200000.0,56500000.0,0.1046102573597482,1.28,1.27,44140625,44488189,,,1620592623,16:37:03,20210509
30,1991-12-31,GLT,USD,1991-12-31,1991-12-31,FY,567800000,381100000,186700000,0.32881296231067275,0.0,0.0,0.0,0.0,0.0,453800000,0.0,30700000.0,144700000,0.2548432546671363,114000000,0.2007749207467418,9200000.0,123100000.0,0.2168016907361747,47100000.0,76000000.0,0.13384994716449455,0.84,0.835,44630000,44630000,,,1620592623,16:37:03,20210509
31,1990-12-31,GLT,USD,1990-12-31,1990-12-31,FY,625400000,414300000,211100000,0.3375439718580109,0.0,0.0,0.0,0.0,0.0,488700000,0.0,30000000.0,166700000,0.26654940837863766,136700000,0.21858010873041253,7900000.0,144500000.0,0.23105212663895108,56200000.0,88300000.0,0.14118963863127598,0.95,0.94,45174000,45174000,,,1620592623,16:37:03,20210509
32,1989-12-31,GLT,USD,1989-12-31,1989-12-31,FY,598800000,397300000,201500000,0.3365063460253841,0.0,0.0,0.0,0.0,0.0,466200000,0.0,27200000.0,159800000,0.2668670674682699,132600000,0.22144288577154309,22700000.0,149800000.0,0.2501670006680027,56900000.0,92900000.0,0.1551436205744823,0.97,0.965,46976000,46976000,,,1620592623,16:37:03,20210509
33,1988-12-31,GLT,USD,1988-12-31,1988-12-31,FY,569300000,379700000,189600000,0.3330405761461444,0.0,0.0,0.0,0.0,0.0,442600000,0.0,23200000.0,149900000,0.26330581415773757,126700000,0.22255401370103636,19400000.0,135900000.0,0.23871421043386615,53700000.0,82200000.0,0.14438784472158792,0.85,0.85,48022000,48022000,,,1620592623,16:37:03,20210509
34,1987-12-31,GLT,USD,1987-12-31,1987-12-31,FY,423700000,289000000,134700000,0.3179136181260326,0.0,0.0,0.0,0.0,0.0,337700000,0.0,19000000.0,105000000,0.24781685154590513,86000000,0.20297380221855085,18400000.0,96200000.0,0.22704743922586737,41200000.0,55000000.0,0.12980882700023602,0.565,0.565,48472000,48472000,,,1620592623,16:37:03,20210509
35,1986-12-31,GLT,USD,1986-12-31,1986-12-31,FY,284800000,191900000,92900000,0.3261938202247191,0.0,0.0,0.0,0.0,0.0,224300000,0.0,11900000.0,72400000,0.2542134831460674,60500000,0.21242977528089887,17600000.0,78200000.0,0.27457865168539325,36700000.0,41500000.0,0.14571629213483145,0.415,0.415,49228000,49228000,,,1620592623,16:37:03,20210509
36,1985-12-31,GLT,USD,1985-12-31,1985-12-31,FY,277100000,192400000,84700000,0.3056658246120534,0.0,0.0,0.0,0.0,0.0,222400000,0.0,11400000.0,66100000,0.23854204258390474,54700000,0.1974016600505233,17100000.0,71700000.0,0.258751353302057,32000000.0,39700000.0,0.1432695777697582,0.195,0.195,50884000,50884000,,,1620592623,16:37:03,20210509
