,date,symbol,reportedCurrency,fillingDate,acceptedDate,period,revenue,costOfRevenue,grossProfit,grossProfitRatio,researchAndDevelopmentExpenses,generalAndAdministrativeExpenses,sellingAndMarketingExpenses,otherExpenses,operatingExpenses,costAndExpenses,interestExpense,depreciationAndAmortization,ebitda,ebitdaratio,operatingIncome,operatingIncomeRatio,totalOtherIncomeExpensesNet,incomeBeforeTax,incomeBeforeTaxRatio,incomeTaxExpense,netIncome,netIncomeRatio,eps,epsdiluted,weightedAverageShsOut,weightedAverageShsOutDil,link,finalLink,timestamp,est_time,est_date
0,2020-12-31,0145.HK,HKD,2020-12-31,2020-12-31,FY,7985000.0,4136000.0,3849000.0,0.4820288040075141,0.0,20334000.0,2625000.0,11000.0,0.0,57392000.0,3620000.0,4540000.0,-44867000.0,-5.618910457107075,-49407000.0,-8.910457107075768,0.0,-71150000.0,-8.910457107075768,-3728000.0,-67422000.0,-8.44358171571697,-0.2608863731190779,-0.2608863731190779,258434349,258434349,https://www1.hkexnews.hk/search/titlesearch.xhtml,https://www1.hkexnews.hk/search/titlesearch.xhtml,1620584556,14:22:36,20210509
1,2019-12-31,0145.HK,HKD,2019-12-31,2019-12-31,FY,41272000.0,37132000.0,4140000.0,0.10031013762357045,0.0,20144000.0,2281000.0,85000.0,0.0,90904000.0,23560000.0,8565000.0,-41067000.0,-0.9950329521225043,-49632000.0,-1.2025586353944564,0.0,-117125000.0,-2.8378804031789104,-7800000.0,-109325000.0,-2.648890288815662,-0.423122,-0.423122,258434349,258434349,https://www1.hkexnews.hk/search/titlesearch.xhtml,https://www1.hkexnews.hk/search/titlesearch.xhtml,1620584556,14:22:36,20210509
2,2018-12-31,0145.HK,HKD,2018-12-31,2018-12-31,FY,50506000.0,35606000.0,14900000.0,0.2950144537282699,0.0,22817000.0,2515000.0,11000.0,0.0,518599000.0,99123000.0,54484000.0,-413609000.0,-8.189304241080269,-468093000.0,-9.268067160337386,0.0,-1533724000.0,-30.36716429731121,-161986000.0,-1371738000.0,-27.159901793846277,-5.906816,-5.906816,232219313,232219313,https://www1.hkexnews.hk/search/titlesearch.xhtml,https://www1.hkexnews.hk/search/titlesearch.xhtml,1620584556,14:22:36,20210509
3,2017-12-31,0145.HK,HKD,2017-12-31,2017-12-31,FY,80719000.0,61918000.0,18801000.0,0.2329191392361154,0.0,77664000.0,2200000.0,0.0,0.0,141710000.0,88689000.0,54946000.0,-6045000.0,-0.07488943123675962,-60991000.0,-0.7555965757752202,0.0,-213307000.0,-2.64258724711654,-20074000.0,-193233000.0,-2.393897347588548,-0.83929,-0.83929,230098684,230098684,https://www1.hkexnews.hk/search/titlesearch.xhtml,https://www1.hkexnews.hk/search/titlesearch.xhtml,1620584556,14:22:36,20210509
4,2016-12-31,0145.HK,HKD,2016-12-31,2016-12-31,FY,22080000.0,14703000.0,7377000.0,0.3341032608695652,0.0,77609000.0,1457000.0,0.0,0.0,93757000.0,81940000.0,55198000.0,-16479000.0,-0.7463315217391304,-71677000.0,-3.2462409420289857,0.0,-220980000.0,-10.008152173913043,-19052000.0,-201928000.0,-9.145289855072464,-1.043898,-1.043898,193516195,193516195,https://www1.hkexnews.hk/search/titlesearch.xhtml,https://www1.hkexnews.hk/search/titlesearch.xhtml,1620584556,14:22:36,20210509
5,2015-12-31,0145.HK,HKD,2015-12-31,2015-12-31,FY,16776000.0,14341000.0,2435000.0,0.14514783023366715,0.0,112012000.0,6380000.0,0.0,0.0,132644000.0,87470000.0,56583000.0,-59285000.0,-3.5339175011921795,-115868000.0,-6.906771578445398,0.0,-866523000.0,-51.65253934191703,-51095000.0,-815428000.0,-48.606819265617546,-5.19764,-5.19764,156887594,156887594,https://www1.hkexnews.hk/search/titlesearch.xhtml,https://www1.hkexnews.hk/search/titlesearch.xhtml,1620584556,14:22:36,20210509
6,2014-12-31,0145.HK,HKD,2014-12-31,2014-12-31,FY,16423000.0,8636000.0,7787000.0,0.47415210375692624,0.0,176271000.0,4449000.0,0.0,0.0,187893000.0,59958000.0,31094000.0,-140376000.0,-8.547524812762589,-171470000.0,-10.440845156183402,0.0,-252765000.0,-15.390915179930586,-9394000.0,-243371000.0,-14.818912500761128,-2.939006,-2.939006,82809144,82809144,https://www1.hkexnews.hk/search/titlesearch.xhtml,https://www1.hkexnews.hk/search/titlesearch.xhtml,1620584556,14:22:36,20210509
7,2013-12-31,0145.HK,HKD,2013-12-31,2013-12-31,FY,42498000.0,0.0,42498000.0,1.0,0.0,25235000.0,0.0,0.0,0.0,25235000.0,718000.0,100000.0,17363000.0,0.4085604028424867,17263000.0,0.4062073509341616,0.0,-88863000.0,-2.0909925172949317,2242000.0,-91105000.0,-2.1437479410795803,-2.073891,-2.073891,43919867,43919867,https://www1.hkexnews.hk/search/titlesearch.xhtml,https://www1.hkexnews.hk/search/titlesearch.xhtml,1620584556,14:22:36,20210509
8,2012-12-31,0145.HK,HKD,2012-12-31,2012-12-31,FY,42224000.0,0.0,42224000.0,1.0,0.0,24941000.0,0.0,0.0,0.0,28596000.0,218000.0,86000.0,13714000.0,0.32479158772262223,13628000.0,0.322754831375521,0.0,13140000.0,0.3111974232663888,2816000.0,10324000.0,0.2445054945054945,0.235399,0.232419,43810931,44485590,https://www1.hkexnews.hk/search/titlesearch.xhtml,https://www1.hkexnews.hk/search/titlesearch.xhtml,1620584556,14:22:36,20210509
9,2011-12-31,0145.HK,HKD,2011-12-31,2011-12-31,FY,37995000.0,0.0,0.0,0.0,0.0,42801000.0,0.0,0.0,0.0,42794000.0,0.0,97000.0,-4702000.0,-0.12375312541123833,-4799000.0,-0.12630609290696143,0.0,-47602000.0,-1.2528490590867218,1703000.0,-49305000.0,-1.2976707461508092,-1.162094,-1.162094,42379479,42379479,https://www1.hkexnews.hk/search/titlesearch.xhtml,https://www1.hkexnews.hk/search/titlesearch.xhtml,1620584556,14:22:36,20210509
10,2010-12-31,0145.HK,HKD,2010-12-31,2010-12-31,FY,18850000.0,0.0,0.0,0.0,0.0,11197000.0,0.0,0.0,0.0,9553000.0,624000.0,76000.0,9373000.0,0.49724137931034484,9297000.0,0.493209549071618,0.0,-35395000.0,-1.8777188328912466,-1668000.0,-33727000.0,-1.7892307692307692,-1.172027,-1.172027,28673981,28673981,https://www1.hkexnews.hk/search/titlesearch.xhtml,https://www1.hkexnews.hk/search/titlesearch.xhtml,1620584556,14:22:36,20210509
11,2009-12-31,0145.HK,HKD,2009-12-31,2009-12-31,FY,3845000.0,0.0,3845000.0,1.0,0.0,11920000.0,0.0,0.0,0.0,11822000.0,0.0,52000.0,-7925000.0,-2.0611183355006504,-7977000.0,-2.0746423927178155,0.0,3423000.0,0.8902470741222367,39000.0,3384000.0,0.8801040312093628,0.131977,0.131977,25572594,25572594,https://www1.hkexnews.hk/search/titlesearch.xhtml,https://www1.hkexnews.hk/search/titlesearch.xhtml,1620584556,14:22:36,20210509
12,2008-12-31,0145.HK,HKD,2008-12-31,2008-12-31,FY,7553000.0,0.0,7553000.0,1.0,0.0,6589000.0,0.0,0.0,0.0,6516000.0,0.0,47000.0,1084000.0,0.1435191314709387,1037000.0,0.13729643850125778,0.0,-1380000.0,-0.18270885740765258,85000.0,-1465000.0,-0.19396266384218191,-0.061589,-0.061589,25572594,25572594,https://www1.hkexnews.hk/search/titlesearch.xhtml,https://www1.hkexnews.hk/search/titlesearch.xhtml,1620584556,14:22:36,20210509
13,2007-12-31,0145.HK,HKD,2007-12-31,2007-12-31,FY,11556000.0,0.0,0.0,0.0,0.0,0.0,0.0,0.0,0.0,11321000.0,0.0,24000.0,259000.0,0.022412599515403253,235000.0,0.02033575631706473,0.0,-99000.0,-0.008566978193146417,2612000.0,-2711000.0,-0.23459674627898927,-0.105582,-0.105582,25676779,25676779,https://www1.hkexnews.hk/search/titlesearch.xhtml,https://www1.hkexnews.hk/search/titlesearch.xhtml,1620584556,14:22:36,20210509
14,2006-12-31,0145.HK,HKD,2006-12-31,2006-12-31,FY,61516000.0,0.0,0.0,0.0,0.0,0.0,0.0,0.0,0.0,3856000.0,0.0,5000.0,57665000.0,0.9373984004161519,57660000.0,0.9373171207490734,0.0,12055000.0,0.19596527732622407,784000.0,11271000.0,0.18322062552831783,0.439924,0.439924,25620330,25620330,https://www1.hkexnews.hk/search/titlesearch.xhtml,https://www1.hkexnews.hk/search/titlesearch.xhtml,1620584556,14:22:36,20210509
15,2005-12-31,0145.HK,HKD,2005-12-31,2005-12-31,FY,73559000.0,0.0,0.0,0.0,0.0,2459000.0,0.0,0.0,0.0,4629000.0,0.0,16000.0,68946000.0,0.9372884351337022,68930000.0,0.9370709226607213,0.0,1235000.0,0.016789244008211097,0.0,1235000.0,0.016789244008211097,4.399241,4.399241,25572594,25572594,https://www1.hkexnews.hk/search/titlesearch.xhtml,https://www1.hkexnews.hk/search/titlesearch.xhtml,1620584556,14:22:36,20210509
16,2004-12-31,0145.HK,HKD,2004-12-31,2004-12-31,FY,189682000.0,173426000.0,16256000.0,0.08570133170253372,0.0,2938000.0,0.0,0.0,0.0,178574000.0,0.0,0.0,11108000.0,0.058561170801657514,11108000.0,0.058561170801657514,0.0,9171000.0,0.04834934258390359,886000.0,8285000.0,0.043678366951002204,0.325544,0.325544,25449724,25449724,https://www1.hkexnews.hk/search/titlesearch.xhtml,https://www1.hkexnews.hk/search/titlesearch.xhtml,1620584556,14:22:36,20210509
17,2003-12-31,0145.HK,HKD,2003-12-31,2003-12-31,FY,74390000.0,70517000.0,3873000.0,0.05206344938835865,0.0,3284000.0,0.0,0.0,0.0,74195000.0,0.0,0.0,195000.0,0.0026213200699018685,195000.0,0.0026213200699018685,0.0,731000.0,0.009826589595375723,-4282000.0,5013000.0,0.06738808979701573,0.193567,0.193567,25898064,25898064,https://www1.hkexnews.hk/search/titlesearch.xhtml,https://www1.hkexnews.hk/search/titlesearch.xhtml,1620584556,14:22:36,20210509
