,date,symbol,reportedCurrency,fillingDate,acceptedDate,period,revenue,costOfRevenue,grossProfit,grossProfitRatio,researchAndDevelopmentExpenses,generalAndAdministrativeExpenses,sellingAndMarketingExpenses,otherExpenses,operatingExpenses,costAndExpenses,interestExpense,depreciationAndAmortization,ebitda,ebitdaratio,operatingIncome,operatingIncomeRatio,totalOtherIncomeExpensesNet,incomeBeforeTax,incomeBeforeTaxRatio,incomeTaxExpense,netIncome,netIncomeRatio,eps,epsdiluted,weightedAverageShsOut,weightedAverageShsOutDil,link,finalLink,timestamp,est_time,est_date
0,2020-12-31,SBCF,USD,2021-03-01,2021-02-26 19:58:58,FY,324313000.0,0.0,0.0,0.0,0.0,127388000.0,4833000.0,0.0,248000000.0,0.0,24292000.0,5857000.0,5858000.0,0.0,1000.0,0.31013866234162674,0.0,100582000.0,0.31013866234162674,22818000.0,77764000.0,0.23978070567630652,1.5114773853719217,1.5114773853719217,55219000.0,55739000.0,https://www.sec.gov/Archives/edgar/data/730708/000073070821000016/0000730708-21-000016-index.htm,https://www.sec.gov/Archives/edgar/data/730708/000073070821000016/sbcf-20201231.htm,1620597602,18:00:02,20210509
1,2019-12-31,SBCF,USD,2020-02-27,2020-02-27 16:09:07,FY,300350000.0,0.0,0.0,0.0,0.0,106442000.0,4161000.0,0.0,218000000.0,0.0,46205000.0,5826000.0,0.0,0.0,0.0,0.42820709172631927,0.0,128612000.0,0.42820709172631927,29873000.0,98739000.0,0.3287464624604628,1.92,1.9,51449000.0,52029000.0,https://www.sec.gov/Archives/edgar/data/730708/000073070820000015/0000730708-20-000015-index.htm,https://www.sec.gov/Archives/edgar/data/730708/000073070820000015/sbcf2019123110k.htm,1620597602,18:00:02,20210509
2,2018-12-31,SBCF,USD,2019-02-26,2019-02-26 16:36:45,FY,261537000.0,0.0,0.0,0.0,0.0,105106000.0,5085000.0,0.0,204000000.0,0.0,29883000.0,4300000.0,0.0,0.0,0.0,0.3346906938597598,0.0,87534000.0,0.3346906938597598,20259000.0,67275000.0,0.257229378634763,1.4,1.38,47969000.0,48748000.0,https://www.sec.gov/Archives/edgar/data/730708/000162828019001975/0001628280-19-001975-index.htm,https://www.sec.gov/Archives/edgar/data/730708/000162828019001975/sbcf2018123110k.htm,1620597602,18:00:02,20210509
3,2017-12-31,SBCF,USD,2018-02-28,2018-02-28 16:03:09,FY,235476000.0,0.0,0.0,0.0,0.0,96157000.0,4784000.0,0.0,171000000.0,0.0,15300000.0,3361000.0,0.0,0.0,0.0,0.3363442558901969,0.0,79201000.0,0.3363442558901969,36336000.0,42865000.0,0.1820355365302621,1.01,0.99,42613086.0,43350314.0,https://www.sec.gov/Archives/edgar/data/730708/000114420418011744/0001144204-18-011744-index.htm,https://www.sec.gov/Archives/edgar/data/730708/000114420418011744/tv484852_10k.htm,1620597602,18:00:02,20210509
4,2016-12-31,SBCF,USD,2017-03-16,2017-03-15 18:51:12,FY,177892000.0,0.0,0.0,0.0,0.0,81988000.0,3633000.0,0.0,142000000.0,0.0,8467000.0,2486000.0,0.0,0.0,0.0,0.24785262968542712,0.0,44091000.0,0.24785262968542712,14889000.0,29202000.0,0.16415577991140692,0.79,0.78,36872007.0,37508046.0,https://www.sec.gov/Archives/edgar/data/730708/000114420417014827/0001144204-17-014827-index.htm,https://www.sec.gov/Archives/edgar/data/730708/000114420417014827/v460816_10k.htm,1620597602,18:00:02,20210509
5,2015-12-31,SBCF,USD,2016-03-14,2016-03-14 15:59:33,FY,141427000.0,0.0,0.0,0.0,0.0,64798000.0,4428000.0,0.0,113000000.0,0.0,6930000.0,1424000.0,0.0,0.0,0.0,0.25220078202889123,0.0,35668000.0,0.25220078202889123,13527000.0,22141000.0,0.15655426474435574,0.6610077129906361,0.6561429528080568,33495827.0,33744171.0,https://www.sec.gov/Archives/edgar/data/730708/000114420416087817/0001144204-16-087817-index.htm,https://www.sec.gov/Archives/edgar/data/730708/000114420416087817/v433074_10k.htm,1620597602,18:00:02,20210509
6,2014-12-31,SBCF,USD,2015-03-16,2015-03-16 17:26:19,FY,99810000.0,0.0,0.0,0.0,0.0,55677000.0,3576000.0,0.0,95000000.0,0.0,5355000.0,1033000.0,0.0,0.0,0.0,0.10259493036769862,0.0,10240000.0,0.10259493036769862,4544000.0,5696000.0,0.057068430017032365,0.20683428256446187,0.20550642487190574,27538955.0,27716895.0,https://www.sec.gov/Archives/edgar/data/730708/000114420415016465/0001144204-15-016465-index.htm,https://www.sec.gov/Archives/edgar/data/730708/000114420415016465/v401586_10k.htm,1620597602,18:00:02,20210509
7,2013-12-31,SBCF,USD,2014-03-17,2014-03-17 16:03:21,FY,88655000.0,0.0,0.0,0.0,0.0,48559000.0,2339000.0,0.0,84000000.0,0.0,5557000.0,783000.0,0.0,0.0,0.0,0.13088940274096217,0.0,11604000.0,0.13088940274096217,-40385000.0,51989000.0,0.5864192656928543,2.46,2.44,19449560.0,19650005.0,https://www.sec.gov/Archives/edgar/data/730708/000119312514102267/0001193125-14-102267-index.htm,https://www.sec.gov/Archives/edgar/data/730708/000119312514102267/d659860d10k.htm,1620597602,18:00:02,20210509
8,2012-12-31,SBCF,USD,2013-03-13,2013-03-13 16:55:34,FY,89167000.0,0.0,0.0,0.0,0.0,49010000.0,3095000.0,0.0,102000000.0,0.0,8478000.0,788000.0,0.0,0.0,0.0,-0.007962587055749324,0.0,-710000.0,-0.007962587055749324,0.0,-710000.0,-0.007962587055749324,-0.03786917714064991,-0.03756383007371875,18748757.0,18901161.0,https://www.sec.gov/Archives/edgar/data/730708/000119312513105380/0001193125-13-105380-index.htm,https://www.sec.gov/Archives/edgar/data/730708/000119312513105380/d444434d10k.htm,1620597602,18:00:02,20210509
9,2011-12-31,SBCF,USD,2012-03-14,2012-03-14 17:07:01,FY,86404000.0,0.0,0.0,0.0,0.0,43938000.0,2917000.0,0.0,94000000.0,0.0,13953000.0,847000.0,0.0,0.0,0.0,0.07716077959353734,0.0,6667000.0,0.07716077959353734,0.0,6667000.0,0.07716077959353734,0.35647838918607005,0.35537974140380274,18702396.0,18760214.0,https://www.sec.gov/Archives/edgar/data/730708/000119312512115105/0001193125-12-115105-index.htm,https://www.sec.gov/Archives/edgar/data/730708/000119312512115105/d264302d10k.htm,1620597602,18:00:02,20210509
10,2010-12-31,SBCF,USD,2011-03-15,2011-03-15 07:04:12,FY,89144000.0,0.0,0.0,0.0,0.0,40722000.0,2910000.0,0.0,140000000.0,0.0,18329000.0,985000.0,0.0,0.0,0.0,-0.3724647760926142,0.0,-33203000.0,-0.3724647760926142,0.0,-33203000.0,-0.3724647760926142,-2.4,-2.4,15312338.0,15312338.0,https://www.sec.gov/Archives/edgar/data/730708/000095012311025387/0000950123-11-025387-index.htm,https://www.sec.gov/Archives/edgar/data/730708/000095012311025387/g26250e10vk.htm,1620597602,18:00:02,20210509
11,2009-12-31,SBCF,USD,2010-03-23,2010-03-23 17:18:08,FY,98003000.0,0.0,0.0,0.0,0.0,48764000.0,2067000.0,0.0,284000000.0,0.0,28616000.0,1259000.0,0.0,0.0,0.0,-1.6174096711325163,0.0,-158511000.0,-1.6174096711325163,-11825000.0,-146686000.0,-1.4967500994867504,-23.4,-23.4,6346652.0,6346652.0,https://www.sec.gov/Archives/edgar/data/730708/000095012310027286/0000950123-10-027286-index.htm,https://www.sec.gov/Archives/edgar/data/730708/000095012310027286/g22396e10vk.htm,1620597602,18:00:02,20210509
12,2008-12-31,SBCF,USD,2009-03-10,2009-03-10 16:35:48,FY,99151000.0,0.0,0.0,0.0,0.0,37332000.0,2614000.0,0.0,217000000.0,0.0,49853000.0,3539000.0,0.0,0.0,0.0,-0.6827666891912336,0.0,-67697000.0,-0.6827666891912336,-22100000.0,-45597000.0,-0.4598743330879164,-12.05,-12.05,3799551.0,3799551.0,https://www.sec.gov/Archives/edgar/data/730708/000095014409002053/0000950144-09-002053-index.htm,https://www.sec.gov/Archives/edgar/data/730708/000095014409002053/g17839e10vk.htm,1620597602,18:00:02,20210509
13,2007-12-31,SBCF,USD,2008-03-17,2008-03-17 16:57:51,FY,104331000.0,0.0,0.0,0.0,0.0,38912000.0,3075000.0,0.0,156000000.0,0.0,65637000.0,2082000.0,0.0,0.0,0.0,0.13575063979066623,0.0,14163000.0,0.13575063979066623,4398000.0,9765000.0,0.09359634241021365,2.6,2.55,3787308.0,3831519.0,https://www.sec.gov/Archives/edgar/data/730708/000095014408002025/0000950144-08-002025-index.htm,https://www.sec.gov/Archives/edgar/data/730708/000095014408002025/g11942e10vk.htm,1620597602,18:00:02,20210509
14,2006-12-31,SBCF,USD,2007-03-15,2007-03-14 17:41:48,FY,113143000.0,0.0,0.0,0.0,0.0,36468000.0,0.0,0.0,127000000.0,0.0,50787000.0,2774000.0,0.0,0.0,0.0,0.32536701342548807,0.0,36813000.0,0.32536701342548807,12959000.0,23854000.0,0.21083054188062894,6.5,6.4,3661051.0,3734350.0,https://www.sec.gov/Archives/edgar/data/730708/000095014407002196/0000950144-07-002196-index.htm,https://www.sec.gov/Archives/edgar/data/730708/000095014407002196/g05657e10vk.htm,1620597602,18:00:02,20210509
15,2005-12-31,SBCF,USD,2006-03-15,2006-03-15 15:23:21,FY,92830000.0,0.0,0.0,0.0,0.0,30096000.0,3194000.0,0.0,87000000.0,0.0,26215000.0,3720000.0,0.0,0.0,0.0,0.349165140579554,0.0,32413000.0,0.349165140579554,11654000.0,20759000.0,0.22362382850371648,6.35,6.2,3272239.0,3349877.0,https://www.sec.gov/Archives/edgar/data/730708/000095014406002298/0000950144-06-002298-index.htm,https://www.sec.gov/Archives/edgar/data/730708/000095014406002298/g99914e10vk.htm,1620597602,18:00:02,20210509
16,2004-12-31,SBCF,USD,2005-03-17,2005-03-16 21:46:16,FY,71280000.0,0.0,0.0,0.0,0.0,0.0,0.0,0.0,0.0,0.0,14278000.0,5204000.0,0.0,0.0,0.0,0.3226571268237935,0.0,22999000.0,0.3226571268237935,8077000.0,14922000.0,0.20934343434343433,4.85,4.75,3067146.0,3149089.0,https://www.sec.gov/Archives/edgar/data/730708/000095014405002692/0000950144-05-002692-index.htm,https://www.sec.gov/Archives/edgar/data/730708/000095014405002692/g92439e10vk.htm,1620597602,18:00:02,20210509
17,2003-12-31,SBCF,USD,2004-03-12,2004-03-12 16:10:00,FY,63890000.0,0.0,0.0,0.0,0.0,21236000.0,2119000.0,0.0,0.0,0.0,16437000.0,10718000.0,0.0,0.0,0.0,0.3353732978556895,0.0,21427000.0,0.3353732978556895,7411000.0,14016000.0,0.21937705431209892,4.55,4.45,3066953.0,3133403.0,https://www.sec.gov/Archives/edgar/data/730708/000095014404002409/0000950144-04-002409-index.htm,https://www.sec.gov/Archives/edgar/data/730708/000095014404002409/g86414e10vk.htm,1620597602,18:00:02,20210509
18,2002-12-31,SBCF,USD,2002-12-31,2002-12-31,FY,64753000.0,0.0,0.0,0.0,0.0,20065000.0,2036000.0,0.0,0.0,0.0,23035000.0,8187000.0,0.0,0.0,0.0,0.38551109601099565,0.0,24963000.0,0.38551109601099565,9677000.0,15286000.0,0.23606628264327523,5.0,4.863636,3070070.0,3143565.0,,,1620597602,18:00:02,20210509
19,2001-12-31,SBCF,USD,2001-12-31,2001-12-31,FY,61516000.0,0.0,0.0,0.0,0.0,18642000.0,1908000.0,0.0,0.0,0.0,35402000.0,3565000.0,0.0,0.0,0.0,0.3812991741985825,0.0,23456000.0,0.3812991741985825,9326000.0,14130000.0,0.22969633916379478,4.545455,4.484848,3104253.0,3151396.0,,,1620597602,18:00:02,20210509
20,2000-12-31,SBCF,USD,2001-03-30 00:00:00,2001-03-30 00:00:00,FY,55233000.0,0.0,0.0,0.0,0.0,16254000.0,1717000.0,0.0,0.0,0.0,37635000.0,2559000.0,0.0,0.0,0.0,0.35768471746962865,0.0,19756000.0,0.35768471746962865,7668000.0,12088000.0,0.21885467021526986,3.833333,3.80303,3155601.0,3177630.0,https://www.sec.gov/Archives/edgar/data/730708/000073070801000011/0000730708-01-000011-index.html,https://www.sec.gov/Archives/edgar/data/730708/000073070801000011/0000730708-01-000011-0001.txt,1620597602,18:00:02,20210509
21,1999-12-31,SBCF,USD,1999-12-31,1999-12-31,FY,55500000.0,0.0,0.0,0.0,0.0,17700000.0,1700000.0,0.0,0.0,0.0,30500000.0,2900000.0,0.0,0.0,0.0,0.3387387387387387,0.0,18800000.0,0.3387387387387387,7100000.0,11700000.0,0.21081081081081082,3.681818,3.636364,3197662.0,3240041.0,,,1620597602,18:00:02,20210509
22,1998-12-31,SBCF,USD,1998-12-31,1998-12-31,FY,52600000.0,0.0,0.0,0.0,0.0,17200000.0,2000000.0,0.0,0.0,0.0,29600000.0,3000000.0,0.0,0.0,0.0,0.2889733840304182,0.0,15200000.0,0.2889733840304182,5600000.0,9600000.0,0.18250950570342206,2.848485,2.787879,3361401.0,3426995.0,,,1620597602,18:00:02,20210509
23,1997-12-31,SBCF,USD,1997-12-31,1997-12-31,FY,49000000.0,0.0,0.0,0.0,0.0,0.0,0.0,0.0,0.0,0.0,26600000.0,2700000.0,0.0,0.0,0.0,0.23877551020408164,0.0,11700000.0,0.23877551020408164,4300000.0,7400000.0,0.1510204081632653,2.19697,2.151515,3384617.0,3466129.0,,,1620597602,18:00:02,20210509
24,1996-12-31,SBCF,USD,1997-03-28 00:00:00,1997-03-28 00:00:00,FY,39900000.0,0.0,0.0,0.0,0.0,0.0,0.0,0.0,0.0,0.0,20700000.0,2400000.0,0.0,0.0,0.0,0.2982456140350877,0.0,11900000.0,0.2982456140350877,4300000.0,7600000.0,0.19047619047619047,2.681818,2.681818,2841274.0,2841274.0,https://www.sec.gov/Archives/edgar/data/730708/000095014497003090/0000950144-97-003090-index.html,https://www.sec.gov/Archives/edgar/data/730708/0000950144-97-003090.txt,1620597602,18:00:02,20210509
25,1995-12-31,SBCF,USD,1996-03-29 00:00:00,1996-03-29 00:00:00,FY,35100000.0,0.0,0.0,0.0,0.0,11700000.0,1400000.0,0.0,0.0,0.0,21100000.0,2600000.0,0.0,0.0,0.0,0.301994301994302,0.0,10600000.0,0.301994301994302,3800000.0,6800000.0,0.19373219373219372,2.393939,2.393939,2844329.0,2844329.0,https://www.sec.gov/Archives/edgar/data/730708/000095014496001359/0000950144-96-001359-index.html,https://www.sec.gov/Archives/edgar/data/730708/0000950144-96-001359.txt,1620597602,18:00:02,20210509
26,1994-12-31,SBCF,USD,1994-12-31,1994-12-31,FY,32500000.0,0.0,0.0,0.0,0.0,0.0,0.0,0.0,0.0,0.0,13800000.0,600000.0,0.0,0.0,0.0,0.28615384615384615,0.0,9300000.0,0.28615384615384615,3100000.0,6200000.0,0.19076923076923077,0.66043,0.66043,2828571.0,2828571.0,,,1620597602,18:00:02,20210509
27,1993-12-31,SBCF,USD,1993-12-31,1993-12-31,FY,34900000.0,0.0,0.0,0.0,0.0,0.0,0.0,0.0,0.0,0.0,13600000.0,3000000.0,0.0,0.0,0.0,0.2979942693409742,0.0,10400000.0,0.2979942693409742,3500000.0,7200000.0,0.20630372492836677,0.761329,0.761329,2816678.0,2816678.0,,,1620597602,18:00:02,20210509
28,1992-12-31,SBCF,USD,1992-12-31,1992-12-31,FY,37000000.0,0.0,0.0,0.0,0.0,0.0,0.0,0.0,0.0,0.0,17300000.0,2800000.0,0.0,0.0,0.0,0.24594594594594596,0.0,9100000.0,0.24594594594594596,3000000.0,6100000.0,0.16486486486486487,0.665017,0.665017,2804785.0,2804785.0,,,1620597602,18:00:02,20210509
29,1991-12-31,SBCF,USD,1991-12-31,1991-12-31,FY,29400000.0,0.0,0.0,0.0,0.0,10000000.0,1100000.0,0.0,0.0,0.0,24800000.0,2200000.0,0.0,0.0,0.0,0.1564625850340136,0.0,4600000.0,0.1564625850340136,1300000.0,3300000.0,0.11224489795918367,0.421941,0.421941,2795534.0,2795534.0,,,1620597602,18:00:02,20210509
30,1990-12-31,SBCF,USD,1990-12-31,1990-12-31,FY,0.0,0.0,0.0,0.0,0.0,0.0,0.0,0.0,0.0,0.0,0.0,0.0,0.0,0.0,0.0,0.0,0.0,0.0,0.0,0.0,3600000.0,0.0,0.476977,0.476977,2331704.0,2331704.0,,,1620597602,18:00:02,20210509
31,1989-12-31,SBCF,USD,1989-12-31,1989-12-31,FY,0.0,0.0,0.0,0.0,0.0,0.0,0.0,0.0,0.0,0.0,0.0,0.0,0.0,0.0,0.0,0.0,0.0,0.0,0.0,0.0,4500000.0,0.0,0.587048,0.587048,2319151.0,2319151.0,,,1620597602,18:00:02,20210509
32,1988-12-31,SBCF,USD,1988-12-31,1988-12-31,FY,0.0,0.0,0.0,0.0,0.0,0.0,0.0,0.0,0.0,0.0,0.0,0.0,0.0,0.0,0.0,0.0,0.0,0.0,0.0,0.0,4500000.0,0.0,0.587048,0.587048,2313865.0,2313865.0,,,1620597602,18:00:02,20210509
33,1987-12-31,SBCF,USD,1987-12-31,1987-12-31,FY,0.0,0.0,0.0,0.0,0.0,0.0,0.0,0.0,0.0,0.0,0.0,0.0,0.0,0.0,0.0,0.0,0.0,0.0,0.0,0.0,4100000.0,0.0,0.354676,0.354676,2313204.0,2313204.0,,,1620597602,18:00:02,20210509
34,1986-12-31,SBCF,USD,1986-12-31,1986-12-31,FY,0.0,0.0,0.0,0.0,0.0,0.0,0.0,0.0,0.0,0.0,0.0,0.0,0.0,0.0,0.0,0.0,0.0,0.0,0.0,0.0,3400000.0,0.0,0.296582,0.296582,2313204.0,2313204.0,,,1620597602,18:00:02,20210509
35,1985-12-31,SBCF,USD,1985-12-31,1985-12-31,FY,0.0,0.0,0.0,0.0,0.0,0.0,0.0,0.0,0.0,0.0,0.0,0.0,0.0,0.0,0.0,0.0,0.0,0.0,0.0,0.0,2700000.0,0.0,0.238489,0.238489,2313204.0,2313204.0,,,1620597602,18:00:02,20210509
