,date,symbol,reportedCurrency,fillingDate,acceptedDate,period,revenue,costOfRevenue,grossProfit,grossProfitRatio,researchAndDevelopmentExpenses,generalAndAdministrativeExpenses,sellingAndMarketingExpenses,otherExpenses,operatingExpenses,costAndExpenses,interestExpense,depreciationAndAmortization,ebitda,ebitdaratio,operatingIncome,operatingIncomeRatio,totalOtherIncomeExpensesNet,incomeBeforeTax,incomeBeforeTaxRatio,incomeTaxExpense,netIncome,netIncomeRatio,eps,epsdiluted,weightedAverageShsOut,weightedAverageShsOutDil,link,finalLink,timestamp,est_time,est_date
0,2020-12-31,AMED,USD,2021-02-25,2021-02-25 08:02:16,FY,2071519000,1185369000.0,886150000.0,0.42777787700716235,0.0,668300000.0,0.0,-1669000.0,662730000.0,1848099000,11038000.0,28802000.0,252222000.0,0.12175702950347064,223420000.0,0.10785322268345113,-1855000.0,210819000.0,0.10177024685749926,25635000.0,183608000.0,0.08863447547427757,5.64,5.52,32825000.0,33243000.0,https://www.sec.gov/Archives/edgar/data/896262/000089626221000045/0000896262-21-000045-index.htm,https://www.sec.gov/Archives/edgar/data/896262/000089626221000045/amed-20201231.htm,1620587493,15:11:33,20210509
1,2019-12-31,AMED,USD,2020-02-19 00:00:00,2020-02-19 09:39:49,FY,1955633000,1150337000.0,805296000.0,0.4117827833749993,0.0,607926000.0,0.0,2037000.0,626354000.0,1776691000,14515000.0,18428000.0,197370000.0,0.10092384409549235,178942000.0,0.09150080817822158,5905000.0,170410000.0,0.08713802640884051,42503000.0,126833000.0,0.06485521567697007,3.95,3.84,32142000.0,32990000.0,https://www.sec.gov/Archives/edgar/data/896262/000089626220000006/0000896262-20-000006-index.html,https://www.sec.gov/Archives/edgar/data/896262/000089626220000006/amed-20193112x10xk.htm,1620587493,15:11:33,20210509
2,2018-12-31,AMED,USD,2019-02-28 00:00:00,2019-02-28 08:08:54,FY,1662578000,992863000.0,669715000.0,0.4028171911332882,0.0,501306000.0,0.0,3240000.0,514567000.0,1507430000,7370000.0,13261000.0,168409000.0,0.10129389418120534,155148000.0,0.09331772704799414,10932000.0,158988000.0,0.09562739312080396,38859000.0,119346000.0,0.07178369977228136,3.64,3.55,32791000.0,33609000.0,https://www.sec.gov/Archives/edgar/data/896262/000089626219000004/0000896262-19-000004-index.html,https://www.sec.gov/Archives/edgar/data/896262/000089626219000004/amed-20183112x10xk.htm,1620587493,15:11:33,20210509
3,2017-12-31,AMED,USD,2018-02-28 00:00:00,2018-02-28 08:01:04,FY,1533680000,900726000.0,632954000.0,0.412702780240989,0.0,482213000.0,0.0,3769000.0,524395000.0,1425121000,5031000.0,17123000.0,125682000.0,0.08194799436649106,108559000.0,0.07078334463512598,-22885000.0,80801000.0,0.05268439309373533,50118000.0,30301000.0,0.01975705492671222,0.9,0.88,33704000.0,34304000.0,https://www.sec.gov/Archives/edgar/data/896262/000162828018002423/0001628280-18-002423-index.html,https://www.sec.gov/Archives/edgar/data/896262/000162828018002423/amed-20173112x10xk.htm,1620587493,15:11:33,20210509
4,2016-12-31,AMED,USD,2017-03-01 00:00:00,2017-03-01 08:00:33,FY,1437454000,833055000.0,604399000.0,0.42046493313873,0.0,503430000.0,0.0,3727000.0,542627000.0,1375682000,5164000.0,19678000.0,81450000.0,0.056662682771066064,61772000.0,0.04297320122939586,4883000.0,61566000.0,0.042829892295683895,23935000.0,37261000.0,0.025921525140978424,1.12,1.1,33198000.0,33741000.0,https://www.sec.gov/Archives/edgar/data/896262/000119312517063925/0001193125-17-063925-index.html,https://www.sec.gov/Archives/edgar/data/896262/000119312517063925/d332070d10k.htm,1620587493,15:11:33,20210509
5,2015-12-31,AMED,USD,2016-03-10 00:00:00,2016-03-09 20:50:35,FY,1280541000,725915000.0,554626000.0,0.43311850225803,0.0,452435000.0,0.0,9747000.0,486524000.0,1212439000,10783000.0,20036000.0,88138000.0,0.06882872161063176,68102000.0,0.05318220970667866,-57698000.0,-308000.0,-0.0002405233413065259,2004000.0,-3021000.0,-0.002359159136646152,-0.09,-0.09,33018000.0,33018000.0,https://www.sec.gov/Archives/edgar/data/896262/000119312516498856/0001193125-16-498856-index.html,https://www.sec.gov/Archives/edgar/data/896262/000119312516498856/d38348d10k.htm,1620587493,15:11:33,20210509
6,2014-12-31,AMED,USD,2015-03-04 00:00:00,2015-03-04 14:39:44,FY,1204554000,691061000.0,513493000.0,0.4262930512040141,0.0,441738000.0,0.0,2061000.0,486339000.0,1177400000,8217000.0,28307000.0,55461000.0,0.046042767696591436,27154000.0,0.02254278347006444,1945000.0,20976000.0,0.017413914195627593,7671000.0,12776000.0,0.010606415320525274,0.39552955016872543,0.3892392529628614,32301000.0,32823000.0,https://www.sec.gov/Archives/edgar/data/896262/000119312515076564/0001193125-15-076564-index.html,https://www.sec.gov/Archives/edgar/data/896262/000119312515076564/d861886d10k.htm,1620587493,15:11:33,20210509
7,2013-12-31,AMED,USD,2014-03-12,2014-03-12 12:58:18,FY,1249344000,717996000.0,531348000.0,0.4253015982787767,0.0,474074000.0,0.0,4334000.0,526827000.0,1244823000,4412000.0,36871000.0,41392000.0,0.03313098714205215,4521000.0,0.0036186990932841555,-153638000.0,-153475000.0,-0.12284446877721428,-58773000.0,-96178000.0,-0.0769828005737411,-3.08,-3.08,31247000.0,31247000.0,https://www.sec.gov/Archives/edgar/data/896262/000119312514095238/d690541d10k.htm,https://www.sec.gov/Archives/edgar/data/896262/000119312514095238/d690541d10k.htm,1620587493,15:11:33,20210509
8,2012-12-31,AMED,USD,2013-03-12 00:00:00,2013-03-12 17:00:41,FY,1487905000,841146000.0,646759000.0,0.43467761718658116,0.0,535259000.0,0.0,3917000.0,596861000.0,1438007000,12169000.0,39926000.0,89824000.0,0.06036944562992933,49898000.0,0.03353574320941189,-156491000.0,-118697000.0,-0.0797745823826118,-21397000.0,-83588000.0,-0.056178317836152174,-2.79,-2.79,29896000.0,29896000.0,https://www.sec.gov/Archives/edgar/data/896262/000119312513103324/0001193125-13-103324-index.html,https://www.sec.gov/Archives/edgar/data/896262/000119312513103324/d455707d10k.htm,1620587493,15:11:33,20210509
9,2011-12-31,AMED,USD,2012-02-28 00:00:00,2012-02-28 16:04:07,FY,1470358000,782348000.0,688010000.0,0.46792005756421223,0.0,341482000.0,0.0,0.0,1158876000.0,1941224000,8822000.0,38611000.0,-432255000.0,-0.2939794254188436,-470866000.0,-0.3202390166204421,654000.0,-478803000.0,-0.3256370217321224,-103426000.0,-382464000.0,-0.2601162437991292,-13.33,-13.33,28693000.0,28693000.0,https://www.sec.gov/Archives/edgar/data/896262/000119312512085131/0001193125-12-085131-index.html,https://www.sec.gov/Archives/edgar/data/896262/000119312512085131/d257934d10k.htm,1620587493,15:11:33,20210509
10,2010-12-31,AMED,USD,2011-02-22,2011-02-22 16:21:58,FY,1634319000,820460000.0,813859000.0,0.49798050441804814,0.0,566546000.0,0.0,0.0,620349000.0,1440809000,9201000.0,34589000.0,228099000.0,0.1395682238290077,193510000.0,0.11840405698030801,838000.0,185582000.0,0.11355310682920532,72309000.0,112580000.0,0.0688849606472176,4.02,3.95,28032000.0,28484000.0,https://www.sec.gov/Archives/edgar/data/896262/000119312511042171/d10k.htm,https://www.sec.gov/Archives/edgar/data/896262/000119312511042171/d10k.htm,1620587493,15:11:33,20210509
11,2009-12-31,AMED,USD,2010-02-23 00:00:00,2010-02-23 16:35:37,FY,1513459000,724465000.0,788994000.0,0.5213183839139349,0.0,509756000.0,0.0,0.0,558246000.0,1282711000,11670000.0,28312000.0,259060000.0,0.1711708080628547,230748000.0,0.15246399142626263,3103000.0,222394000.0,0.14694418547182314,86171000.0,135837000.0,0.08975267912774644,4.99,4.89,27231000.0,27759000.0,https://www.sec.gov/Archives/edgar/data/896262/000119312510037640/0001193125-10-037640-index.html,https://www.sec.gov/Archives/edgar/data/896262/000119312510037640/d10k.htm,1620587493,15:11:33,20210509
12,2008-12-31,AMED,USD,2009-02-17 00:00:00,2009-02-17 16:02:01,FY,1187415000,562633000.0,624782000.0,0.5261698732119773,0.0,423277000.0,0.0,0.0,467681000.0,1030314000,16627000.0,20406000.0,177507000.0,0.14949027930420283,157101000.0,0.13230504920352193,-145000.0,141356000.0,0.11904515270566736,54714000.0,86682000.0,0.07300059372670886,3.28,3.22,26445000.0,26903000.0,https://www.sec.gov/Archives/edgar/data/896262/000119312509031143/0001193125-09-031143-index.html,https://www.sec.gov/Archives/edgar/data/896262/000119312509031143/d10k.htm,1620587493,15:11:33,20210509
13,2007-12-31,AMED,USD,2008-02-27,2008-02-27 16:16:44,FY,697934000,308734000.0,389200000.0,0.5576458519000363,0.0,278889000.0,0.0,0.0,292638000.0,601372000,0.0,13749000.0,110311000.0,0.1580536268472377,96562000.0,0.1383540564007485,3706000.0,103418000.0,0.14817733481962478,38298000.0,65113000.0,0.0932939217748383,2.52,2.48,25842000.0,26275000.0,https://www.sec.gov/Archives/edgar/data/896262/000119312508040101/d10k.htm,https://www.sec.gov/Archives/edgar/data/896262/000119312508040101/d10k.htm,1620587493,15:11:33,20210509
14,2006-12-31,AMED,USD,2007-02-20,2007-02-20 16:33:49,FY,541148000,235458000.0,305690000.0,0.5648916747359317,0.0,229928000.0,0.0,0.0,240034000.0,475492000,0.0,10106000.0,75762000.0,0.14000236534182886,65656000.0,0.12132725243371499,-49000.0,61897000.0,0.11438090873476388,23642000.0,38255000.0,0.07069230598653234,1.75,1.72,21809000.0,22289000.0,https://www.sec.gov/Archives/edgar/data/896262/000119312507035162/d10k.htm,https://www.sec.gov/Archives/edgar/data/896262/000119312507035162/d10k.htm,1620587493,15:11:33,20210509
15,2005-12-31,AMED,USD,2006-03-16,2006-03-16 13:40:51,FY,381558000,163032000.0,218526000.0,0.5727202679540201,0.0,168424000.0,0.0,0.0,168424000.0,331456000,0.0,6973000.0,57075000.0,0.14958407371880553,50102000.0,0.1313090015148418,106000.0,48740000.0,0.12773942624712364,18638000.0,30102000.0,0.07889233091692482,1.447536,1.410035,20807479.0,21292801.0,https://www.sec.gov/Archives/edgar/data/896262/000119312506056356/d10k.htm,https://www.sec.gov/Archives/edgar/data/896262/000119312506056356/d10k.htm,1620587493,15:11:33,20210509
16,2004-12-31,AMED,USD,2005-03-17,2005-03-16 21:12:38,FY,227089000,96078000.0,131011000.0,0.5769147779064596,0.0,97633000.0,0.0,0.0,97633000.0,193711000,0.0,4126000.0,37504000.0,0.16515110815583317,33378000.0,0.14698202026518237,-59000.0,33359000.0,0.1468983526282647,12855000.0,20504000.0,0.09029059091369462,1.177529,1.132528,17408898.0,18056881.0,https://www.sec.gov/Archives/edgar/data/896262/000119312505053157/d10k.htm,https://www.sec.gov/Archives/edgar/data/896262/000119312505053157/d10k.htm,1620587493,15:11:33,20210509
17,2003-12-31,AMED,USD,2004-03-29,2004-03-26 20:37:31,FY,142473000,58554000.0,83919000.0,0.5890168663536249,0.0,69581000.0,0.0,0.0,69581000.0,128135000,0.0,3072000.0,17410000.0,0.12219859201392544,14338000.0,0.10063661184926266,491000.0,13627000.0,0.0956461926119335,5220000.0,8407000.0,0.05900767162901041,0.645016,0.622516,13077006.0,13431664.0,https://www.sec.gov/Archives/edgar/data/896262/000119312504051054/d10k.htm,https://www.sec.gov/Archives/edgar/data/896262/000119312504051054/d10k.htm,1620587493,15:11:33,20210509
18,2002-12-31,AMED,USD,2002-12-31,2002-12-31,FY,129424000,58244000.0,71180000.0,0.549975275064903,0.0,63060000.0,0.0,0.0,63060000.0,121304000,0.0,2947000.0,11067000.0,0.08550964272468785,8120000.0,0.06273952280875263,-8876000.0,-2533000.0,-0.019571331437754975,-3285000.0,752000.0,0.005810359747805662,0.067502,0.060002,11331716.0,12009033.0,,,1620587493,15:11:33,20210509
19,2001-12-31,AMED,USD,2001-12-31,2001-12-31,FY,110174000,49046000.0,61128000.0,0.5548314484361102,0.0,53665000.0,0.0,0.0,53665000.0,102711000,0.0,3439000.0,10902000.0,0.09895256594114764,7463000.0,0.06773830486321637,290000.0,5296000.0,0.04806941746691597,220000.0,5386000.0,0.04888630711420117,0.675017,0.510013,7921135.0,10639734.0,,,1620587493,15:11:33,20210509
20,2000-12-31,AMED,USD,2000-12-31,2000-12-31,FY,90755000,41468000.0,49287000.0,0.5430775163902816,0.0,49251000.0,0.0,0.0,49251000.0,90719000,0.0,2872000.0,2908000.0,0.03204231171836262,36000.0,0.0003966723596496061,141000.0,-1733000.0,-0.01909536664646576,-659000.0,6370000.0,0.0701889703046664,1.102528,1.102528,5781188.0,5781188.0,,,1620587493,15:11:33,20210509
21,1999-12-31,AMED,USD,1999-12-31,1999-12-31,FY,97411000,46890000.0,50521000.0,0.5186375255361304,0.0,30089000.0,0.0,0.0,53146000.0,100036000,0.0,3068000.0,443000.0,0.004547741014875117,-2625000.0,-0.026947675313876256,-24789000.0,-7916000.0,-0.08126392296557884,-3263000.0,1300000.0,0.013345515393538718,0.315008,0.315008,4123896.0,4123896.0,,,1620587493,15:11:33,20210509
22,1998-12-31,AMED,USD,1998-12-31,1998-12-31,FY,38086000,22923000.0,15163000.0,0.39812529538413066,0.0,44441000.0,0.0,0.0,44441000.0,67364000,0.0,1707000.0,-27571000.0,-0.7239142992175602,-29278000.0,-0.7687339179751089,-181000.0,-30568000.0,-0.8026046316231686,-1374000.0,-24871000.0,-0.6530221078611563,-6.093628873476164,-6.078916661819045,4081476.0,4091354.0,,,1620587493,15:11:33,20210509
23,1997-12-31,AMED,USD,1997-12-31,1997-12-31,FY,54496000,30641000.0,23855000.0,0.4377385496183206,0.0,24443000.0,0.0,0.0,24443000.0,55084000,0.0,1240000.0,652000.0,0.011964180857310628,-588000.0,-0.010789782736347621,0.0,-1550000.0,-0.028442454492072812,-382000.0,-1194000.0,-0.02190986494421609,-0.32743053413134243,-0.2388,3646575.0,5000000.0,,,1620587493,15:11:33,20210509
24,1996-12-31,AMED,USD,1996-12-31,1996-12-31,FY,46060226,26404786.0,19655440.0,0.42673346848102744,0.0,18511698.0,0.0,0.0,18511698.0,44916484,0.0,944676.0,2088418.0,0.04534102807050925,1143742.0,0.024831445681573514,0.0,-34287.0,-0.0007443949580273444,2467.0,18321.0,0.000397761834690086,0.0075,0.0075,3433247.0,3433247.0,,,1620587493,15:11:33,20210509
25,1995-12-31,AMED,USD,1995-12-31,1995-12-31,FY,37600000,21800000.0,15800000.0,0.42021276595744683,0.0,13800000.0,0.0,0.0,14400000.0,36200000,0.0,600000.0,2000000.0,0.05319148936170213,1400000.0,0.03723404255319149,200000.0,1100000.0,0.02925531914893617,200000.0,900000.0,0.023936170212765957,0.37,0.37,2432432.0,2432432.0,,,1620587493,15:11:33,20210509
26,1994-12-31,AMED,USD,1994-12-31,1994-12-31,FY,24500000,15500000.0,9000000.0,0.3673469387755102,0.0,8500000.0,0.0,0.0,8800000.0,24300000,0.0,300000.0,500000.0,0.02040816326530612,200000.0,0.00816326530612245,0.0,0.0,0.0,0.0,0.0,0.0,0.75,0.75,1547000.0,1547000.0,,,1620587493,15:11:33,20210509
27,1993-12-31,AMED,USD,1993-12-31,1993-12-31,FY,14000000,9200000.0,4800000.0,0.34285714285714286,0.0,4700000.0,0.0,0.0,4800000.0,14000000,0.0,100000.0,0.0,0.0,0.0,0.0,100000.0,0.0,0.0,0.0,-100000.0,-0.007142857142857143,0.22,0.22,3333333.0,3333333.0,,,1620587493,15:11:33,20210509
