,date,symbol,reportedCurrency,fillingDate,acceptedDate,period,revenue,costOfRevenue,grossProfit,grossProfitRatio,researchAndDevelopmentExpenses,generalAndAdministrativeExpenses,sellingAndMarketingExpenses,otherExpenses,operatingExpenses,costAndExpenses,interestExpense,depreciationAndAmortization,ebitda,ebitdaratio,operatingIncome,operatingIncomeRatio,totalOtherIncomeExpensesNet,incomeBeforeTax,incomeBeforeTaxRatio,incomeTaxExpense,netIncome,netIncomeRatio,eps,epsdiluted,weightedAverageShsOut,weightedAverageShsOutDil,link,finalLink,timestamp,est_time,est_date
0,2020-12-31,0205.HK,HKD,2020-12-31,2020-12-31,FY,80167000,23994000,56173000.0,0.7006997891900657,0.0,38931000.0,11787000.0,5782000.0,0.0,74712000,2320000.0,0.0,-27042000.0,-0.3373208427407786,5455000.0,-1.819975800516422,0.0,-145902000.0,-1.819975800516422,-2509000.0,-137831000.0,-1.7192984644554492,-0.4,-0.4,348359766,348359766,https://www1.hkexnews.hk/search/titlesearch.xhtml,https://www1.hkexnews.hk/search/titlesearch.xhtml,1620584591,14:23:11,20210509
1,2019-12-31,0205.HK,HKD,2019-12-31,2019-12-31,FY,87223000,36435000,50788000.0,0.582277610263348,0.0,70727000.0,18129000.0,1352000.0,0.0,125228000,2061000.0,23329000.0,-14676000.0,-0.1682583722183369,-38005000.0,-0.43572222922852916,0.0,-100189000.0,-1.1486534514978848,-807000.0,-95294000.0,-1.0925329328273505,-0.3,-0.3,318677275,318677275,https://www1.hkexnews.hk/search/titlesearch.xhtml,https://www1.hkexnews.hk/search/titlesearch.xhtml,1620584591,14:23:11,20210509
2,2018-12-31,0205.HK,HKD,2018-12-31,2018-12-31,FY,180413000,92394000,88019000.0,0.4878750422641384,0.0,93353000.0,98518000.0,3369000.0,0.0,281115000,1817000.0,23438000.0,-77264000.0,-0.4282618214873651,-100702000.0,-0.5581748543619363,0.0,-126279000.0,-0.6999440173379967,-1277000.0,-125077000.0,-0.6932815262758227,-0.392,-0.392,318677275,318677275,https://www1.hkexnews.hk/search/titlesearch.xhtml,https://www1.hkexnews.hk/search/titlesearch.xhtml,1620584591,14:23:11,20210509
3,2017-12-31,0205.HK,HKD,2017-12-31,2017-12-31,FY,319132000,144937000,174195000.0,0.5458399659075241,0.0,96391000.0,122560000.0,1862000.0,0.0,363580000,1799000.0,18356000.0,-26092000.0,-0.08175927202536881,-44448000.0,-0.1392777910081095,0.0,-255342000.0,-0.8001140593860847,-3406000.0,-251707000.0,-0.7887237882756978,-0.79,-0.79,318677275,318677275,https://www1.hkexnews.hk/search/titlesearch.xhtml,https://www1.hkexnews.hk/search/titlesearch.xhtml,1620584591,14:23:11,20210509
4,2016-12-31,0205.HK,HKD,2016-12-31,2016-12-31,FY,267594000,123513000,144081000.0,0.5384313549631158,0.0,73396000.0,111932000.0,645000.0,0.0,306675000,1589000.0,7162000.0,-31919000.0,-0.11928144876193039,-39081000.0,-0.14604587546805983,0.0,-11398000.0,-0.04259437805032998,4948000.0,-15200000.0,-0.05680246941261762,-0.048,-0.048,318677275,318677275,https://www1.hkexnews.hk/search/titlesearch.xhtml,https://www1.hkexnews.hk/search/titlesearch.xhtml,1620584591,14:23:11,20210509
5,2015-12-31,0205.HK,HKD,2015-12-31,2015-12-31,FY,286683000,138897000,147786000.0,0.5155031864463536,0.0,65430000.0,146025000.0,-1349000.0,0.0,346009000,595000.0,11628000.0,-47698000.0,-0.166378892365435,-59326000.0,-0.20693937205903384,0.0,-202309000.0,-0.7056888619136816,194000.0,-200113000.0,-0.6980288332408967,-2.116,-2.116,94596599,94596599,https://www1.hkexnews.hk/search/titlesearch.xhtml,https://www1.hkexnews.hk/search/titlesearch.xhtml,1620584591,14:23:11,20210509
6,2014-12-31,0205.HK,HKD,2014-12-31,2014-12-31,FY,443582000,213084000,230498000.0,0.5196288397635612,0.0,106288000.0,203256000.0,0.0,0.0,526904000,2464000.0,16102000.0,-67220000.0,-0.1515390615489357,-83322000.0,-0.18783900158257097,0.0,-118742000.0,-0.26768895040826723,4844000.0,-121246000.0,-0.27333390444156885,-1.39,-1.39,87206320,87206320,https://www1.hkexnews.hk/search/titlesearch.xhtml,https://www1.hkexnews.hk/search/titlesearch.xhtml,1620584591,14:23:11,20210509
7,2013-12-31,0205.HK,HKD,2013-12-31,2013-12-31,FY,492851000,205175000,287676000.0,0.5836977098555142,0.0,55581000.0,212148000.0,0.0,0.0,474443000,2256000.0,16580000.0,34988000.0,0.07099102974326926,18408000.0,0.03735003073951357,0.0,26987000.0,0.054756914361541315,10676000.0,17360000.0,0.03522362742492153,0.1995901090592088,0.19951009698075486,86978258,87013140,https://www1.hkexnews.hk/search/titlesearch.xhtml,https://www1.hkexnews.hk/search/titlesearch.xhtml,1620584591,14:23:11,20210509
8,2012-12-31,0205.HK,HKD,2012-12-31,2012-12-31,FY,516623000,197765000,318858000.0,0.6171966792032101,0.0,64036000.0,205570000.0,0.0,0.0,465430000,2321000.0,16816000.0,68009000.0,0.13164144840628467,51193000.0,0.09909160064495774,0.0,50361000.0,0.09748114195457809,19235000.0,32223000.0,0.062372368245316216,0.3704718942520095,0.37031200720163365,86978258,87015812,https://www1.hkexnews.hk/search/titlesearch.xhtml,https://www1.hkexnews.hk/search/titlesearch.xhtml,1620584591,14:23:11,20210509
9,2011-12-31,0205.HK,HKD,2011-12-31,2011-12-31,FY,482526000,161302000,321224000.0,0.6657133501614421,0.0,50619000.0,227618000.0,4057000.0,0.0,439539000,3072000.0,17927000.0,60914000.0,0.12623982956358828,42987000.0,0.08908742741323783,0.0,43972000.0,0.09112876819072963,10476000.0,34982000.0,0.07249764779514471,0.40219246515606233,0.4014847475678135,86978258,87131579,https://www1.hkexnews.hk/search/titlesearch.xhtml,https://www1.hkexnews.hk/search/titlesearch.xhtml,1620584591,14:23:11,20210509
10,2010-12-31,0205.HK,HKD,2010-12-31,2010-12-31,FY,352404000,120695000,231709000.0,0.657509562888049,0.0,35706000.0,171039000.0,0.0,0.0,318742000,7094000.0,17854000.0,51516000.0,0.1461844927980386,33662000.0,0.09552104970431664,0.0,15132000.0,0.04293935369632581,7972000.0,7201000.0,0.020433933780547326,0.082,0.066,86978258,96668903,https://www1.hkexnews.hk/search/titlesearch.xhtml,https://www1.hkexnews.hk/search/titlesearch.xhtml,1620584591,14:23:11,20210509
11,2009-12-31,0205.HK,HKD,2009-12-31,2009-12-31,FY,275300000,100809000,174491000.0,0.63382128586996,0.0,36270000.0,147073000.0,0.0,0.0,295465000,8158000.0,18554000.0,-1611000.0,-0.0058517980385034505,-20165000.0,-0.07324736650926263,0.0,-46080000.0,-0.1673810388666909,0.0,-46080000.0,-0.1673810388666909,-0.53,-0.53,86978258,86978258,https://www1.hkexnews.hk/search/titlesearch.xhtml,https://www1.hkexnews.hk/search/titlesearch.xhtml,1620584591,14:23:11,20210509
12,2008-12-31,0205.HK,HKD,2008-12-31,2008-12-31,FY,307176000,119195000,187981000.0,0.6119651274839181,0.0,26914000.0,179442000.0,0.0,0.0,301398000,12115000.0,14880000.0,20658000.0,0.06725134776154387,5778000.0,0.018810063286194233,0.0,-7055000.0,-0.022967289111128473,7299000.0,-14354000.0,-0.046728911112847354,-0.166,-0.166,86664865,86664865,https://www1.hkexnews.hk/search/titlesearch.xhtml,https://www1.hkexnews.hk/search/titlesearch.xhtml,1620584591,14:23:11,20210509
13,2007-12-31,0205.HK,HKD,2007-12-31,2007-12-31,FY,186491000,70511000,115980000.0,0.6219066871859769,0.0,22784000.0,71407000.0,0.0,0.0,164702000,0.0,1284000.0,23073000.0,0.12372178818280775,21789000.0,0.1168367374296883,0.0,15662000.0,0.08398260505868915,9521000.0,6141000.0,0.032929203017840004,0.08,0.078,76762500,78730769,https://www1.hkexnews.hk/search/titlesearch.xhtml,https://www1.hkexnews.hk/search/titlesearch.xhtml,1620584591,14:23:11,20210509
14,2006-12-31,0205.HK,HKD,2006-12-31,2006-12-31,FY,99098000,25813000,73285000.0,0.7395204746816283,0.0,27417000.0,43103000.0,0.0,0.0,96333000,0.0,687000.0,3452000.0,0.03483420452481382,2765000.0,0.027901673091283375,0.0,-20055000.0,-0.20237542634563765,6266000.0,-26321000.0,-0.2656057639912006,-0.374,-0.374,77542781,77542781,https://www1.hkexnews.hk/search/titlesearch.xhtml,https://www1.hkexnews.hk/search/titlesearch.xhtml,1620584591,14:23:11,20210509
15,2005-12-31,0205.HK,HKD,2005-12-31,2005-12-31,FY,101463000,23336000,78127000.0,0.7700048293466584,0.0,11044000.0,21577000.0,0.0,0.0,56129000,0.0,2426000.0,47760000.0,0.4707134620502055,45334000.0,0.4468032681864325,0.0,49790000.0,0.4907207553492406,10283000.0,39507000.0,0.38937346618964547,0.394,0.392,77576142,77971939,https://www1.hkexnews.hk/search/titlesearch.xhtml,https://www1.hkexnews.hk/search/titlesearch.xhtml,1620584591,14:23:11,20210509
16,2004-12-31,0205.HK,HKD,2004-12-31,2004-12-31,FY,76987000,13439000,63548000.0,0.8254380609713329,0.0,8418000.0,20416000.0,0.0,0.0,47807000,0.0,6786000.0,35966000.0,0.46716978191123176,29180000.0,0.37902503019990386,0.0,65974000.0,0.8569498746541624,8934000.0,53105000.0,0.6897917830283035,0.686,0.678,77412536,78325959,https://www1.hkexnews.hk/search/titlesearch.xhtml,https://www1.hkexnews.hk/search/titlesearch.xhtml,1620584591,14:23:11,20210509
17,2003-12-31,0205.HK,HKD,2003-12-31,2003-12-31,FY,112390000,43261000,69129000.0,0.6150814129370941,0.0,17002000.0,20643000.0,0.0,0.0,83437000,0.0,4491000.0,33444000.0,0.29757095827030877,28953000.0,0.2576118871785746,0.0,42761000.0,0.38046979268618203,5627000.0,28259000.0,0.2514369605836818,0.394,0.392,71723350,72089286,https://www1.hkexnews.hk/search/titlesearch.xhtml,https://www1.hkexnews.hk/search/titlesearch.xhtml,1620584591,14:23:11,20210509
18,2002-12-31,0205.HK,HKD,2002-12-31,2002-12-31,FY,77999592,48668848,29330744.0,0.3760371464507148,0.0,22112364.0,5419601.0,0.0,0.0,75638272,0.0,3503943.0,5865263.0,0.07519607282048348,2361320.0,0.030273491686982158,0.0,2999592.0,0.03845650884943091,798119.0,1317030.0,0.016885088322000454,0.026,0.026,50655000,50655000,https://www1.hkexnews.hk/search/titlesearch.xhtml,https://www1.hkexnews.hk/search/titlesearch.xhtml,1620584591,14:23:11,20210509
19,2001-12-31,0205.HK,HKD,2001-12-31,2001-12-31,FY,85413402,85077345,336057.0,0.003934476231259352,0.0,28697642.0,3665892.0,0.0,0.0,118613328,0.0,5354155.0,-27845771.0,-0.32601173057127497,-33199926.0,-0.38869691667356837,0.0,-73188952.0,-0.8568790176511175,-2703462.0,-70485490.0,-0.8252275210862108,-1.462,-1.462,48211689,48211689,https://www1.hkexnews.hk/search/titlesearch.xhtml,https://www1.hkexnews.hk/search/titlesearch.xhtml,1620584591,14:23:11,20210509
