,date,symbol,reportedCurrency,fillingDate,acceptedDate,period,revenue,costOfRevenue,grossProfit,grossProfitRatio,researchAndDevelopmentExpenses,generalAndAdministrativeExpenses,sellingAndMarketingExpenses,otherExpenses,operatingExpenses,costAndExpenses,interestExpense,depreciationAndAmortization,ebitda,ebitdaratio,operatingIncome,operatingIncomeRatio,totalOtherIncomeExpensesNet,incomeBeforeTax,incomeBeforeTaxRatio,incomeTaxExpense,netIncome,netIncomeRatio,eps,epsdiluted,weightedAverageShsOut,weightedAverageShsOutDil,link,finalLink,timestamp,est_time,est_date
0,2020-12-31,TDW,USD,2021-03-04,2021-03-04 17:26:56,FY,397038000.0,388894000.0,8144000.0,0.02051189054951919,0.0,71940000.0,0.0,0.0,73940000.0,462834000.0,24156000.0,73030000,7234000.0,0.01821991849646633,-65796000.0,-0.16571713538754476,-108937000.0,-197661000.0,-0.4978389977785502,-965000.0,-196242000.0,-0.49426503256615234,-4.86,-4.86,40405000.0,40405000.0,https://www.sec.gov/Archives/edgar/data/98222/000143774921005037/0001437749-21-005037-index.htm,https://www.sec.gov/Archives/edgar/data/98222/000143774921005037/tdw20201231_10k.htm,1620598677,18:17:57,20210509
1,2019-12-31,TDW,USD,2020-03-02 00:00:00,2020-03-02 16:59:16,FY,486549000.0,433927000.0,52622000.0,0.10815354671369173,0.0,91101000.0,0.0,0.0,91101000.0,525028000.0,29068000.0,77045000,38566000.0,0.07926437008399977,-38479000.0,-0.0790855597277972,-52546000.0,-113495000.0,-0.23326530318631833,27724000.0,-141743000.0,-0.29132317608298447,-3.71,-3.71,38204934.0,38204934.0,https://www.sec.gov/Archives/edgar/data/98222/000156459020008191/0001564590-20-008191-index.html,https://www.sec.gov/Archives/edgar/data/98222/000156459020008191/tdw-10k_20191231.htm,1620598677,18:17:57,20210509
2,2018-12-31,TDW,USD,2019-02-28 00:00:00,2019-02-28 17:30:52,FY,406520000.0,333403000.0,73117000.0,0.17986076945783724,0.0,99325000.0,3002000.0,0.0,102327000.0,435730000.0,30439000.0,51332000,22122000.0,0.05441798681491686,-29210000.0,-0.0718537833316934,-105164000.0,-153519000.0,-0.37764193643609173,18252000.0,-171517000.0,-0.4219152809209879,-6.45,-6.45,26589883.0,26589883.0,https://www.sec.gov/Archives/edgar/data/98222/000156459019005545/0001564590-19-005545-index.html,https://www.sec.gov/Archives/edgar/data/98222/000156459019005545/tdw-10k_20181231.htm,1620598677,18:17:57,20210509
3,2017-12-31,TDW,USD,2018-03-15,2018-03-15 14:41:05,FY,0.0,0.0,0.0,0.0,0.0,0.0,0.0,0.0,1179000000.0,0.0,0.0,67578000,0.0,0.0,0.0,0.0,0.0,0.0,0.0,0.0,0.0,0.0,0.0,0.0,18456186.0,18456186.0,https://www.sec.gov/Archives/edgar/data/98222/000156459018005788/tdw-10kt_20171231.htm,https://www.sec.gov/Archives/edgar/data/98222/000156459018005788/tdw-10kt_20171231.htm,1620598677,18:17:57,20210509
4,2017-03-31,TDW,USD,2017-06-13 00:00:00,2017-06-12 21:53:18,FY,601611000.0,539191000.0,62420000.0,0.10375475182468406,0.0,175844000.0,3801000.0,0.0,1179000000.0,718836000.0,75026000.0,167291000,50066000.0,0.08321988793422992,-117225000.0,-0.19485182285563263,-456556000.0,-643614000.0,-1.0698175399053542,6397000.0,-660118000.0,-1.0972505489427553,-35.766761,-35.766761,18456186.0,18456186.0,https://www.sec.gov/Archives/edgar/data/98222/000156459017012484/0001564590-17-012484-index.html,https://www.sec.gov/Archives/edgar/data/98222/000156459017012484/tdw-10k_20170331.htm,1620598677,18:17:57,20210509
5,2016-03-31,TDW,USD,2016-05-26 00:00:00,2016-05-26 15:25:09,FY,979062000.0,762253000.0,216809000.0,0.22144562857102001,0.0,181191000.0,6282000.0,0.0,187473000.0,949726000.0,53752000.0,182309000,211645000.0,0.2161711924270373,29336000.0,0.029963373106095426,-117844000.0,-139557000.0,-0.1425415346525552,20819000.0,-160183000.0,-0.1636086376552251,-8.679095,-8.679095,18456186.0,18456186.0,https://www.sec.gov/Archives/edgar/data/98222/000156459016019999/0001564590-16-019999-index.html,https://www.sec.gov/Archives/edgar/data/98222/000156459016019999/tdw-10k_20160331.htm,1620598677,18:17:57,20210509
6,2015-03-31,TDW,USD,2015-05-28 00:00:00,2015-05-28 16:32:55,FY,1495517000.0,1036077000.0,459440000.0,0.307211486061342,0.0,206302000.0,11839000.0,0.0,218141000.0,1254218000.0,50029000.0,175204000,416503000.0,0.2785010133619344,241299000.0,0.16134821603498992,-259623000.0,-66426000.0,-0.04441674685075462,-1077000.0,-65190000.0,-0.0435902768072847,-3.532149,-3.532149,18456186.0,18456186.0,https://www.sec.gov/Archives/edgar/data/98222/000119312515204166/0001193125-15-204166-index.html,https://www.sec.gov/Archives/edgar/data/98222/000119312515204166/d861989d10k.htm,1620598677,18:17:57,20210509
7,2014-03-31,TDW,USD,2014-05-21 00:00:00,2014-05-21 16:18:27,FY,1435103000.0,979115000.0,455988000.0,0.3177388661301663,0.0,198241000.0,11645000.0,0.0,209886000.0,1189001000.0,43814000.0,167480000,413582000.0,0.2881897675637219,246102000.0,0.1714873427203483,-31363000.0,173048000.0,0.12058228573140743,32793000.0,140255000.0,0.09773166107241082,7.599349,7.599349,18456186.0,18456186.0,https://www.sec.gov/Archives/edgar/data/98222/000119312514208163/0001193125-14-208163-index.html,https://www.sec.gov/Archives/edgar/data/98222/000119312514208163/d700909d10k.htm,1620598677,18:17:57,20210509
8,2013-03-31,TDW,USD,2013-05-21 00:00:00,2013-05-21 15:34:14,FY,1244165000.0,868933000.0,375232000.0,0.3015934381693746,0.0,165790000.0,9819000.0,0.0,175609000.0,1044542000.0,29745000.0,147299000,346922000.0,0.2788392214858962,199623000.0,0.1604473683152958,21809000.0,195163000.0,0.15686263477914908,44413000.0,150750000.0,0.12116560102558745,8.167993,8.167993,18456186.0,18456186.0,https://www.sec.gov/Archives/edgar/data/98222/000119312513229622/0001193125-13-229622-index.html,https://www.sec.gov/Archives/edgar/data/98222/000119312513229622/d499227d10k.htm,1620598677,18:17:57,20210509
9,2012-03-31,TDW,USD,2012-05-21,2012-05-21 16:11:31,FY,1067007000.0,765641000.0,301366000.0,0.282440508825153,0.0,165130000.0,9407000.0,0.0,174537000.0,940178000.0,22308000.0,138356000,265185000.0,0.24853164037349335,126829000.0,0.11886426237128717,3075000.0,111036000.0,0.10406304738394406,23625000.0,87411000.0,0.08192167436577268,4.736136,4.736136,18456186.0,18456186.0,https://www.sec.gov/Archives/edgar/data/98222/000119312512241756/d266388d10k.htm,https://www.sec.gov/Archives/edgar/data/98222/000119312512241756/d266388d10k.htm,1620598677,18:17:57,20210509
10,2011-03-31,TDW,USD,2011-05-19 00:00:00,2011-05-19 16:54:47,FY,1055388000.0,783826000.0,271562000.0,0.25731010775184104,0.0,136996000.0,8458000.0,0.0,145454000.0,929280000.0,10769000.0,140576000,266684000.0,0.25268811091276383,126108000.0,0.11948970426042366,27691000.0,148095000.0,0.14032280071405018,42479000.0,105616000.0,0.10007314845345977,5.722526,5.722526,18456186.0,18456186.0,https://www.sec.gov/Archives/edgar/data/98222/000119312511145426/0001193125-11-145426-index.html,https://www.sec.gov/Archives/edgar/data/98222/000119312511145426/d10k.htm,1620598677,18:17:57,20210509
11,2010-03-31,TDW,USD,2010-05-20 00:00:00,2010-05-20 16:08:40,FY,1168600000.0,632600000.0,536000000.0,0.45866849221290434,0.0,149900000.0,0.0,43700000.0,295699999.99999994,928299999.9999999,27400000.0,130200000,370500000.0,0.3170460379941811,240300000.0,0.20563066917679274,0.0,267700000.0,0.22907752866678077,8258000.0,259500000.0,0.22206058531576245,162.1875,162.1875,1600000.0,1600000.0,https://www.sec.gov/Archives/edgar/data/98222/000119312510125172/0001193125-10-125172-index.html,https://www.sec.gov/Archives/edgar/data/98222/000119312510125172/d10k.htm,1620598677,18:17:57,20210509
12,2009-03-31,TDW,USD,2009-05-14 00:00:00,2009-05-14 17:07:55,FY,1390800000.0,690200000.0,700700000.0,0.5038107563991947,0.0,136200000.0,0.0,0.0,235199999.99999994,925399999.9999999,26000000.0,126200000,591700000.0,0.42543859649122806,465500000.0,0.33469945355191255,0.0,491500000.0,0.3533937302272074,84600000.0,406900000.0,0.29256542996836354,254.3125,254.3125,1600000.0,1600000.0,https://www.sec.gov/Archives/edgar/data/98222/000119312509111537/0001193125-09-111537-index.html,https://www.sec.gov/Archives/edgar/data/98222/000119312509111537/d10k.htm,1620598677,18:17:57,20210509
13,2008-03-31,TDW,USD,2008-05-30 00:00:00,2008-05-30 13:07:25,FY,1270200000.0,632200000.0,638000000.0,0.502283105022831,0.0,126600000.0,0.0,0.0,235899999.99999997,868100000.0,23500000.0,120800000,522800000.0,0.41158872618485276,402000000.0,0.31648559282002836,0.0,425600000.0,0.33506534404030863,76806000.0,348800000.0,0.27460242481498975,205.17647,205.17647,1700000.0,1700000.0,https://www.sec.gov/Archives/edgar/data/98222/000119312508125425/0001193125-08-125425-index.html,https://www.sec.gov/Archives/edgar/data/98222/000119312508125425/d10k.htm,1620598677,18:17:57,20210509
14,2007-03-31,TDW,USD,2007-05-25 00:00:00,2007-05-25 13:00:22,FY,1125300000.0,521900000.0,603300000.0,0.5361237003465742,0.0,98700000.0,0.0,0.0,214899999.99999997,736800000.0,19600000.0,116200000,504600000.0,0.4484137563316449,388400000.0,0.3451524038034302,0.0,450800000.0,0.4006042833022305,94189000.0,356600000.0,0.31689327290500313,198.11111,198.11111,1800000.0,1800000.0,https://www.sec.gov/Archives/edgar/data/98222/000119312507123360/0001193125-07-123360-index.html,https://www.sec.gov/Archives/edgar/data/98222/000119312507123360/d10k.htm,1620598677,18:17:57,20210509
15,2006-03-31,TDW,USD,2006-05-30,2006-05-30 14:25:23,FY,877600000.0,455300000.0,422300000.0,0.48119872379216044,0.0,86500000.0,0.0,0.0,197099999.99999997,652400000.0,11900000.0,107500000,332700000.0,0.379102096627165,225200000.0,0.25660893345487695,0.0,323500000.0,0.3686189608021878,87756000.0,235800000.0,0.2686873290793072,131.0,131.0,1800000.0,1800000.0,https://www.sec.gov/Archives/edgar/data/98222/000119312506121048/d10k.htm,https://www.sec.gov/Archives/edgar/data/98222/000119312506121048/d10k.htm,1620598677,18:17:57,20210509
16,2005-03-31,TDW,USD,2005-06-14,2005-06-14 16:00:11,FY,692200000.0,431300000.0,260800000.0,0.3767697197341809,0.0,73400000.0,0.0,0.0,174800000.0,606100000.0,1800000.0,99600000,185700000.0,0.26827506501011267,86100000.0,0.12438601560242704,0.0,99800000.0,0.14417798324183762,-1544000.0,101300000.0,0.14634498699797746,56.27778,56.27778,1800000.0,1800000.0,https://www.sec.gov/Archives/edgar/data/98222/000119312505125175/d10k.htm,https://www.sec.gov/Archives/edgar/data/98222/000119312505125175/d10k.htm,1620598677,18:17:57,20210509
17,2004-03-31,TDW,USD,2004-04-21,2004-04-21 11:51:28,FY,652600000.0,416200000.0,236400000.0,0.36224333435488815,0.0,67500000.0,0.0,0.0,192500000.00000006,608700000.0000001,3500000.0,98500000,142400000.0,0.21820410665032178,43900000.0,0.06726938400245173,0.0,54500000.0,0.08351210542445602,12800000.0,41700000.0,0.06389825314128103,23.16667,23.16667,1800000.0,1800000.0,https://www.sec.gov/Archives/edgar/data/98222/000119312504066274/d10k.htm,https://www.sec.gov/Archives/edgar/data/98222/000119312504066274/d10k.htm,1620598677,18:17:57,20210509
18,2003-03-31,TDW,USD,2003-04-22,2003-04-22 11:16:17,FY,635800000.0,369800000.0,266000000.0,0.41837055677886126,0.0,65400000.0,0.0,0.0,148599999.99999997,518399999.99999994,4100000.0,83200000,200700000.0,0.3156653035545769,117500000.0,0.18480654293803084,0.0,127700000.0,0.20084932368669392,39100000.0,88600000.0,0.13935199748348537,49.22222,49.22222,1800000.0,1800000.0,https://www.sec.gov/Archives/edgar/data/98222/000119312503001391/d10k.htm,https://www.sec.gov/Archives/edgar/data/98222/000119312503001391/d10k.htm,1620598677,18:17:57,20210509
19,2002-03-31,TDW,USD,2002-04-25 00:00:00,2002-04-25 00:00:00,FY,729000000.0,392100000.0,336900000.0,0.46213991769547325,0.0,66900000.0,0.0,0.0,145000000.0,537100000.0,6400000.0,78100000,270000000.0,0.37037037037037035,191900000.0,0.2632373113854595,0.0,204800000.0,0.28093278463648835,68600000.0,136200000.0,0.1868312757201646,75.66667,75.66667,1800000.0,1800000.0,https://www.sec.gov/Archives/edgar/data/98222/000102140802005737/0001021408-02-005737-index.html,https://www.sec.gov/Archives/edgar/data/98222/000102140802005737/d10k.htm,1620598677,18:17:57,20210509
20,2001-03-31,TDW,USD,2001-03-31,2001-03-31,FY,616700000.0,389300000.0,227400000.0,0.36873682503648453,0.0,65500000.0,0.0,0.0,144999999.99999994,534299999.99999994,22300000.0,79500000,161900000.0,0.26252634992703094,82400000.0,0.13361439922166368,0.0,127400000.0,0.20658342792281498,41300000.0,86100000.0,0.13961407491486946,47.83333,47.83333,1800000.0,1800000.0,,,1620598677,18:17:57,20210509
21,2000-03-31,TDW,USD,2000-05-04 00:00:00,2000-05-04 00:00:00,FY,574800000.0,360000000.0,214800000.0,0.3736951983298539,0.0,65700000.0,0.0,0.0,148200000.0,508200000.0,19200000.0,82500000,149100000.0,0.2593945720250522,66600000.0,0.11586638830897704,0.0,105300000.0,0.18319415448851775,28700000.0,76600000.0,0.13326374391092555,42.55556,42.55556,1800000.0,1800000.0,https://www.sec.gov/Archives/edgar/data/98222/000089924300001081/0000899243-00-001081-index.html,https://www.sec.gov/Archives/edgar/data/98222/0000899243-00-001081.txt,1620598677,18:17:57,20210509
22,1999-03-31,TDW,USD,1999-03-31,1999-03-31,FY,969000000.0,537100000.0,431900000.0,0.4457172342621259,0.0,73500000.0,0.0,0.0,168199999.99999994,705299999.9999999,10100000.0,94800000,358500000.0,0.369969040247678,263700000.0,0.2721362229102167,0.0,276700000.0,0.28555211558307536,66000000.0,210700000.0,0.2174406604747162,117.05556,117.05556,1800000.0,1800000.0,,,1620598677,18:17:57,20210509
23,1998-03-31,TDW,USD,1998-03-31,1998-03-31,FY,1060200000.0,533100000.0,527100000.0,0.4971703452178834,0.0,72900000.0,0.0,0.0,164299999.99999994,697400000.0,-15900000.0,91400000,454100000.0,0.4283154121863799,362700000.0,0.34210526315789475,-6800000.0,356500000.0,0.3362573099415205,113400000.0,315500000.0,0.2975853612525938,166.05263,166.05263,1900000.0,1900000.0,,,1620598677,18:17:57,20210509
24,1997-03-31,TDW,USD,1997-03-31,1997-03-31,FY,803000000.0,449800000.0,353200000.0,0.4398505603985056,0.0,64900000.0,0.0,0.0,147099999.99999997,596900000.0,6800000.0,82300000,288400000.0,0.35915317559153176,206100000.0,0.25666251556662517,-2800000.0,216500000.0,0.2696139476961395,70500000.0,146000000.0,0.18181818181818182,73.0,73.0,2000000.0,2000000.0,,,1620598677,18:17:57,20210509
25,1996-03-31,TDW,USD,1996-03-31,1996-03-31,FY,643400000.0,387800000.0,255600000.0,0.3972645321728318,0.0,59300000.0,0.0,0.0,141800000.0,529600000.0,2400000.0,82400000,196200000.0,0.30494249300590615,113800000.0,0.17687286291576002,-12600000.0,110900000.0,0.17236555797326703,34700000.0,76200000.0,0.11843332297171277,38.1,38.1,2000000.0,2000000.0,,,1620598677,18:17:57,20210509
26,1995-03-31,TDW,USD,1995-03-31,1995-03-31,FY,538800000.0,331400000.0,207300000.0,0.38474387527839643,0.0,60300000.0,0.0,0.0,147000000.0,478400000.0,1900000.0,86600000,147000000.0,0.2728285077951002,60400000.0,0.11210096510764662,-8400000.0,67400000.0,0.1250927988121752,24800000.0,42600000.0,0.07906458797327394,25.05882,25.05882,1700000.0,1700000.0,,,1620598677,18:17:57,20210509
27,1994-03-31,TDW,USD,1994-05-06 00:00:00,1994-05-06 00:00:00,FY,522100000.0,319300000.0,202800000.0,0.3884313349932963,0.0,63100000.0,0.0,0.0,146700000.0,466000000.0,0.0,83700000,139800000.0,0.2677647960160889,56100000.0,0.10745067994637043,1600000.0,57700000.0,0.11051522696801379,21500000.0,24200000.0,0.04635127370235587,14.23529,14.23529,1700000.0,1700000.0,https://www.sec.gov/Archives/edgar/data/98222/000095013494000502/0000950134-94-000502-index.html,https://www.sec.gov/Archives/edgar/data/98222/0000950134-94-000502.txt,1620598677,18:17:57,20210509
