,date,symbol,reportedCurrency,fillingDate,acceptedDate,period,revenue,costOfRevenue,grossProfit,grossProfitRatio,researchAndDevelopmentExpenses,generalAndAdministrativeExpenses,sellingAndMarketingExpenses,otherExpenses,operatingExpenses,costAndExpenses,interestExpense,depreciationAndAmortization,ebitda,ebitdaratio,operatingIncome,operatingIncomeRatio,totalOtherIncomeExpensesNet,incomeBeforeTax,incomeBeforeTaxRatio,incomeTaxExpense,netIncome,netIncomeRatio,eps,epsdiluted,weightedAverageShsOut,weightedAverageShsOutDil,link,finalLink,timestamp,est_time,est_date
0,2020-08-31,WEY.L,GBP,2020-08-31,2020-08-31,FY,8364052.0,3322175.0,5041877.0,0.6028031628689061,0.0,4462831.0,0.0,0.0,4534984.0,7857159.0,8414.0,239069.0,745962.0,0.089186676505598,506893.0,0.06060375999575326,0.0,500385.0,0.059825668228748456,-367712.0,868097.0,0.1037890486572776,0.006637786702088504,0.006637786702088504,130781093,130781093,https://find-and-update.company-information.service.gov.uk/search/companies?q=Wey+Education+PLC,https://find-and-update.company-information.service.gov.uk/search/companies?q=Wey+Education+PLC,1620599789,18:36:29,20210509
1,2019-08-31,WEY.L,GBP,2019-08-31,2019-08-31,FY,6049370.0,2447538.0,3601832.0,0.5954061332006474,0.0,3445439.0,0.0,0.0,3548831.0,5996369.0,2063.0,192173.0,245174.0,0.040528848458599824,53001.0,0.008761408212756039,0.0,-380691.0,-0.06293068534409368,-7804.0,-685417.0,-0.1133038646999605,-0.005240948705024204,-0.0049888807273872635,130781093,137388933,https://find-and-update.company-information.service.gov.uk/search/companies?q=Wey+Education+PLC,https://find-and-update.company-information.service.gov.uk/search/companies?q=Wey+Education+PLC,1620599789,18:36:29,20210509
2,2018-08-31,WEY.L,GBP,2018-08-31,2018-08-31,FY,4191873.0,1950045.0,2241828.0,0.5348034160386061,0.0,2322872.0,0.0,0.0,2417924.0,4367969.0,0.0,225857.0,49761.0,0.01187082719347652,-176096.0,-0.04200890628127331,0.0,-229476.0,-0.054743070698945316,-33095.0,-196381.0,-0.04684803189409603,-0.0016,-0.0016,122738125,122738125,https://find-and-update.company-information.service.gov.uk/search/companies?q=Wey+Education+PLC,https://find-and-update.company-information.service.gov.uk/search/companies?q=Wey+Education+PLC,1620599789,18:36:29,20210509
3,2017-08-31,WEY.L,GBP,2017-08-31,2017-08-31,FY,2429055.0,1221009.0,1208046.0,0.49733167836874836,0.0,1206450.0,0.0,0.0,1347005.0,2568014.0,0.0,170823.0,31864.0,0.013117858591098184,-138959.0,-0.05720702083732151,0.0,17630.0,0.007257966575478942,0.0,17630.0,0.007257966575478942,0.0002,0.0002,88150000,88150000,https://find-and-update.company-information.service.gov.uk/search/companies?q=Wey+Education+PLC,https://find-and-update.company-information.service.gov.uk/search/companies?q=Wey+Education+PLC,1620599789,18:36:29,20210509
4,2016-08-31,WEY.L,GBP,2016-08-31,2016-08-31,FY,1515825.0,799909.0,715916.0,0.4722946250391701,0.0,1108973.0,0.0,0.0,1120462.0,1920371.0,4300.0,165042.0,-239504.0,-0.15800240792967526,-404546.0,-0.26688173107053914,0.0,-806637.0,-0.5321438820444313,0.0,-825757.0,-0.5447574753022282,-0.0101,-0.0101,81758119,81758119,https://find-and-update.company-information.service.gov.uk/search/companies?q=Wey+Education+PLC,https://find-and-update.company-information.service.gov.uk/search/companies?q=Wey+Education+PLC,1620599789,18:36:29,20210509
5,2015-08-31,WEY.L,GBP,2015-08-31,2015-08-31,FY,516327.0,299479.0,216848.0,0.4199819106883816,0.0,457685.0,0.0,0.0,509424.0,808903.0,11810.0,88759.0,-203817.0,-0.39474402849357093,-292576.0,-0.5666486548253336,0.0,-360346.0,-0.6979026857011158,0.0,-355711.0,-0.6889258163915503,-0.00376,-0.00376,93971082,93971082,https://find-and-update.company-information.service.gov.uk/search/companies?q=Wey+Education+PLC,https://find-and-update.company-information.service.gov.uk/search/companies?q=Wey+Education+PLC,1620599789,18:36:29,20210509
6,2014-12-31,WEY.L,GBP,2014-12-31,2014-12-31,FY,55260.0,2350.0,52910.0,0.9574737604053565,0.0,350256.0,0.0,0.0,350256.0,352606.0,15562.0,1519.0,-295827.0,-5.353365906623235,-297346.0,-5.380854144046326,0.0,-312908.0,-5.662468331523706,205.0,-313113.0,-5.666178067318133,-0.0226,-0.0226,13854558,13854558,https://find-and-update.company-information.service.gov.uk/search/companies?q=Wey+Education+PLC,https://find-and-update.company-information.service.gov.uk/search/companies?q=Wey+Education+PLC,1620599789,18:36:29,20210509
7,2013-12-31,WEY.L,GBP,2013-12-31,2013-12-31,FY,130082.0,0.0,130082.0,1.0,0.0,291922.0,0.0,0.0,291922.0,291922.0,6947.0,3624.0,-158216.0,-1.2162789625005765,-161840.0,-1.2441383127565688,0.0,-168787.0,-1.297543088205901,0.0,-168787.0,-1.297543088205901,-0.0122,-0.0122,13835000,13835000,https://find-and-update.company-information.service.gov.uk/search/companies?q=Wey+Education+PLC,https://find-and-update.company-information.service.gov.uk/search/companies?q=Wey+Education+PLC,1620599789,18:36:29,20210509
8,2012-12-31,WEY.L,GBP,2012-12-31,2012-12-31,FY,240153.0,0.0,240153.0,1.0,0.0,619439.0,0.0,0.0,619439.0,619439.0,0.0,3685.0,-375601.0,-1.5640071121326822,-379286.0,-1.5793514967541527,0.0,-455686.0,-1.8974820218777195,0.0,-455686.0,-1.8974820218777195,-0.0329,-0.0329,13850638,13850638,https://find-and-update.company-information.service.gov.uk/search/companies?q=Wey+Education+PLC,https://find-and-update.company-information.service.gov.uk/search/companies?q=Wey+Education+PLC,1620599789,18:36:29,20210509
