,date,symbol,reportedCurrency,fillingDate,acceptedDate,period,revenue,costOfRevenue,grossProfit,grossProfitRatio,researchAndDevelopmentExpenses,generalAndAdministrativeExpenses,sellingAndMarketingExpenses,otherExpenses,operatingExpenses,costAndExpenses,interestExpense,depreciationAndAmortization,ebitda,ebitdaratio,operatingIncome,operatingIncomeRatio,totalOtherIncomeExpensesNet,incomeBeforeTax,incomeBeforeTaxRatio,incomeTaxExpense,netIncome,netIncomeRatio,eps,epsdiluted,weightedAverageShsOut,weightedAverageShsOutDil,link,finalLink,timestamp,est_time,est_date
0,2019-12-31,GPOR,USD,2020-02-27,2020-02-27 17:14:25,FY,1346008000.0,953402000.0,392606000.0,0.2916817730652418,0.0,47979000.0,0.0,-3725000.0,51918000.0,1005320000,135458000.0,0.0,671396000.0,0.4988053562831722,340688000.0,0.25310993693945355,-2209624000.0,-2009921000.0,-1.4932459539616407,-7563000.0,-2002358000.0,-1.4876271166293216,-12.49,-12.49,160341125.0,160341125.0,https://www.sec.gov/Archives/edgar/data/874499/000162828020002453/0001628280-20-002453-index.htm,https://www.sec.gov/Archives/edgar/data/874499/000162828020002453/gpor-12312019x10k.htm,1620592738,16:38:58,20210509
1,2018-12-31,GPOR,USD,2019-02-28,2019-02-28 14:49:21,FY,1355044000.0,901972000.0,453072000.0,0.3343596222705683,0.0,56402000.0,0.0,-698000.0,60521000.0,962493000,129152000.0,0.0,922614000.0,0.6808738314032607,392551000.0,0.2896961279486127,172899000.0,430491000.0,0.3176952187530442,-69000.0,430560000.0,0.3177461396087507,2.46,2.45,174675840.0,175398706.0,https://www.sec.gov/Archives/edgar/data/874499/000162828019002242/0001628280-19-002242-index.htm,https://www.sec.gov/Archives/edgar/data/874499/000162828019002242/gpor-12312018x10k.htm,1620592738,16:38:58,20210509
2,2017-12-31,GPOR,USD,2018-02-22,2018-02-22 15:25:03,FY,1320303000.0,714996000.0,605307000.0,0.45846067152767206,0.0,52938000.0,0.0,1041000.0,54549000.0,769545000,103187000.0,0.0,907169000.0,0.6870915236881231,550758000.0,0.4171451553166205,-6608000.0,436961000.0,0.3309550913691781,1809000.0,435152000.0,0.329584951333141,2.42,2.41,179834146.0,180253024.0,https://www.sec.gov/Archives/edgar/data/874499/000162828018002041/0001628280-18-002041-index.htm,https://www.sec.gov/Archives/edgar/data/874499/000162828018002041/gpor-12312017x10k.htm,1620592738,16:38:58,20210509
3,2016-12-31,GPOR,USD,2017-02-15,2017-02-14 18:36:38,FY,385910000.0,494099000.0,-108189000.0,-0.28034774947526625,0.0,37691000.0,0.0,-129000.0,38748000.0,532847000,59870000.0,0.0,62493000.0,0.1619367209971237,-146937000.0,-0.38075458008343915,-773385000.0,-982622000.0,-2.546246534165997,-2913000.0,-979709000.0,-2.5386981420538466,-7.97,-7.97,122952866.0,122952866.0,https://www.sec.gov/Archives/edgar/data/874499/000162828017001359/0001628280-17-001359-index.htm,https://www.sec.gov/Archives/edgar/data/874499/000162828017001359/gpor-12312016x10k.htm,1620592738,16:38:58,20210509
4,2015-12-31,GPOR,USD,2016-02-19,2016-02-19 13:16:31,FY,708990000.0,560499000.0,148491000.0,0.20944018956543817,0.0,31952000.0,0.0,0.0,32287000.0,592786000,48002000.0,0.0,345229000.0,0.48693070424124457,116204000.0,0.1639007602363926,-1546511000.0,-1480885000.0,-2.0887248057095307,-256001000.0,-1224884000.0,-1.727646370188578,-12.27,-12.27,99792401.0,99792401.0,https://www.sec.gov/Archives/edgar/data/874499/000162828016011417/0001628280-16-011417-index.htm,https://www.sec.gov/Archives/edgar/data/874499/000162828016011417/gpor-12312015x10k.htm,1620592738,16:38:58,20210509
5,2014-12-31,GPOR,USD,2015-02-27,2015-02-27 16:20:18,FY,670762000.0,406095000.0,264667000.0,0.3945766158488406,0.0,38290000.0,0.0,0.0,38547000.0,444642000,22301000.0,0.0,629495000.0,0.9384774331282929,226120000.0,0.3371091385618148,198415000.0,400744000.0,0.5974458898983545,153341000.0,247403000.0,0.3688387237201869,2.9,2.88,85445963.0,85813182.0,https://www.sec.gov/Archives/edgar/data/874499/000162828015001182/0001628280-15-001182-index.htm,https://www.sec.gov/Archives/edgar/data/874499/000162828015001182/gpor-12312014x10k.htm,1620592738,16:38:58,20210509
6,2013-12-31,GPOR,USD,2014-02-28,2014-02-28 16:19:04,FY,262225000.0,183546000.0,78679000.0,0.30004385546763274,0.0,22519000.0,0.0,0.0,22708000.0,206254000,16467000.0,0.0,387183000.0,1.4765296977786253,55971000.0,0.2134464677280961,212550000.0,251328000.0,0.9584440842787683,98136000.0,153192000.0,0.5842005910954333,1.98,1.97,77375683.0,77861646.0,https://www.sec.gov/Archives/edgar/data/874499/000144530514000751/0001445305-14-000751-index.htm,https://www.sec.gov/Archives/edgar/data/874499/000144530514000751/gpor-12312013x10k.htm,1620592738,16:38:58,20210509
7,2012-12-31,GPOR,USD,2013-03-01,2013-02-28 18:44:44,FY,248601000.0,144457000.0,104144000.0,0.4189202778749884,0.0,13808000.0,0.0,0.0,14181000.0,158638000,5618000.0,0.0,188409000.0,0.7578770801404661,89963000.0,0.3618770640504262,14479000.0,98199000.0,0.39500645612849505,26363000.0,68371000.0,0.27502302886955404,1.22,1.21,55933354.0,56417488.0,https://www.sec.gov/Archives/edgar/data/874499/000144530513000396/0001445305-13-000396-index.htm,https://www.sec.gov/Archives/edgar/data/874499/000144530513000396/gpor-12312012x10k.htm,1620592738,16:38:58,20210509
8,2011-12-31,GPOR,USD,2012-02-27,2012-02-27 17:11:48,FY,229254000.0,47230000.0,182024000.0,0.7939839653833739,0.0,8074000.0,0.0,0.0,71060000.0,118290000,1400000.0,0.0,172052000.0,0.7504863601071301,110964000.0,0.4840220890366144,-1418000.0,108332000.0,0.4725413733239115,-90000.0,108422000.0,0.47293395098885954,2.22,2.2,48754840.0,49206963.0,https://www.sec.gov/Archives/edgar/data/874499/000119312512081951/0001193125-12-081951-index.htm,https://www.sec.gov/Archives/edgar/data/874499/000119312512081951/d268850d10k.htm,1620592738,16:38:58,20210509
9,2010-12-31,GPOR,USD,2011-03-14,2011-03-14 16:49:46,FY,126944000.0,31580000.0,95364000.0,0.7512288883287118,0.0,6063000.0,0.0,0.0,45587000.0,77167000,2761000.0,0.0,89071000.0,0.7016558482480464,49777000.0,0.39211778421981347,0.0,47403000.0,0.3734166246533905,40000.0,47363000.0,0.3731015250819259,1.08,1.07,43863190.0,44256092.0,https://www.sec.gov/Archives/edgar/data/874499/000119312511065894/0001193125-11-065894-index.htm,https://www.sec.gov/Archives/edgar/data/874499/000119312511065894/d10k.htm,1620592738,16:38:58,20210509
10,2009-12-31,GPOR,USD,2010-03-12,2010-03-12 14:12:40,FY,85262000.0,26113000.0,59149000.0,0.6937322605615632,0.0,4992000.0,0.0,0.0,34799000.0,60912000,2309000.0,0.0,54139000.0,0.6349722033262181,24350000.0,0.28559029813985126,1050000.0,23655000.0,0.2774389528746687,28000.0,23627000.0,0.2771105533531937,0.553745945897425,0.5492396980885612,42667581.0,43017648.0,https://www.sec.gov/Archives/edgar/data/874499/000119312510055121/0001193125-10-055121-index.htm,https://www.sec.gov/Archives/edgar/data/874499/000119312510055121/d10k.htm,1620592738,16:38:58,20210509
11,2008-12-31,GPOR,USD,2009-03-16,2009-03-16 14:20:33,FY,141217000.0,22856000.0,118361000.0,0.8381497978288733,0.0,6843000.0,0.0,0.0,338410000.0,361266000,4762000.0,42472000.0,-177577000.0,-1.2574760829078653,-220049000.0,-1.558233073921695,-233513000.0,-184502000.0,-1.3065140882471658,0.0,-184502000.0,-1.3065140882471658,-4.33,-4.33,42599611.0,42599611.0,https://www.sec.gov/Archives/edgar/data/874499/000119312509055183/0001193125-09-055183-index.htm,https://www.sec.gov/Archives/edgar/data/874499/000119312509055183/d10k.htm,1620592738,16:38:58,20210509
12,2007-12-31,GPOR,USD,2008-03-17,2008-03-17 13:59:04,FY,106163000.0,16670000.0,89493000.0,0.8429773084784717,0.0,5802000.0,0.0,0.0,49029000.0,65699000,3091000.0,29681000.0,70145000.0,0.6607292559554647,40464000.0,0.38114974143534,-879000.0,37896000.0,0.3569605229693961,121000.0,37775000.0,0.3558207661803076,1.03,1.01,36674757.0,37400990.0,https://www.sec.gov/Archives/edgar/data/874499/000119312508058618/0001193125-08-058618-index.htm,https://www.sec.gov/Archives/edgar/data/874499/000119312508058618/d10k.htm,1620592738,16:38:58,20210509
13,2006-12-31,GPOR,USD,2007-04-02,2007-03-30 17:36:14,FY,60390000.0,10670000.0,49720000.0,0.8233151183970856,0.0,3251000.0,0.0,0.0,23865000.0,34535000,1956000.0,12652000.0,38507000.0,0.637638681900977,25855000.0,0.428133796986256,3163000.0,27808000.0,0.4604735883424408,0.0,27808000.0,0.4604735883424408,0.85,0.82,32715294.0,33912195.0,https://www.sec.gov/Archives/edgar/data/874499/000119312507070816/0001193125-07-070816-index.htm,https://www.sec.gov/Archives/edgar/data/874499/000119312507070816/d10ksb.htm,1620592738,16:38:58,20210509
14,2005-12-31,GPOR,USD,2006-03-31,2006-03-31 16:09:15,FY,27559000.0,7654000.0,19905000.0,0.7222685873943177,0.0,2077000.0,0.0,0.0,10488000.0,18142000,522000.0,4789000.0,14206000.0,0.5154758880946333,9417000.0,0.34170325483508107,1846000.0,10895000.0,0.3953336478101528,0.0,10895000.0,0.3953336478101528,0.36,0.34,30263889.0,32044118.0,https://www.sec.gov/Archives/edgar/data/874499/000119312506070643/0001193125-06-070643-index.htm,https://www.sec.gov/Archives/edgar/data/874499/000119312506070643/d10ksb.htm,1620592738,16:38:58,20210509
15,2004-12-31,GPOR,USD,2005-09-08,2005-09-08 15:31:53,FY,23190000.0,6586000.0,16604000.0,0.7159982751185856,0.0,2597000.0,0.0,0.0,10178000.0,16764000,2195000.0,4952000.0,11378000.0,0.490642518326865,6426000.0,0.27710219922380336,119000.0,4304000.0,0.18559724018973695,0.0,4304000.0,0.18559724018973695,0.31,0.28,13725926.0,15371429.0,https://www.sec.gov/Archives/edgar/data/874499/000114036105007239/0001140361-05-007239-index.htm,https://www.sec.gov/Archives/edgar/data/874499/000114036105007239/mainbody.htm,1620592738,16:38:58,20210509
16,2003-12-31,GPOR,USD,2003-12-31,2003-12-31,FY,15947000.0,5886000.0,10061000.0,0.6309023640810184,0.0,1843000.0,0.0,0.0,8362000.0,14248000,987000.0,4637000.0,6336000.0,0.3973161096130934,1699000.0,0.1065404151251019,-255000.0,349000.0,0.021884994042766663,0.0,619000.0,0.038816078259233715,-0.0153,-0.0153,14314179.0,14314179.0,,,1620592738,16:38:58,20210509
17,2002-12-31,GPOR,USD,2002-12-31,2002-12-31,FY,12134000.0,5163000.0,6971000.0,0.5745014010219218,0.0,1873000.0,0.0,0.0,6570000.0,11733000,181000.0,3386000.0,3787000.0,0.31209823636063955,401000.0,0.03304763474534366,465000.0,441000.0,0.03634415691445525,0.0,441000.0,0.03634415691445525,-0.045899,-0.045899,13616990.0,13616990.0,,,1620592738,16:38:58,20210509
18,2001-12-31,GPOR,USD,2001-12-31,2001-12-31,FY,15458000.0,6517000.0,8941000.0,0.578406003363954,0.0,1634000.0,0.0,0.0,5197000.0,11714000,381000.0,3778000.0,7522000.0,0.4866088756630871,3744000.0,0.24220468365894682,2136000.0,5417000.0,0.35043343252684694,0.0,5417000.0,0.35043343252684694,0.405437,0.397787,13360887.0,13617828.0,,,1620592738,16:38:58,20210509
19,2000-12-31,GPOR,USD,2000-12-31,2000-12-31,FY,16118000.0,6732000.0,9386000.0,0.5823303139347313,0.0,1552000.0,0.0,0.0,4903000.0,11635000,596000.0,3351000.0,7834000.0,0.48604045166894155,4483000.0,0.27813624519171115,572000.0,0.0,0.0,0.0,4459000.0,0.2766472267030649,0.336589,0.32894,13247598.0,13555681.0,,,1620592738,16:38:58,20210509
20,1999-12-31,GPOR,USD,1999-12-31,1999-12-31,FY,10000000.0,4500000.0,5500000.0,0.55,0.0,1800000.0,0.0,0.0,5500000.0,10000000,0.0,3700000.0,2200000.0,0.22,0.0,0.0,1500000.0,0.0,0.0,0.0,600000.0,0.06,0.099447,0.099447,6693356.0,6693356.0,,,1620592738,16:38:58,20210509
21,1998-12-31,GPOR,USD,1999-03-31 00:00:00,1999-03-31 00:00:00,FY,8844000.0,0.0,0.0,0.0,0.0,2849000.0,0.0,0.0,66415000.0,66415000,0.0,4325000.0,-53246000.0,-6.020578923563998,-57571000.0,-6.509611035730439,0.0,-59105000.0,-6.683061962912709,0.0,-59105000.0,-6.683061962912709,-2767.299735,-2767.299735,21359.0,21359.0,https://www.sec.gov/Archives/edgar/data/874499/000106083099000051/0001060830-99-000051-index.html,https://www.sec.gov/Archives/edgar/data/874499/0001060830-99-000051.txt,1620592738,16:38:58,20210509
22,1997-12-31,GPOR,USD,1997-12-31,1997-12-31,FY,20756000.0,0.0,0.0,0.0,0.0,3642000.0,0.0,0.0,14709000.0,14709000,0.0,7856000.0,13903000.0,0.6698304104837155,6047000.0,0.2913374445943342,-7771000.0,-11328000.0,-0.5457698978608595,0.0,77395000.0,3.728801310464444,131.476361,131.476361,577176.0,577176.0,,,1620592738,16:38:58,20210509
