,date,symbol,reportedCurrency,fillingDate,acceptedDate,period,revenue,costOfRevenue,grossProfit,grossProfitRatio,researchAndDevelopmentExpenses,generalAndAdministrativeExpenses,sellingAndMarketingExpenses,otherExpenses,operatingExpenses,costAndExpenses,interestExpense,depreciationAndAmortization,ebitda,ebitdaratio,operatingIncome,operatingIncomeRatio,totalOtherIncomeExpensesNet,incomeBeforeTax,incomeBeforeTaxRatio,incomeTaxExpense,netIncome,netIncomeRatio,eps,epsdiluted,weightedAverageShsOut,weightedAverageShsOutDil,link,finalLink,timestamp,est_time,est_date
0,2020-12-31,8159.HK,HKD,2020-12-31,2020-12-31,FY,292748000,246095000,46653000,0.1593623184445325,0.0,47796000,7280000.0,5277000.0,0.0,301171000,0.0,7356000.0,-1067000.0,-0.0036447729788077116,-8423000.0,-0.028772186317242134,0.0,-2321000.0,-0.007928320603385847,2801000.0,-4576000.0,-0.015631191331793897,-0.0067,-0.0067,678255000,678255000,https://www1.hkexnews.hk/search/titlesearch.xhtml,https://www1.hkexnews.hk/search/titlesearch.xhtml,1620585823,14:43:43,20210509
1,2019-12-31,8159.HK,HKD,2019-12-31,2019-12-31,FY,347973000,288541000,59432000,0.17079486052078754,0.0,37853000,8941000.0,2003000.0,46794000.0,335335000,0.0,7036000.0,19674000.0,0.05653886939503927,12638000.0,0.036318909800473025,0.0,15546000.0,0.044675880025174364,3676000.0,12255000.0,0.035218249691786434,0.0191,0.0191,640000000,640000000,https://www1.hkexnews.hk/search/titlesearch.xhtml,https://www1.hkexnews.hk/search/titlesearch.xhtml,1620585823,14:43:43,20210509
2,2018-12-31,8159.HK,HKD,2018-12-31,2018-12-31,FY,388770000,322309000,66461000,0.170951976747177,0.0,32460000,12011000.0,2846000.0,44471000.0,366780000,0.0,7828000.0,29818000.0,0.07669830491035831,21990000.0,0.05656300640481519,0.0,28095000.0,0.07226637857859403,3661000.0,24456000.0,0.06290608843274945,0.0382,0.0382,640000000,640000000,https://www1.hkexnews.hk/search/titlesearch.xhtml,https://www1.hkexnews.hk/search/titlesearch.xhtml,1620585823,14:43:43,20210509
3,2017-12-31,8159.HK,HKD,2017-12-31,2017-12-31,FY,377118000,323588000,53530000,0.14194496152397923,0.0,29042000,12019000.0,11000.0,36713000.0,360301000,0.0,6939000.0,23756000.0,0.06299354578672989,16817000.0,0.04459346941806013,0.0,19682000.0,0.0521905610445537,2919000.0,17004000.0,0.04508933543347175,0.0266,0.0266,640000000,640000000,https://www1.hkexnews.hk/search/titlesearch.xhtml,https://www1.hkexnews.hk/search/titlesearch.xhtml,1620585823,14:43:43,20210509
4,2016-12-31,8159.HK,HKD,2016-12-31,2016-12-31,FY,324670000,278231000,46439000,0.14303446576523854,0.0,34203000,11334000.0,12000.0,41636000.0,319867000,0.0,6608000.0,11411000.0,0.03514645640188499,4803000.0,0.014793482613114856,0.0,5095000.0,0.01569285736286075,2615000.0,2953000.0,0.009095389164382297,0.0046,0.0046,640000000,640000000,https://www1.hkexnews.hk/search/titlesearch.xhtml,https://www1.hkexnews.hk/search/titlesearch.xhtml,1620585823,14:43:43,20210509
5,2015-12-31,8159.HK,HKD,2015-12-31,2015-12-31,FY,296497000,270306000,26191000,0.08833478922215064,0.0,24834000,10587000.0,-8267000.0,32773000.0,303079000,0.0,7197000.0,615000.0,0.002074219975244269,-6582000.0,-0.02219921280822403,0.0,-15339000.0,-0.051734081626458275,2124000.0,-17688000.0,-0.059656590117269315,-0.0276,-0.0276,640000000,640000000,https://www1.hkexnews.hk/search/titlesearch.xhtml,https://www1.hkexnews.hk/search/titlesearch.xhtml,1620585823,14:43:43,20210509
6,2014-12-31,8159.HK,HKD,2014-12-31,2014-12-31,FY,301914000,266795000,35119000,0.11632120405148486,0.0,25334000,10335000.0,0.0,33311000.0,300106000,0.0,6892000.0,8700000.0,0.0288161529442159,1808000.0,0.005988460290016363,0.0,3036000.0,0.010055843717084997,1808000.0,1395000.0,0.004620521075538067,0.0022,0.0022,640000000,640000000,https://www1.hkexnews.hk/search/titlesearch.xhtml,https://www1.hkexnews.hk/search/titlesearch.xhtml,1620585823,14:43:43,20210509
7,2013-12-31,8159.HK,HKD,2013-12-31,2013-12-31,FY,280308000,242884000,37424000,0.13351028154744068,0.0,23143000,9937000.0,0.0,31032000.0,273916000,0.0,6553000.0,12945000.0,0.04618134337942549,6392000.0,0.022803487592219986,0.0,5373000.0,0.01916820069352284,1818000.0,3460000.0,0.012343564935713572,0.0054,0.0054,640000000,640000000,https://www1.hkexnews.hk/search/titlesearch.xhtml,https://www1.hkexnews.hk/search/titlesearch.xhtml,1620585823,14:43:43,20210509
8,2012-12-31,8159.HK,HKD,2012-12-31,2012-12-31,FY,291376000,254418000,36958000,0.12683954752622043,0.0,26502000,10845000.0,0.0,33993000.0,288411000,0.0,9416000.0,12381000.0,0.04249148866069958,2965000.0,0.010175855252320027,0.0,6915000.0,0.023732222283235408,1648000.0,4901000.0,0.016820191093295262,0.0077,0.0077,640000000,640000000,https://www1.hkexnews.hk/search/titlesearch.xhtml,https://www1.hkexnews.hk/search/titlesearch.xhtml,1620585823,14:43:43,20210509
9,2011-12-31,8159.HK,HKD,2011-12-31,2011-12-31,FY,370848000,344830000,26018000,0.07015812408318232,0.0,27488000,11666000.0,-2848000.0,36561000.0,381391000,0.0,12262000.0,1719000.0,0.004635322288376909,-10543000.0,-0.02842943739753214,0.0,-11741000.0,-0.03165987142980412,1441000.0,-13288000.0,-0.03583139183708689,-0.0208,-0.0208,640000000,640000000,https://www1.hkexnews.hk/search/titlesearch.xhtml,https://www1.hkexnews.hk/search/titlesearch.xhtml,1620585823,14:43:43,20210509
10,2010-12-31,8159.HK,HKD,2010-12-31,2010-12-31,FY,391734000,348544000,43190000,0.11025338622636789,0.0,25681000,11963000.0,0.0,34021000.0,382565000,0.0,12061000.0,21230000.0,0.05419493840207896,9169000.0,0.023406188893483844,0.0,9969000.0,0.025448391000015315,1703000.0,7953000.0,0.020302041691556003,0.0124,0.0124,640000000,640000000,https://www1.hkexnews.hk/search/titlesearch.xhtml,https://www1.hkexnews.hk/search/titlesearch.xhtml,1620585823,14:43:43,20210509
11,2009-12-31,8159.HK,HKD,2009-12-31,2009-12-31,FY,370446000,311353000,59093000,0.1595185263169261,0.0,26661000,9717000.0,0.0,33330000.0,344683000,7000.0,11367000.0,37130000.0,0.10023053292517668,25763000.0,0.06954589872747985,0.0,26536000.0,0.07163257262866922,1891000.0,24855000.0,0.06709479924199478,0.03885,0.03885,640000000,640000000,https://www1.hkexnews.hk/search/titlesearch.xhtml,https://www1.hkexnews.hk/search/titlesearch.xhtml,1620585823,14:43:43,20210509
12,2008-12-31,8159.HK,HKD,2008-12-31,2008-12-31,FY,498734000,452551000,46183000,0.09260046437579952,0.0,29441000,9697000.0,0.0,36023000.0,488574000,4000.0,11699000.0,21859000.0,0.04382897496461039,10160000.0,0.0203715808426937,0.0,9736000.0,0.019521428256345067,1670000.0,8066000.0,0.01617294990917002,0.0126,0.0126,640000000,640000000,https://www1.hkexnews.hk/search/titlesearch.xhtml,https://www1.hkexnews.hk/search/titlesearch.xhtml,1620585823,14:43:43,20210509
13,2007-12-31,8159.HK,HKD,2007-12-31,2007-12-31,FY,523541000,466745000,56796000,0.10848434029044525,0.0,27954000,10783000.0,0.0,38737000.0,505482000,0.0,8826000.0,26885000.0,0.051352234113469626,18059000.0,0.034493955583230346,0.0,23571000.0,0.04502226186678789,3089000.0,20482000.0,0.039122055388212194,0.032,0.032,640062500,640062500,https://www1.hkexnews.hk/search/titlesearch.xhtml,https://www1.hkexnews.hk/search/titlesearch.xhtml,1620585823,14:43:43,20210509
14,2006-12-31,8159.HK,HKD,2006-12-31,2006-12-31,FY,381551000,328330000,53221000,0.13948594028059158,0.0,25417000,10036000.0,0.0,35453000.0,363783000,0.0,5888000.0,23656000.0,0.06199957541717883,17768000.0,0.046567824484800194,0.0,24507000.0,0.06422994566912418,2960000.0,21547000.0,0.05647213609714036,0.015,0.015,640000000,640000000,https://www1.hkexnews.hk/search/titlesearch.xhtml,https://www1.hkexnews.hk/search/titlesearch.xhtml,1620585823,14:43:43,20210509
15,2005-12-31,8159.HK,HKD,2005-12-31,2005-12-31,FY,277081000,223787000,53294000,0.19234086783287196,0.0,25742000,9360000.0,0.0,35102000.0,258889000,0.0,4701000.0,22893000.0,0.08262204914808305,18192000.0,0.06565589123758035,0.0,23786000.0,0.08584493343101837,2495000.0,21291000.0,0.07684034632472093,0.033267,0.033267,640000000,640000000,https://www1.hkexnews.hk/search/titlesearch.xhtml,https://www1.hkexnews.hk/search/titlesearch.xhtml,1620585823,14:43:43,20210509
16,2004-12-31,8159.HK,HKD,2004-12-31,2004-12-31,FY,260475000,214490000,45985000,0.17654285440061426,0.0,22755000,8104000.0,0.0,30859000.0,245349000,0.0,4425000.0,19551000.0,0.07505902677800173,15126000.0,0.05807083213360207,0.0,18568000.0,0.07128515212592379,1905000.0,16663000.0,0.06397159036375852,0.02605,0.02605,639654511,639654511,https://www1.hkexnews.hk/search/titlesearch.xhtml,https://www1.hkexnews.hk/search/titlesearch.xhtml,1620585823,14:43:43,20210509
17,2003-12-31,8159.HK,HKD,2003-12-31,2003-12-31,FY,183641000,141101000,42540000,0.2316476168175952,0.0,20947000,6393000.0,0.0,27340000.0,168441000,0.0,3384000.0,18584000.0,0.1011974450150021,15200000.0,0.08277018748536547,0.0,22713000.0,0.12368153081283591,1477000.0,21236000.0,0.11563866456836981,0.0332,0.0332,639638554,639638554,https://www1.hkexnews.hk/search/titlesearch.xhtml,https://www1.hkexnews.hk/search/titlesearch.xhtml,1620585823,14:43:43,20210509
18,2002-12-31,8159.HK,HKD,2002-12-31,2002-12-31,FY,145917000,108028000,37889000,0.2596613143088194,0.0,21737000,4260000.0,0.0,25997000.0,134025000,0.0,3028000.0,14920000.0,0.10224990919495329,11892000.0,0.08149838606879253,0.0,14424000.0,0.09885071650321758,954000.0,13470000.0,0.09231275314048397,0.02105,0.02105,639904988,639904988,https://www1.hkexnews.hk/search/titlesearch.xhtml,https://www1.hkexnews.hk/search/titlesearch.xhtml,1620585823,14:43:43,20210509
