,date,symbol,reportedCurrency,fillingDate,acceptedDate,period,revenue,costOfRevenue,grossProfit,grossProfitRatio,researchAndDevelopmentExpenses,generalAndAdministrativeExpenses,sellingAndMarketingExpenses,otherExpenses,operatingExpenses,costAndExpenses,interestExpense,depreciationAndAmortization,ebitda,ebitdaratio,operatingIncome,operatingIncomeRatio,totalOtherIncomeExpensesNet,incomeBeforeTax,incomeBeforeTaxRatio,incomeTaxExpense,netIncome,netIncomeRatio,eps,epsdiluted,weightedAverageShsOut,weightedAverageShsOutDil,link,finalLink,timestamp,est_time,est_date
0,2020-12-31,CET.TO,CAD,2020-12-31,2020-12-31,FY,40574000.0,50764000.0,-10190000.0,-0.2511460541233302,0.0,8323000.0,0.0,0.0,0.0,60611000.0,1209000.0,572000.0,-19465000.0,-0.47974072065854984,-20037000.0,-0.49383841869177303,-4171000.0,-25417000.0,-0.6264356484448169,2314000.0,-27731000.0,-0.6834672450337654,-0.56,-0.560583,49468117.0,49468117.0,https://www.sedar.com/ModifyCompanyDocumentSearchForm.do?lang=EN&company_search=Cathedral Energy Services Ltd&document_selection=0&industry_group=A&FromDate=13&FromMonth=05&FromYear=2000&ToDate=13&ToMonth=11&ToYear=2020&Variable=Issuer,https://www.sedar.com/ModifyCompanyDocumentSearchForm.do?lang=EN&company_search=Cathedral Energy Services Ltd&document_selection=0&industry_group=A&FromDate=13&FromMonth=05&FromYear=2000&ToDate=13&ToMonth=11&ToYear=2020&Variable=Issuer,1620590143,15:55:43,20210509
1,2019-12-31,CET.TO,CAD,2019-12-31,2019-12-31,FY,120276000.0,128023000.0,-7747000.0,-0.06441018989657121,0.0,12698000.0,0.0,0.0,16652000.0,144675000.0,1537000.0,1161000.0,-23238000.0,-0.19320562705776714,-24399000.0,-0.20285842562107154,7285000.0,-18717000.0,-0.15561708071435698,470000.0,-19187000.0,-0.15952475971931224,-0.38786598648984355,-0.38744102261975477,49468117.0,49522376.0,https://www.sedar.com/ModifyCompanyDocumentSearchForm.do?lang=EN&company_search=Cathedral Energy Services Ltd&document_selection=0&industry_group=A&FromDate=13&FromMonth=05&FromYear=2000&ToDate=13&ToMonth=11&ToYear=2020&Variable=Issuer,https://www.sedar.com/ModifyCompanyDocumentSearchForm.do?lang=EN&company_search=Cathedral Energy Services Ltd&document_selection=0&industry_group=A&FromDate=13&FromMonth=05&FromYear=2000&ToDate=13&ToMonth=11&ToYear=2020&Variable=Issuer,1620590143,15:55:43,20210509
2,2018-12-31,CET.TO,CAD,2018-12-31,2018-12-31,FY,160827000.0,155335000.0,5492000.0,0.03414849496664117,0.0,15494000.0,0.0,0.0,18177000.0,173512000.0,397000.0,202000.0,-12483000.0,-0.07761756421496391,-12685000.0,-0.07887357222356943,6989000.0,-6139000.0,-0.03817145131103608,10922000.0,-17061000.0,-0.10608293383573654,-0.3450486250385654,-0.3443427271156849,49445205.0,49546567.0,https://www.sedar.com/ModifyCompanyDocumentSearchForm.do?lang=EN&company_search=Cathedral Energy Services Ltd&document_selection=0&industry_group=A&FromDate=13&FromMonth=05&FromYear=2000&ToDate=13&ToMonth=11&ToYear=2020&Variable=Issuer,https://www.sedar.com/ModifyCompanyDocumentSearchForm.do?lang=EN&company_search=Cathedral Energy Services Ltd&document_selection=0&industry_group=A&FromDate=13&FromMonth=05&FromYear=2000&ToDate=13&ToMonth=11&ToYear=2020&Variable=Issuer,1620590143,15:55:43,20210509
3,2017-12-31,CET.TO,CAD,2017-12-31,2017-12-31,FY,147095000.0,131530000.0,15565000.0,0.1058159692715592,0.0,15594000.0,0.0,0.0,15698000.0,147228000.0,533000.0,104000.0,-29000.0,-0.0001971515007308202,-133000.0,-0.0009041775723172099,435000.0,-382000.0,-0.002596961147557701,-611000.0,87000.0,0.0005914545021924606,0.001836,0.001829,47380723.0,47577298.0,https://www.sedar.com/ModifyCompanyDocumentSearchForm.do?lang=EN&company_search=Cathedral Energy Services Ltd&document_selection=0&industry_group=A&FromDate=13&FromMonth=05&FromYear=2000&ToDate=13&ToMonth=11&ToYear=2020&Variable=Issuer,https://www.sedar.com/ModifyCompanyDocumentSearchForm.do?lang=EN&company_search=Cathedral Energy Services Ltd&document_selection=0&industry_group=A&FromDate=13&FromMonth=05&FromYear=2000&ToDate=13&ToMonth=11&ToYear=2020&Variable=Issuer,1620590143,15:55:43,20210509
4,2016-12-31,CET.TO,CAD,2016-12-31,2016-12-31,FY,80866000.0,75363000.0,5503000.0,0.06805084955358247,0.0,15051000.0,0.0,0.0,15185000.0,90548000.0,1920000.0,134000.0,-9548000.0,-0.11807187198575421,-9682000.0,-0.11972893428635026,11021000.0,-722000.0,-0.008928350604704078,-3339000.0,-5779000.0,-0.07146390324734746,-0.16,-0.16,36295380.0,36295380.0,https://www.sedar.com/ModifyCompanyDocumentSearchForm.do?lang=EN&company_search=Cathedral Energy Services Ltd&document_selection=0&industry_group=A&FromDate=13&FromMonth=05&FromYear=2000&ToDate=13&ToMonth=11&ToYear=2020&Variable=Issuer,https://www.sedar.com/ModifyCompanyDocumentSearchForm.do?lang=EN&company_search=Cathedral Energy Services Ltd&document_selection=0&industry_group=A&FromDate=13&FromMonth=05&FromYear=2000&ToDate=13&ToMonth=11&ToYear=2020&Variable=Issuer,1620590143,15:55:43,20210509
5,2015-12-31,CET.TO,CAD,2015-12-31,2015-12-31,FY,136079000.0,133065000.0,3014000.0,0.022148898801431522,0.0,19930000.0,0.0,0.0,20109000.0,153174000.0,1664000.0,179000.0,-16916000.0,-0.12431014337259974,-17095000.0,-0.12562555574335496,-13328000.0,-32087000.0,-0.23579685329845163,3255000.0,-35342000.0,-0.2597167821633022,-0.97,-0.97,36295380.0,36295380.0,https://www.sedar.com/ModifyCompanyDocumentSearchForm.do?lang=EN&company_search=Cathedral Energy Services Ltd&document_selection=0&industry_group=A&FromDate=13&FromMonth=05&FromYear=2000&ToDate=13&ToMonth=11&ToYear=2020&Variable=Issuer,https://www.sedar.com/ModifyCompanyDocumentSearchForm.do?lang=EN&company_search=Cathedral Energy Services Ltd&document_selection=0&industry_group=A&FromDate=13&FromMonth=05&FromYear=2000&ToDate=13&ToMonth=11&ToYear=2020&Variable=Issuer,1620590143,15:55:43,20210509
6,2014-12-31,CET.TO,CAD,2014-12-31,2014-12-31,FY,275435000.0,235350000.0,40085000.0,0.14553342893967725,0.0,24670000.0,0.0,0.0,24950000.0,260300000.0,2563000.0,280000.0,15415000.0,0.05596601739067294,15135000.0,0.054949443607384685,2398000.0,14970000.0,0.054350391199375535,4687000.0,10283000.0,0.037333672191261096,0.28,0.28,36244029.0,36244029.0,https://www.sedar.com/ModifyCompanyDocumentSearchForm.do?lang=EN&company_search=Cathedral Energy Services Ltd&document_selection=0&industry_group=A&FromDate=13&FromMonth=05&FromYear=2000&ToDate=13&ToMonth=11&ToYear=2020&Variable=Issuer,https://www.sedar.com/ModifyCompanyDocumentSearchForm.do?lang=EN&company_search=Cathedral Energy Services Ltd&document_selection=0&industry_group=A&FromDate=13&FromMonth=05&FromYear=2000&ToDate=13&ToMonth=11&ToYear=2020&Variable=Issuer,1620590143,15:55:43,20210509
7,2013-12-31,CET.TO,CAD,2013-12-31,2013-12-31,FY,224685000.0,192310000.0,32375000.0,0.1440906157509402,0.0,24112000.0,0.0,0.0,24669000.0,216979000.0,2516000.0,557000.0,8263000.0,0.03677593074749093,7706000.0,0.03429690455526626,-4076000.0,1114000.0,0.0049580523844493405,2656000.0,-1542000.0,-0.006862941451365245,-0.04,-0.04,36170672.0,36170672.0,https://www.sedar.com/ModifyCompanyDocumentSearchForm.do?lang=EN&company_search=Cathedral Energy Services Ltd&document_selection=0&industry_group=A&FromDate=13&FromMonth=05&FromYear=2000&ToDate=13&ToMonth=11&ToYear=2020&Variable=Issuer,https://www.sedar.com/ModifyCompanyDocumentSearchForm.do?lang=EN&company_search=Cathedral Energy Services Ltd&document_selection=0&industry_group=A&FromDate=13&FromMonth=05&FromYear=2000&ToDate=13&ToMonth=11&ToYear=2020&Variable=Issuer,1620590143,15:55:43,20210509
8,2012-12-31,CET.TO,CAD,2012-12-31,2012-12-31,FY,203194000.0,164703000.0,38491000.0,0.1894298059982086,0.0,22066000.0,0.0,0.0,22708000.0,187411000.0,2041000.0,642000.0,16425000.0,0.08083407974644921,15783000.0,0.07767453763398526,6639000.0,20381000.0,0.10030315855783144,5584000.0,14797000.0,0.0728220321466185,0.4,0.39,37375822.0,37756250.0,https://www.sedar.com/ModifyCompanyDocumentSearchForm.do?lang=EN&company_search=Cathedral Energy Services Ltd&document_selection=0&industry_group=A&FromDate=13&FromMonth=05&FromYear=2000&ToDate=13&ToMonth=11&ToYear=2020&Variable=Issuer,https://www.sedar.com/ModifyCompanyDocumentSearchForm.do?lang=EN&company_search=Cathedral Energy Services Ltd&document_selection=0&industry_group=A&FromDate=13&FromMonth=05&FromYear=2000&ToDate=13&ToMonth=11&ToYear=2020&Variable=Issuer,1620590143,15:55:43,20210509
9,2011-12-31,CET.TO,CAD,2011-12-31,2011-12-31,FY,220363000.0,163954000.0,56409000.0,0.25598217486601654,0.0,21164000.0,0.0,0.0,21338000.0,185292000.0,1877000.0,174000.0,35245000.0,0.15994064339294708,35071000.0,0.159151037152335,3908000.0,37102000.0,0.168367647926376,9797000.0,27634000.0,0.12540217731651865,0.75,0.73,37062352.0,38047278.0,https://www.sedar.com/ModifyCompanyDocumentSearchForm.do?lang=EN&company_search=Cathedral Energy Services Ltd&document_selection=0&industry_group=A&FromDate=13&FromMonth=05&FromYear=2000&ToDate=13&ToMonth=11&ToYear=2020&Variable=Issuer,https://www.sedar.com/ModifyCompanyDocumentSearchForm.do?lang=EN&company_search=Cathedral Energy Services Ltd&document_selection=0&industry_group=A&FromDate=13&FromMonth=05&FromYear=2000&ToDate=13&ToMonth=11&ToYear=2020&Variable=Issuer,1620590143,15:55:43,20210509
10,2010-12-31,CET.TO,CAD,2010-12-31,2010-12-31,FY,141396000.0,74585000.0,66811000.0,0.472509830546833,0.0,33060000.0,0.0,0.0,43686000.0,118271000.0,1779000.0,10626000.0,33751000.0,0.23869840730996633,23125000.0,0.16354776655633824,4069000.0,25415000.0,0.17974341565532265,4886000.0,18015000.0,0.1274081303572944,0.4941917993074896,0.4896613636282094,36453458.0,36790732.0,https://www.sedar.com/ModifyCompanyDocumentSearchForm.do?lang=EN&company_search=Cathedral Energy Services Ltd&document_selection=0&industry_group=A&FromDate=13&FromMonth=05&FromYear=2000&ToDate=13&ToMonth=11&ToYear=2020&Variable=Issuer,https://www.sedar.com/ModifyCompanyDocumentSearchForm.do?lang=EN&company_search=Cathedral Energy Services Ltd&document_selection=0&industry_group=A&FromDate=13&FromMonth=05&FromYear=2000&ToDate=13&ToMonth=11&ToYear=2020&Variable=Issuer,1620590143,15:55:43,20210509
11,2009-12-31,CET.TO,CAD,2009-12-31,2009-12-31,FY,94520000.0,52128000.0,42392000.0,0.44849767245027505,0.0,26083000.0,0.0,0.0,41076000.0,93204000.0,290000.0,15343000.0,16659000.0,0.17624841303427846,1316000.0,0.013922979263647906,975000.0,2001000.0,0.02117012272534913,-3280000.0,5281000.0,0.05587177316969953,0.15157553889395034,0.15150661436394017,34840714.0,34856564.0,https://www.sedar.com/ModifyCompanyDocumentSearchForm.do?lang=EN&company_search=Cathedral Energy Services Ltd&document_selection=0&industry_group=A&FromDate=13&FromMonth=05&FromYear=2000&ToDate=13&ToMonth=11&ToYear=2020&Variable=Issuer,https://www.sedar.com/ModifyCompanyDocumentSearchForm.do?lang=EN&company_search=Cathedral Energy Services Ltd&document_selection=0&industry_group=A&FromDate=13&FromMonth=05&FromYear=2000&ToDate=13&ToMonth=11&ToYear=2020&Variable=Issuer,1620590143,15:55:43,20210509
12,2008-12-31,CET.TO,CAD,2008-12-31,2008-12-31,FY,178928000.0,98614000.0,80314000.0,0.44886211213448984,0.0,32768000.0,0.0,0.0,46278000.0,144892000.0,1580000.0,13416000.0,47452000.0,0.26520164535455604,34036000.0,0.19022176517929,2138000.0,34594000.0,0.19334033801305553,4455000.0,30139000.0,0.16844205490476616,0.94,0.93,32214502.0,32462510.0,https://www.sedar.com/ModifyCompanyDocumentSearchForm.do?lang=EN&company_search=Cathedral Energy Services Ltd&document_selection=0&industry_group=A&FromDate=13&FromMonth=05&FromYear=2000&ToDate=13&ToMonth=11&ToYear=2020&Variable=Issuer,https://www.sedar.com/ModifyCompanyDocumentSearchForm.do?lang=EN&company_search=Cathedral Energy Services Ltd&document_selection=0&industry_group=A&FromDate=13&FromMonth=05&FromYear=2000&ToDate=13&ToMonth=11&ToYear=2020&Variable=Issuer,1620590143,15:55:43,20210509
13,2007-12-31,CET.TO,CAD,2007-12-31,2007-12-31,FY,145106000.0,73482000.0,71624000.0,0.4935977836891652,0.0,27377000.0,0.0,0.0,41411000.0,114893000.0,0.0,12054000.0,42267000.0,0.29128361335851033,30213000.0,0.20821330613482558,1285000.0,31990000.0,0.2204595261395118,7127000.0,24863000.0,0.17134370735875842,0.79,0.78,31402445.0,31781320.0,https://www.sedar.com/ModifyCompanyDocumentSearchForm.do?lang=EN&company_search=Cathedral Energy Services Ltd&document_selection=0&industry_group=A&FromDate=13&FromMonth=05&FromYear=2000&ToDate=13&ToMonth=11&ToYear=2020&Variable=Issuer,https://www.sedar.com/ModifyCompanyDocumentSearchForm.do?lang=EN&company_search=Cathedral Energy Services Ltd&document_selection=0&industry_group=A&FromDate=13&FromMonth=05&FromYear=2000&ToDate=13&ToMonth=11&ToYear=2020&Variable=Issuer,1620590143,15:55:43,20210509
14,2006-12-31,CET.TO,CAD,2006-12-31,2006-12-31,FY,138254000.0,64886000.0,73368000.0,0.5306754234958844,0.0,23552000.0,0.0,0.0,35635000.0,100521000.0,0.0,10692000.0,48425000.0,0.35026111360249973,37733000.0,0.2729251956543753,1973000.0,39679000.0,0.2870007377725057,4331000.0,35348000.0,0.2556743385363172,1.16,1.12,30472414.0,31560714.0,https://www.sedar.com/ModifyCompanyDocumentSearchForm.do?lang=EN&company_search=Cathedral Energy Services Ltd&document_selection=0&industry_group=A&FromDate=13&FromMonth=05&FromYear=2000&ToDate=13&ToMonth=11&ToYear=2020&Variable=Issuer,https://www.sedar.com/ModifyCompanyDocumentSearchForm.do?lang=EN&company_search=Cathedral Energy Services Ltd&document_selection=0&industry_group=A&FromDate=13&FromMonth=05&FromYear=2000&ToDate=13&ToMonth=11&ToYear=2020&Variable=Issuer,1620590143,15:55:43,20210509
15,2005-12-31,CET.TO,CAD,2005-12-31,2005-12-31,FY,86001535.0,0.0,0.0,0.0,0.0,14967142.0,0.0,0.0,63296727.0,63296727.0,0.0,5686181.0,28390989.0,0.3301218867779511,22704808.0,0.26400468317222475,2086838.0,24816842.0,0.28856277972247824,3010129.0,21806713.0,0.2535619044474032,0.76,0.76,28693043.0,28693043.0,https://www.sedar.com/ModifyCompanyDocumentSearchForm.do?lang=EN&company_search=Cathedral Energy Services Ltd&document_selection=0&industry_group=A&FromDate=13&FromMonth=05&FromYear=2000&ToDate=13&ToMonth=11&ToYear=2020&Variable=Issuer,https://www.sedar.com/ModifyCompanyDocumentSearchForm.do?lang=EN&company_search=Cathedral Energy Services Ltd&document_selection=0&industry_group=A&FromDate=13&FromMonth=05&FromYear=2000&ToDate=13&ToMonth=11&ToYear=2020&Variable=Issuer,1620590143,15:55:43,20210509
16,2004-12-31,CET.TO,CAD,2004-12-31,2004-12-31,FY,46477855.0,0.0,0.0,0.0,0.0,9895130.0,0.0,0.0,36335275.0,36335275.0,0.0,3582210.0,13724790.0,0.29529740561392087,10142580.0,0.21822392621174105,1030834.0,11231077.0,0.2416436171591826,2103260.0,9127817.0,0.19639066820101744,0.39,0.38,23404659.0,24020571.0,https://www.sedar.com/ModifyCompanyDocumentSearchForm.do?lang=EN&company_search=Cathedral Energy Services Ltd&document_selection=0&industry_group=A&FromDate=13&FromMonth=05&FromYear=2000&ToDate=13&ToMonth=11&ToYear=2020&Variable=Issuer,https://www.sedar.com/ModifyCompanyDocumentSearchForm.do?lang=EN&company_search=Cathedral Energy Services Ltd&document_selection=0&industry_group=A&FromDate=13&FromMonth=05&FromYear=2000&ToDate=13&ToMonth=11&ToYear=2020&Variable=Issuer,1620590143,15:55:43,20210509
17,2003-12-31,CET.TO,CAD,2003-12-31,2003-12-31,FY,32715251.0,0.0,0.0,0.0,0.0,7974556.0,0.0,0.0,28092705.0,28092705.0,0.0,3117514.0,7740060.0,0.23658873960649118,4622546.0,0.14129636358284398,204980.0,4827526.0,0.14756194289935295,386401.0,4441125.0,0.13575090712279725,0.2,0.2,22205625.0,22205625.0,https://www.sedar.com/ModifyCompanyDocumentSearchForm.do?lang=EN&company_search=Cathedral Energy Services Ltd&document_selection=0&industry_group=A&FromDate=13&FromMonth=05&FromYear=2000&ToDate=13&ToMonth=11&ToYear=2020&Variable=Issuer,https://www.sedar.com/ModifyCompanyDocumentSearchForm.do?lang=EN&company_search=Cathedral Energy Services Ltd&document_selection=0&industry_group=A&FromDate=13&FromMonth=05&FromYear=2000&ToDate=13&ToMonth=11&ToYear=2020&Variable=Issuer,1620590143,15:55:43,20210509
18,2002-12-31,CET.TO,CAD,2002-12-31,2002-12-31,FY,22075218.0,0.0,0.0,0.0,0.0,6062268.0,0.0,659350.0,18151764.0,18151764.0,0.0,2659248.0,6582702.0,0.2981942012984877,3923454.0,0.17773115536163675,359255.0,4085742.0,0.18508274754070378,697080.0,3388662.0,0.15350525643733168,0.24,0.16,8247563.0,21179138.0,https://www.sedar.com/ModifyCompanyDocumentSearchForm.do?lang=EN&company_search=Cathedral Energy Services Ltd&document_selection=0&industry_group=A&FromDate=13&FromMonth=05&FromYear=2000&ToDate=13&ToMonth=11&ToYear=2020&Variable=Issuer,https://www.sedar.com/ModifyCompanyDocumentSearchForm.do?lang=EN&company_search=Cathedral Energy Services Ltd&document_selection=0&industry_group=A&FromDate=13&FromMonth=05&FromYear=2000&ToDate=13&ToMonth=11&ToYear=2020&Variable=Issuer,1620590143,15:55:43,20210509
19,2001-12-31,CET.TO,CAD,2001-12-31,2001-12-31,FY,23443646.0,10702710.0,12740936.0,0.5434707553594692,0.0,4965746.0,0.0,0.0,7382811.0,18085521.0,0.0,2417065.0,7775190.0,0.3316544704693118,5358125.0,0.22855339992763923,7702.0,5101634.0,0.2176126529124352,-104753.0,5206387.0,0.22208094252916122,0.63,0.24,8264106.0,8264106.0,https://www.sedar.com/ModifyCompanyDocumentSearchForm.do?lang=EN&company_search=Cathedral Energy Services Ltd&document_selection=0&industry_group=A&FromDate=13&FromMonth=05&FromYear=2000&ToDate=13&ToMonth=11&ToYear=2020&Variable=Issuer,https://www.sedar.com/ModifyCompanyDocumentSearchForm.do?lang=EN&company_search=Cathedral Energy Services Ltd&document_selection=0&industry_group=A&FromDate=13&FromMonth=05&FromYear=2000&ToDate=13&ToMonth=11&ToYear=2020&Variable=Issuer,1620590143,15:55:43,20210509
20,2000-12-31,CET.TO,CAD,2000-12-31,2000-12-31,FY,19035566.0,9826240.0,9209326.0,0.48379575369600253,0.0,3665716.0,0.0,0.0,5013801.0,14840041.0,0.0,1348085.0,5543610.0,0.2912238070567484,4195525.0,0.22040453118126355,134642.0,4107181.0,0.21576353442813312,-364101.0,4471282.0,0.23489094046376136,0.75,0.23,5961709.0,5961709.0,https://www.sedar.com/ModifyCompanyDocumentSearchForm.do?lang=EN&company_search=Cathedral Energy Services Ltd&document_selection=0&industry_group=A&FromDate=13&FromMonth=05&FromYear=2000&ToDate=13&ToMonth=11&ToYear=2020&Variable=Issuer,https://www.sedar.com/ModifyCompanyDocumentSearchForm.do?lang=EN&company_search=Cathedral Energy Services Ltd&document_selection=0&industry_group=A&FromDate=13&FromMonth=05&FromYear=2000&ToDate=13&ToMonth=11&ToYear=2020&Variable=Issuer,1620590143,15:55:43,20210509
21,1999-12-31,CET.TO,CAD,1999-12-31,1999-12-31,FY,700000.0,900000.0,-200000.0,-0.2857142857142857,0.0,100000.0,0.0,0.0,200000.0,1100000.0,0.0,100000.0,-300000.0,-0.42857142857142855,-400000.0,-0.5714285714285714,100000.0,0.0,0.0,0.0,-400000.0,-0.5714285714285714,-0.15,-0.15,2666667.0,2666667.0,https://www.sedar.com/ModifyCompanyDocumentSearchForm.do?lang=EN&company_search=Cathedral Energy Services Ltd&document_selection=0&industry_group=A&FromDate=13&FromMonth=05&FromYear=2000&ToDate=13&ToMonth=11&ToYear=2020&Variable=Issuer,https://www.sedar.com/ModifyCompanyDocumentSearchForm.do?lang=EN&company_search=Cathedral Energy Services Ltd&document_selection=0&industry_group=A&FromDate=13&FromMonth=05&FromYear=2000&ToDate=13&ToMonth=11&ToYear=2020&Variable=Issuer,1620590143,15:55:43,20210509
22,1998-12-31,CET.TO,CAD,1998-12-31,1998-12-31,FY,1500000.0,1500000.0,0.0,0.0,0.0,200000.0,0.0,-100000.0,300000.0,1800000.0,0.0,100000.0,-200000.0,-0.13333333333333333,-300000.0,-0.2,-11600000.0,0.0,0.0,0.0,-11800000.0,-7.866666666666666,-4.3,-4.3,2744186.0,2744186.0,https://www.sedar.com/ModifyCompanyDocumentSearchForm.do?lang=EN&company_search=Cathedral Energy Services Ltd&document_selection=0&industry_group=A&FromDate=13&FromMonth=05&FromYear=2000&ToDate=13&ToMonth=11&ToYear=2020&Variable=Issuer,https://www.sedar.com/ModifyCompanyDocumentSearchForm.do?lang=EN&company_search=Cathedral Energy Services Ltd&document_selection=0&industry_group=A&FromDate=13&FromMonth=05&FromYear=2000&ToDate=13&ToMonth=11&ToYear=2020&Variable=Issuer,1620590143,15:55:43,20210509
23,1997-12-31,CET.TO,CAD,1997-12-31,1997-12-31,FY,2000000.0,2600000.0,-600000.0,-0.3,0.0,500000.0,0.0,0.0,700000.0,3300000.0,0.0,200000.0,-1100000.0,-0.55,-1300000.0,-0.65,-700000.0,0.0,0.0,0.0,-2100000.0,-1.05,-0.75,-0.75,2800000.0,2800000.0,https://www.sedar.com/ModifyCompanyDocumentSearchForm.do?lang=EN&company_search=Cathedral Energy Services Ltd&document_selection=0&industry_group=A&FromDate=13&FromMonth=05&FromYear=2000&ToDate=13&ToMonth=11&ToYear=2020&Variable=Issuer,https://www.sedar.com/ModifyCompanyDocumentSearchForm.do?lang=EN&company_search=Cathedral Energy Services Ltd&document_selection=0&industry_group=A&FromDate=13&FromMonth=05&FromYear=2000&ToDate=13&ToMonth=11&ToYear=2020&Variable=Issuer,1620590143,15:55:43,20210509
24,1996-12-31,CET.TO,CAD,1996-12-31,1996-12-31,FY,7000000.0,5600000.0,1400000.0,0.2,0.0,500000.0,0.0,100000.0,1200000.0,6800000.0,0.0,700000.0,900000.0,0.12857142857142856,200000.0,0.02857142857142857,0.0,0.0,0.0,0.0,300000.0,0.04285714285714286,0.1,0.1,3000000.0,3000000.0,https://www.sedar.com/ModifyCompanyDocumentSearchForm.do?lang=EN&company_search=Cathedral Energy Services Ltd&document_selection=0&industry_group=A&FromDate=13&FromMonth=05&FromYear=2000&ToDate=13&ToMonth=11&ToYear=2020&Variable=Issuer,https://www.sedar.com/ModifyCompanyDocumentSearchForm.do?lang=EN&company_search=Cathedral Energy Services Ltd&document_selection=0&industry_group=A&FromDate=13&FromMonth=05&FromYear=2000&ToDate=13&ToMonth=11&ToYear=2020&Variable=Issuer,1620590143,15:55:43,20210509
