,date,symbol,reportedCurrency,fillingDate,acceptedDate,period,revenue,costOfRevenue,grossProfit,grossProfitRatio,researchAndDevelopmentExpenses,generalAndAdministrativeExpenses,sellingAndMarketingExpenses,otherExpenses,operatingExpenses,costAndExpenses,interestExpense,depreciationAndAmortization,ebitda,ebitdaratio,operatingIncome,operatingIncomeRatio,totalOtherIncomeExpensesNet,incomeBeforeTax,incomeBeforeTaxRatio,incomeTaxExpense,netIncome,netIncomeRatio,eps,epsdiluted,weightedAverageShsOut,weightedAverageShsOutDil,link,finalLink,timestamp,est_time,est_date
0,2020-12-31,TENX,USD,2021-03-31,2021-03-31 16:31:51,FY,0.0,0.0,0.0,0.0,4560724.0,5307206.0,0.0,0.0,9867930.0,9867930.0,-1627.0,4077.0,9855468.0,0.0,9851391.0,0.0,-18166.0,9851391.0,0.0,0.0,9851391.0,0.0,1.328358333732234,1.328358333732234,7416215.0,7416215.0,https://www.sec.gov/Archives/edgar/data/34956/000165495421003641/0001654954-21-003641-index.htm,https://www.sec.gov/Archives/edgar/data/34956/000165495421003641/tenx_10k.htm,1620598707,18:18:27,20210509
1,2019-12-31,TENX,USD,2020-03-30 00:00:00,2020-03-30 16:33:17,FY,0.0,0.0,0.0,0.0,3471153.0,5084111.0,0.0,160901.0,8555264.0,8555264.0,0.0,107279.0,-8447985.0,0.0,-8555264.0,0.0,160901.0,-8394363.0,0.0,0.0,-8394363.0,0.0,-1.35,-1.35,6195444.0,6195444.0,https://www.sec.gov/Archives/edgar/data/34956/000165495420003498/0001654954-20-003498-index.html,https://www.sec.gov/Archives/edgar/data/34956/000165495420003498/tenx_10k.htm,1620598707,18:18:27,20210509
2,2018-12-31,TENX,USD,2019-04-01 00:00:00,2019-04-01 16:30:45,FY,0.0,0.0,0.0,0.0,1239300.0,5653980.0,0.0,79835.0,6893280.0,6893280.0,0.0,9016.0,-6884264.0,0.0,-6893280.0,0.0,79835.0,-6813445.0,0.0,0.0,-6813445.0,0.0,-9.04,-9.04,1564773.0,1564773.0,https://www.sec.gov/Archives/edgar/data/34956/000165495419003861/0001654954-19-003861-index.html,https://www.sec.gov/Archives/edgar/data/34956/000165495419003861/tenx_10k.htm,1620598707,18:18:27,20210509
3,2017-12-31,TENX,USD,2018-04-02 00:00:00,2018-04-02 16:31:52,FY,0.0,0.0,0.0,0.0,3527317.0,5678581.0,0.0,366216.0,9205898.0,9205898.0,0.0,13621.0,-9192277.0,0.0,-9205898.0,0.0,366216.0,-8839682.0,0.0,0.0,-8839682.0,0.0,-6.27,-6.27,1410630.0,1410630.0,https://www.sec.gov/Archives/edgar/data/34956/000165495418003517/0001654954-18-003517-index.html,https://www.sec.gov/Archives/edgar/data/34956/000165495418003517/tenx_10k.htm,1620598707,18:18:27,20210509
4,2016-12-31,TENX,USD,2017-03-16 00:00:00,2017-03-16 16:31:34,FY,0.0,0.0,0.0,0.0,13139681.0,6245958.0,0.0,0.0,19385639.0,19385639.0,0.0,18952.0,-19366687.0,0.0,-19385639.0,0.0,-32500365.0,-51886004.0,0.0,-7962100.0,-43923904.0,0.0,-31.2,-31.2,1405991.0,1405991.0,https://www.sec.gov/Archives/edgar/data/34956/000165495417002098/0001654954-17-002098-index.html,https://www.sec.gov/Archives/edgar/data/34956/000165495417002098/tenx_10k.htm,1620598707,18:18:27,20210509
5,2015-12-31,TENX,USD,2016-03-14,2016-03-14 16:31:49,FY,0.0,0.0,0.0,0.0,6484870.0,3917700.0,0.0,-359041000.0,10425500.0,10425500.0,-1510.0,31220.0,-10394280.0,0.0,-10425500.0,0.0,359040.0,-10067960.0,0.0,0.0,-10067960.0,0.0,-7.16081,-7.16081,1405980.0,1405980.0,https://www.sec.gov/Archives/edgar/data/34956/000135448816006547/tenx_10kt.htm,https://www.sec.gov/Archives/edgar/data/34956/000135448816006547/tenx_10kt.htm,1620598707,18:18:27,20210509
6,2015-04-30,TENX,USD,2015-07-14 00:00:00,2015-07-14 16:31:15,FY,49286.0,0.0,49286.0,1.0,6660387.0,7170779.0,0.0,0.0,13831166.0,13831166.0,49081.0,148140.0,-13633740.0,-276.62500507243436,-13781880.0,-279.6307267783955,-250851.0,-14081812.0,-285.716268311488,0.0,-14081812.0,-285.716268311488,-10.0,-10.0,1403898.0,1403898.0,https://www.sec.gov/Archives/edgar/data/34956/000135448815003333/0001354488-15-003333-index.html,https://www.sec.gov/Archives/edgar/data/34956/000135448815003333/tenx_10k.htm,1620598707,18:18:27,20210509
7,2014-04-30,TENX,USD,2014-07-29 00:00:00,2014-07-29 09:33:37,FY,288726.0,129800.0,158926.0,0.5504388243525002,2996721.0,13773325.0,0.0,0.0,16770046.0,16899846.0,2212283.0,150489.0,-16460631.0,-57.01125288335654,-16611120.0,-57.53247023129195,-718436.0,-19541839.0,-67.68299010134176,0.0,-19541839.0,-67.68299010134176,-54.2,-54.2,468101.0,468101.0,https://www.sec.gov/Archives/edgar/data/34956/000135448814003782/0001354488-14-003782-index.html,https://www.sec.gov/Archives/edgar/data/34956/000135448814003782/oxbt_10k.htm,1620598707,18:18:27,20210509
8,2013-04-30,TENX,USD,2013-06-26 00:00:00,2013-06-26 16:15:53,FY,1234039.0,43111.0,1190928.0,0.9650651235495799,2455816.0,3676145.0,0.0,0.0,6131961.0,6175072.0,4238456.0,148804.0,-4792229.0,-3.883369164183628,-4941033.0,-4.0039520631033545,-236311.0,-9415800.0,-7.630066796916467,0.0,-9415800.0,-7.630066796916467,-125.8,-133.6,82514.0,87951.0,https://www.sec.gov/Archives/edgar/data/34956/000135448813003629/0001354488-13-003629-index.html,https://www.sec.gov/Archives/edgar/data/34956/000135448813003629/oxbt_10k.htm,1620598707,18:18:27,20210509
9,2012-04-30,TENX,USD,2012-07-25 00:00:00,2012-07-24 17:41:58,FY,415034.0,51253.0,363781.0,0.8765089125228295,2462638.0,6091806.0,0.0,0.0,8554444.0,8605697.0,7412054.0,206677.0,-7983986.0,-19.236944443105866,-8190663.0,-19.734920512536323,-109693.0,0.0,0.0,0.0,-15712410.0,-37.858127285957295,-244.0,-280.0,64820.0,69380.0,https://www.sec.gov/Archives/edgar/data/34956/000135448812003634/0001354488-12-003634-index.html,https://www.sec.gov/Archives/edgar/data/34956/000135448812003634/oxbt_10k.htm,1620598707,18:18:27,20210509
10,2011-04-30,TENX,USD,2011-07-15 00:00:00,2011-07-14 18:38:39,FY,322349.0,219182.0,103167.0,0.3200475261285129,2681713.0,7682087.0,0.0,0.0,10363800.0,10582982.0,171563.0,311026.0,-9949607.0,-30.86594653620765,-10260633.0,-31.83082001185051,-16100.0,0.0,0.0,0.0,-10448296.0,-32.41299337053938,-180.0,-180.0,58366.0,58366.0,https://www.sec.gov/Archives/edgar/data/34956/000135448811002180/0001354488-11-002180-index.html,https://www.sec.gov/Archives/edgar/data/34956/000135448811002180/oxbt_10k.htm,1620598707,18:18:27,20210509
11,2010-04-30,TENX,USD,2010-07-23 00:00:00,2010-07-23 16:21:55,FY,0.0,0.0,0.0,0.0,2917688.0,7235140.0,0.0,0.0,10152828.0,10152828.0,154998.0,110631.0,-10042197.0,0.0,-10152828.0,0.0,-199550.0,0.0,0.0,0.0,-10507376.0,0.0,-216.0,-216.0,48712.0,48712.0,https://www.sec.gov/Archives/edgar/data/34956/000119312510165026/0001193125-10-165026-index.html,https://www.sec.gov/Archives/edgar/data/34956/000119312510165026/d10k.htm,1620598707,18:18:27,20210509
12,2009-04-30,TENX,USD,2009-08-12,2009-08-12 16:53:49,FY,0.0,0.0,0.0,0.0,1598807.0,7002518.0,0.0,0.0,8601325.0,8601325.0,24856041.0,20475.0,-8580850.0,0.0,-8601325.0,0.0,-238526.0,0.0,0.0,0.0,-33218840.0,0.0,-1139.9943,-1139.9943,28878.0,28878.0,https://www.sec.gov/Archives/edgar/data/34956/000119312509173086/d10k.htm,https://www.sec.gov/Archives/edgar/data/34956/000119312509173086/d10k.htm,1620598707,18:18:27,20210509
13,2008-04-30,TENX,USD,2008-08-13,2008-08-13 14:38:55,FY,0.0,0.0,0.0,0.0,939998.0,1992687.0,0.0,0.0,2932685.0,2932685.0,3611902.0,102455.0,-2830230.0,0.0,-2932685.0,0.0,-176581.0,0.0,0.0,0.0,-6721168.0,0.0,-299.9985,-479.9976,23580.0,41669.0,https://www.sec.gov/Archives/edgar/data/34956/000119312508176263/d10k.htm,https://www.sec.gov/Archives/edgar/data/34956/000119312508176263/d10k.htm,1620598707,18:18:27,20210509
14,2007-04-30,TENX,USD,2007-08-14,2007-08-14 14:59:28,FY,0.0,0.0,0.0,0.0,752614.0,1019795.0,0.0,0.0,1772409.0,1772409.0,1678488.0,152122.0,-1620287.0,0.0,-1772409.0,0.0,120027.0,0.0,0.0,0.0,-3330870.0,0.0,-119.9994,-119.9994,23038.0,23038.0,https://www.sec.gov/Archives/edgar/data/34956/000119312507182471/d10k.htm,https://www.sec.gov/Archives/edgar/data/34956/000119312507182471/d10k.htm,1620598707,18:18:27,20210509
15,2006-04-30,TENX,USD,2006-07-28,2006-07-28 15:16:29,FY,0.0,0.0,0.0,0.0,1204577.0,1274014.0,0.0,0.0,2478591.0,2478591.0,1655874.0,263253.0,-2215338.0,0.0,-2478591.0,0.0,67872.0,0.0,0.0,0.0,-4066593.0,0.0,-179.9991,-179.9991,21864.0,21864.0,https://www.sec.gov/Archives/edgar/data/34956/000119312506155937/d10k.htm,https://www.sec.gov/Archives/edgar/data/34956/000119312506155937/d10k.htm,1620598707,18:18:27,20210509
16,2005-04-30,TENX,USD,2005-08-15,2005-08-15 14:03:40,FY,0.0,0.0,0.0,0.0,1277125.0,1407487.0,0.0,0.0,2684612.0,2684612.0,0.0,265802.0,-2418810.0,0.0,-2684612.0,0.0,11814.0,0.0,0.0,0.0,-2672798.0,0.0,-119.9994,-119.9994,19806.0,19806.0,https://www.sec.gov/Archives/edgar/data/34956/000119312505168197/d10k.htm,https://www.sec.gov/Archives/edgar/data/34956/000119312505168197/d10k.htm,1620598707,18:18:27,20210509
17,2004-04-30,TENX,USD,2004-08-13,2004-08-13 13:11:45,FY,0.0,0.0,0.0,0.0,1276223.0,990982.0,0.0,0.0,2267205.0,2267205.0,0.0,141712.0,-2125493.0,0.0,-2267205.0,0.0,18002.0,0.0,0.0,0.0,-2249203.0,0.0,-119.9994,-119.9994,15888.0,15888.0,https://www.sec.gov/Archives/edgar/data/34956/000119312504140189/d10k.htm,https://www.sec.gov/Archives/edgar/data/34956/000119312504140189/d10k.htm,1620598707,18:18:27,20210509
18,2003-04-30,TENX,USD,2003-07-18,2003-07-18 11:49:05,FY,0.0,0.0,0.0,0.0,1433040.0,840352.0,0.0,0.0,2273392.0,2273392.0,0.0,137049.0,-2136343.0,0.0,-2273392.0,0.0,48558.0,0.0,0.0,0.0,-2227337.0,0.0,-179.9991,-179.9991,14775.0,14775.0,https://www.sec.gov/Archives/edgar/data/34956/000119312503020991/d10k.htm,https://www.sec.gov/Archives/edgar/data/34956/000119312503020991/d10k.htm,1620598707,18:18:27,20210509
19,2002-04-30,TENX,USD,2002-07-26 00:00:00,2002-07-26 14:01:51,FY,0.0,0.0,0.0,0.0,1313382.0,2291123.0,0.0,0.0,3604505.0,3604505.0,13596.0,110262.0,-3494243.0,0.0,-3604505.0,0.0,130288.0,0.0,0.0,0.0,-3487813.0,0.0,-239.9988,-239.9988,14533.0,14533.0,https://www.sec.gov/Archives/edgar/data/34956/000089843002002685/0000898430-02-002685-index.html,https://www.sec.gov/Archives/edgar/data/34956/000089843002002685/d10k.htm,1620598707,18:18:27,20210509
20,2001-04-30,TENX,USD,2001-07-26 00:00:00,2001-07-26 00:00:00,FY,1.0,-71627.0,71628.0,71628.0,782339.0,1219852.0,0.0,0.0,2073818.0,2002191.0,1070.0,71627.0,-1930563.0,-1930563.0,-2002190.0,-2002190.0,331019.0,0.0,0.0,0.0,-1672242.0,-1672242.0,-119.9994,-119.9994,14400.0,14400.0,https://www.sec.gov/Archives/edgar/data/34956/000101317601500111/0001013176-01-500111-index.html,https://www.sec.gov/Archives/edgar/data/34956/000101317601500111/sb10k401.txt,1620598707,18:18:27,20210509
21,2000-04-30,TENX,USD,2000-04-30,2000-04-30,FY,1.0,-53992.0,53993.0,53993.0,224023.0,687575.0,0.0,0.0,965590.0,911598.0,15882.0,53992.0,-857605.0,-857605.0,-911597.0,-911597.0,16141.0,0.0,0.0,0.0,-911339.0,-911339.0,-59.9997,-59.9997,10894.0,10894.0,,,1620598707,18:18:27,20210509
22,1999-04-30,TENX,USD,1999-04-30,1999-04-30,FY,100000.0,-100000.0,200000.0,2.0,200000.0,700000.0,0.0,0.0,1000000.0,900000.0,0.0,100000.0,-700000.0,-7.0,-800000.0,-8.0,0.0,0.0,0.0,0.0,-800000.0,-8.0,-119.9994,-119.9994,8564.0,8564.0,,,1620598707,18:18:27,20210509
23,1998-04-30,TENX,USD,1998-04-30,1998-04-30,FY,0.0,0.0,0.0,0.0,111766.0,1144810.0,0.0,0.0,1256576.0,1256576.0,0.0,71107.0,-1185469.0,0.0,-1256576.0,0.0,-3069.0,0.0,0.0,0.0,-1281032.0,0.0,-179.9991,-179.9991,7666.0,7666.0,,,1620598707,18:18:27,20210509
24,1997-04-30,TENX,USD,1997-04-30,1997-04-30,FY,0.0,0.0,0.0,0.0,460978.0,1437353.0,0.0,0.0,1898331.0,1898331.0,0.0,83073.0,-1815258.0,0.0,-1898331.0,0.0,-914.0,0.0,0.0,0.0,-1910376.0,0.0,-299.9985,-299.9985,6008.0,6008.0,,,1620598707,18:18:27,20210509
