,date,symbol,reportedCurrency,fillingDate,acceptedDate,period,revenue,costOfRevenue,grossProfit,grossProfitRatio,researchAndDevelopmentExpenses,generalAndAdministrativeExpenses,sellingAndMarketingExpenses,otherExpenses,operatingExpenses,costAndExpenses,interestExpense,depreciationAndAmortization,ebitda,ebitdaratio,operatingIncome,operatingIncomeRatio,totalOtherIncomeExpensesNet,incomeBeforeTax,incomeBeforeTaxRatio,incomeTaxExpense,netIncome,netIncomeRatio,eps,epsdiluted,weightedAverageShsOut,weightedAverageShsOutDil,link,finalLink,timestamp,est_time,est_date
0,2020-12-31,EVOK,USD,2021-03-11,2021-03-11 16:11:14,FY,23020.0,86712.0,-63692.0,-2.766811468288445,6554825.0,6428832.0,0.0,0.0,12983657.0,13070369.0,112994.0,0.0,-13041677.0,-566.5367940920938,-13047349.0,-566.7831885317115,0.0,-13154671.0,-571.4453084274544,0.0,-13154671.0,-571.4453084274544,-0.5899990352568112,-0.5899990352568112,22296089.0,22296089.0,https://www.sec.gov/Archives/edgar/data/1403708/000156459021012510/0001564590-21-012510-index.htm,https://www.sec.gov/Archives/edgar/data/1403708/000156459021012510/evok-10k_20201231.htm,1620591857,16:24:17,20210509
1,2019-12-31,EVOK,USD,2020-03-12 00:00:00,2020-03-12 08:33:09,FY,0.0,0.0,0.0,0.0,3416466.0,3737987.0,0.0,0.0,7154453.0,7154453.0,0.0,0.0,-7154453.0,0.0,-7154453.0,0.0,0.0,-7125655.0,0.0,0.0,-7125655.0,0.0,-0.32,-0.32,22296089.0,22296089.0,https://www.sec.gov/Archives/edgar/data/1403708/000156459020010254/0001564590-20-010254-index.html,https://www.sec.gov/Archives/edgar/data/1403708/000156459020010254/evok-10k_20191231.htm,1620591857,16:24:17,20210509
2,2018-12-31,EVOK,USD,2019-03-06 00:00:00,2019-03-06 08:41:25,FY,0.0,0.0,0.0,0.0,4095014.0,3919671.0,0.0,0.0,8014685.0,8014685.0,0.0,0.0,-8448077.0,0.0,-8014685.0,0.0,433392.0,-7566080.0,0.0,0.0,-7566080.0,0.0,-0.46,-0.46,16602422.0,16602422.0,https://www.sec.gov/Archives/edgar/data/1403708/000156459019006404/0001564590-19-006404-index.html,https://www.sec.gov/Archives/edgar/data/1403708/000156459019006404/evok-10k_20181231.htm,1620591857,16:24:17,20210509
3,2017-12-31,EVOK,USD,2018-03-07 00:00:00,2018-03-07 16:16:40,FY,0.0,0.0,0.0,0.0,7137493.0,4093189.0,0.0,0.0,11230682.0,11230682.0,0.0,0.0,-10225333.0,0.0,-11230682.0,0.0,-1005349.0,-12229512.0,0.0,0.0,-12229512.0,0.0,-0.82,-0.9,14897885.0,14951036.0,https://www.sec.gov/Archives/edgar/data/1403708/000156459018004725/0001564590-18-004725-index.html,https://www.sec.gov/Archives/edgar/data/1403708/000156459018004725/evok-10k_20171231.htm,1620591857,16:24:17,20210509
4,2016-12-31,EVOK,USD,2017-03-15 00:00:00,2017-03-15 16:11:53,FY,0.0,0.0,0.0,0.0,6951600.0,3592825.0,0.0,0.0,10544425.0,10544425.0,0.0,0.0,-11142040.0,0.0,-10544425.0,0.0,597615.0,-10748531.0,0.0,0.0,-10748531.0,0.0,-1.15,-1.15,9338068.0,9338068.0,https://www.sec.gov/Archives/edgar/data/1403708/000156459017004426/0001564590-17-004426-index.html,https://www.sec.gov/Archives/edgar/data/1403708/000156459017004426/evok-10k_20161231.htm,1620591857,16:24:17,20210509
5,2015-12-31,EVOK,USD,2016-03-10 00:00:00,2016-03-10 16:11:19,FY,0.0,0.0,0.0,0.0,8154144.0,3664159.0,0.0,0.0,11818303.0,11818303.0,0.0,0.0,-11515143.0,0.0,-11818303.0,0.0,-303160.0,-12121463.0,0.0,0.0,-12121463.0,0.0,-1.87,-1.87,6485794.0,6485794.0,https://www.sec.gov/Archives/edgar/data/1403708/000156459016014408/0001564590-16-014408-index.html,https://www.sec.gov/Archives/edgar/data/1403708/000156459016014408/evok-10k_20151231.htm,1620591857,16:24:17,20210509
6,2014-12-31,EVOK,USD,2015-03-04,2015-03-04 16:10:51,FY,0.0,0.0,0.0,0.0,9991855.0,3158179.0,0.0,0.0,13150034.0,13150034.0,107834.0,0.0,-13139847.0,0.0,-13150034.0,0.0,0.0,-13247681.0,0.0,0.0,-13247681.0,0.0,-2.2,-2.2,6032560.0,6032560.0,https://www.sec.gov/Archives/edgar/data/1403708/000156459015001287/evok-10k_20141231.htm,https://www.sec.gov/Archives/edgar/data/1403708/000156459015001287/evok-10k_20141231.htm,1620591857,16:24:17,20210509
7,2013-12-31,EVOK,USD,2014-03-25,2014-03-25 16:11:32,FY,0.0,0.0,0.0,0.0,956980.0,1644848.0,0.0,0.0,2601828.0,2601828.0,159885.0,0.0,-2594580.0,0.0,-2601828.0,0.0,-82000.0,-2836465.0,0.0,0.0,-2836465.0,0.0,-1.2,-1.2,2368006.0,2368006.0,https://www.sec.gov/Archives/edgar/data/1403708/000119312514114409/0001193125-14-114409-index.htm,https://www.sec.gov/Archives/edgar/data/1403708/000119312514114409/d652766d10k.htm,1620591857,16:24:17,20210509
