,date,symbol,reportedCurrency,fillingDate,acceptedDate,period,revenue,costOfRevenue,grossProfit,grossProfitRatio,researchAndDevelopmentExpenses,generalAndAdministrativeExpenses,sellingAndMarketingExpenses,otherExpenses,operatingExpenses,costAndExpenses,interestExpense,depreciationAndAmortization,ebitda,ebitdaratio,operatingIncome,operatingIncomeRatio,totalOtherIncomeExpensesNet,incomeBeforeTax,incomeBeforeTaxRatio,incomeTaxExpense,netIncome,netIncomeRatio,eps,epsdiluted,weightedAverageShsOut,weightedAverageShsOutDil,link,finalLink,timestamp,est_time,est_date
0,2020-12-31,8337.HK,HKD,2020-12-31,2020-12-31,FY,213786000.0,211892000,1894000.0,0.008859326616335962,0.0,38799000,0.0,10000.0,0.0,250153000.0,80000.0,3002000.0,-33365000.0,-0.15606728223550653,-36367000.0,-0.17010936169814675,0.0,220000.0,0.0010290664496271974,888000.0,-668000.0,-0.0031246199470498534,-0.00021461847389558233,-0.00021461847389558233,3112500000,3112500000,https://www1.hkexnews.hk/search/titlesearch.xhtml,https://www1.hkexnews.hk/search/titlesearch.xhtml,1620585888,14:44:48,20210509
1,2019-12-31,8337.HK,HKD,2019-12-31,2019-12-31,FY,244823000.0,243584000,1239000.0,0.00506079902623528,0.0,57784000,0.0,84000.0,57784000.0,301368000.0,51000.0,5781000.0,-50764000.0,-0.20734979965117656,-56545000.0,-0.2309627771900516,0.0,-58816000.0,-0.24023886644637146,260000.0,-59076000.0,-0.24130085817100516,-0.01898024096385542,-0.017001662580484925,3112500000,3474719000,https://www1.hkexnews.hk/search/titlesearch.xhtml,https://www1.hkexnews.hk/search/titlesearch.xhtml,1620585888,14:44:48,20210509
2,2018-12-31,8337.HK,HKD,2018-12-31,2018-12-31,FY,256279000.0,235009000,21270000.0,0.08299548538897061,0.0,19294000,0.0,176000.0,19294000.0,254303000.0,0.0,5294000.0,7270000.0,0.02836752133417096,1976000.0,0.0077103469265917225,0.0,-1935000.0,-0.007550365031859809,-157000.0,-1778000.0,-0.006937751434959556,-0.0006,-0.0006,3112500000,3112500000,https://www1.hkexnews.hk/search/titlesearch.xhtml,https://www1.hkexnews.hk/search/titlesearch.xhtml,1620585888,14:44:48,20210509
3,2017-12-31,8337.HK,HKD,2017-12-31,2017-12-31,FY,59096000.0,54208000,4888000.0,0.08271287396778124,0.0,13775000,0.0,0.0,13225000.0,67433000.0,0.0,2707000.0,-5630000.0,-0.09526871531068093,-8337000.0,-0.14107553810748613,0.0,-6959000.0,-0.117757547042101,-737000.0,-6222000.0,-0.10528631379450386,-0.002,-0.002,3112500000,3112500000,https://www1.hkexnews.hk/search/titlesearch.xhtml,https://www1.hkexnews.hk/search/titlesearch.xhtml,1620585888,14:44:48,20210509
4,2016-12-31,8337.HK,HKD,2016-12-31,2016-12-31,FY,6415000.0,13562000,-7147000.0,-1.1141075604053001,0.0,12197000,0.0,0.0,-13740000.0,-178000.0,0.0,1669000.0,8262000.0,1.2879189399844115,6593000.0,1.0277474668745128,0.0,3115000.0,0.48558067030397506,-128000.0,3243000.0,0.5055339049103663,0.001,0.0009,3112500000,3557852000,https://www1.hkexnews.hk/search/titlesearch.xhtml,https://www1.hkexnews.hk/search/titlesearch.xhtml,1620585888,14:44:48,20210509
5,2015-12-31,8337.HK,HKD,2015-12-31,2015-12-31,FY,15934000.0,18728000,-2794000.0,-0.17534831178611773,0.0,17212000,0.0,0.0,28786000.0,47514000.0,0.0,999000.0,-30581000.0,-1.9192293209489142,-31580000.0,-1.9819254424501067,0.0,-35739000.0,-2.242939625957073,301000.0,-36040000.0,-2.2618300489519267,-0.0116,-0.0116,3112500000,3112500000,https://www1.hkexnews.hk/search/titlesearch.xhtml,https://www1.hkexnews.hk/search/titlesearch.xhtml,1620585888,14:44:48,20210509
6,2014-12-31,8337.HK,HKD,2014-12-31,2014-12-31,FY,22680000.0,20324000,2356000.0,0.10388007054673722,0.0,13112000,0.0,0.0,13095000.0,33419000.0,0.0,884000.0,-9855000.0,-0.43452380952380953,-10739000.0,-0.4735008818342152,0.0,-23370000.0,-1.0304232804232805,1570000.0,-24940000.0,-1.099647266313933,-0.008,-0.008,3112500000,3112500000,https://www1.hkexnews.hk/search/titlesearch.xhtml,https://www1.hkexnews.hk/search/titlesearch.xhtml,1620585888,14:44:48,20210509
7,2013-12-31,8337.HK,HKD,2013-12-31,2013-12-31,FY,50882000.0,25106000,25776000.0,0.5065838606972997,0.0,14489000,0.0,0.0,14446000.0,39552000.0,0.0,920000.0,12250000.0,0.24075311505050903,11330000.0,0.22267206477732793,0.0,12315000.0,0.2420305805589403,2234000.0,10081000.0,0.19812507369993318,0.003333,0.003333,3112500000,3112500000,https://www1.hkexnews.hk/search/titlesearch.xhtml,https://www1.hkexnews.hk/search/titlesearch.xhtml,1620585888,14:44:48,20210509
8,2012-12-31,8337.HK,HKD,2012-12-31,2012-12-31,FY,71780000.0,29604000,42176000.0,0.5875731401504597,0.0,15760000,0.0,0.0,15716000.0,45320000.0,0.0,851000.0,27311000.0,0.38048202842017276,26460000.0,0.36862635831707996,0.0,26738000.0,0.3724993034271385,4608000.0,22130000.0,0.3083031485093341,0.007,0.007,3112500000,3112500000,https://www1.hkexnews.hk/search/titlesearch.xhtml,https://www1.hkexnews.hk/search/titlesearch.xhtml,1620585888,14:44:48,20210509
9,2011-12-31,8337.HK,HKD,2011-12-31,2011-12-31,FY,72270000.0,28415000,43855000.0,0.6068216410682165,0.0,18311000,0.0,0.0,18282000.0,46697000.0,0.0,516000.0,26089000.0,0.36099349660993496,25573000.0,0.35385360453853604,0.0,27495000.0,0.3804483188044832,4477000.0,23018000.0,0.3185000691850007,0.007333,0.007333,3112500000,3112500000,https://www1.hkexnews.hk/search/titlesearch.xhtml,https://www1.hkexnews.hk/search/titlesearch.xhtml,1620585888,14:44:48,20210509
10,2010-12-31,8337.HK,HKD,2010-12-31,2010-12-31,FY,68766000.0,27683000,41083000.0,0.5974318704010703,0.0,17617000,0.0,0.0,16919000.0,44602000.0,0.0,1209000.0,25373000.0,0.36897594741587414,24164000.0,0.3513945845330541,0.0,25336000.0,0.3684378908181369,4523000.0,20813000.0,0.30266410726230986,0.007667,0.007667,2753322000,2753322000,https://www1.hkexnews.hk/search/titlesearch.xhtml,https://www1.hkexnews.hk/search/titlesearch.xhtml,1620585888,14:44:48,20210509
11,2009-12-31,8337.HK,HKD,2009-12-31,2009-12-31,FY,51875000.0,25594000,26281000.0,0.5066216867469879,0.0,18020000,0.0,0.0,18018000.0,43612000.0,0.0,1475000.0,9738000.0,0.18772048192771085,8263000.0,0.1592867469879518,0.0,11049000.0,0.21299277108433734,910000.0,10139000.0,0.19545060240963855,0.004667,0.004667,2250000000,2250000000,https://www1.hkexnews.hk/search/titlesearch.xhtml,https://www1.hkexnews.hk/search/titlesearch.xhtml,1620585888,14:44:48,20210509
