,date,symbol,reportedCurrency,fillingDate,acceptedDate,period,revenue,costOfRevenue,grossProfit,grossProfitRatio,researchAndDevelopmentExpenses,generalAndAdministrativeExpenses,sellingAndMarketingExpenses,otherExpenses,operatingExpenses,costAndExpenses,interestExpense,depreciationAndAmortization,ebitda,ebitdaratio,operatingIncome,operatingIncomeRatio,totalOtherIncomeExpensesNet,incomeBeforeTax,incomeBeforeTaxRatio,incomeTaxExpense,netIncome,netIncomeRatio,eps,epsdiluted,weightedAverageShsOut,weightedAverageShsOutDil,link,finalLink,timestamp,est_time,est_date
0,2020-12-31,HFG.DE,EUR,2020-12-31,2020-12-31,FY,3749900000.0,1276700000.0,2473200000.0,0.6595375876690045,0.0,132800000.0,468400000.0,0.0,0.0,3312700000.0,10000000.0,47000000.0,484200000.0,0.12912344329182113,437200000.0,0.11658977572735273,0.0,395800000.0,0.10554948131950186,26700000.0,369000000.0,0.0984026240699752,2.19,2.09,168400000,177600000,https://www.bundesanzeiger.de/pub/de/suche;wwwsid=627BFD7A56A5CB624C47FDDEAB2FC509.web07-pub?0,https://www.bundesanzeiger.de/pub/de/suche;wwwsid=627BFD7A56A5CB624C47FDDEAB2FC509.web07-pub?0,1620593058,16:44:18,20210509
1,2019-12-31,HFG.DE,EUR,2019-12-31,2019-12-31,FY,1809000000.0,640500000.0,1168500000.0,0.6459369817578773,0.0,119500000.0,404100000.0,0.0,1187600000.0,1828100000.0,6400000.0,39800000.0,20700000.0,0.011442786069651741,-19100000.0,-0.010558319513543394,0.0,-5300000.0,-0.0029297954671089,4800000.0,-10200000.0,-0.005638474295190713,-0.06,-0.06,164100000,164100000,https://www.bundesanzeiger.de/pub/de/suche;wwwsid=627BFD7A56A5CB624C47FDDEAB2FC509.web07-pub?0,https://www.bundesanzeiger.de/pub/de/suche;wwwsid=627BFD7A56A5CB624C47FDDEAB2FC509.web07-pub?0,1620593058,16:44:18,20210509
2,2018-12-31,HFG.DE,EUR,2018-12-31,2018-12-31,FY,1279200000.0,475600000.0,803600000.0,0.6282051282051282,0.0,94600000.0,329700000.0,0.0,881400000.0,1357000000.0,1200000.0,9500000.0,-68300000.0,-0.0533927454659162,-77800000.0,-0.06081926203877423,0.0,-78600000.0,-0.06144465290806754,4200000.0,-82500000.0,-0.06449343339587242,-0.51,-0.51,161100000,161100000,https://www.bundesanzeiger.de/pub/de/suche;wwwsid=627BFD7A56A5CB624C47FDDEAB2FC509.web07-pub?0,https://www.bundesanzeiger.de/pub/de/suche;wwwsid=627BFD7A56A5CB624C47FDDEAB2FC509.web07-pub?0,1620593058,16:44:18,20210509
3,2017-12-31,HFG.DE,EUR,2017-12-31,2017-12-31,FY,904900000.0,365800000.0,539100000.0,0.5957564371753785,0.0,50300000.0,239400000.0,0.0,624600000.0,990400000.0,4700000.0,6100000.0,-79400000.0,-0.08774450215493425,-85500000.0,-0.0944855785169632,0.0,-95100000.0,-0.10509448557851696,-3100000.0,-91800000.0,-0.10144767377610786,-0.67,-0.67,136600000,136600000,https://www.bundesanzeiger.de/pub/de/suche;wwwsid=627BFD7A56A5CB624C47FDDEAB2FC509.web07-pub?0,https://www.bundesanzeiger.de/pub/de/suche;wwwsid=627BFD7A56A5CB624C47FDDEAB2FC509.web07-pub?0,1620593058,16:44:18,20210509
4,2016-12-31,HFG.DE,EUR,2016-12-31,2016-12-31,FY,596992000.0,257347000.0,339645000.0,0.5689272218053173,0.0,29318000.0,157175000.0,0.0,426597000.0,683944000.0,3075000.0,4294000.0,-82658000.0,-0.13845746676672385,-86952000.0,-0.14565019296740994,0.0,-94126000.0,-0.15766710441680962,-270000.0,-93803000.0,-0.1571260586406518,-0.75,-0.75,125545000,125545000,https://www.bundesanzeiger.de/pub/de/suche;wwwsid=627BFD7A56A5CB624C47FDDEAB2FC509.web07-pub?0,https://www.bundesanzeiger.de/pub/de/suche;wwwsid=627BFD7A56A5CB624C47FDDEAB2FC509.web07-pub?0,1620593058,16:44:18,20210509
5,2015-12-31,HFG.DE,EUR,2015-12-31,2015-12-31,FY,304952000.0,146085000.0,158867000.0,0.5209573965738871,0.0,30629000.0,120314000.0,0.0,272900000.0,418985000.0,0.0,607000.0,-113426000.0,-0.371947060521,-114033000.0,-0.37393753771085286,0.0,-116754000.0,-0.3828602534169312,3000.0,-113761000.0,-0.37304559406070464,-0.98,-0.98,118873000,118873000,https://www.bundesanzeiger.de/pub/de/suche;wwwsid=627BFD7A56A5CB624C47FDDEAB2FC509.web07-pub?0,https://www.bundesanzeiger.de/pub/de/suche;wwwsid=627BFD7A56A5CB624C47FDDEAB2FC509.web07-pub?0,1620593058,16:44:18,20210509
6,2014-12-31,HFG.DE,EUR,2014-12-31,2014-12-31,FY,69624000.0,31142000.0,38482000.0,0.5527117086062278,0.0,7475000.0,22317000.0,0.0,53085000.0,84227000.0,0.0,169000.0,-14434000.0,-0.20731357003332185,-14603000.0,-0.20974089394461679,0.0,-15769000.0,-0.22648799264621394,-405000.0,-14557000.0,-0.20908020222911639,-0.17,-0.17,63760000,63760000,https://www.bundesanzeiger.de/pub/de/suche;wwwsid=627BFD7A56A5CB624C47FDDEAB2FC509.web07-pub?0,https://www.bundesanzeiger.de/pub/de/suche;wwwsid=627BFD7A56A5CB624C47FDDEAB2FC509.web07-pub?0,1620593058,16:44:18,20210509
7,2013-12-31,HFG.DE,EUR,2013-12-31,2013-12-31,FY,14158000.0,6818000.0,7340000.0,0.5184348071761549,0.0,3759000.0,4394000.0,0.0,13386000.0,20204000.0,0.0,140000.0,-5906000.0,-0.41714931487498236,-6046000.0,-0.42703771719169376,0.0,-6463000.0,-0.45649102980646983,1000.0,-6270000.0,-0.44285916089843197,-0.047536,-0.047536,131900000,131900000,https://www.bundesanzeiger.de/pub/de/suche;wwwsid=627BFD7A56A5CB624C47FDDEAB2FC509.web07-pub?0,https://www.bundesanzeiger.de/pub/de/suche;wwwsid=627BFD7A56A5CB624C47FDDEAB2FC509.web07-pub?0,1620593058,16:44:18,20210509
8,2012-12-31,HFG.DE,EUR,2012-12-31,2012-12-31,FY,2322000.0,2082000.0,240000.0,0.10335917312661498,0.0,4300000.0,1745000.0,0.0,7203000.0,9285000.0,0.0,24000.0,-6939000.0,-2.988372093023256,-6963000.0,-2.998708010335917,0.0,-7601000.0,-3.273471145564169,0.0,-7551000.0,-3.251937984496124,-0.057248,-0.057248,131900000,131900000,https://www.bundesanzeiger.de/pub/de/suche;wwwsid=627BFD7A56A5CB624C47FDDEAB2FC509.web07-pub?0,https://www.bundesanzeiger.de/pub/de/suche;wwwsid=627BFD7A56A5CB624C47FDDEAB2FC509.web07-pub?0,1620593058,16:44:18,20210509
