,date,symbol,reportedCurrency,fillingDate,acceptedDate,period,revenue,costOfRevenue,grossProfit,grossProfitRatio,researchAndDevelopmentExpenses,generalAndAdministrativeExpenses,sellingAndMarketingExpenses,otherExpenses,operatingExpenses,costAndExpenses,interestExpense,depreciationAndAmortization,ebitda,ebitdaratio,operatingIncome,operatingIncomeRatio,totalOtherIncomeExpensesNet,incomeBeforeTax,incomeBeforeTaxRatio,incomeTaxExpense,netIncome,netIncomeRatio,eps,epsdiluted,weightedAverageShsOut,weightedAverageShsOutDil,link,finalLink,timestamp,est_time,est_date
0,2021-01-31,OUNZ,USD,2021-04-16,2021-04-16 08:09:51,FY,0.0,0.0,0.0,0.0,0.0,0.0,0.0,0.0,0.0,0.0,0.0,0.0,0.0,0.0,0.0,0.0,0.0,0.0,0.0,0.0,0.0,0.0,-0.05,-0.05,0.0,0.0,https://www.sec.gov/Archives/edgar/data/1546652/000121390021021828/0001213900-21-021828-index.htm,https://www.sec.gov/Archives/edgar/data/1546652/000121390021021828/f10k2021_vaneckmerk.htm,1620596254,17:37:34,20210509
1,2020-01-31,OUNZ,USD,2020-04-10 00:00:00,2020-04-10 06:03:37,FY,0.0,0.0,0.0,0.0,0.0,0.0,0.0,0.0,0.0,0.0,0.0,0.0,0.0,0.0,0.0,0.0,0.0,0.0,0.0,0.0,0.0,0.0,-0.06,-0.06,0.0,0.0,https://www.sec.gov/Archives/edgar/data/1546652/000121390020008931/0001213900-20-008931-index.html,https://www.sec.gov/Archives/edgar/data/1546652/000121390020008931/f10k2020_vaneckmerk.htm,1620596254,17:37:34,20210509
2,2019-01-31,OUNZ,USD,2019-04-12 00:00:00,2019-04-12 16:16:13,FY,0.0,0.0,0.0,0.0,0.0,0.0,0.0,0.0,0.0,0.0,0.0,0.0,0.0,0.0,0.0,0.0,0.0,0.0,0.0,0.0,0.0,0.0,-0.05,-0.05,0.0,0.0,https://www.sec.gov/Archives/edgar/data/1546652/000121390019006270/0001213900-19-006270-index.html,https://www.sec.gov/Archives/edgar/data/1546652/000121390019006270/f10k2019_vaneckmerkgold.htm,1620596254,17:37:34,20210509
3,2018-01-31,OUNZ,USD,2018-04-13 00:00:00,2018-04-13 06:09:58,FY,0.0,0.0,0.0,0.0,0.0,0.0,0.0,0.0,0.0,0.0,0.0,11031072000.0,11031072000.0,0.0,0.0,0.0,0.0,0.0,0.0,0.0,0.0,0.0,-0.05,-0.05,0.0,0.0,https://www.sec.gov/Archives/edgar/data/1546652/000121390018004389/0001213900-18-004389-index.html,https://www.sec.gov/Archives/edgar/data/1546652/000121390018004389/f10k2018_vaneckmerk.htm,1620596254,17:37:34,20210509
4,2017-01-31,OUNZ,USD,2017-04-14 00:00:00,2017-04-14 16:32:37,FY,0.0,0.0,0.0,0.0,0.0,0.0,0.0,0.0,0.0,0.0,0.0,-2649557000.0,-12075254000.0,0.0,-9425697000.0,0.0,0.0,0.0,0.0,0.0,0.0,0.0,0.0,0.0,0.0,0.0,https://www.sec.gov/Archives/edgar/data/1546652/000121390017003816/0001213900-17-003816-index.html,https://www.sec.gov/Archives/edgar/data/1546652/000121390017003816/f10k2017_vaneckmerkgold.htm,1620596254,17:37:34,20210509
5,2016-01-31,OUNZ,USD,2016-04-29 00:00:00,2016-04-29 07:00:21,FY,0.0,0.0,0.0,0.0,0.0,0.0,0.0,277150.0,277150.0,277150.0,0.0,-8872117000.0,-8880023574.0,0.0,-7906574.0,0.0,0.0,-7906574.0,0.0,0.0,-7906574.0,0.0,0.0,0.0,0.0,0.0,https://www.sec.gov/Archives/edgar/data/1546652/000089843216002191/0000898432-16-002191-index.html,https://www.sec.gov/Archives/edgar/data/1546652/000089843216002191/a10-k.htm,1620596254,17:37:34,20210509
6,2015-01-31,OUNZ,USD,2015-04-29 00:00:00,2015-04-29 16:21:48,FY,0.0,0.0,0.0,0.0,0.0,0.0,0.0,0.0,0.0,0.0,0.0,-1188296000.0,-1188296000.0,0.0,0.0,0.0,0.0,0.0,0.0,0.0,0.0,0.0,0.0,0.0,0.0,0.0,https://www.sec.gov/Archives/edgar/data/1546652/000089843215000565/0000898432-15-000565-index.html,https://www.sec.gov/Archives/edgar/data/1546652/000089843215000565/a10k.htm,1620596254,17:37:34,20210509
