,date,symbol,reportedCurrency,fillingDate,acceptedDate,period,revenue,costOfRevenue,grossProfit,grossProfitRatio,researchAndDevelopmentExpenses,generalAndAdministrativeExpenses,sellingAndMarketingExpenses,otherExpenses,operatingExpenses,costAndExpenses,interestExpense,depreciationAndAmortization,ebitda,ebitdaratio,operatingIncome,operatingIncomeRatio,totalOtherIncomeExpensesNet,incomeBeforeTax,incomeBeforeTaxRatio,incomeTaxExpense,netIncome,netIncomeRatio,eps,epsdiluted,weightedAverageShsOut,weightedAverageShsOutDil,link,finalLink,timestamp,est_time,est_date
0,2020-06-30,CCUR,USD,2020-09-15,2020-09-15 16:06:07,FY,5873000.0,0.0,5873000.0,1.0,0.0,0.0,0.0,0.0,9059000.0,7731000.0,0.0,496000.0,-995000.0,-0.1694193768091265,-1491000.0,-0.25387365911799764,7004000.0,6999000.0,1.1917248424995743,-6030000.0,12230000.0,2.082411033543334,1.394054851897915,1.3846559514901695,8772969.0,8832519.0,https://www.sec.gov/Archives/edgar/data/749038/000110465920105213/0001104659-20-105213-index.htm,https://www.sec.gov/Archives/edgar/data/749038/000110465920105213/tm2024746-1_10k.htm,1620590053,15:54:13,20210509
1,2019-06-30,CCUR,USD,2019-08-28,2019-08-28 16:51:35,FY,3456000.0,0.0,3456000.0,1.0,0.0,3231000.0,468000.0,2514000.0,5483000.0,6213000.0,3392000.0,182000.0,-2575000.0,-0.7450810185185185,-2757000.0,-0.7977430555555556,-45000.0,590000.0,0.1707175925925926,40000.0,681000.0,0.1970486111111111,8e-05,8e-05,8941413000.0,8941413000.0,https://www.sec.gov/Archives/edgar/data/749038/000114420419042110/0001144204-19-042110-index.htm,https://www.sec.gov/Archives/edgar/data/749038/000114420419042110/tv528087_10k.htm,1620590053,15:54:13,20210509
2,2018-06-30,CCUR,USD,2018-09-07 00:00:00,2018-09-07 16:16:04,FY,16018000.0,6342000.0,9676000.0,0.6040704207766263,3290000.0,7370000.0,4235000.0,-143000.0,7370000.0,7400000.0,4000.0,606000.0,-6794000.0,-0.424147833687102,-7400000.0,-0.461980272193782,-143000.0,-7700000.0,-0.48070920214758395,-9900000.0,16100000.0,1.0051192408540393,1.69474,1.69474,8941413000.0,8941413000.0,https://www.sec.gov/Archives/edgar/data/749038/000114420418048540/0001144204-18-048540-index.html,https://www.sec.gov/Archives/edgar/data/749038/000114420418048540/tv502024_10k.htm,1620590053,15:54:13,20210509
3,2017-06-30,CCUR,USD,2017-09-20 00:00:00,2017-09-20 15:17:06,FY,27600000.0,12500000.0,15100000.0,0.5471014492753623,8200000.0,8068000.0,11130000.0,0.0,27431000.0,39900000.0,1000.0,1726000.0,-10474000.0,-0.3794927536231884,-12200000.0,-0.4420289855072464,7000.0,-12100000.0,-0.4384057971014493,-1000000.0,28400000.0,1.0289855072463767,0.00307,0.00307,9252275000.0,9252275000.0,https://www.sec.gov/Archives/edgar/data/749038/000114420417048837/0001144204-17-048837-index.html,https://www.sec.gov/Archives/edgar/data/749038/000114420417048837/v474318_10k.htm,1620590053,15:54:13,20210509
4,2016-06-30,CCUR,USD,2016-08-30,2016-08-30 17:30:48,FY,32007000.0,13204000.0,18803000.0,0.5874652419783173,10549000.0,8375000.0,15748000.0,703000.0,38411000.0,37159000.0,2000.0,1701000.0,-3451000.0,-0.10782016433905084,-5152000.0,-0.16096478895241667,409000.0,-4706000.0,-0.14703033711375638,8031000.0,-11113000.0,-0.3472052988408786,-0.00121,-0.00121,9154437000.0,9154437000.0,https://www.sec.gov/Archives/edgar/data/749038/000114420416122127/0001144204-16-122127-index.htm,https://www.sec.gov/Archives/edgar/data/749038/000114420416122127/v447184_10k.htm,1620590053,15:54:13,20210509
5,2015-06-30,CCUR,USD,2015-08-26 00:00:00,2015-08-26 17:04:17,FY,64459000.0,28069000.0,36390000.0,0.5645449045129463,13588000.0,7990000.0,14530000.0,-618000.0,36108000.0,28069000.0,0.0,1762000.0,2708000.0,0.042011200918413254,946000.0,0.014675995594098575,0.0,340000.0,0.005274670720923378,685000.0,-345000.0,-0.00535223940799578,-4e-05,-4e-05,9067697000.0,9067697000.0,https://www.sec.gov/Archives/edgar/data/749038/000114036115033559/0001140361-15-033559-index.html,https://www.sec.gov/Archives/edgar/data/749038/000114036115033559/form10k.htm,1620590053,15:54:13,20210509
6,2014-06-30,CCUR,USD,2014-08-27 00:00:00,2014-08-27 17:11:29,FY,71171000.0,30758000.0,40413000.0,0.5678295935142122,13019000.0,7744000.0,14350000.0,-188000.0,35113000.0,30758000.0,42000.0,2320000.0,7620000.0,0.10706608028550954,5300000.0,0.07446853353191608,0.0,5097000.0,0.07161624819097666,-13408000.0,18505000.0,0.2600075873600202,2.07665,2.07665,8911000.0,8911000.0,https://www.sec.gov/Archives/edgar/data/749038/000114036114034313/0001140361-14-034313-index.html,https://www.sec.gov/Archives/edgar/data/749038/000114036114034313/form10.htm,1620590053,15:54:13,20210509
7,2013-06-30,CCUR,USD,2013-09-17 00:00:00,2013-09-17 16:06:01,FY,63400000.0,26600000.0,36800000.0,0.580441640378549,11600000.0,8226000.0,14358000.0,-388000.0,34183000.0,58400000.0,66000.0,3160000.0,8160000.0,0.12870662460567822,5000000.0,0.07886435331230283,-400000.0,4600000.0,0.07255520504731862,400000.0,4200000.0,0.06624605678233439,0.48077,0.48077,8736000.0,8736000.0,https://www.sec.gov/Archives/edgar/data/749038/000114036113036155/0001140361-13-036155-index.html,https://www.sec.gov/Archives/edgar/data/749038/000114036113036155/form10k.htm,1620590053,15:54:13,20210509
8,2012-06-30,CCUR,USD,2012-08-28 00:00:00,2012-08-28 16:32:08,FY,60300000.0,25600000.0,34700000.0,0.5754560530679934,13200000.0,7373000.0,16257000.0,-227000.0,36783000.0,62299999.99999999,73000.0,3710000.0,1710000.0,0.028358208955223882,-2000000.0,-0.03316749585406302,-200000.0,-2200000.0,-0.03648424543946932,700000.0,-2900000.0,-0.04809286898839138,-0.33713,-0.33713,8602000.0,8602000.0,https://www.sec.gov/Archives/edgar/data/749038/000114036112038661/0001140361-12-038661-index.html,https://www.sec.gov/Archives/edgar/data/749038/000114036112038661/form10k.htm,1620590053,15:54:13,20210509
9,2011-06-30,CCUR,USD,2011-08-30 00:00:00,2011-08-30 16:34:20,FY,66800000.0,29400000.0,37400000.0,0.5598802395209581,14100000.0,8641000.0,17346000.0,-57000.0,40116000.0,69500000.0,73000.0,3350000.0,650000.0,0.009730538922155689,-2700000.0,-0.040419161676646706,-100000.0,-2700000.0,-0.040419161676646706,500000.0,-3300000.0,-0.04940119760479042,-0.39244,-0.39244,8409000.0,8409000.0,https://www.sec.gov/Archives/edgar/data/749038/000114036111044076/0001140361-11-044076-index.html,https://www.sec.gov/Archives/edgar/data/749038/000114036111044076/form10k.htm,1620590053,15:54:13,20210509
10,2010-06-30,CCUR,USD,2010-08-31 00:00:00,2010-08-31 17:03:59,FY,60400000.0,24000000.0,36400000.0,0.6026490066225165,12500000.0,8658000.0,15540000.0,-233000.0,36728000.0,60700000.0,102000.0,2950000.0,2650000.0,0.043874172185430466,-300000.0,-0.004966887417218543,-200000.0,-600000.0,-0.009933774834437087,400000.0,-1000000.0,-0.016556291390728478,-0.12009,-0.12009,8327000.0,8327000.0,https://www.sec.gov/Archives/edgar/data/749038/000114036110035681/0001140361-10-035681-index.html,https://www.sec.gov/Archives/edgar/data/749038/000114036110035681/form10k.htm,1620590053,15:54:13,20210509
11,2009-06-30,CCUR,USD,2009-08-28 00:00:00,2009-08-28 16:01:29,FY,71600000.0,30300000.0,41300000.0,0.5768156424581006,13800000.0,8919000.0,15798000.0,17090000.0,38489000.0,85900000.00000001,119000.0,3180000.0,-11120000.0,-0.1553072625698324,-14300000.0,-0.19972067039106145,-100000.0,-14300000.0,-0.19972067039106145,200000.0,-14500000.0,-0.20251396648044692,-1.751,-1.751,8281000.0,8281000.0,https://www.sec.gov/Archives/edgar/data/749038/000114036109019931/0001140361-09-019931-index.html,https://www.sec.gov/Archives/edgar/data/749038/000114036109019931/form10k.htm,1620590053,15:54:13,20210509
12,2008-06-30,CCUR,USD,2008-08-27 00:00:00,2008-08-27 16:05:15,FY,70800000.0,32700000.0,38100000.0,0.538135593220339,16600000.0,0.0,15693000.0,0.0,41986000.0,74700000.0,132000.0,3940000.0,40000.0,0.0005649717514124294,-3900000.0,-0.05508474576271186,200000.0,300000.0,0.00423728813559322,47000.0,300000.0,0.00423728813559322,0.03614,0.03614,8302000.0,8302000.0,https://www.sec.gov/Archives/edgar/data/749038/000114036108020318/0001140361-08-020318-index.html,https://www.sec.gov/Archives/edgar/data/749038/000114036108020318/form10k.htm,1620590053,15:54:13,20210509
13,2007-06-30,CCUR,USD,2007-08-31 00:00:00,2007-08-31 08:15:06,FY,69100000.0,36800000.0,32400000.0,0.46888567293777134,17600000.0,0.0,0.0,0.0,44154000.0,80900000.00000001,100000.0,5360000.0,-6440000.0,-0.09319826338639653,-11800000.0,-0.170767004341534,0.0,-11700000.0,-0.16931982633863965,500000.0,-12200000.0,-0.17655571635311143,-1.67123,-1.67123,7300000.0,7300000.0,https://www.sec.gov/Archives/edgar/data/749038/000114036107017527/0001140361-07-017527-index.html,https://www.sec.gov/Archives/edgar/data/749038/000114036107017527/form10k.htm,1620590053,15:54:13,20210509
14,2006-06-30,CCUR,USD,2006-06-30,2006-06-30,FY,71600000.0,36200000.0,35400000.0,0.49441340782122906,18800000.0,0.0,0.0,0.0,44949000.0,81200000.0,200000.0,5160000.0,-4440000.0,-0.06201117318435754,-9600000.0,-0.1340782122905028,500000.0,-8800000.0,-0.12290502793296089,200000.0,-9300000.0,-0.12988826815642457,-1.34783,-1.34783,6900000.0,6900000.0,,,1620590053,15:54:13,20210509
15,2005-06-30,CCUR,USD,2005-06-30,2005-06-30,FY,78700000.0,39900000.0,38800000.0,0.49301143583227447,18700000.0,0.0,0.0,0.0,46250000.0,86500000.0,200000.0,5260000.0,-2540000.0,-0.03227445997458704,-7800000.0,-0.09911054637865312,-500000.0,-8000000.0,-0.10165184243964422,-300000.0,-7700000.0,-0.09783989834815757,-1.22222,-1.22222,6300000.0,6300000.0,,,1620590053,15:54:13,20210509
16,2004-06-30,CCUR,USD,2004-06-30,2004-06-30,FY,79200000.0,40500000.0,38700000.0,0.48863636363636365,20000000.0,0.0,0.0,0.0,47262000.0,84700000.0,300000.0,5400000.0,0.0,0.0,-5400000.0,-0.06818181818181818,-100000.0,-5300000.0,-0.06691919191919192,500000.0,-5700000.0,-0.07196969696969698,-0.91935,-0.91935,6200000.0,6200000.0,,,1620590053,15:54:13,20210509
17,2003-06-30,CCUR,USD,2003-06-30,2003-06-30,FY,75500000.0,39000000.0,36400000.0,0.4821192052980132,18800000.0,0.0,0.0,0.0,46249000.0,99800000.0,600000.0,4820000.0,-19580000.0,-0.25933774834437084,-24400000.0,-0.32317880794701986,-100000.0,-24000000.0,-0.31788079470198677,600000.0,-24600000.0,-0.3258278145695364,-3.96774,-3.96774,6200000.0,6200000.0,,,1620590053,15:54:13,20210509
18,2002-06-30,CCUR,USD,2002-09-25 00:00:00,2002-09-25 16:03:27,FY,89400000.0,44800000.0,44600000.0,0.4988814317673378,15300000.0,25600000.0,0.0,0.0,40887000.0,85700000.0,800000.0,5010000.0,8710000.0,0.09742729306487696,3700000.0,0.04138702460850112,0.0,4400000.0,0.049217002237136466,0.0,4400000.0,0.049217002237136466,0.72131,0.72131,6100000.0,6100000.0,https://www.sec.gov/Archives/edgar/data/749038/000101540202003217/0001015402-02-003217-index.html,https://www.sec.gov/Archives/edgar/data/749038/000101540202003217/doc1.txt,1620590053,15:54:13,20210509
19,2001-06-30,CCUR,USD,2001-09-19 00:00:00,2001-09-19 00:00:00,FY,72800000.0,39800000.0,33000000.0,0.4532967032967033,11600000.0,27000000.0,0.0,0.0,38611000.0,78400000.00000001,100000.0,6000000.0,400000.0,0.005494505494505495,-5600000.0,-0.07692307692307693,-100000.0,-5600000.0,-0.07692307692307693,600000.0,-6200000.0,-0.08516483516483517,-1.12727,-1.12727,5500000.0,5500000.0,https://www.sec.gov/Archives/edgar/data/749038/000101540201502732/0001015402-01-502732-index.html,https://www.sec.gov/Archives/edgar/data/749038/000101540201502732/doc1.txt,1620590053,15:54:13,20210509
20,2000-06-30,CCUR,USD,2000-08-22 00:00:00,2000-08-22 00:00:00,FY,68100000.0,36300000.0,31700000.0,0.4654919236417034,9800000.0,29000000.0,0.0,0.0,58276000.0,90700000.0,200000.0,5530000.0,-17070000.0,-0.25066079295154187,-22600000.0,-0.33186490455212925,-100000.0,-22500000.0,-0.3303964757709251,600000.0,-23100000.0,-0.3392070484581498,-4.44231,-4.44231,5200000.0,5200000.0,https://www.sec.gov/Archives/edgar/data/749038/000101540200002360/0001015402-00-002360-index.html,https://www.sec.gov/Archives/edgar/data/749038/000101540200002360/0001015402-00-002360-0001.txt,1620590053,15:54:13,20210509
21,1999-06-30,CCUR,USD,1999-06-30,1999-06-30,FY,70000000.0,34600000.0,35300000.0,0.5042857142857143,10000000.0,26200000.0,0.0,0.0,41200000.0,71300000.0,0.0,4960000.0,3560000.0,0.05085714285714286,-1400000.0,-0.02,0.0,-1300000.0,-0.018571428571428572,400000.0,-1700000.0,-0.024285714285714285,-0.35417,-0.35417,4800000.0,4800000.0,,,1620590053,15:54:13,20210509
22,1998-06-30,CCUR,USD,1998-09-23 00:00:00,1998-09-23 00:00:00,FY,82200000.0,41800000.0,40400000.0,0.49148418491484186,10900000.0,25100000.0,0.0,0.0,41700000.0,77500000.0,-600000.0,5660000.0,10360000.0,0.12603406326034064,4700000.0,0.057177615571776155,300000.0,4400000.0,0.0535279805352798,1000000.0,3400000.0,0.0413625304136253,0.70833,0.70833,4800000.0,4800000.0,https://www.sec.gov/Archives/edgar/data/749038/000101540298000338/0001015402-98-000338-index.html,https://www.sec.gov/Archives/edgar/data/749038/0001015402-98-000338.txt,1620590053,15:54:13,20210509
23,1997-06-30,CCUR,USD,1997-09-25 00:00:00,1997-09-25 00:00:00,FY,108400000.0,57200000.0,51200000.0,0.47232472324723246,13600000.0,28600000.0,0.0,2300000.0,49700000.0,100700000.0,-1900000.0,5180000.0,12880000.0,0.11881918819188192,7700000.0,0.07103321033210332,-400000.0,5400000.0,0.04981549815498155,1400000.0,4100000.0,0.03782287822878229,0.91111,0.91111,4500000.0,4500000.0,https://www.sec.gov/Archives/edgar/data/749038/000101540297000155/0001015402-97-000155-index.html,https://www.sec.gov/Archives/edgar/data/749038/0001015402-97-000155.txt,1620590053,15:54:13,20210509
24,1996-06-30,CCUR,USD,1996-09-27 00:00:00,1996-09-27 00:00:00,FY,95800000.0,60500000.0,35300000.0,0.3684759916492693,13800000.0,29800000.0,0.0,0.0,79200000.0,128699999.99999999,-2100000.0,11070000.0,-21830000.0,-0.2278705636743215,-32900000.0,-0.34342379958246344,-3200000.0,-38200000.0,-0.3987473903966597,3100000.0,-41300000.0,-0.4311064718162839,-13.32258,-13.32258,3100000.0,3100000.0,https://www.sec.gov/Archives/edgar/data/749038/000095014496006649/0000950144-96-006649-index.html,https://www.sec.gov/Archives/edgar/data/749038/0000950144-96-006649.txt,1620590053,15:54:13,20210509
25,1995-06-30,CCUR,USD,1995-09-28 00:00:00,1995-09-28 00:00:00,FY,140100000.0,79500000.0,60700000.0,0.43326195574589577,19500000.0,36900000.0,0.0,0.0,67700000.0,138100000.0,-2100000.0,12280000.0,14380000.0,0.10264097073518914,2100000.0,0.014989293361884369,-300000.0,-300000.0,-0.0021413276231263384,1700000.0,-2000000.0,-0.014275517487508922,-0.66667,-0.66667,3000000.0,3000000.0,https://www.sec.gov/Archives/edgar/data/749038/000074903895000007/0000749038-95-000007-index.html,https://www.sec.gov/Archives/edgar/data/749038/0000749038-95-000007.txt,1620590053,15:54:13,20210509
26,1994-06-30,CCUR,USD,1994-09-30 00:00:00,1994-09-30 00:00:00,FY,179000000.0,103000000.0,76000000.0,0.4245810055865922,23800000.0,48700000.0,0.0,0.0,95600000.0,186000000.0,-3500000.0,13590000.0,6590000.0,0.03681564245810056,-7000000.0,-0.03910614525139665,100000.0,-10300000.0,-0.057541899441340784,1300000.0,-39800000.0,-0.2223463687150838,-14.21429,-14.21429,2800000.0,2800000.0,https://www.sec.gov/Archives/edgar/data/749038/000095011294002605/0000950112-94-002605-index.html,https://www.sec.gov/Archives/edgar/data/749038/0000950112-94-002605.txt,1620590053,15:54:13,20210509
27,1993-06-30,CCUR,USD,1993-06-30,1993-06-30,FY,220500000.0,101500000.0,119000000.0,0.5396825396825397,0.0,86100000.0,0.0,0.0,100200000.0,201700000.0,0.0,14100000.0,32900000.0,0.1492063492063492,18800000.0,0.08526077097505669,1000000.0,6200000.0,0.028117913832199547,2300000.0,3900000.0,0.017687074829931974,4.0,4.0,964286.0,964286.0,,,1620590053,15:54:13,20210509
28,1992-06-30,CCUR,USD,1992-06-30,1992-06-30,FY,221600000.0,95400000.0,126200000.0,0.5694945848375451,0.0,87900000.0,0.0,0.0,109400000.0,204800000.0,0.0,21500000.0,38300000.0,0.17283393501805056,16800000.0,0.07581227436823104,1300000.0,1800000.0,0.008122743682310469,2800000.0,60100000.0,0.27120938628158847,80.0,80.0,186364.0,186364.0,,,1620590053,15:54:13,20210509
29,1991-06-30,CCUR,USD,1991-06-30,1991-06-30,FY,254900000.0,127400000.0,127500000.0,0.5001961553550411,0.0,127600000.0,0.0,0.0,161500000.0,288900000.0,0.0,33900000.0,-100000.0,-0.00039231071008238524,-34000000.0,-0.133385641428011,-2000000.0,-64000000.0,-0.25107885445272654,2800000.0,-66800000.0,-0.26206355433503337,-355.0,-355.0,188169.0,188169.0,,,1620590053,15:54:13,20210509
30,1990-06-30,CCUR,USD,1990-06-30,1990-06-30,FY,340100000.0,139500000.0,200600000.0,0.5898265216112908,0.0,171000000.0,0.0,0.0,212800000.0,352300000.0,0.0,41800000.0,29600000.0,0.08703322552190532,-12200000.0,-0.03587180241105557,-200000.0,-39100000.0,-0.11496618641576008,2600000.0,-41700000.0,-0.12261099676565716,-228.0,-228.0,182895.0,182895.0,,,1620590053,15:54:13,20210509
31,1989-06-30,CCUR,USD,1989-06-30,1989-06-30,FY,278000000.0,131800000.0,146200000.0,0.5258992805755396,0.0,119600000.0,0.0,0.0,151500000.0,283300000.0,0.0,31900000.0,26600000.0,0.09568345323741007,-5300000.0,-0.019064748201438848,4200000.0,-21400000.0,-0.07697841726618705,3300000.0,-24700000.0,-0.08884892086330935,-143.0,-143.0,172727.0,172727.0,,,1620590053,15:54:13,20210509
32,1988-06-30,CCUR,USD,1988-06-30,1988-06-30,FY,76500000.0,29900000.0,46600000.0,0.6091503267973856,0.0,46300000.0,0.0,0.0,53700000.0,83600000.0,0.0,7400000.0,300000.0,0.00392156862745098,-7100000.0,-0.09281045751633987,1600000.0,-6900000.0,-0.09019607843137255,1000000.0,-7900000.0,-0.10326797385620914,-53.0,-53.0,149057.0,149057.0,,,1620590053,15:54:13,20210509
33,1987-06-30,CCUR,USD,1987-06-30,1987-06-30,FY,74700000.0,31700000.0,43000000.0,0.5756358768406962,0.0,33300000.0,0.0,0.0,37800000.0,69500000.0,0.0,4500000.0,9700000.0,0.12985274431057564,5200000.0,0.06961178045515395,2400000.0,7000000.0,0.09370816599732262,3400000.0,3600000.0,0.04819277108433735,24.0,24.0,150000.0,150000.0,,,1620590053,15:54:13,20210509
34,1986-06-30,CCUR,USD,1986-06-30,1986-06-30,FY,50900000.0,23600000.0,27300000.0,0.5363457760314342,0.0,26100000.0,0.0,0.0,29300000.0,52900000.0,0.0,3200000.0,1200000.0,0.023575638506876228,-2000000.0,-0.03929273084479371,1300000.0,-1200000.0,-0.023575638506876228,400000.0,-1600000.0,-0.03143418467583497,-11.0,-11.0,145455.0,145455.0,,,1620590053,15:54:13,20210509
