,date,symbol,reportedCurrency,fillingDate,acceptedDate,period,revenue,costOfRevenue,grossProfit,grossProfitRatio,researchAndDevelopmentExpenses,generalAndAdministrativeExpenses,sellingAndMarketingExpenses,otherExpenses,operatingExpenses,costAndExpenses,interestExpense,depreciationAndAmortization,ebitda,ebitdaratio,operatingIncome,operatingIncomeRatio,totalOtherIncomeExpensesNet,incomeBeforeTax,incomeBeforeTaxRatio,incomeTaxExpense,netIncome,netIncomeRatio,eps,epsdiluted,weightedAverageShsOut,weightedAverageShsOutDil,link,finalLink,timestamp,est_time,est_date
0,2020-03-31,BLXX,USD,2020-07-15,2020-07-14 19:51:47,FY,0.0,0.0,0.0,0.0,0.0,187399.0,0.0,-11532000.0,240201.0,240201.0,122283.0,0.0,-11782201.0,0.0,-240201.0,0.0,-12485516.0,-12858000.0,0.0,0.0,-12858000.0,0.0,-0.09,-0.09,143071431,143071431,https://www.sec.gov/Archives/edgar/data/1428389/000121390020017462/f10k2020_bloxinc.htm,https://www.sec.gov/Archives/edgar/data/1428389/000121390020017462/f10k2020_bloxinc.htm,1620589492,15:44:52,20210509
1,2019-03-31,BLXX,USD,2019-07-01 00:00:00,2019-07-01 13:10:42,FY,0.0,0.0,0.0,0.0,0.0,249563.0,0.0,-11136000.0,443680.0,443680.0,0.0,0.0,-408212.0,0.0,-443680.0,0.0,-11171468.0,-11615101.0,0.0,0.0,-11615101.0,0.0,-0.08,-0.08,140030780,140030780,https://www.sec.gov/Archives/edgar/data/1428389/000121390019011846/0001213900-19-011846-index.html,https://www.sec.gov/Archives/edgar/data/1428389/000121390019011846/f10k2019_bloxinc.htm,1620589492,15:44:52,20210509
2,2018-03-31,BLXX,USD,2018-06-28 00:00:00,2018-06-28 16:47:35,FY,0.0,0.0,0.0,0.0,0.0,1249030.0,0.0,0.0,1445983.0,1445983.0,0.0,386.0,-1445597.0,0.0,-1445983.0,0.0,-43818.0,-1489775.0,0.0,0.0,-1489775.0,0.0,-0.01,-0.01,108611814,108611814,https://www.sec.gov/Archives/edgar/data/1428389/000127351118000040/0001273511-18-000040-index.html,https://www.sec.gov/Archives/edgar/data/1428389/000127351118000040/f180331bloxform10k2018final.htm,1620589492,15:44:52,20210509
3,2017-03-31,BLXX,USD,2017-06-29 00:00:00,2017-06-29 16:54:55,FY,0.0,0.0,0.0,0.0,0.0,434057.0,0.0,0.0,505759.0,505759.0,0.0,1102.0,-504657.0,0.0,-505759.0,0.0,66196.0,-439563.0,0.0,0.0,-439563.0,0.0,-0.004047,-0.004047,108611814,108611814,https://www.sec.gov/Archives/edgar/data/1428389/000127351117000054/0001273511-17-000054-index.html,https://www.sec.gov/Archives/edgar/data/1428389/000127351117000054/f170331bloxform10kv2.htm,1620589492,15:44:52,20210509
4,2016-03-31,BLXX,USD,2016-06-17 00:00:00,2016-06-17 14:06:25,FY,0.0,0.0,0.0,0.0,0.0,940403.0,0.0,0.0,954175.0,954175.0,0.0,1574.0,-952601.0,0.0,-954175.0,0.0,71143.0,-883032.0,0.0,0.0,-875294.0,0.0,-0.01,-0.01,108611814,108611814,https://www.sec.gov/Archives/edgar/data/1428389/000127351116000192/0001273511-16-000192-index.html,https://www.sec.gov/Archives/edgar/data/1428389/000127351116000192/f160331bloxform10k.htm,1620589492,15:44:52,20210509
5,2015-03-31,BLXX,USD,2015-06-29 00:00:00,2015-06-29 15:19:28,FY,0.0,0.0,0.0,0.0,0.0,1580482.0,0.0,0.0,1582265.0,1582265.0,0.0,1783.0,-1580482.0,0.0,-1582265.0,0.0,-197230.0,-1779495.0,0.0,0.0,-2164620.0,0.0,-0.02,-0.02,107380414,107380414,https://www.sec.gov/Archives/edgar/data/1428389/000127351115000079/0001273511-15-000079-index.html,https://www.sec.gov/Archives/edgar/data/1428389/000127351115000079/f150331bloxform10k.htm,1620589492,15:44:52,20210509
6,2014-03-31,BLXX,USD,2014-03-31,2014-03-31,FY,781286.0,1233052.0,-451766.0,-0.5782338349848839,0.0,328541.0,0.0,0.0,328541.0,1561593.0,202499.0,245761.0,-534546.0,-0.68418735264679,-780307.0,-0.9987469377411089,-447433.0,-1430239.0,-1.8306215649582867,0.0,-1430239.0,-1.8306215649582867,-0.04,-0.04,32241079,32241079,,,1620589492,15:44:52,20210509
7,2013-06-30,BLXX,USD,2013-09-17 00:00:00,2013-09-16 19:10:08,FY,0.0,0.0,0.0,0.0,0.0,78061.0,0.0,0.0,78413.0,78413.0,0.0,352.0,-78061.0,0.0,-78413.0,0.0,0.0,-78412.0,0.0,0.0,-78412.0,0.0,-0.01,-0.01,12338604,12338604,https://www.sec.gov/Archives/edgar/data/1428389/000147237513000206/0001472375-13-000206-index.html,https://www.sec.gov/Archives/edgar/data/1428389/000147237513000206/form10k.htm,1620589492,15:44:52,20210509
8,2012-06-30,BLXX,USD,2012-09-17 00:00:00,2012-09-17 15:25:11,FY,0.0,2850.0,-2850.0,0.0,0.0,21194.0,0.0,0.0,21241.0,24091.0,0.0,47.0,-24044.0,0.0,-24091.0,0.0,0.0,0.0,0.0,0.0,-24064.0,0.0,-0.0019503016710804562,-0.0019503016710804562,12338604,12338604,https://www.sec.gov/Archives/edgar/data/1428389/000147237512000188/0001472375-12-000188-index.html,https://www.sec.gov/Archives/edgar/data/1428389/000147237512000188/form10k.htm,1620589492,15:44:52,20210509
9,2011-06-30,BLXX,USD,2011-09-28 00:00:00,2011-09-28 13:55:22,FY,0.0,4598.0,-4598.0,0.0,0.0,74425.0,0.0,0.0,74501.0,79099.0,0.0,76.0,-79023.0,0.0,-79099.0,0.0,1000.0,0.0,0.0,0.0,-78066.0,0.0,-0.01,-0.01,12305351,12305351,https://www.sec.gov/Archives/edgar/data/1428389/000147237511000150/0001472375-11-000150-index.html,https://www.sec.gov/Archives/edgar/data/1428389/000147237511000150/form10k.htm,1620589492,15:44:52,20210509
10,2010-06-30,BLXX,USD,2010-09-27 00:00:00,2010-09-27 12:27:18,FY,0.0,0.0,0.0,0.0,0.0,25254.0,0.0,0.0,25376.0,25376.0,0.0,122.0,-25254.0,0.0,-25376.0,0.0,0.0,0.0,0.0,0.0,-25286.0,0.0,-0.002064503866311332,-0.002064503866311332,12247979,12247979,https://www.sec.gov/Archives/edgar/data/1428389/000147237510000035/0001472375-10-000035-index.html,https://www.sec.gov/Archives/edgar/data/1428389/000147237510000035/form10k.htm,1620589492,15:44:52,20210509
11,2009-06-30,BLXX,USD,2009-09-16 00:00:00,2009-09-16 16:32:15,FY,0.0,4100.0,-4100.0,0.0,0.0,27271.0,0.0,0.0,27533.0,31633.0,0.0,262.0,-31371.0,0.0,-31633.0,0.0,0.0,0.0,0.0,0.0,-30388.0,0.0,-0.002485501513810123,-0.002485501513810123,12226104,12226104,https://www.sec.gov/Archives/edgar/data/1428389/000117625609000853/0001176256-09-000853-index.html,https://www.sec.gov/Archives/edgar/data/1428389/000117625609000853/nava10kjune30.htm,1620589492,15:44:52,20210509
12,2008-06-30,BLXX,USD,2008-09-25 00:00:00,2008-09-25 14:39:14,FY,0.0,7926.0,-7926.0,0.0,0.0,39032.0,0.0,0.0,39509.0,47435.0,0.0,477.0,-46958.0,0.0,-47435.0,0.0,0.0,0.0,0.0,0.0,-42281.0,0.0,-0.003458256203284382,-0.003458256203284382,12226104,12226104,https://www.sec.gov/Archives/edgar/data/1428389/000117625608001077/0001176256-08-001077-index.html,https://www.sec.gov/Archives/edgar/data/1428389/000117625608001077/nava10kjune.htm,1620589492,15:44:52,20210509
