,date,symbol,reportedCurrency,fillingDate,acceptedDate,period,revenue,costOfRevenue,grossProfit,grossProfitRatio,researchAndDevelopmentExpenses,generalAndAdministrativeExpenses,sellingAndMarketingExpenses,otherExpenses,operatingExpenses,costAndExpenses,interestExpense,depreciationAndAmortization,ebitda,ebitdaratio,operatingIncome,operatingIncomeRatio,totalOtherIncomeExpensesNet,incomeBeforeTax,incomeBeforeTaxRatio,incomeTaxExpense,netIncome,netIncomeRatio,eps,epsdiluted,weightedAverageShsOut,weightedAverageShsOutDil,link,finalLink,timestamp,est_time,est_date
0,2020-03-31,MERC.L,GBP,2020-03-31,2020-03-31,FY,12747000.0,0.0,0.0,0.0,0.0,154000.0,3297000.0,0.0,14041000.0,14041000.0,26000.0,1064000.0,-230000.0,-0.018043461206558406,-1294000.0,-0.10151408174472425,0.0,-17613000.0,-1.3817368792657096,-159000.0,-17454000.0,-1.3692633560837844,-0.05112463056640139,-0.05109080956715951,341401000.0,341627000.0,https://find-and-update.company-information.service.gov.uk/search/companies?q=Mercia+Asset+Management+PLC,https://find-and-update.company-information.service.gov.uk/search/companies?q=Mercia+Asset+Management+PLC,1620594918,17:15:18,20210509
1,2019-03-31,MERC.L,GBP,2019-03-31,2019-03-31,FY,10675000.0,8402000.0,2273000.0,0.21292740046838407,0.0,162000.0,3103000.0,0.0,12587000.0,12587000.0,0.0,385000.0,-1527000.0,-0.14304449648711945,-1912000.0,-0.17911007025761125,0.0,2566000.0,0.24037470725995316,-54000.0,2620000.0,0.24543325526932083,0.00863802710098579,0.008589657003848953,303310000.0,305018000.0,https://find-and-update.company-information.service.gov.uk/search/companies?q=Mercia+Asset+Management+PLC,https://find-and-update.company-information.service.gov.uk/search/companies?q=Mercia+Asset+Management+PLC,1620594918,17:15:18,20210509
2,2018-03-31,MERC.L,GBP,2018-03-31,2018-03-31,FY,10197000.0,7500000.0,2697000.0,0.2644895557516917,0.0,130000.0,2612000.0,0.0,11431000.0,11431000.0,0.0,382000.0,-852000.0,-0.08355398646660783,-1234000.0,-0.12101598509365499,0.0,1609000.0,0.15779150730607042,-54000.0,1663000.0,0.16308718250465823,0.0055,0.0055,300617000.0,300617000.0,https://find-and-update.company-information.service.gov.uk/search/companies?q=Mercia+Asset+Management+PLC,https://find-and-update.company-information.service.gov.uk/search/companies?q=Mercia+Asset+Management+PLC,1620594918,17:15:18,20210509
3,2017-03-31,MERC.L,GBP,2017-03-31,2017-03-31,FY,6660000.0,92000.0,6568000.0,0.9861861861861861,0.0,9051000.0,0.0,0.0,9747000.0,9839000.0,0.0,301000.0,-2878000.0,-0.43213213213213214,-3179000.0,-0.4773273273273273,0.0,989000.0,0.1484984984984985,-54000.0,1043000.0,0.1566066066066066,0.0047,0.0047,223890000.0,223890000.0,https://find-and-update.company-information.service.gov.uk/search/companies?q=Mercia+Asset+Management+PLC,https://find-and-update.company-information.service.gov.uk/search/companies?q=Mercia+Asset+Management+PLC,1620594918,17:15:18,20210509
4,2016-03-31,MERC.L,GBP,2016-03-31,2016-03-31,FY,1755000.0,79000.0,1676000.0,0.954985754985755,0.0,4011000.0,0.0,0.0,4258000.0,4337000.0,0.0,17000.0,-2565000.0,-1.4615384615384615,-2582000.0,-1.4712250712250712,0.0,-1697000.0,-0.9669515669515669,0.0,-1697000.0,-0.9669515669515669,-0.008,-0.008,212099000.0,212099000.0,https://find-and-update.company-information.service.gov.uk/search/companies?q=Mercia+Asset+Management+PLC,https://find-and-update.company-information.service.gov.uk/search/companies?q=Mercia+Asset+Management+PLC,1620594918,17:15:18,20210509
5,2015-03-31,MERC.L,GBP,2015-03-31,2015-03-31,FY,508000.0,10000.0,498000.0,0.9803149606299213,0.0,1495000.0,0.0,0.0,1539000.0,1549000.0,0.0,6000.0,-1035000.0,-2.0374015748031495,-1041000.0,-2.0492125984251968,0.0,1968000.0,3.874015748031496,0.0,1968000.0,3.874015748031496,0.0093,0.0093,212000000.0,212000000.0,https://find-and-update.company-information.service.gov.uk/search/companies?q=Mercia+Asset+Management+PLC,https://find-and-update.company-information.service.gov.uk/search/companies?q=Mercia+Asset+Management+PLC,1620594918,17:15:18,20210509
6,2014-03-31,MERC.L,GBP,2014-03-31,2014-03-31,FY,722728.0,26098.0,696630.0,0.963889596085941,0.0,654552.0,0.0,0.0,654552.0,680650.0,0.0,3930.0,46008.0,0.06365880386535461,42078.0,0.058221073488227935,0.0,42078.0,0.058221073488227935,0.0,42078.0,0.058221073488227935,3.26,3.258324,12914.0,12914.0,https://find-and-update.company-information.service.gov.uk/search/companies?q=Mercia+Asset+Management+PLC,https://find-and-update.company-information.service.gov.uk/search/companies?q=Mercia+Asset+Management+PLC,1620594918,17:15:18,20210509
7,2013-03-31,MERC.L,GBP,2013-03-31,2013-03-31,FY,501359.0,15943.0,485416.0,0.9682004312279225,0.0,466453.0,0.0,0.0,466453.0,482396.0,0.0,311.0,19274.0,0.03844351053835675,18963.0,0.037823196551772284,0.0,18963.0,0.037823196551772284,0.0,18963.0,0.037823196551772284,1.42,1.42,13336.0,13336.0,https://find-and-update.company-information.service.gov.uk/search/companies?q=Mercia+Asset+Management+PLC,https://find-and-update.company-information.service.gov.uk/search/companies?q=Mercia+Asset+Management+PLC,1620594918,17:15:18,20210509
8,2012-03-31,MERC.L,GBP,2012-03-31,2012-03-31,FY,411400.0,0.0,411400.0,1.0,0.0,407228.0,0.0,0.0,407228.0,407228.0,0.0,254.0,4426.0,0.01075838599902771,4172.0,0.010140982012639767,0.0,4172.0,0.010140982012639767,0.0,4172.0,0.010140982012639767,0.31,0.31,13336.0,13336.0,https://find-and-update.company-information.service.gov.uk/search/companies?q=Mercia+Asset+Management+PLC,https://find-and-update.company-information.service.gov.uk/search/companies?q=Mercia+Asset+Management+PLC,1620594918,17:15:18,20210509
