,date,symbol,reportedCurrency,fillingDate,acceptedDate,period,revenue,costOfRevenue,grossProfit,grossProfitRatio,researchAndDevelopmentExpenses,generalAndAdministrativeExpenses,sellingAndMarketingExpenses,otherExpenses,operatingExpenses,costAndExpenses,interestExpense,depreciationAndAmortization,ebitda,ebitdaratio,operatingIncome,operatingIncomeRatio,totalOtherIncomeExpensesNet,incomeBeforeTax,incomeBeforeTaxRatio,incomeTaxExpense,netIncome,netIncomeRatio,eps,epsdiluted,weightedAverageShsOut,weightedAverageShsOutDil,link,finalLink,timestamp,est_time,est_date
0,2020-06-30,PSTI,USD,2020-09-10,2020-09-10 17:19:38,FY,23000.0,0.0,23000.0,1.0,21577000.0,7922000.0,0.0,0.0,29499000.0,29499000.0,196000.0,1570000.0,-27906000.0,-1213.304347826087,-29476000.0,-1281.5652173913043,168000.0,-29152000.0,-1267.4782608695652,0.0,-29152000.0,-1267.4782608695652,-1.6,-1.6,18197303.0,18197303.0,https://www.sec.gov/Archives/edgar/data/1158780/000121390020026105/0001213900-20-026105-index.htm,https://www.sec.gov/Archives/edgar/data/1158780/000121390020026105/f10k2020_pluristemtherap.htm,1620596868,17:47:48,20210509
1,2019-06-30,PSTI,USD,2019-09-12,2019-09-12 16:09:57,FY,54000.0,2000.0,52000.0,0.9629629629629629,26427000.0,9157000.0,0.0,0.0,35584000.0,35586000.0,0.0,1962000.0,-33570000.0,-621.6666666666666,-35532000.0,-658.0,-131000.0,-35307000.0,-653.8333333333334,0.0,-35307000.0,-653.8333333333334,-2.9,-2.9,12332912.0,12332912.0,https://www.sec.gov/Archives/edgar/data/1158780/000121390019017859/f10k2019_pluristemtherap.htm,https://www.sec.gov/Archives/edgar/data/1158780/000121390019017859/f10k2019_pluristemtherap.htm,1620596868,17:47:48,20210509
2,2018-06-30,PSTI,USD,2018-09-12 00:00:00,2018-09-12 16:06:09,FY,50000.0,2000.0,48000.0,0.96,22629000.0,11193000.0,0.0,0.0,33779000.0,33781000.0,0.0,2018000.0,-31713000.0,-634.26,-33731000.0,-674.62,8266000.0,-26126000.0,-522.52,0.0,-26126000.0,-522.52,-2.5,-2.5,10587676.0,10587676.0,https://www.sec.gov/Archives/edgar/data/1158780/000117891318002512/0001178913-18-002512-index.html,https://www.sec.gov/Archives/edgar/data/1158780/000117891318002512/zk1822069.htm,1620596868,17:47:48,20210509
3,2017-06-30,PSTI,USD,2017-09-07 00:00:00,2017-09-07 16:09:28,FY,0.0,0.0,0.0,0.0,21092000.0,6927000.0,0.0,0.0,28019000.0,28019000.0,0.0,2177000.0,-25842000.0,0.0,-28019000.0,0.0,150000.0,-27814000.0,0.0,0.0,-27814000.0,0.0,-3.2,-3.2,8742620.0,8742620.0,https://www.sec.gov/Archives/edgar/data/1158780/000117891317002643/0001178913-17-002643-index.html,https://www.sec.gov/Archives/edgar/data/1158780/000117891317002643/zk1720512.htm,1620596868,17:47:48,20210509
4,2016-06-30,PSTI,USD,2016-09-07,2016-09-07 16:14:55,FY,2847000.0,100000.0,2747000.0,0.9648753073410608,19580000.0,6486000.0,0.0,0.0,26066000.0,26166000.0,0.0,2150000.0,-21169000.0,-7.4355461889708465,-23319000.0,-8.19072708113804,-14000.0,-23246000.0,-8.165086055497014,0.0,-23246000.0,-8.165086055497014,-2.9,-2.9,7954798.0,7954798.0,https://www.sec.gov/Archives/edgar/data/1158780/000117891316006442/zk1618969.htm,https://www.sec.gov/Archives/edgar/data/1158780/000117891316006442/zk1618969.htm,1620596868,17:47:48,20210509
5,2015-06-30,PSTI,USD,2015-09-09 00:00:00,2015-09-09 16:09:28,FY,379000.0,13000.0,366000.0,0.9656992084432717,19173000.0,6460000.0,0.0,0.0,25633000.0,25646000.0,0.0,2074000.0,-23193000.0,-61.19525065963061,-25267000.0,-66.66754617414249,515000.0,-24677000.0,-65.1108179419525,0.0,-24677000.0,-65.1108179419525,-3.5,-3.5,7028433.0,7028433.0,https://www.sec.gov/Archives/edgar/data/1158780/000117891315002818/0001178913-15-002818-index.html,https://www.sec.gov/Archives/edgar/data/1158780/000117891315002818/zk1517290.htm,1620596868,17:47:48,20210509
6,2014-06-30,PSTI,USD,2014-09-11 00:00:00,2014-09-11 16:14:51,FY,379000.0,11000.0,368000.0,0.9709762532981531,19542000.0,8676000.0,0.0,0.0,28218000.0,28229000.0,0.0,1902000.0,-25948000.0,-68.46437994722955,-27850000.0,-73.48284960422164,708000.0,-26932000.0,-71.06068601583114,0.0,-26932000.0,-71.06068601583114,-4.2,-4.2,6351440.0,6351440.0,https://www.sec.gov/Archives/edgar/data/1158780/000117891314002913/0001178913-14-002913-index.html,https://www.sec.gov/Archives/edgar/data/1158780/000117891314002913/zk1415514.htm,1620596868,17:47:48,20210509
7,2013-06-30,PSTI,USD,2013-09-11 00:00:00,2013-09-11 17:07:31,FY,679000.0,20000.0,659000.0,0.9705449189985272,17233000.0,5649000.0,0.0,0.0,22882000.0,22902000.0,29000.0,1033000.0,-21190000.0,-31.207658321060382,-22223000.0,-32.72901325478645,831000.0,-21155000.0,-31.156111929307805,0.0,-21155000.0,-31.156111929307805,-3.8,-3.8,5548135.0,5548135.0,https://www.sec.gov/Archives/edgar/data/1158780/000117891313002659/0001178913-13-002659-index.html,https://www.sec.gov/Archives/edgar/data/1158780/000117891313002659/zk1313616.htm,1620596868,17:47:48,20210509
8,2012-06-30,PSTI,USD,2012-09-10 00:00:00,2012-09-10 16:28:11,FY,716000.0,0.0,716000.0,1.0,9179000.0,0.0,0.0,0.0,15747000.0,15747000.0,12000.0,435000.0,-14596000.0,-20.385474860335197,-15031000.0,-20.993016759776538,0.0,-14794000.0,-20.662011173184357,0.0,-14794000.0,-20.662011173184357,-3.4,-3.4,4403186.0,4403186.0,https://www.sec.gov/Archives/edgar/data/1158780/000117891312002580/0001178913-12-002580-index.html,https://www.sec.gov/Archives/edgar/data/1158780/000117891312002580/zk1211927.htm,1620596868,17:47:48,20210509
9,2011-06-30,PSTI,USD,2011-09-12 00:00:00,2011-09-12 16:25:14,FY,0.0,0.0,0.0,0.0,6629000.0,0.0,0.0,0.0,11114000.0,11114000.0,13000.0,312000.0,-10802000.0,0.0,-11114000.0,0.0,43000.0,0.0,0.0,0.0,-10848000.0,0.0,-3.5,-3.5,3119882.0,3119882.0,https://www.sec.gov/Archives/edgar/data/1158780/000117891311002580/0001178913-11-002580-index.html,https://www.sec.gov/Archives/edgar/data/1158780/000117891311002580/zk1110396.htm,1620596868,17:47:48,20210509
10,2010-06-30,PSTI,USD,2010-09-21 00:00:00,2010-09-21 15:16:22,FY,0.0,0.0,0.0,0.0,4301000.0,0.0,0.0,0.0,7439000.0,7439000.0,31000.0,207000.0,-7232000.0,0.0,-7439000.0,0.0,-17000.0,0.0,0.0,0.0,-7453000.0,0.0,-4.4,-4.4,1700499.0,1700499.0,https://www.sec.gov/Archives/edgar/data/1158780/000117891310002499/0001178913-10-002499-index.html,https://www.sec.gov/Archives/edgar/data/1158780/000117891310002499/zk1008800.htm,1620596868,17:47:48,20210509
11,2009-06-30,PSTI,USD,2009-09-23 00:00:00,2009-09-23 16:24:21,FY,0.0,0.0,0.0,0.0,3141000.0,0.0,0.0,0.0,6558000.0,6558000.0,8000.0,173000.0,-6385000.0,0.0,-6558000.0,0.0,-84000.0,0.0,0.0,0.0,-6636000.0,0.0,-6.3,-6.3,1060288.0,1060288.0,https://www.sec.gov/Archives/edgar/data/1158780/000117891309002251/0001178913-09-002251-index.html,https://www.sec.gov/Archives/edgar/data/1158780/000117891309002251/zk97278.htm,1620596868,17:47:48,20210509
12,2008-06-30,PSTI,USD,2008-09-29 00:00:00,2008-09-29 10:23:45,FY,0.0,0.0,0.0,0.0,4393000.0,0.0,0.0,0.0,10429000.0,10429000.0,0.0,129000.0,-10300000.0,0.0,-10429000.0,0.0,0.0,0.0,0.0,0.0,-10498000.0,0.0,-16.3,-16.3,642236.0,642236.0,https://www.sec.gov/Archives/edgar/data/1158780/000117891308002558/0001178913-08-002558-index.html,https://www.sec.gov/Archives/edgar/data/1158780/000117891308002558/zk85861.htm,1620596868,17:47:48,20210509
13,2007-06-30,PSTI,USD,2007-09-05,2007-09-05 17:30:08,FY,0.0,0.0,0.0,0.0,2549281.0,0.0,0.0,0.0,6275065.0,6275065.0,0.0,224721.0,-6050344.0,0.0,-6275065.0,0.0,-1962500.0,0.0,0.0,0.0,-8428900.0,0.0,-58.0,-60.0,144236.0,144236.0,https://www.sec.gov/Archives/edgar/data/1158780/000106299307003468/form10ksb.htm,https://www.sec.gov/Archives/edgar/data/1158780/000106299307003468/form10ksb.htm,1620596868,17:47:48,20210509
14,2006-06-30,PSTI,USD,2006-09-21,2006-09-21 13:15:23,FY,0.0,0.0,0.0,0.0,1298779.0,0.0,0.0,0.0,2332269.0,2332269.0,0.0,264834.0,-2067435.0,0.0,-2332269.0,0.0,0.0,0.0,0.0,0.0,-2439724.0,0.0,-80.0,-80.0,30497.0,30497.0,https://www.sec.gov/Archives/edgar/data/1158780/000108503706001846/form10ksb.htm,https://www.sec.gov/Archives/edgar/data/1158780/000108503706001846/form10ksb.htm,1620596868,17:47:48,20210509
15,2005-06-30,PSTI,USD,2005-09-23,2005-09-22 19:21:01,FY,0.0,0.0,0.0,0.0,1787484.0,0.0,0.0,0.0,2829753.0,2829753.0,0.0,168620.0,-2661133.0,0.0,-2829753.0,0.0,740959.0,0.0,0.0,0.0,-2098108.0,0.0,-100.0,-100.0,16533.0,16533.0,https://www.sec.gov/Archives/edgar/data/1158780/000108503705001381/f10ksb063005.htm,https://www.sec.gov/Archives/edgar/data/1158780/000108503705001381/f10ksb063005.htm,1620596868,17:47:48,20210509
16,2004-06-30,PSTI,USD,2004-06-30,2004-06-30,FY,0.0,0.0,0.0,0.0,1223561.0,0.0,0.0,0.0,3004524.0,3004524.0,0.0,153644.0,-2850880.0,0.0,-3004524.0,0.0,0.0,0.0,0.0,0.0,-2010350.0,0.0,-165.99372471307078,-159.99602069239953,12111.0,12565.0,,,1620596868,17:47:48,20210509
17,2003-06-30,PSTI,USD,2003-06-30,2003-06-30,FY,0.0,0.0,0.0,0.0,79871.0,0.0,0.0,0.0,210490.0,210490.0,0.0,21039.0,-189451.0,0.0,-210490.0,0.0,-246470.0,0.0,0.0,0.0,-462995.0,0.0,-20.0,-20.0,18678.0,18678.0,,,1620596868,17:47:48,20210509
