,date,symbol,reportedCurrency,fillingDate,acceptedDate,period,revenue,costOfRevenue,grossProfit,grossProfitRatio,researchAndDevelopmentExpenses,generalAndAdministrativeExpenses,sellingAndMarketingExpenses,otherExpenses,operatingExpenses,costAndExpenses,interestExpense,depreciationAndAmortization,ebitda,ebitdaratio,operatingIncome,operatingIncomeRatio,totalOtherIncomeExpensesNet,incomeBeforeTax,incomeBeforeTaxRatio,incomeTaxExpense,netIncome,netIncomeRatio,eps,epsdiluted,weightedAverageShsOut,weightedAverageShsOutDil,link,finalLink,timestamp,est_time,est_date
0,2020-06-30,AIT,USD,2020-08-14,2020-08-14 14:30:10,FY,3245652000,2307916000,937736000,0.2889206852737139,0.0,717980000,0.0,94000.0,717980000,3025896000,37264000.0,62749000.0,282505000,0.08704106293589085,219756000.0,0.06770781340698263,-127985000.0,55236000.0,0.01701846038946874,31194000.0,24042000.0,0.007407448488007957,0.6219152568679187,0.6164773455729634,38658000,38999000,https://www.sec.gov/Archives/edgar/data/109563/000010956320000083/0000109563-20-000083-index.htm,https://www.sec.gov/Archives/edgar/data/109563/000010956320000083/ait-2020630x10k.htm,1620586403,14:53:23,20210509
1,2019-06-30,AIT,USD,2019-08-16 00:00:00,2019-08-16 16:36:46,FY,3472739000,2465116000,1007623000,0.2901522400618071,0.0,742241000,0.0,526000.0,742241000,3207357000,40788000.0,62119000.0,327501000,0.0943062522118708,265382000.0,0.0764186424606053,-30713000.0,194481000.0,0.05600219308159928,50488000.0,143993000.0,0.04146381285780475,3.72,3.68,38670000,39160000,https://www.sec.gov/Archives/edgar/data/109563/000010956319000095/0000109563-19-000095-index.html,https://www.sec.gov/Archives/edgar/data/109563/000010956319000095/ait-2019630x10k.htm,1620586403,14:53:23,20210509
2,2018-06-30,AIT,USD,2018-08-17 00:00:00,2018-08-17 14:13:55,FY,3073274000,2189279000,883995000,0.28763950106628955,0.0,658168000,0.0,1381000.0,658168000,2847447000,24142000.0,49863000.0,275690000,0.08970563639948798,225827000.0,0.07348091969671432,2376000.0,204718000.0,0.06661234891519598,63093000.0,141625000.0,0.04608277686922806,3.65,3.61,38752000,39281000,https://www.sec.gov/Archives/edgar/data/109563/000010956318000111/0000109563-18-000111-index.html,https://www.sec.gov/Archives/edgar/data/109563/000010956318000111/ait-2018630x10k.htm,1620586403,14:53:23,20210509
3,2017-06-30,AIT,USD,2017-08-18 00:00:00,2017-08-18 12:57:32,FY,2593746000,1856051000,737695000,0.284412968733253,0.0,563105000,0.0,917000.0,563105000,2419156000,8831000.0,39677000.0,214267000,0.08260909125257446,174590000.0,0.0673119110352363,917000.0,166966000.0,0.06437253300824368,33056000.0,133910000.0,0.051628031426361715,3.43,3.4,39013000,39404000,https://www.sec.gov/Archives/edgar/data/109563/000010956317000128/0000109563-17-000128-index.html,https://www.sec.gov/Archives/edgar/data/109563/000010956317000128/ait-2017630x10k.htm,1620586403,14:53:23,20210509
4,2016-06-30,AIT,USD,2016-08-24,2016-08-24 16:51:52,FY,2519428000,1812006000,707422000,0.28078675000833525,0.0,553827000,0.0,-1060000.0,553827000,2365833000,9004000.0,41546000.0,195141000,0.07745448570072254,153595000.0,0.060964234738996315,-65854000.0,78978000.0,0.031347591596187704,49401000.0,29577000.0,0.011739569457829316,0.753477352626484,0.7494298890183956,39254000,39466000,https://www.sec.gov/Archives/edgar/data/109563/000010956316000283/ait-2016630x10k.htm,https://www.sec.gov/Archives/edgar/data/109563/000010956316000283/ait-2016630x10k.htm,1620586403,14:53:23,20210509
5,2015-06-30,AIT,USD,2015-08-26 00:00:00,2015-08-26 17:19:34,FY,2751561000,1981747000,769814000,0.27977355399353315,0.0,585195000,0.0,-70000.0,585195000,2566942000,8121000.0,42375000.0,226994000,0.08249644474536454,184619000.0,0.06709609563444169,-879000.0,175871000.0,0.06391680940382569,60387000.0,115484000.0,0.04197035791683339,2.82,2.8,40892000,41187000,https://www.sec.gov/Archives/edgar/data/109563/000010956315000129/0000109563-15-000129-index.html,https://www.sec.gov/Archives/edgar/data/109563/000010956315000129/ait-2015630x10k.htm,1620586403,14:53:23,20210509
6,2014-06-30,AIT,USD,2014-08-22 00:00:00,2014-08-22 17:02:10,FY,2459878000,1772952000,686926000,0.27925206046803946,0.0,522568000,0.0,1271000.0,522568000,2295520000,900000.0,28000000.0,192358000,0.07819818706456173,164358000.0,0.06681550873661214,2153000.0,166262000.0,0.06758953086291271,53441000.0,112821000.0,0.04586446970134291,2.69,2.67,41942000,42331000,https://www.sec.gov/Archives/edgar/data/109563/000010956314000034/0000109563-14-000034-index.html,https://www.sec.gov/Archives/edgar/data/109563/000010956314000034/ait-2014630x10k.htm,1620586403,14:53:23,20210509
7,2013-06-30,AIT,USD,2013-08-20 00:00:00,2013-08-20 17:23:05,FY,2462171000,1779209000,682962000,0.2773820339854543,0.0,506563000,0.0,1431000.0,506563000,2285772000,621000.0,25734000.0,202133000,0.08209543528861318,176399000.0,0.07164368356218963,1431000.0,177665000.0,0.07215786393390224,59516000.0,118149000.0,0.04798570042454403,2.81,2.78,42060000,42542000,https://www.sec.gov/Archives/edgar/data/109563/000010956313000029/0000109563-13-000029-index.html,https://www.sec.gov/Archives/edgar/data/109563/000010956313000029/ait-2013630x10k.htm,1620586403,14:53:23,20210509
8,2012-06-30,AIT,USD,2012-08-15 00:00:00,2012-08-15 14:22:37,FY,2375445000,1720973000,654472000,0.2755155349839714,0.0,486077000,0.0,0.0,486077000,2207050000,457000.0,22701000.0,191096000,0.08044640056915651,168395000.0,0.07088987537072002,-1578000.0,166826000.0,0.0702293675500801,58047000.0,108779000.0,0.04579310402892932,2.58,2.54,42139000,42823000,https://www.sec.gov/Archives/edgar/data/109563/000010956312000038/0000109563-12-000038-index.html,https://www.sec.gov/Archives/edgar/data/109563/000010956312000038/ait-2012630x10k.htm,1620586403,14:53:23,20210509
9,2011-06-30,AIT,USD,2011-08-17 00:00:00,2011-08-17 16:27:01,FY,2212849000,1599739000,613110000,0.2770681596439703,0.0,462347000,0.0,0.0,462347000,2062086000,2081000.0,22616000.0,173379000,0.07835103073006788,150763000.0,0.06813072197877035,3793000.0,152888000.0,0.06909102247826218,56129000.0,96759000.0,0.043725984014273,2.28,2.24,42433000,43254000,https://www.sec.gov/Archives/edgar/data/109563/000095012311078219/0000950123-11-078219-index.html,https://www.sec.gov/Archives/edgar/data/109563/000095012311078219/l43009e10vk.htm,1620586403,14:53:23,20210509
10,2010-06-30,AIT,USD,2010-08-13 00:00:00,2010-08-13 14:14:54,FY,1893208000,1377486000,515722000,0.27240641281887673,0.0,405672000,0.0,0.0,405672000,1783158000,5738000.0,21616000.0,131666000,0.06954650519118871,110050000.0,0.05812884796599212,425000.0,105017000.0,0.055470397336161686,39114000.0,65903000.0,0.03481022687417336,1.56,1.54,42312000,42917000,https://www.sec.gov/Archives/edgar/data/109563/000095012310077196/0000950123-10-077196-index.html,https://www.sec.gov/Archives/edgar/data/109563/000095012310077196/l40505e10vk.htm,1620586403,14:53:23,20210509
11,2009-06-30,AIT,USD,2009-08-19 00:00:00,2009-08-19 13:29:46,FY,1923148000,1403138000,520010000,0.2703952061931791,0.0,410912000,0.0,0.0,410912000,1814050000,5523000.0,22391000.0,131489000,0.06837175298000986,109098000.0,0.056728863301212386,-38860000.0,65814000.0,0.0342220151543199,23554000.0,42260000.0,0.02197438782662593,1.0,0.99,42287000,42794000,https://www.sec.gov/Archives/edgar/data/109563/000095012309036454/0000950123-09-036454-index.html,https://www.sec.gov/Archives/edgar/data/109563/000095012309036454/l37373e10vk.htm,1620586403,14:53:23,20210509
12,2008-06-30,AIT,USD,2008-08-20 00:00:00,2008-08-20 17:01:58,FY,2089456000,1520173000,569283000,0.2724551270761385,0.0,416459000,0.0,0.0,416459000,1936632000,0.0,14044000.0,166868000,0.07986193535542266,152824000.0,0.07314056864561877,-227000.0,151715000.0,0.07260980848603656,56259000.0,95456000.0,0.04568461838870979,2.23,2.19,42797000,43552000,https://www.sec.gov/Archives/edgar/data/109563/000136231008004784/0001362310-08-004784-index.html,https://www.sec.gov/Archives/edgar/data/109563/000136231008004784/c74801e10vk.htm,1620586403,14:53:23,20210509
13,2007-06-30,AIT,USD,2007-08-27 00:00:00,2007-08-27 17:04:23,FY,2014109000,1466057000,548052000,0.2721064252232625,0.0,413041000,0.0,0.0,413041000,1879098000,0.0,13743000.0,148754000,0.07385598296815117,135011000.0,0.06703261839354276,1179000.0,133830000.0,0.06644625489484432,47808000.0,86022000.0,0.04270970439037808,1.97,1.93,43665990,44570984,https://www.sec.gov/Archives/edgar/data/109563/000095015207007127/0000950152-07-007127-index.html,https://www.sec.gov/Archives/edgar/data/109563/000095015207007127/l27761ae10vk.htm,1620586403,14:53:23,20210509
14,2006-06-30,AIT,USD,2006-08-28,2006-08-28,FY,1900780000,1386895000,513885000,0.270354801712981,0.0,398293000,0.0,0.0,398293000,1785188000,0.0,12337000.0,127929000,0.06730342280537463,115592000.0,0.06081292942897126,717000.0,113099000.0,0.059501362598512186,40800000.0,72299000.0,0.03803649028293648,1.62,1.57,44629012,46050318,https://www.sec.gov/Archives/edgar/data/109563/000095015206007266/0000950152-06-007266-index.htm,https://www.sec.gov/Archives/edgar/data/109563/000095015206007266/l22078ae10vk.txt,1620586403,14:53:23,20210509
15,2005-06-30,AIT,USD,2005-06-30,2005-06-30,FY,1717055000,1262206000,454849000,0.26490065839475146,0.0,366881000,0.0,0.0,366881000,1629087000,0.0,16471000.0,104439000,0.060824493100104536,87968000.0,0.051231905792184874,3101000.0,86339000.0,0.050283188366126885,31000000.0,55339000.0,0.03222902003721488,1.246667,1.2,44389572,46115833,,,1620586403,14:53:23,20210509
16,2004-06-30,AIT,USD,2004-09-09 00:00:00,2004-09-09 09:44:10,FY,1517004000,1114861000,402143000,0.2650902700322478,0.0,350695000,0.0,0.0,350695000,1465556000,0.0,16252000.0,67700000,0.044627436710779934,51448000.0,0.03391421512402077,432000.0,46471000.0,0.0306334063720333,15000000.0,31471000.0,0.020745495727104213,0.728889,0.711111,43176677,44256094,https://www.sec.gov/Archives/edgar/data/109563/000095015204006757/0000950152-04-006757-index.html,https://www.sec.gov/Archives/edgar/data/109563/000095015204006757/l09472ae10vk.txt,1620586403,14:53:23,20210509
17,2003-06-30,AIT,USD,2003-09-17 00:00:00,2003-09-17 09:51:58,FY,1464367000,1085072000,379295000,0.25901635314098176,0.0,343041000,0.0,0.0,343041000,1428113000,0.0,15205000.0,51459000,0.03514078096542738,36254000.0,0.024757454927624017,-24000.0,30932000.0,0.02112312009216269,11100000.0,19832000.0,0.013543053073444021,0.466667,0.457778,42497143,43322330,https://www.sec.gov/Archives/edgar/data/109563/000095015203008299/0000950152-03-008299-index.html,https://www.sec.gov/Archives/edgar/data/109563/000095015203008299/l03051ae10vk.txt,1620586403,14:53:23,20210509
18,2002-06-30,AIT,USD,2002-09-23 00:00:00,2002-09-23 16:27:23,FY,1446569000,1080879000,365690000,0.2527981727798674,0.0,334856000,0.0,0.0,334856000,1415735000,0.0,17548000.0,48382000,0.03344603679464996,30834000.0,0.021315263910674155,-341000.0,23755000.0,0.016421615560681863,9000000.0,2655000.0,0.001835377365338259,0.062222,0.057778,42669643,45951923,https://www.sec.gov/Archives/edgar/data/109563/000095015202007147/0000950152-02-007147-index.html,https://www.sec.gov/Archives/edgar/data/109563/000095015202007147/l96320ae10vk.txt,1620586403,14:53:23,20210509
19,2001-06-30,AIT,USD,2001-09-19 00:00:00,2001-09-19 00:00:00,FY,1625755000,1216456000,409299000,0.2517593364313811,0.0,354298000,0.0,0.0,354298000,1570754000,0.0,22509000.0,77510000,0.0476763103911721,55001000.0,0.03383105080408794,-548000.0,45348000.0,0.02789350178839985,17300000.0,28048000.0,0.01725229201201903,0.635556,0.626667,44131469,44757447,https://www.sec.gov/Archives/edgar/data/109563/000095015201504565/0000950152-01-504565-index.html,https://www.sec.gov/Archives/edgar/data/109563/000095015201504565/l90392ae10-k.txt,1620586403,14:53:23,20210509
20,2000-06-30,AIT,USD,2000-06-30,2000-06-30,FY,1571705000,1157127000,414578000,0.2637759630465005,0.0,333873000,0.0,0.0,356861000,1513988000,0.0,22988000.0,80705000,0.051348694570546,57717000.0,0.036722540171342584,0.0,50548000.0,0.03216125163437159,19500000.0,31048000.0,0.01975434321326203,0.675556,0.666667,45959211,46572000,,,1620586403,14:53:23,20210509
21,1999-06-30,AIT,USD,1999-06-30,1999-06-30,FY,1527900000,1122500000,405400000,0.26533150075266704,0.0,340300000,0.0,0.0,363000000,1485500000,0.0,22700000.0,65100000,0.042607500490869823,42400000.0,0.0277505072321487,0.0,32600000.0,0.021336474900189802,12700000.0,19900000.0,0.01302441259244715,0.413333,0.413333,48145161,48145161,,,1620586403,14:53:23,20210509
22,1998-06-30,AIT,USD,1998-06-30,1998-06-30,FY,1491400000,1078500000,412900000,0.27685396271959234,0.0,333400000,0.0,0.0,354400000,1432900000,0.0,21000000.0,79500000,0.05330561888158777,58500000.0,0.03922488936569666,900000.0,49800000.0,0.03339144428054177,19700000.0,30100000.0,0.020182378972777255,0.622222,0.613333,48375000,49076087,,,1620586403,14:53:23,20210509
23,1997-06-30,AIT,USD,1997-09-25 00:00:00,1997-09-25 00:00:00,FY,1160300000,840600000,319700000,0.27553218995087475,0.0,255400000,0.0,0.0,269000000,1109600000,0.0,13600000.0,64300000,0.05541670257691976,50700000.0,0.04369559596656037,1000000.0,45100000.0,0.038869257950530034,18000000.0,27100000.0,0.023356028613289666,0.648889,0.648889,41763699,41763699,https://www.sec.gov/Archives/edgar/data/109563/000095015297006816/0000950152-97-006816-index.html,https://www.sec.gov/Archives/edgar/data/109563/0000950152-97-006816.txt,1620586403,14:53:23,20210509
24,1996-06-30,AIT,USD,1996-06-30,1996-06-30,FY,1143700000,833300000,310400000,0.27139984261607064,0.0,245800000,0.0,0.0,261200000,1094500000,0.0,15400000.0,64600000,0.05648334353414357,49200000.0,0.04301827402290811,500000.0,40800000.0,0.035673690653143304,17500000.0,23300000.0,0.020372475299466643,0.562963,0.562963,41388158,41388158,,,1620586403,14:53:23,20210509
25,1995-06-30,AIT,USD,1995-06-30,1995-06-30,FY,1054800000,769100000,285700000,0.27085703450891163,0.0,234800000,0.0,0.0,248800000,1017900000,0.0,14000000.0,50900000,0.04825559347743648,36900000.0,0.03498293515358362,400000.0,29700000.0,0.028156996587030716,12800000.0,16900000.0,0.01602199469093667,0.434568,0.434568,38889205,38889205,,,1620586403,14:53:23,20210509
26,1994-06-30,AIT,USD,1994-09-26 00:00:00,1994-09-26 00:00:00,FY,936300000,670600000,265700000,0.28377656733952794,0.0,224200000,0.0,0.0,237800000,908400000,0.0,13600000.0,41500000,0.04432340061945957,27900000.0,0.029798141621275233,200000.0,21700000.0,0.023176332372102957,9000000.0,12700000.0,0.013564028623304497,0.06591,0.06591,38115010,38115010,https://www.sec.gov/Archives/edgar/data/109563/000095015294000978/0000950152-94-000978-index.html,https://www.sec.gov/Archives/edgar/data/109563/0000950152-94-000978.txt,1620586403,14:53:23,20210509
27,1993-06-30,AIT,USD,1993-06-30,1993-06-30,FY,831400000,600500000,230900000,0.27772432042338224,0.0,197700000,0.0,0.0,210500000,811000000,0.0,12800000.0,33200000,0.03993264373346163,20400000.0,0.024536925667548712,400000.0,15300000.0,0.018402694250661534,6400000.0,8900000.0,0.010704835217705076,0.048334,0.048334,36977763,36977763,,,1620586403,14:53:23,20210509
28,1992-06-30,AIT,USD,1992-06-30,1992-06-30,FY,817800000,594900000,222900000,0.27256052824651505,0.0,205700000,0.0,0.0,218300000,813200000,0.0,12600000.0,17200000,0.02103203717290291,4600000.0,0.005624847150892639,400000.0,-1900000.0,-0.0023233064318904377,-200000.0,-1700000.0,-0.002078747860112497,-0.009667,-0.009667,35894346,35894346,,,1620586403,14:53:23,20210509
29,1991-06-30,AIT,USD,1991-06-30,1991-06-30,FY,814000000,589200000,224800000,0.27616707616707614,0.0,196600000,0.0,0.0,207700000,796900000,0.0,11100000.0,28200000,0.034643734643734644,17100000.0,0.021007371007371007,700000.0,7500000.0,0.009213759213759214,3200000.0,4300000.0,0.0052825552825552825,0.023727,0.023727,35653837,35653837,,,1620586403,14:53:23,20210509
30,1990-06-30,AIT,USD,1990-06-30,1990-06-30,FY,651300000,481600000,169700000,0.2605558114540151,0.0,132300000,0.0,0.0,140500000,622100000,0.0,8200000.0,37400000,0.05742361430984185,29200000.0,0.04483341010287118,-3400000.0,20300000.0,0.031168432366037155,8100000.0,12200000.0,0.018731767234761245,0.06591,0.06591,35966274,35966274,,,1620586403,14:53:23,20210509
31,1989-06-30,AIT,USD,1989-06-30,1989-06-30,FY,630300000,460300000,170000000,0.2697128351578613,0.0,127800000,0.0,0.0,136600000,596900000,0.0,8800000.0,42200000,0.06695224496271616,33400000.0,0.05299063937807393,300000.0,29400000.0,0.046644455021418375,11100000.0,18300000.0,0.029033793431699192,0.095788,0.095788,37312678,37312678,,,1620586403,14:53:23,20210509
32,1988-06-30,AIT,USD,1988-06-30,1988-06-30,FY,542900000,390600000,152300000,0.2805304844354393,0.0,119000000,0.0,0.0,127300000,517900000,0.0,8300000.0,33300000,0.061337262847669924,25000000.0,0.046048996131884325,0.0,22900000.0,0.04218088045680604,8000000.0,14900000.0,0.027445201694603058,0.048627,0.046283,39061429,39061429,,,1620586403,14:53:23,20210509
33,1987-06-30,AIT,USD,1987-06-30,1987-06-30,FY,491000000,358300000,132700000,0.27026476578411407,0.0,111100000,0.0,0.0,118800000,477100000,0.0,7700000.0,21600000,0.043991853360488796,13900000.0,0.02830957230142566,0.0,11200000.0,0.022810590631364563,5000000.0,6200000.0,0.012627291242362525,0.012108,0.012108,42077912,42077912,,,1620586403,14:53:23,20210509
34,1986-06-30,AIT,USD,1986-06-30,1986-06-30,FY,490200000,350400000,139800000,0.28518971848225216,0.0,112700000,0.0,0.0,119800000,470200000,0.0,7100000.0,27100000,0.05528355773153815,20000000.0,0.04079967360261118,-12500000.0,3400000.0,0.0069359445124439,1200000.0,2200000.0,0.00448796409628723,0.004296,0.004296,45582156,45582156,,,1620586403,14:53:23,20210509
