,date,symbol,reportedCurrency,fillingDate,acceptedDate,period,revenue,costOfRevenue,grossProfit,grossProfitRatio,researchAndDevelopmentExpenses,generalAndAdministrativeExpenses,sellingAndMarketingExpenses,otherExpenses,operatingExpenses,costAndExpenses,interestExpense,depreciationAndAmortization,ebitda,ebitdaratio,operatingIncome,operatingIncomeRatio,totalOtherIncomeExpensesNet,incomeBeforeTax,incomeBeforeTaxRatio,incomeTaxExpense,netIncome,netIncomeRatio,eps,epsdiluted,weightedAverageShsOut,weightedAverageShsOutDil,link,finalLink,timestamp,est_time,est_date
0,2018-09-30,WGL,USD,2018-11-20 00:00:00,2018-11-20 13:35:47,FY,2341765000000,1296053000000.0,1045712000000.0,0.4465486502702022,0.0,0.0,0.0,2291104000000.0,2291104000000.0,3587157000000.0,0.0,162576000000.0,213237000000,0.09105824025894999,50661000000,0.021633682286651308,-15043000000.0,-32306000000.0,-0.013795577267573817,-53452000000.0,21146000000.0,0.009029941091441712,412.9674836441754,412.9674836441754,51205000.0,51205000.0,https://www.sec.gov/Archives/edgar/data/104819/000010481918000012/0000104819-18-000012-index.html,https://www.sec.gov/Archives/edgar/data/104819/000010481918000012/wgl-930201810k1.htm,1620599804,18:36:44,20210509
1,2017-09-30,WGL,USD,2017-11-22 00:00:00,2017-11-21 20:34:36,FY,2354724000,1277155000000.0,2354724000.0,1.0,0.0,0.0,0.0,2013711000.0,306666000.0,2013711000.0,74026000.0,156165000.0,497178000,0.2111406687153144,341013000,0.14482079428417088,1819000000.0,289022000.0,0.12274134887995367,111159000.0,177863000.0,0.07553454247716505,3.4735475051264526,3.4553278290432248,51205000.0,51475000.0,https://www.sec.gov/Archives/edgar/data/1103601/000110360117000047/0001103601-17-000047-index.html,https://www.sec.gov/Archives/edgar/data/104819/000110360117000047/wgl-930201710k.htm,1620599804,18:36:44,20210509
2,2016-09-30,WGL,USD,2016-11-22 00:00:00,2016-11-21 19:10:58,FY,2349559000,1368266000000.0,2349559000.0,1.0,0.0,0.0,0.0,2049263000.0,279221000.0,2049263000.0,52310000.0,133850000.0,434146000,0.18477765401932875,300296000,0.1278095165943907,4646000000.0,266438000.0,0.11339915277718074,98074000.0,168364000.0,0.07165770257312117,3.3426115269312473,3.329720749940669,50369000.0,50564000.0,https://www.sec.gov/Archives/edgar/data/1103601/000110360116000060/0001103601-16-000060-index.html,https://www.sec.gov/Archives/edgar/data/104819/000110360116000060/wgl-930201610k.htm,1620599804,18:36:44,20210509
3,2015-09-30,WGL,USD,2015-11-19 00:00:00,2015-11-18 21:33:39,FY,2659830000,1729231000000.0,2659830000.0,1.0,0.0,0.0,0.0,2399057000.0,274056000.0,2399057000.0,50511000.0,123079000.0,383852000,0.14431448626415974,260773000,0.09804122819879466,653000000.0,216383000.0,0.08135219168142326,83804000.0,132579000.0,0.049844914900576354,2.662549704783709,2.6484019176987617,49794000.0,50060000.0,https://www.sec.gov/Archives/edgar/data/104819/000110360115000012/0001103601-15-000012-index.html,https://www.sec.gov/Archives/edgar/data/104819/000110360115000012/wgl-930201510k.htm,1620599804,18:36:44,20210509
4,2014-09-30,WGL,USD,2014-11-21 00:00:00,2014-11-21 17:11:58,FY,1443800000,132000000.0,1443800000.0,1.0,0.0,0.0,0.0,1261677000.0,261968000.0,1261677000.0,37127000.0,103599000.0,285722000,0.1978958304474304,182123000,0.12614143233134784,0.0,145858000.0,0.10102368749134229,47534000.0,98324000.0,0.06810084499238121,1.8996503023628741,1.8992466679544138,51759000.0,51770000.0,https://www.sec.gov/Archives/edgar/data/104819/000119312514422013/0001193125-14-422013-index.html,https://www.sec.gov/Archives/edgar/data/104819/000119312514422013/d816622d10k.htm,1620599804,18:36:44,20210509
5,2013-09-30,WGL,USD,2013-11-20 00:00:00,2013-11-19 20:15:15,FY,1200357000,1684331000000.0,1200357000.0,1.0,0.0,0.0,0.0,1049224000.0,249100000.0,1049224000.0,35631000.0,99715000.0,250848000,0.20897782909584398,151133000,0.12590670942061402,2026000000.0,116519000.0,0.09707028825591053,44197000.0,72322000.0,0.06025040883670441,1.3989593206569046,1.395962013588635,51697000.0,51808000.0,https://www.sec.gov/Archives/edgar/data/104819/000119312513447277/0001193125-13-447277-index.html,https://www.sec.gov/Archives/edgar/data/104819/000119312513447277/d627851d10k.htm,1620599804,18:36:44,20210509
6,2012-09-30,WGL,USD,2012-11-23 00:00:00,2012-11-21 21:28:39,FY,1137666000,1585048000000.0,1137666000.0,1.0,0.0,0.0,0.0,922398000.0,574279000.0,922398000.0,36098000.0,94705000.0,309973000,0.27246397448811865,215268000,0.18921897991150302,4932000000.0,181793000.0,0.15979470248737326,71747000.0,110046000.0,0.09672962011697633,2.135903109351345,2133.129155440113,51522000.0,51589.0,https://www.sec.gov/Archives/edgar/data/104819/000119312512479175/0001193125-12-479175-index.html,https://www.sec.gov/Archives/edgar/data/104819/000119312512479175/d440804d10k.htm,1620599804,18:36:44,20210509
7,2011-09-30,WGL,USD,2011-11-23 00:00:00,2011-11-23 17:25:27,FY,1288539000,1930451000000.0,1288539000.0,1.0,0.0,0.0,0.0,1125295000.0,577275000.0,1125295000.0,40462000.0,90031000.0,253275000,0.19655982473173106,163244000,0.12668921934066413,2291000000.0,125376000.0,0.0973008965968434,55786000.0,69590000.0,0.054006902391002524,1359.312432854771,1356.66244273321,51195.0,51295.0,https://www.sec.gov/Archives/edgar/data/104819/000119312511321368/0001193125-11-321368-index.html,https://www.sec.gov/Archives/edgar/data/104819/000119312511321368/d258211d10k.htm,1620599804,18:36:44,20210509
8,2010-09-30,WGL,USD,2010-11-24 00:00:00,2010-11-24 17:29:10,FY,2708876000000,1959082000000.0,749794000000.0,0.2767915548736819,0.0,0.0,0.0,2484979000000.0,525897000.0,4444061000000.0,0.0,94011000000.0,317908000000,0.11735790047237304,223897000000,0.08265310040031364,931000000.0,184761000000.0,0.06820577981421076,73556000000.0,111205000000.0,0.041052082118192196,2177629.3888421096,2174393.3676162916,51067.0,51143.0,https://www.sec.gov/Archives/edgar/data/104819/000095012310108829/0000950123-10-108829-index.html,https://www.sec.gov/Archives/edgar/data/104819/000095012310108829/w80586e10vk.htm,1620599804,18:36:44,20210509
9,2009-09-30,WGL,USD,2009-11-25 00:00:00,2009-11-25 16:48:30,FY,2706856000000,1958285000000.0,748571000000.0,0.27654629577635453,0.0,0.0,0.0,2465167000000.0,506882000.0,4423452000000.0,-44903000000.0,95357000000.0,337046000000,0.12451567427303115,241689000000,0.08928771977526695,2181000000.0,197647000000.0,0.07301718303448725,77274000000.0,120373000000.0,0.044469672564776255,0.05010400000000818,0.050382000000011404,2402462877215.0,2389206462625.0,https://www.sec.gov/Archives/edgar/data/104819/000095012309066320/0000950123-09-066320-index.html,https://www.sec.gov/Archives/edgar/data/104819/000095012309066320/w76273e10vk.htm,1620599804,18:36:44,20210509
10,2008-09-30,WGL,USD,2008-12-01 00:00:00,2008-12-01 08:07:41,FY,2628194000000,1916479000000.0,711715000000.0,0.2708000246557142,0.0,0.0,0.0,2396588000000.0,1527255000.0,4313067000000.0,-46797000000.0,93189000000.0,324795000000,0.12358105984565827,231606000000,0.08812363166493797,2525000000.0,186014000000.0,0.07077635821404356,69491000000.0,116523000000.0,0.04433576821193565,0.04960700000000849,0.049912000000009456,2348922531094.0,2334568841160.0,https://www.sec.gov/Archives/edgar/data/104819/000095013308003977/0000950133-08-003977-index.html,https://www.sec.gov/Archives/edgar/data/104819/000095013308003977/w71684e10vk.htm,1620599804,18:36:44,20210509
11,2007-09-30,WGL,USD,2007-11-27 00:00:00,2007-11-27 17:19:56,FY,2646008000,1955189000.0,690819000.0,0.26107970950957066,0.0,0.0,0.0,2421161000.0,1545350000.0,4376350000.0,-48868000.0,88893000.0,313740000,0.11857107007990905,224847000,0.08497593355726815,3378000.0,178037000.0,0.06728513292476818,70137000.0,107900000.0,0.04077841034494227,0.04917200000617407,0.049377000003029435,2194338241.0,2185227940.0,https://www.sec.gov/Archives/edgar/data/104819/000095013307004734/0000950133-07-004734-index.html,https://www.sec.gov/Archives/edgar/data/104819/000095013307004734/w42806e10vk.htm,1620599804,18:36:44,20210509
12,2006-09-30,WGL,USD,2006-12-14,2006-12-14 17:21:22,FY,2637883000,1988229000.0,649654000.0,0.2462785498826142,0.0,0.0,0.0,2435493000.0,1418824000.0,4423722000.0,-48304000.0,-896000.0,201494000,0.07638473730639304,202390000,0.076724403622147,3241000.0,156007000.0,0.059140985403825716,0.0,156007000.0,0.059140985403825716,0.04877300000601194,0.04890500000598432,3198634490.0,3190001022.0,https://www.sec.gov/Archives/edgar/data/1103601/000095013306005329/0000950133-06-005329-index.htm,https://www.sec.gov/Archives/edgar/data/1103601/000095013306005329/w27276e10vk.htm,1620599804,18:36:44,20210509
13,2005-09-30,WGL,USD,2005-12-14,2005-12-14 17:15:33,FY,548322000,772898000.0,-224576000.0,-0.409569559492415,0.0,0.0,773046000.0,16127000.0,1201552000.0,1562071000.0,-148264000.0,-897000.0,130574000,0.23813379729429057,131471000,0.23976969736760517,-946000.0,1024000.0,0.0018675158027582333,1024000.0,0.0,0.0,0.048688,0.049008,3198634490.0,3198634490.0,https://www.sec.gov/Archives/edgar/data/1103601/000095013305005572/0000950133-05-005572-index.htm,https://www.sec.gov/Archives/edgar/data/1103601/000095013305005572/w15382e10vk.htm,1620599804,18:36:44,20210509
14,2004-09-30,WGL,USD,2004-12-14 00:00:00,2004-12-14 15:52:32,FY,548957000,694639000.0,-145682000.0,-0.265379619897369,0.0,0.0,0.0,413665000.0,1221056000.0,1108304000.0,-139731000.0,-897000.0,134395000,0.24481881094511956,135292000,0.24645281870893349,2132000.0,128000.0,0.00023316944678727114,128000.0,0.0,0.0,0.0,0.0,3198634490.0,3198634490.0,https://www.sec.gov/Archives/edgar/data/104819/000095013304004604/0000950133-04-004604-index.html,https://www.sec.gov/Archives/edgar/data/104819/000095013304004604/w69354e10vk.htm,1620599804,18:36:44,20210509
15,2003-09-30,WGL,USD,2003-12-17 00:00:00,2003-12-17 17:21:58,FY,564031000,708543000.0,-144512000.0,-0.25621286773244734,0.0,0.0,0.0,406632000.0,1139650000.0,1115175000.0,-157649000.0,-898000.0,156501000,0.27746879160897187,157399000,0.279060902680881,-662000.0,591000.0,0.0010478147477709558,591000.0,0.0,0.0,0.0,0.0,3198634490.0,3198634490.0,https://www.sec.gov/Archives/edgar/data/104819/000095013303004299/0000950133-03-004299-index.html,https://www.sec.gov/Archives/edgar/data/104819/000095013303004299/w92507e10vk.htm,1620599804,18:36:44,20210509
16,2002-09-30,WGL,USD,2002-12-24 00:00:00,2002-12-24 12:50:31,FY,438433000,459149000.0,-20716000.0,-0.04725009294464605,0.0,0.0,595866000.0,60432000.0,1003863000.0,1115447000.0,-86318000.0,76171000.0,173592000,0.3959373496064393,97421000,0.222202708281539,357000.0,0.0,0.0,0.0,0.0,0.0,0.048563,0.048563,1272000000.0,1272000000.0,https://www.sec.gov/Archives/edgar/data/104819/000095013302004208/0000950133-02-004208-index.html,https://www.sec.gov/Archives/edgar/data/104819/000095013302004208/w66936e10vk.htm,1620599804,18:36:44,20210509
17,2001-09-30,WGL,USD,2001-12-20 00:00:00,2001-12-20 00:00:00,FY,501424000,904416000.0,-402992000.0,-0.8036950764223492,0.0,0.0,419226000.0,68623000.0,833092000.0,1392265000.0,-133765000.0,72167000.0,213492000,0.4257714030441303,141325000,0.28184729889275345,-6279000.0,76166000.0,0.15189939053575416,-6279000.0,82445000.0,0.16442172692172694,0.04714,0.04714,1749000000.0,1749000000.0,https://www.sec.gov/Archives/edgar/data/104819/000095013301503631/0000950133-01-503631-index.html,https://www.sec.gov/Archives/edgar/data/104819/000095013301503631/w55894e10-k.htm,1620599804,18:36:44,20210509
18,2000-09-30,WGL,USD,2000-09-30,2000-09-30,FY,1249192000,552579000.0,696613000.0,0.5576508655194717,0.0,0.0,0.0,0.0,0.0,1069746000.0,43736000.0,0.0,250227000,0.20031108108281193,179446000,0.1436496551370806,-1873000.0,133837000.0,0.10713885455558474,49263000.0,84574000.0,0.06770296319540951,1.79,1.79,46473000.0,46473000.0,,,1620599804,18:36:44,20210509
19,1999-09-30,WGL,USD,1999-09-30,1999-09-30,FY,1112100000,505300000.0,606800000.0,0.5456343853969967,0.0,0.0,0.0,0.0,0.0,964800000.0,37000000.0,0.0,211500000,0.19018073914216346,147300000,0.13245211761532236,1000000.0,111300000.0,0.10008092797410305,42500000.0,68800000.0,0.061864940203219136,1.47,1.47,45918367.0,45918367.0,,,1620599804,18:36:44,20210509
20,1998-09-30,WGL,USD,1998-09-30,1998-09-30,FY,1040600000,575800000.0,464800000.0,0.4466653853546031,0.0,0.0,0.0,0.0,0.0,900700000.0,37700000.0,0.0,194900000,0.18729579088987122,139900000,0.13444166826830675,4400000.0,106600000.0,0.10244089948106862,38000000.0,68600000.0,0.06592350566980588,1.54,1.54,43701299.0,43701299.0,,,1620599804,18:36:44,20210509
21,1997-09-30,WGL,USD,1997-09-30,1997-09-30,FY,1055800000,572900000.0,482900000.0,0.4573782913430574,0.0,0.0,0.0,0.0,0.0,892600000.0,34100000.0,0.0,218200000,0.20666792953210836,163200000,0.15457473006251185,900000.0,129900000.0,0.12303466565637432,47900000.0,82000000.0,0.07766622466376208,1.85,1.85,43621622.0,43621622.0,,,1620599804,18:36:44,20210509
22,1996-09-30,WGL,USD,1996-09-30,1996-09-30,FY,969800000,469900000.0,499900000.0,0.5154671066199217,0.0,0.0,0.0,0.0,0.0,807300000.0,30600000.0,0.0,216900000,0.22365436172406683,162500000,0.1675603217158177,-900000.0,131000000.0,0.13507939781398226,49400000.0,81600000.0,0.08414106001237369,1.85,1.85,43405405.0,43405405.0,,,1620599804,18:36:44,20210509
23,1995-09-30,WGL,USD,1995-09-30,1995-09-30,FY,828700000,390000000.0,438700000.0,0.5293833715457946,0.0,0.0,0.0,0.0,0.0,698900000.0,31900000.0,0.0,178500000,0.2153976107155786,129800000,0.15663086762398937,2600000.0,100400000.0,0.12115361409436466,37500000.0,62900000.0,0.07590201520453722,1.45,1.45,42482759.0,42482759.0,,,1620599804,18:36:44,20210509
24,1994-09-30,WGL,USD,1994-09-30,1994-09-30,FY,914900000,0.0,0.0,0.0,0.0,0.0,0.0,0.0,0.0,0.0,0.0,0.0,914900000,1.0,914900000,1.0,0.0,0.0,0.0,0.0,60500000.0,0.0661274456224724,1.41,1.41,41985816.0,41985816.0,,,1620599804,18:36:44,20210509
25,1993-09-30,WGL,USD,1993-09-30,1993-09-30,FY,894300000,0.0,0.0,0.0,0.0,0.0,0.0,0.0,0.0,0.0,0.0,0.0,894300000,1.0,894300000,1.0,0.0,0.0,0.0,0.0,55100000.0,0.06161243430616124,1.31,1.31,41068702.0,41068702.0,,,1620599804,18:36:44,20210509
26,1992-09-30,WGL,USD,1992-09-30,1992-09-30,FY,746200000,0.0,0.0,0.0,0.0,0.0,0.0,0.0,0.0,0.0,0.0,0.0,746200000,1.0,746200000,1.0,0.0,0.0,0.0,0.0,52200000.0,0.06995443580809435,1.27,1.27,40078740.0,40078740.0,,,1620599804,18:36:44,20210509
27,1991-09-30,WGL,USD,1991-09-30,1991-09-30,FY,697900000,0.0,0.0,0.0,0.0,0.0,0.0,0.0,0.0,0.0,0.0,0.0,697900000,1.0,697900000,1.0,0.0,0.0,0.0,0.0,46400000.0,0.06648516979509958,1.14,1.14,39561404.0,39561404.0,,,1620599804,18:36:44,20210509
28,1990-09-30,WGL,USD,1990-09-30,1990-09-30,FY,735500000,0.0,0.0,0.0,0.0,0.0,0.0,0.0,0.0,0.0,0.0,0.0,735500000,1.0,735500000,1.0,0.0,0.0,0.0,0.0,50200000.0,0.06825288919102651,1.26,1.26,38809524.0,38809524.0,,,1620599804,18:36:44,20210509
29,1989-09-30,WGL,USD,1989-09-30,1989-09-30,FY,755600000,0.0,0.0,0.0,0.0,0.0,0.0,0.0,0.0,0.0,0.0,0.0,755600000,1.0,755600000,1.0,0.0,0.0,0.0,0.0,47300000.0,0.06259925886712546,1.22,1.22,37704918.0,37704918.0,,,1620599804,18:36:44,20210509
30,1988-12-31,WGL,USD,1988-12-31,1988-12-31,FY,698000000,0.0,0.0,0.0,0.0,0.0,0.0,0.0,0.0,0.0,0.0,0.0,698000000,1.0,698000000,1.0,0.0,0.0,0.0,0.0,45100000.0,0.06461318051575932,1.26,1.26,34761905.0,34761905.0,,,1620599804,18:36:44,20210509
31,1987-12-31,WGL,USD,1987-12-31,1987-12-31,FY,683800000,0.0,0.0,0.0,0.0,0.0,0.0,0.0,0.0,0.0,0.0,0.0,683800000,1.0,683800000,1.0,0.0,0.0,0.0,0.0,39400000.0,0.05761918689675344,1.14,1.14,33421053.0,33421053.0,,,1620599804,18:36:44,20210509
32,1986-12-31,WGL,USD,1986-12-31,1986-12-31,FY,722100000,0.0,0.0,0.0,0.0,0.0,0.0,0.0,0.0,0.0,0.0,0.0,722100000,1.0,722100000,1.0,0.0,0.0,0.0,0.0,39300000.0,0.05442459493144994,1.15,1.15,33043478.0,33043478.0,,,1620599804,18:36:44,20210509
33,1985-12-31,WGL,USD,1985-12-31,1985-12-31,FY,764000000,0.0,0.0,0.0,0.0,0.0,0.0,0.0,0.0,0.0,0.0,0.0,764000000,1.0,764000000,1.0,0.0,0.0,0.0,0.0,41800000.0,0.05471204188481675,1.23,1.23,32601626.0,32601626.0,,,1620599804,18:36:44,20210509
