,date,symbol,reportedCurrency,fillingDate,acceptedDate,period,revenue,costOfRevenue,grossProfit,grossProfitRatio,researchAndDevelopmentExpenses,generalAndAdministrativeExpenses,sellingAndMarketingExpenses,otherExpenses,operatingExpenses,costAndExpenses,interestExpense,depreciationAndAmortization,ebitda,ebitdaratio,operatingIncome,operatingIncomeRatio,totalOtherIncomeExpensesNet,incomeBeforeTax,incomeBeforeTaxRatio,incomeTaxExpense,netIncome,netIncomeRatio,eps,epsdiluted,weightedAverageShsOut,weightedAverageShsOutDil,link,finalLink,timestamp,est_time,est_date
0,2020-03-31,FTC.AX,AUD,2020-03-31,2020-03-31,FY,8142056.2029,3698857.6651,4443198.5378,0.5457096373539453,0.0,3673154.2152,557018.7343,1308928.9467,4230172.9495,0.0,683154.4437,0.0,1485168.1517,0.18240701300625015,213025.5883,0.026163610639794593,1240463.331,733548.0923,0.0900937151525346,0.0,805776.3308,0.09896472226671714,0.00124367855076404,0.00124367855076404,647897586.0,647897586.0,,,1620592299,16:31:39,20210509
1,2019-03-31,FTC.AX,AUD,2019-03-31,2019-03-31,FY,9271247.6132,3261780.3563,6009467.2569,0.6481832335428063,0.0,4802442.141,932346.881,1012779.9576,5734789.022,0.0,591710.2751,0.0,1198976.0591,0.1293219757600854,274678.2349,0.029626890183466252,923181.9803,607265.784,0.06549989918675038,0.0,633759.4158,0.06835751154975958,0.0012,0.0012,647897586.0,647897586.0,,,1620592299,16:31:39,20210509
2,2018-03-31,FTC.AX,AUD,2018-03-31,2018-03-31,FY,2078826.6385,2502863.2425,-424036.604,-0.2039788196604832,0.0,3613162.5420000004,862310.4506,901116.9837,4475472.9926,0.0,536930.73,0.0,-4268440.907,-2.053293347289382,-4899509.5966,-2.3568630042836545,629665.4644,-4805371.637,-2.3115788243253266,0.0,-4732321.4359,-2.276438712231751,-0.0077,-0.0077,642245705.0,642245705.0,,,1620592299,16:31:39,20210509
3,2017-03-31,FTC.AX,AUD,2017-03-31,2017-03-31,FY,1166177.229,915717.5636,250459.6654,0.21476981300241113,0.0,3526083.3618,1067689.5362,506515.7205,4593772.898,0.0,341059.2786,0.0,-3992647.0589,-3.4237052135923673,-4343313.2326,-3.724402367489547,349926.8025,-4333706.3375,-3.716164430012207,0.0,-4281673.3038,-3.6715459685930805,-0.0065,-0.0065,637747400.0,637747400.0,,,1620592299,16:31:39,20210509
4,2016-03-31,FTC.AX,AUD,2016-03-31,2016-03-31,FY,1063859.9963,881766.4048,182093.5915,0.17116311557282304,0.0,3299291.7012,722944.4792,183106.8608,4022236.1804,0.0,12863.0865,0.0,-3888866.7622,-3.6554309549424686,-3840142.5889,-3.609631532584773,-51984.9333,-3901729.8487,-3.6675219129113144,0.0,-3821101.1249,-3.591733064679011,-0.006,-0.006,637747400.0,637747400.0,,,1620592299,16:31:39,20210509
5,2015-03-31,FTC.AX,AUD,2015-03-31,2015-03-31,FY,1125325.4762,690997.1275,434328.3487,0.38595798094489103,0.0,2583314.3243000004,675851.8143,402036.9197,3259166.1386,0.0,0.0,0.0,-2824837.7899,-2.510240681157344,-2824837.7899,-2.510240681157344,174625.5227,-2640084.6956,-2.3460632069888265,0.0,-2634906.2222,-2.3414614508662455,-0.0041,-0.0041,637474414.0,637474414.0,,,1620592299,16:31:39,20210509
6,2014-03-31,FTC.AX,AUD,2014-03-31,2014-03-31,FY,195379.159,94069.5749,101309.5841,0.518528100021149,0.0,2036418.5998,1065119.1244,323381.8429,3101537.7242,0.0,0.0,0.0,-3000228.1401,-15.355927190269048,-3000228.1401,-15.355927190269048,205688.1677,-2791912.6131,-14.289715583738387,0.0,-2791912.6131,-14.289715583738387,-0.0044,-0.0044,635928342.0,635928342.0,,,1620592299,16:31:39,20210509
7,2013-03-31,FTC.AX,AUD,2013-03-31,2013-03-31,FY,169611.3778,100870.7731,68740.6047,0.405282980373266,0.0,2079721.8835,824323.3065,39083.543,2904045.19,0.0,0.0,0.0,-2835304.5853,-16.716476347732375,-2835304.5853,-16.716476347732375,39083.543,-2795666.1985,-16.482775122530725,0.0,-2795666.1985,-16.482775122530725,-0.0043,-0.0043,634911400.0,634911400.0,,,1620592299,16:31:39,20210509
8,2012-03-31,FTC.AX,AUD,2012-03-31,2012-03-31,FY,0.0,0.0,0.0,0.0,0.0,0.0,0.0,0.0,0.0,0.0,0.0,0.0,0.0,0.0,0.0,0.0,0.0,0.0,0.0,0.0,0.0,0.0,0.0,0.0,2000000.0,2000000.0,,,1620592299,16:31:39,20210509
