,date,symbol,reportedCurrency,fillingDate,acceptedDate,period,revenue,costOfRevenue,grossProfit,grossProfitRatio,researchAndDevelopmentExpenses,generalAndAdministrativeExpenses,sellingAndMarketingExpenses,otherExpenses,operatingExpenses,costAndExpenses,interestExpense,depreciationAndAmortization,ebitda,ebitdaratio,operatingIncome,operatingIncomeRatio,totalOtherIncomeExpensesNet,incomeBeforeTax,incomeBeforeTaxRatio,incomeTaxExpense,netIncome,netIncomeRatio,eps,epsdiluted,weightedAverageShsOut,weightedAverageShsOutDil,link,finalLink,timestamp,est_time,est_date
0,2020-03-31,0677.HK,HKD,2020-03-31,2020-03-31,FY,1736440000,1138832000,597608000,0.3441570108958559,0.0,180471000,354037000,2144000.0,0.0,1657376000,25840000.0,125908000.0,204972000.0,0.11804151021630463,79064000.0,0.045532238372762664,0.0,-2527000.0,-0.0014552763124553684,20020000.0,-22652000.0,-0.013045080739904633,-0.013,-0.013,1697406458,1697406458,https://www1.hkexnews.hk/search/titlesearch.xhtml,https://www1.hkexnews.hk/search/titlesearch.xhtml,1620584853,14:27:33,20210509
1,2019-03-31,0677.HK,HKD,2019-03-31,2019-03-31,FY,1458423000,1015711000,442712000,0.30355527854401637,0.0,165929000,286406000,9438000.0,0.0,1468046000,0.0,37530000.0,27907000.0,0.019135052039086053,-9623000.0,-0.006598222874982087,0.0,11778000.0,0.00807584630796415,7492000.0,4356000.0,0.002986787783791122,0.002566268072959105,0.0025655403096006054,1697406458,1697887959,https://www1.hkexnews.hk/search/titlesearch.xhtml,https://www1.hkexnews.hk/search/titlesearch.xhtml,1620584853,14:27:33,20210509
2,2018-03-31,0677.HK,HKD,2018-03-31,2018-03-31,FY,1208616000,803009000,405607000,0.3355962522422341,0.0,157709000,236530000,5400000.0,0.0,1197248000,1000.0,33530000.0,44898000.0,0.03714827538275184,11368000.0,0.009405799691548018,0.0,76488000.0,0.06328560932504616,14041000.0,65367000.0,0.05408417561905518,0.038540907093086656,0.03850617116545225,1696042074,1697572052,https://www1.hkexnews.hk/search/titlesearch.xhtml,https://www1.hkexnews.hk/search/titlesearch.xhtml,1620584853,14:27:33,20210509
3,2017-03-31,0677.HK,HKD,2017-03-31,2017-03-31,FY,1070178000,710735000,359443000,0.3358721633223632,0.0,164899000,168963000,4522000.0,0.0,1044597000,199000.0,24977000.0,50558000.0,0.04724260823900323,25581000.0,0.023903500165393048,0.0,72040000.0,0.06731590445701556,16909000.0,59762000.0,0.055843046670740755,0.03526993962668881,0.03525006113905512,1694417417,1695372946,https://www1.hkexnews.hk/search/titlesearch.xhtml,https://www1.hkexnews.hk/search/titlesearch.xhtml,1620584853,14:27:33,20210509
4,2016-03-31,0677.HK,HKD,2016-03-31,2016-03-31,FY,1013784000,698408000,315376000,0.31108796351096485,0.0,149921000,119110000,5900000.0,0.0,967439000,125000.0,20988000.0,67333000.0,0.06641750116395603,46345000.0,0.04571486628315302,0.0,-29833000.0,-0.029427373089336583,17313000.0,-45762000.0,-0.045139793092019605,-0.027,-0.027,1694133234,1694133234,https://www1.hkexnews.hk/search/titlesearch.xhtml,https://www1.hkexnews.hk/search/titlesearch.xhtml,1620584853,14:27:33,20210509
5,2015-03-31,0677.HK,HKD,2015-03-31,2015-03-31,FY,1014003000,700776000,313227000,0.3089014529542812,0.0,149629000,88136000,3068000.0,0.0,938541000,116000.0,17405000.0,92867000.0,0.09158454166309173,75462000.0,0.07441989816598175,0.0,165927000.0,0.16363561054553094,22995000.0,143016000.0,0.14104100283726972,0.08470760869807029,0.0846108168887791,1688348924,1690280336,https://www1.hkexnews.hk/search/titlesearch.xhtml,https://www1.hkexnews.hk/search/titlesearch.xhtml,1620584853,14:27:33,20210509
6,2014-03-31,0677.HK,HKD,2014-03-31,2014-03-31,FY,1003106000,715237000,287869000,0.2869776474270915,0.0,148642000,66619000,6392000.0,0.0,930498000,169000.0,17015000.0,89623000.0,0.08934549289905554,72608000.0,0.07238317784959915,0.0,102091000.0,0.1017748872003557,18156000.0,83382000.0,0.0831238174230839,0.04942894112745166,0.04939841452345947,1686906458,1687948911,https://www1.hkexnews.hk/search/titlesearch.xhtml,https://www1.hkexnews.hk/search/titlesearch.xhtml,1620584853,14:27:33,20210509
7,2013-03-31,0677.HK,HKD,2013-03-31,2013-03-31,FY,954111000,699977000,254134000,0.2663568494651042,0.0,135666000,50215000,7641000.0,0.0,885858000,263000.0,15100000.0,83353000.0,0.08736195264492287,68253000.0,0.07153570182085732,0.0,108351000.0,0.11356225847935932,15597000.0,91728000.0,0.0961397573238334,0.054,0.054,1686906458,1686906458,https://www1.hkexnews.hk/search/titlesearch.xhtml,https://www1.hkexnews.hk/search/titlesearch.xhtml,1620584853,14:27:33,20210509
8,2012-03-31,0677.HK,HKD,2012-03-31,2012-03-31,FY,939521000,675883000,263638000,0.28060894860253255,0.0,128015000,43091000,0.0,0.0,847729000,692000.0,13824000.0,105616000.0,0.11241473048500246,91792000.0,0.0977008496882986,0.0,91943000.0,0.09786156988507974,18138000.0,72119000.0,0.07676145610369539,0.044,0.043,1621067871,1686945547,https://www1.hkexnews.hk/search/titlesearch.xhtml,https://www1.hkexnews.hk/search/titlesearch.xhtml,1620584853,14:27:33,20210509
9,2011-03-31,0677.HK,HKD,2011-03-31,2011-03-31,FY,844034000,624182000,219852000,0.2604776584829521,0.0,116842000,27892000,-3500000.0,0.0,744710000,0.0,13413000.0,112737000.0,0.13356926379742995,99324000.0,0.11767772388316111,0.0,162945000.0,0.19305501911060455,16809000.0,146665000.0,0.17376669660226957,0.095,0.087,1545842181,1686906459,https://www1.hkexnews.hk/search/titlesearch.xhtml,https://www1.hkexnews.hk/search/titlesearch.xhtml,1620584853,14:27:33,20210509
10,2010-03-31,0677.HK,HKD,2010-03-31,2010-03-31,FY,743038000,558304000,184734000,0.2486198552429351,0.0,103657000,23418000,17904000.0,0.0,662823000,0.0,11532000.0,91747000.0,0.12347551538413917,80215000.0,0.10795544776983142,0.0,186164000.0,0.2505443866935473,11804000.0,174553000.0,0.23491799881028966,0.11,0.11,1467053983,1467053983,https://www1.hkexnews.hk/search/titlesearch.xhtml,https://www1.hkexnews.hk/search/titlesearch.xhtml,1620584853,14:27:33,20210509
11,2009-03-31,0677.HK,HKD,2009-03-31,2009-03-31,FY,757717000,567711000,190006000,0.25076116808782173,0.0,104472000,35956000,0.0,0.0,777244000,3029000.0,13011000.0,-6516000.0,-0.008599516706105313,-19527000.0,-0.025770835285469376,0.0,-161463000.0,-0.2130914312335608,7500000.0,-167632000.0,-0.2212329933207253,-0.119,-0.119,1406906460,1406906460,https://www1.hkexnews.hk/search/titlesearch.xhtml,https://www1.hkexnews.hk/search/titlesearch.xhtml,1620584853,14:27:33,20210509
12,2008-03-31,0677.HK,HKD,2008-03-31,2008-03-31,FY,556864000,405730000,151134000,0.27140199402367543,0.0,111449000,26592000,0.0,0.0,491438000,0.0,10779000.0,76205000.0,0.13684669865532698,65426000.0,0.11749008734628204,0.0,24423000.0,0.04385810539018504,15520000.0,8903000.0,0.015987745661418227,0.006,0.006,1406906460,1406906460,https://www1.hkexnews.hk/search/titlesearch.xhtml,https://www1.hkexnews.hk/search/titlesearch.xhtml,1620584853,14:27:33,20210509
13,2007-03-31,0677.HK,HKD,2007-03-31,2007-03-31,FY,643667000,474300000,169367000,0.26312829459953674,0.0,99503000,33904000,0.0,0.0,531763000,0.0,10107000.0,122011000.0,0.18955609033863782,111904000.0,0.17385387164481012,0.0,104894000.0,0.16296314709313978,15980000.0,88914000.0,0.13813664519075858,0.058,0.057,1328931034,1352245614,https://www1.hkexnews.hk/search/titlesearch.xhtml,https://www1.hkexnews.hk/search/titlesearch.xhtml,1620584853,14:27:33,20210509
14,2006-03-31,0677.HK,HKD,2006-03-31,2006-03-31,FY,654111000,454169000,199942000,0.30566983279596277,0.0,101477000,30034000,0.0,0.0,551937000,0.0,8918000.0,111092000.0,0.16983661794404925,102174000.0,0.1562028463059022,0.0,112367000.0,0.1717858283991555,21376000.0,90991000.0,0.1391063596239782,0.068,0.067,1308794118,1328328358,https://www1.hkexnews.hk/search/titlesearch.xhtml,https://www1.hkexnews.hk/search/titlesearch.xhtml,1620584853,14:27:33,20210509
15,2005-03-31,0677.HK,HKD,2005-03-31,2005-03-31,FY,731575000,522893000,208682000,0.2852503160988279,0.0,102044000,36143000,0.0,0.0,689695000,0.0,12047000.0,53927000.0,0.07371356320267915,41880000.0,0.05724635204866213,0.0,13667000.0,0.01868161159142945,19334000.0,-8340000.0,-0.011400061511123261,-0.006,-0.006,1390000000,1390000000,https://www1.hkexnews.hk/search/titlesearch.xhtml,https://www1.hkexnews.hk/search/titlesearch.xhtml,1620584853,14:27:33,20210509
16,2004-03-31,0677.HK,HKD,2004-03-31,2004-03-31,FY,800578000,611303000,189275000,0.23642293442987442,0.0,119018000,36026000,0.0,0.0,752676000,0.0,13127000.0,61029000.0,0.07623117297752374,47902000.0,0.059834269740112765,0.0,41115000.0,0.051356644824114575,9761000.0,38026000.0,0.04749818256309816,0.029,0.029,1311241379,1311241379,https://www1.hkexnews.hk/search/titlesearch.xhtml,https://www1.hkexnews.hk/search/titlesearch.xhtml,1620584853,14:27:33,20210509
17,2003-03-31,0677.HK,HKD,2003-03-31,2003-03-31,FY,727539000,479464000,248075000,0.34097828432565125,0.0,118725000,36067000,0.0,0.0,636739000,0.0,15082000.0,105882000.0,0.1455344661935649,90800000.0,0.12480430602345716,0.0,59454000.0,0.08171933051011698,11118000.0,49314000.0,0.06778193333965601,0.038,0.038,1297736842,1297736842,https://www1.hkexnews.hk/search/titlesearch.xhtml,https://www1.hkexnews.hk/search/titlesearch.xhtml,1620584853,14:27:33,20210509
18,2002-03-31,0677.HK,HKD,2002-03-31,2002-03-31,FY,975170000,661447000,313723000,0.3217110862721372,0.0,135689000,50811000,0.0,0.0,912727000,0.0,18893000.0,81336000.0,0.08340699570331327,62443000.0,0.06403293784673442,0.0,59100000.0,0.06060481762154291,32743000.0,70725000.0,0.07252581601156721,0.055,0.054,1285909091,1309722222,https://www1.hkexnews.hk/search/titlesearch.xhtml,https://www1.hkexnews.hk/search/titlesearch.xhtml,1620584853,14:27:33,20210509
