,date,symbol,reportedCurrency,fillingDate,acceptedDate,period,revenue,costOfRevenue,grossProfit,grossProfitRatio,researchAndDevelopmentExpenses,generalAndAdministrativeExpenses,sellingAndMarketingExpenses,otherExpenses,operatingExpenses,costAndExpenses,interestExpense,depreciationAndAmortization,ebitda,ebitdaratio,operatingIncome,operatingIncomeRatio,totalOtherIncomeExpensesNet,incomeBeforeTax,incomeBeforeTaxRatio,incomeTaxExpense,netIncome,netIncomeRatio,eps,epsdiluted,weightedAverageShsOut,weightedAverageShsOutDil,link,finalLink,timestamp,est_time,est_date
0,2020-03-31,MQG.AX,AUD,2020-03-31,2020-03-31,FY,5837000000.0,0.0,5837000000.0,1.0,0.0,5484000000.0,110000000.0,6577000000.0,10679000000.0,0.0,3297000000.0,1365000000.0,-3477000000.0,-0.5956827137228028,-4842000000.0,-0.8295357204043173,6437000000.0,3454000000.0,0.5917423333904402,728000000.0,2731000000.0,0.4678773342470447,7.91,7.645,333234377,357226946,,,1620595271,17:21:11,20210509
1,2019-03-31,MQG.AX,AUD,2019-03-31,2019-03-31,FY,5526000000.0,0.0,5526000000.0,1.0,0.0,5581000000.0,92000000.0,7416000000.0,10547000000.0,0.0,3595000000.0,1518000000.0,-3503000000.0,-0.6339124140427072,-5021000000.0,-0.9086138255519363,7128000000.0,3867000000.0,0.6997828447339848,879000000.0,2982000000.0,0.5396308360477742,8.833,8.681,324004686,343508812,,,1620595271,17:21:11,20210509
2,2018-03-31,MQG.AX,AUD,2018-03-31,2018-03-31,FY,4670000000.0,0.0,4670000000.0,1.0,0.0,4820000000.0,83000000.0,5549000000.0,8679000000.0,0.0,2957000000.0,1132000000.0,-2877000000.0,-0.6160599571734475,-4009000000.0,-0.8584582441113491,5487000000.0,3464000000.0,0.7417558886509636,883000000.0,2557000000.0,0.5475374732334047,7.582,7.435,322475660,343913921,,,1620595271,17:21:11,20210509
3,2017-03-31,MQG.AX,AUD,2017-03-31,2017-03-31,FY,4331000000.0,0.0,4331000000.0,1.0,0.0,4950000000.0,80000000.0,4324000000.0,7633000000.0,0.0,2953000000.0,151000000.0,-3151000000.0,-0.7275456014777187,-3302000000.0,-0.7624105287462479,4202000000.0,3104000000.0,0.7166936042484414,868000000.0,2217000000.0,0.5118910182405911,6.576,6.445,321147160,343987587,,,1620595271,17:21:11,20210509
4,2016-03-31,MQG.AX,AUD,2016-03-31,2016-03-31,FY,4862000000.0,0.0,4862000000.0,1.0,0.0,4571000000.0,85000000.0,4506000000.0,8414000000.0,0.0,3182000000.0,835000000.0,-2717000000.0,-0.5588235294117647,-3552000000.0,-0.7305635540929658,4288000000.0,3015000000.0,0.6201151789387084,927000000.0,2063000000.0,0.42431098313451254,6.5476,5.8257,315077420,354120535,,,1620595271,17:21:11,20210509
5,2015-03-31,MQG.AX,AUD,2015-03-31,2015-03-31,FY,4770000000.0,0.0,4770000000.0,1.0,0.0,4450000000.0,79000000.0,2426000000.0,6771000000.0,0.0,2917000000.0,183000000.0,-1818000000.0,-0.38113207547169814,-2001000000.0,-0.41949685534591197,2431000000.0,2522000000.0,0.5287211740041928,899000000.0,1604000000.0,0.3362683438155136,5.3815,4.842,298056554,331268071,,,1620595271,17:21:11,20210509
6,2014-03-31,MQG.AX,AUD,2014-03-31,2014-03-31,FY,3853000000.0,0.0,3853000000.0,1.0,0.0,4034000000.0,67000000.0,2638000000.0,6239000000.0,0.0,2906000000.0,170000000.0,-2216000000.0,-0.5751362574617181,-2386000000.0,-0.6192577212561641,2787000000.0,2106000000.0,0.5465870750064884,827000000.0,1265000000.0,0.32831559823514145,4.1329,3.6572,306081657,345893033,,,1620595271,17:21:11,20210509
7,2013-03-31,MQG.AX,AUD,2013-03-31,2013-03-31,FY,3422000000.0,0.0,3422000000.0,1.0,0.0,3570000000.0,60000000.0,1819000000.0,5295000000.0,0.0,3282000000.0,187000000.0,-1686000000.0,-0.49269433080070135,-1873000000.0,-0.5473407364114553,1911000000.0,1405000000.0,0.41057860900058446,533000000.0,851000000.0,0.24868497954412624,2.866815,2.607544,296842833,316773182,,,1620595271,17:21:11,20210509
8,2012-03-31,MQG.AX,AUD,2012-03-31,2012-03-31,FY,3364000000.0,0.0,3364000000.0,1.0,0.0,3902000000.0,66000000.0,2158000000.0,5914000000.0,0.0,4035000000.0,254000000.0,-2296000000.0,-0.6825208085612366,-2550000000.0,-0.7580261593341261,2266000000.0,1049000000.0,0.31183115338882283,287000000.0,730000000.0,0.2170035671819263,2.226107,2.143463,308636508,326574394,,,1620595271,17:21:11,20210509
9,2011-03-31,MQG.AX,AUD,2011-03-31,2011-03-31,FY,3891000000.0,0.0,3891000000.0,1.0,0.0,4255000000.0,72000000.0,2473000000.0,6547000000.0,0.0,4029000000.0,248000000.0,-2408000000.0,-0.618864045232588,-2656000000.0,-0.6826008738113596,2652000000.0,1271000000.0,0.3266512464662041,282000000.0,956000000.0,0.2456951940375225,2.993219,2.923289,319343577,327028924,,,1620595271,17:21:11,20210509
10,2010-03-31,MQG.AX,AUD,2010-03-31,2010-03-31,FY,3721000000.0,0.0,3721000000.0,1.0,0.0,3459000000.0,51000000.0,2358000000.0,5635000000.0,0.0,3511000000.0,213000000.0,-1701000000.0,-0.4571351787153991,-1914000000.0,-0.514377855415211,2128000000.0,1294000000.0,0.34775597957538296,201000000.0,1050000000.0,0.28218220908357966,3.392668,3.363001,309479668,312221172,,,1620595271,17:21:11,20210509
11,2009-03-31,MQG.AX,AUD,2009-03-31,2009-03-31,FY,4045000000.0,0.0,4045000000.0,1.0,0.0,2657000000.0,45000000.0,907000000.0,4975000000.0,0.0,5482000000.0,159000000.0,-771000000.0,-0.19060568603213845,-930000000.0,-0.22991347342398022,981000000.0,989000000.0,0.24449938195302842,15000000.0,871000000.0,0.21532756489493202,3.280356,3.269761,265560129,266380363,,,1620595271,17:21:11,20210509
12,2008-03-31,MQG.AX,AUD,2008-03-31,2008-03-31,FY,4645000000.0,0.0,4645000000.0,1.0,0.0,4381000000.0,46000000.0,2742000000.0,6155000000.0,0.0,5881000000.0,120000000.0,-1390000000.0,-0.2992465016146394,-1510000000.0,-0.32508073196986004,2898000000.0,2205000000.0,0.4747039827771798,317000000.0,1803000000.0,0.38815931108719054,7.105319,6.924136,253745301,253745301,,,1620595271,17:21:11,20210509
13,2007-03-31,MQG.AX,AUD,2007-03-31,2007-03-31,FY,3540000000.0,0.0,3540000000.0,1.0,0.0,3923000000.0,0.0,2569000000.0,5151000000.0,0.0,3904000000.0,81000000.0,-1530000000.0,-0.4322033898305085,-1611000000.0,-0.45508474576271185,2811000000.0,1928000000.0,0.5446327683615819,377000000.0,1494000000.0,0.42203389830508475,6.268277,5.377199,233414475,272074759,,,1620595271,17:21:11,20210509
14,2006-03-31,MQG.AX,AUD,2006-03-31,2006-03-31,FY,2819000000.0,0.0,2819000000.0,1.0,0.0,1399000000.0,1126000000.0,1032000000.0,3328000000.0,0.0,2544000000.0,60000000.0,-449000000.0,-0.15927633912735012,-509000000.0,-0.18056048244058176,1204000000.0,1287000000.0,0.4565448740688187,0.0,1235000000.0,0.43809861653068466,4.241365,4.050646,215979659,215979659,,,1620595271,17:21:11,20210509
15,2005-03-31,MQG.AX,AUD,2005-03-31,2005-03-31,FY,2371000000.0,0.0,2371000000.0,1.0,0.0,842000000.0,1210000000.0,3654000000.0,2938000000.0,0.0,1266000000.0,54000000.0,-2884000000.0,-1.2163644032053986,-2938000000.0,-1.2391396035428088,3689000000.0,1161000000.0,0.48966680725432304,1161000000.0,-29000000.0,-0.012231126107127795,3.969061,3.858868,207351076,207351076,,,1620595271,17:21:11,20210509
16,2004-03-31,MQG.AX,AUD,2004-03-31,2004-03-31,FY,0.0,0.0,0.0,0.0,0.0,1015000000.0,331000000.0,2157000000.0,1772000000.0,0.0,965000000.0,64000000.0,-1708000000.0,0.0,-1772000000.0,0.0,2192000000.0,685000000.0,0.0,685000000.0,-3000000.0,0.0,2.468743,2.42954,205382855,205382855,,,1620595271,17:21:11,20210509
17,2003-03-31,MQG.AX,AUD,2003-03-31,2003-03-31,FY,0.0,0.0,0.0,0.0,0.0,1044000000.0,0.0,1868000000.0,1750000000.0,0.0,827000000.0,50000000.0,-1700000000.0,0.0,-1750000000.0,0.0,1868000000.0,460000000.0,0.0,460000000.0,-3000000.0,0.0,1.746556,1.727697,190661159,190661159,,,1620595271,17:21:11,20210509
18,2002-03-31,MQG.AX,AUD,2002-03-31,2002-03-31,FY,0.0,0.0,0.0,0.0,0.0,414000000.0,516000000.0,1465000000.0,1453000000.0,0.0,790000000.0,46000000.0,-1407000000.0,0.0,-1453000000.0,0.0,1471000000.0,355000000.0,0.0,355000000.0,0.0,0.0,1.407396,1.397542,177911208,177911208,,,1620595271,17:21:11,20210509
19,2001-03-31,MQG.AX,AUD,2001-03-31,2001-03-31,FY,0.0,0.0,0.0,0.0,0.0,844000000.0,0.0,-1018482000.0,1131000000.0,0.0,839337000.0,40036000.0,1164655000.0,0.0,0.0,0.0,-1018482000.0,325318000.0,0.0,325318000.0,1310000.0,0.0,1.471498,1.471498,164436747,164436747,,,1620595271,17:21:11,20210509
20,2000-03-31,MQG.AX,AUD,2000-03-31,2000-03-31,FY,0.0,0.0,0.0,0.0,0.0,0.0,0.0,-1182730000.0,24106000.0,0.0,741079000.0,24106000.0,1042496000.0,0.0,0.0,0.0,-1182730000.0,301417000.0,0.0,301417000.0,-12163000.0,0.0,1.317334,1.317334,159607244,159607244,,,1620595271,17:21:11,20210509
21,1999-03-31,MQG.AX,AUD,1999-03-31,1999-03-31,FY,831222016.0,0.0,831222016.0,1.0,0.0,0.0,0.0,-831222016.0,610003024.0,0.0,365400992.0,17114000.0,583192000.0,0.7016079805085432,0.0,0.2620130408095447,-831222016.0,217791008.0,0.2620130408095447,217791008.0,164952992.0,0.19844637031365636,1.070142,1.070142,153631764,153631764,,,1620595271,17:21:11,20210509
22,1998-03-31,MQG.AX,AUD,1998-03-31,1998-03-31,FY,0.0,0.0,0.0,0.0,0.0,0.0,0.0,0.0,0.0,0.0,317684992.0,0.0,484565984.0,0.0,0.0,0.0,0.0,166880992.0,0.0,166880992.0,141155008.0,0.0,0.932401,0.932401,151388746,151388746,,,1620595271,17:21:11,20210509
23,1997-03-31,MQG.AX,AUD,1997-03-31,1997-03-31,FY,530128000.0,0.0,530128000.0,1.0,0.0,0.0,0.0,-530128000.0,16788000.0,0.0,312030016.0,16788000.0,450258016.0,0.8493383032022455,0.0,0.26074457489511965,-530128000.0,138228000.0,0.26074457489511965,138228000.0,116943000.0,0.22059389430477166,0.79466,0.79466,147161071,147161071,,,1620595271,17:21:11,20210509
24,1996-03-31,MQG.AX,AUD,1996-03-31,1996-03-31,FY,0.0,0.0,0.0,0.0,0.0,0.0,0.0,16072000.0,16072000.0,0.0,0.0,16072000.0,0.0,0.0,0.0,0.0,16072000.0,0.0,0.0,0.0,0.0,0.0,0.0,0.0,147161071,147161071,,,1620595271,17:21:11,20210509
