,date,symbol,reportedCurrency,fillingDate,acceptedDate,period,revenue,costOfRevenue,grossProfit,grossProfitRatio,researchAndDevelopmentExpenses,generalAndAdministrativeExpenses,sellingAndMarketingExpenses,otherExpenses,operatingExpenses,costAndExpenses,interestExpense,depreciationAndAmortization,ebitda,ebitdaratio,operatingIncome,operatingIncomeRatio,totalOtherIncomeExpensesNet,incomeBeforeTax,incomeBeforeTaxRatio,incomeTaxExpense,netIncome,netIncomeRatio,eps,epsdiluted,weightedAverageShsOut,weightedAverageShsOutDil,link,finalLink,timestamp,est_time,est_date
0,2020-12-31,ELST,USD,2021-03-09,2021-03-08 18:01:40,FY,1225372.0,608654.0,616718.0,0.5032904293553304,0.0,0.0,0.0,9000.0,839173.0,1447827.0,0.0,6953.0,-215502.0,-0.17586659398125631,-222455.0,-0.1815407892460412,9000.0,-202719.0,-0.16543465984207245,0.0,-202719.0,-0.16543465984207245,-0.0409644392479739,-0.0409644392479739,4946502.0,4946502.0,https://www.sec.gov/Archives/edgar/data/752294/000105291821000070/0001052918-21-000070-index.htm,https://www.sec.gov/Archives/edgar/data/752294/000105291821000070/elst10kmar2-21.htm,1620591584,16:19:44,20210509
1,2019-12-31,ELST,USD,2020-02-25,2020-02-25 15:18:46,FY,1408548.0,664265.0,744283.0,0.528404427822126,0.0,0.0,0.0,0.0,957438.0,1621703.0,0.0,7970.0,-205185.0,-0.14567128702749213,-213155.0,-0.15132959615149785,0.0,-190957.0,-0.13557010481715923,0.0,-190957.0,-0.13557010481715923,-0.04,-0.04,4948658.0,4948658.0,https://www.sec.gov/Archives/edgar/data/752294/000105291820000034/0001052918-20-000034-index.htm,https://www.sec.gov/Archives/edgar/data/752294/000105291820000034/est10kfeb21-20final.htm,1620591584,16:19:44,20210509
2,2018-12-31,ELST,USD,2019-03-01,2019-03-01 16:55:36,FY,1395030.0,675598.0,719432.0,0.5157107732450198,0.0,0.0,0.0,0.0,853628.0,1529226.0,0.0,11076.0,-123120.0,-0.08825616653405303,-134196.0,-0.09619578073589816,0.0,-116099.0,-0.08322329985735073,0.0,-116099.0,-0.08322329985735073,-0.02,-0.02,4986005.0,4986005.0,https://www.sec.gov/Archives/edgar/data/752294/000105291819000044/0001052918-19-000044-index.htm,https://www.sec.gov/Archives/edgar/data/752294/000105291819000044/est10kfeb25-19.htm,1620591584,16:19:44,20210509
3,2017-12-31,ELST,USD,2018-02-23,2018-02-23 12:54:52,FY,1425128.0,643414.0,781714.0,0.5485219573259384,0.0,1026283.0,9832.0,0.0,1238203.0,1881617.0,0.0,19939.0,-436550.0,-0.30632336183135833,-456489.0,-0.3203143857955215,241315.0,-203763.0,-0.14297873594512212,244092.0,-447855.0,-0.31425598262050847,-0.09,-0.09,5022184.0,5022184.0,https://www.sec.gov/Archives/edgar/data/752294/000105291818000046/0001052918-18-000046-index.htm,https://www.sec.gov/Archives/edgar/data/752294/000105291818000046/elst10kfeb21-18final.htm,1620591584,16:19:44,20210509
4,2016-12-31,ELST,USD,2017-02-24,2017-02-24 12:54:39,FY,1489889.0,677166.0,812722.0,0.5454916440083791,0.0,1256967.0,9552.0,0.0,1477250.0,2154416.0,0.0,26290.0,-638237.0,-0.4283788926557616,-664527.0,-0.4460245024964947,436209.0,-216396.0,-0.14524303488380677,-75700.0,-140696.0,-0.09443388064479971,-0.03,-0.03,5090487.0,5090487.0,https://www.sec.gov/Archives/edgar/data/752294/000105291817000121/0001052918-17-000121-index.htm,https://www.sec.gov/Archives/edgar/data/752294/000105291817000121/est10kfeb2217v3.htm,1620591584,16:19:44,20210509
5,2015-12-31,ELST,USD,2016-03-04,2016-03-04 13:36:26,FY,1550584.0,734032.0,816552.0,0.5266093291301858,0.0,1215815.0,12171.0,0.0,1154634.0,1888666.0,0.0,28714.0,-309368.0,-0.19951708517564995,-338082.0,-0.21803526929208608,0.0,-326843.0,-0.21078703249872305,-88470.0,-238373.0,-0.15373111034294176,-0.05,-0.05,5158667.0,5158667.0,https://www.sec.gov/Archives/edgar/data/752294/000105291816000840/0001052918-16-000840-index.htm,https://www.sec.gov/Archives/edgar/data/752294/000105291816000840/elst10kmar316.htm,1620591584,16:19:44,20210509
6,2014-12-31,ELST,USD,2015-02-06,2015-02-06 13:25:30,FY,1867420.0,850624.0,1016796.0,0.5444924012809116,0.0,1263001.0,16091.0,0.0,1533540.0,2384164.0,0.0,17824.0,-498920.0,-0.26717074894774606,-516744.0,-0.27671546840025274,352315.0,-153912.0,-0.08241959494918122,-52122.0,-101790.0,-0.054508359126495376,-0.02,-0.02,5158667.0,5158667.0,https://www.sec.gov/Archives/edgar/data/752294/000105291815000043/0001052918-15-000043-index.htm,https://www.sec.gov/Archives/edgar/data/752294/000105291815000043/est10kfeb415.htm,1620591584,16:19:44,20210509
7,2013-12-31,ELST,USD,2014-03-05,2014-03-05 15:10:49,FY,2190258.0,971798.0,1218460.0,0.556308891463928,0.0,1204452.0,17055.0,0.0,1450653.0,2422451.0,0.0,13540.0,-218653.0,-0.09982979174142954,-232193.0,-0.1060117118622555,332232.0,108197.0,0.04939920319889255,-8000.0,116197.0,0.053051740936455885,0.022524617309083915,0.02243087030742089,5158667.0,5180227.0,https://www.sec.gov/Archives/edgar/data/752294/000105291814000057/0001052918-14-000057-index.htm,https://www.sec.gov/Archives/edgar/data/752294/000105291814000057/ext10kmar514.htm,1620591584,16:19:44,20210509
8,2012-12-31,ELST,USD,2013-03-28,2013-03-28 17:09:23,FY,2113816.0,921488.0,1192328.0,0.5640642326484424,0.0,1252759.0,16581.0,0.0,1507919.0,2429407.0,0.0,15484.0,-300107.0,-0.14197404125997723,-315591.0,-0.14929918214262736,358693.0,50522.0,0.023900850405144062,26400.0,24122.0,0.011411589277401627,0.004676014171878123,0.004676014171878123,5158667.0,5158667.0,https://www.sec.gov/Archives/edgar/data/752294/000105291813000090/0001052918-13-000090-index.htm,https://www.sec.gov/Archives/edgar/data/752294/000105291813000090/est10kmar2713final.htm,1620591584,16:19:44,20210509
9,2011-12-31,ELST,USD,2012-03-23,2012-03-23 11:58:05,FY,1791741.0,797973.0,993768.0,0.554638198266379,0.0,1254621.0,13218.0,0.0,1195051.0,1993024.0,0.0,21956.0,-179327.0,-0.10008533599443223,-201283.0,-0.1123393392236936,4166.0,-187453.0,-0.1046205896946043,-57463.0,-129990.0,-0.07254954817688494,-0.03,-0.03,5158667.0,5158667.0,https://www.sec.gov/Archives/edgar/data/752294/000105291812000108/0001052918-12-000108-index.htm,https://www.sec.gov/Archives/edgar/data/752294/000105291812000108/est10k2011f.htm,1620591584,16:19:44,20210509
10,2010-12-31,ELST,USD,2011-03-23,2011-03-23 16:35:31,FY,2228798.0,869601.0,1359197.0,0.6098340899444454,0.0,1425090.0,15615.0,0.0,1185031.0,2054632.0,0.0,32365.0,206531.0,0.09266474575084867,174166.0,0.07814346567073373,0.0,187023.0,0.08391204586508064,57571.0,129452.0,0.05808153094179015,0.03,0.02,5158667.0,5238532.0,https://www.sec.gov/Archives/edgar/data/752294/000105291811000108/0001052918-11-000108-index.htm,https://www.sec.gov/Archives/edgar/data/752294/000105291811000108/estform10kmar2211.htm,1620591584,16:19:44,20210509
11,2009-12-31,ELST,USD,2010-03-26,2010-03-26 14:05:11,FY,1867076.0,777382.0,1089694.0,0.5836366596753426,0.0,1357010.0,16035.0,0.0,1092019.0,1869401.0,0.0,40142.0,37817.0,0.020254665584046927,-2325.0,-0.001245262645976918,555.0,22599.0,0.012103952918895643,-1896.0,24495.0,0.013119444521808432,0.004748319672504544,0.00473551578843583,5158667.0,5172615.0,https://www.sec.gov/Archives/edgar/data/752294/000105291810000090/0001052918-10-000090-index.htm,https://www.sec.gov/Archives/edgar/data/752294/000105291810000090/est10kmar2510s.htm,1620591584,16:19:44,20210509
12,2008-12-31,ELST,USD,2009-03-25,2009-03-25 17:20:52,FY,2108700.0,951095.0,1157605.0,0.5489661876985821,0.0,1802006.0,24767.0,0.0,1446312.0,2397407.0,0.0,50068.0,-238639.0,-0.11316877697159387,-288707.0,-0.13691231564471001,1174.0,-227815.0,-0.10803575662730593,-71628.0,-156187.0,-0.07406790913833167,-0.03,-0.03,5157916.0,5157916.0,https://www.sec.gov/Archives/edgar/data/752294/000105291809000137/0001052918-09-000137-index.htm,https://www.sec.gov/Archives/edgar/data/752294/000105291809000137/est10kmar2409s.htm,1620591584,16:19:44,20210509
13,2007-12-31,ELST,USD,2007-12-31,2007-12-31,FY,3002521.0,1155323.0,1847198.0,0.6152156804232177,0.0,1467051.0,0.0,0.0,1467051.0,2622374.0,0.0,54433.0,434580.0,0.14473837152179786,380147.0,0.12660927267452918,1717.0,463136.0,0.15424904605163461,143814.0,319322.0,0.10635129612748753,0.06,0.06,5322033.0,5322033.0,,,1620591584,16:19:44,20210509
14,2006-12-31,ELST,USD,2007-03-28,2007-03-28 14:33:41,FY,2617810.0,1018798.0,1599012.0,0.6108204949939071,0.0,1282761.0,0.0,0.0,1283761.0,2302559.0,0.0,60834.0,376085.0,0.14366397866919295,315251.0,0.1204254701448921,-21547.0,343014.0,0.13103089987432243,116925.0,226089.0,0.086365702629297,0.04,0.04,5652225.0,5652225.0,https://www.sec.gov/Archives/edgar/data/752294/000075229407000018/0000752294-07-000018-index.htm,https://www.sec.gov/Archives/edgar/data/752294/000075229407000018/k06.htm,1620591584,16:19:44,20210509
15,2005-12-31,ELST,USD,2005-12-31,2005-12-31,FY,2417700.0,1112683.0,1305017.0,0.5397762336104562,0.0,1140174.0,0.0,0.0,1140174.0,2252857.0,0.0,73882.0,238725.0,0.09874053852835339,164843.0,0.06818174297886422,-32892.0,174757.0,0.0722823344500972,61694.0,113063.0,0.04676469371716921,0.02,0.02,5653150.0,5653150.0,,,1620591584,16:19:44,20210509
16,2004-12-31,ELST,USD,2005-03-28,2005-03-25 17:32:23,FY,2297945.0,984193.0,1313752.0,0.5717073298098954,0.0,1089396.0,0.0,0.0,1089396.0,2073589.0,0.0,69627.0,293983.0,0.12793300100742186,224356.0,0.09763332020566201,12262.0,260126.0,0.11319940207446218,85306.0,174820.0,0.07607666850163951,0.03,0.03,5827333.0,5827333.0,https://www.sec.gov/Archives/edgar/data/752294/000075229405000019/0000752294-05-000019-index.htm,https://www.sec.gov/Archives/edgar/data/752294/000075229405000019/k1004.htm,1620591584,16:19:44,20210509
17,2003-12-31,ELST,USD,2003-12-31,2003-12-31,FY,2064628.0,938361.0,1126267.0,0.5455060185176216,0.0,1006674.0,0.0,0.0,1006674.0,1945035.0,0.0,53611.0,173204.0,0.08389114164876191,119593.0,0.057924720579203615,20102.0,173901.0,0.08422873273054517,50895.0,123006.0,0.059577802877806556,0.02,0.02,6150300.0,6150300.0,,,1620591584,16:19:44,20210509
18,2002-12-31,ELST,USD,2003-03-26,2003-03-25 19:01:51,FY,1932648.0,869262.0,1063386.0,0.5502222856929974,0.0,608463.0,18277.0,0.0,788631.0,1657893.0,0.0,45273.0,320028.0,0.16559042308790842,274755.0,0.14216505023159934,11629.0,327617.0,0.16951715987598362,114041.0,213576.0,0.11050951854657444,0.04,0.04,5339400.0,5339400.0,https://www.sec.gov/Archives/edgar/data/752294/000075229403000021/0000752294-03-000021-index.htm,https://www.sec.gov/Archives/edgar/data/752294/000075229403000021/est10k02.htm,1620591584,16:19:44,20210509
19,2001-12-31,ELST,USD,2002-03-27,2002-03-27 00:00:00,FY,1303811.0,694394.0,609417.0,0.4674120712281151,0.0,515773.0,20774.0,0.0,681374.0,1375768.0,0.0,46012.0,-25945.0,-0.0198993565785225,-71957.0,-0.055189747593784685,23059.0,6072.0,0.004657116714002259,16368.0,-10296.0,-0.007896850080264702,-0.002019,-0.002019,5369867.0,5369867.0,https://www.sec.gov/Archives/edgar/data/752294/000075229402000014/0000752294-02-000014-index.htm,https://www.sec.gov/Archives/edgar/data/752294/000075229402000014/k01.htm,1620591584,16:19:44,20210509
20,2000-12-31,ELST,USD,2001-03-27,2001-03-27,FY,1310524.0,731927.0,578597.0,0.44150049903702643,0.0,505207.0,30810.0,0.0,670774.0,1402701.0,0.0,43065.0,-49112.0,-0.03747508630135732,-92177.0,-0.07033598774230766,42443.0,29410.0,0.022441405117342376,5466.0,23944.0,0.01827055437367038,0.004724,0.004724,6031000.0,6031000.0,https://www.sec.gov/Archives/edgar/data/752294/000075229401000016/0000752294-01-000016-index.htm,https://www.sec.gov/Archives/edgar/data/752294/000075229401000016/0000752294-01-000016-0001.htm,1620591584,16:19:44,20210509
21,1999-12-31,ELST,USD,1999-12-31,1999-12-31,FY,1239390.0,990605.0,248785.0,0.20073181161700515,0.0,0.0,10970.0,0.0,629948.0,1620553.0,0.0,35823.0,-345340.0,-0.2786370714625743,-381163.0,-0.3075408063644212,28750.0,65559.0,0.05289618279960303,13258.0,52301.0,0.042198984984548854,0.01,0.01,5230100.0,5230100.0,,,1620591584,16:19:44,20210509
22,1998-12-31,ELST,USD,1998-12-31,1998-12-31,FY,1485381.0,1077997.0,407384.0,0.27426229364721916,0.0,0.0,37149.0,0.0,885416.0,1963413.0,0.0,34209.0,-443823.0,-0.29879404677991706,-478032.0,-0.3218245015925207,7132.0,242779.0,0.16344560755792623,79852.0,162927.0,0.10968700959551791,0.03,0.03,5430900.0,5430900.0,,,1620591584,16:19:44,20210509
23,1997-12-31,ELST,USD,1997-12-31,1997-12-31,FY,1337303.0,894290.0,443013.0,0.33127346607313374,0.0,0.0,51935.0,0.0,813364.0,1707654.0,0.0,35178.0,-335173.0,-0.25063355125951264,-370351.0,-0.27693873415374076,8248.0,247760.0,0.1852684096274367,81559.0,166201.0,0.12428073518118182,0.03,0.03,5540033.0,5540033.0,,,1620591584,16:19:44,20210509
24,1996-12-31,ELST,USD,1996-12-31,1996-12-31,FY,1190304.0,1293461.0,-103157.0,-0.086664415141006,0.0,0.0,54969.0,0.0,865162.0,2158623.0,0.0,32140.0,-936179.0,-0.7865041199559104,-968319.0,-0.8135056254536657,80924.0,234456.0,0.19697152996209372,75721.0,158735.0,0.13335668871145523,0.03,0.03,5291167.0,5291167.0,,,1620591584,16:19:44,20210509
25,1995-12-31,ELST,USD,1995-12-31,1995-12-31,FY,1535071.0,899623.0,635448.0,0.41395349140202636,0.0,0.0,50619.0,0.0,839793.0,1739416.0,0.0,27216.0,-177129.0,-0.11538814817034522,-204345.0,-0.13311762126963508,-27564.0,404137.0,0.2632692559497248,136428.0,267709.0,0.17439519084133567,0.05,0.05,5354180.0,5354180.0,,,1620591584,16:19:44,20210509
26,1994-12-31,ELST,USD,1994-12-31,1994-12-31,FY,1200000.0,470000.0,730000.0,0.6083333333333333,0.0,60000.0,0.0,0.0,480000.0,950000.0,0.0,20000.0,270000.0,0.225,250000.0,0.20833333333333334,50000.0,290000.0,0.24166666666666667,110000.0,190000.0,0.15833333333333333,0.03545,0.03545,5360000.0,5360000.0,,,1620591584,16:19:44,20210509
27,1993-12-31,ELST,USD,1993-12-31,1993-12-31,FY,1440000.0,600000.0,850000.0,0.5902777777777778,0.0,80000.0,0.0,0.0,450000.00000000006,1050000.0,0.0,20000.0,420000.0,0.2916666666666667,400000.0,0.2777777777777778,40000.0,440000.0,0.3055555555555556,150000.0,290000.0,0.2013888888888889,0.05421,0.05421,5350000.0,5350000.0,,,1620591584,16:19:44,20210509
28,1992-12-31,ELST,USD,1992-12-31,1992-12-31,FY,1230000.0,510000.0,730000.0,0.5934959349593496,0.0,80000.0,0.0,0.0,439999.99999999994,950000.0,0.0,20000.0,300000.0,0.24390243902439024,280000.0,0.22764227642276422,50000.0,320000.0,0.2601626016260163,60000.0,260000.0,0.21138211382113822,0.04915,0.04915,5290000.0,5290000.0,,,1620591584,16:19:44,20210509
29,1991-12-31,ELST,USD,1991-12-31,1991-12-31,FY,1120000.0,430000.0,700000.0,0.625,0.0,50000.0,0.0,0.0,420000.0,850000.0,0.0,20000.0,290000.0,0.25892857142857145,270000.0,0.24107142857142858,40000.0,320000.0,0.2857142857142857,0.0,320000.0,0.2857142857142857,0.06452,0.06452,4960000.0,4960000.0,,,1620591584,16:19:44,20210509
30,1990-12-31,ELST,USD,1990-12-31,1990-12-31,FY,910000.0,370000.0,550000.0,0.6043956043956044,0.0,70000.0,0.0,0.0,459999.99999999994,830000.0,0.0,20000.0,110000.0,0.12087912087912088,90000.0,0.0989010989010989,20000.0,100000.0,0.10989010989010989,0.0,100000.0,0.10989010989010989,0.02016,0.02016,4960000.0,4960000.0,,,1620591584,16:19:44,20210509
31,1989-12-31,ELST,USD,1989-12-31,1989-12-31,FY,980000.0,370000.0,610000.0,0.6224489795918368,0.0,30000.0,0.0,0.0,420000.00000000006,790000.0,0.0,30000.0,210000.0,0.21428571428571427,180000.0,0.1836734693877551,10000.0,190000.0,0.19387755102040816,0.0,190000.0,0.19387755102040816,0.03831,0.03831,4960000.0,4960000.0,,,1620591584,16:19:44,20210509
32,1988-12-31,ELST,USD,1988-12-31,1988-12-31,FY,570000.0,260000.0,300000.0,0.5263157894736842,0.0,20000.0,0.0,0.0,470000.0,730000.0,-10000.0,30000.0,-130000.0,-0.22807017543859648,-160000.0,-0.2807017543859649,0.0,-170000.0,-0.2982456140350877,0.0,-170000.0,-0.2982456140350877,-0.03455,-0.03455,4920000.0,4920000.0,,,1620591584,16:19:44,20210509
