,date,symbol,reportedCurrency,fillingDate,acceptedDate,period,revenue,costOfRevenue,grossProfit,grossProfitRatio,researchAndDevelopmentExpenses,generalAndAdministrativeExpenses,sellingAndMarketingExpenses,otherExpenses,operatingExpenses,costAndExpenses,interestExpense,depreciationAndAmortization,ebitda,ebitdaratio,operatingIncome,operatingIncomeRatio,totalOtherIncomeExpensesNet,incomeBeforeTax,incomeBeforeTaxRatio,incomeTaxExpense,netIncome,netIncomeRatio,eps,epsdiluted,weightedAverageShsOut,weightedAverageShsOutDil,link,finalLink,timestamp,est_time,est_date
0,2020-12-31,PRFT,USD,2021-02-25,2021-02-25 15:10:16,FY,612133000.0,380723000.0,231410000.0,0.37803875955062055,0.0,134675000.0,0.0,-260000.0,162962000.0,543685000.0,10128000.0,28287000.0,96735000.0,0.15802938250347556,68448000.0,0.11181883675606445,-17991000.0,40329000.0,0.06588274116899431,10148000.0,30181000.0,0.0493046445788742,0.95,0.93,31769473.0,31769473.0,https://www.sec.gov/Archives/edgar/data/1085869/000108586921000021/0001085869-21-000021-index.htm,https://www.sec.gov/Archives/edgar/data/1085869/000108586921000021/prft-20201231.htm,1620596778,17:46:18,20210509
1,2019-12-31,PRFT,USD,2020-02-25 00:00:00,2020-02-25 16:14:00,FY,565527000.0,354213000.0,211314000.0,0.3736585521115703,0.0,134187000.0,0.0,27000.0,154785000.0,508998000.0,7418000.0,20598000.0,77127000.0,0.13638075635646044,56529000.0,0.09995809218657994,-1170000.0,47941000.0,0.0847722566738635,10816000.0,37125000.0,0.06564673304722851,1.18,1.15,31344000.0,32243000.0,https://www.sec.gov/Archives/edgar/data/1085869/000108586920000010/0001085869-20-000010-index.html,https://www.sec.gov/Archives/edgar/data/1085869/000108586920000010/perficientinc10-k20192.htm,1620596778,17:46:18,20210509
2,2018-12-31,PRFT,USD,2019-02-26 00:00:00,2019-02-26 12:03:52,FY,498375000.0,319831000.0,178544000.0,0.3582523200401304,0.0,118484000.0,0.0,-12000.0,138912000.0,458743000.0,3560000.0,20428000.0,60060000.0,0.12051166290443943,39632000.0,0.07952244795585653,-3700000.0,32372000.0,0.06495510408828693,7813000.0,24559000.0,0.04927815400050163,0.76,0.73,32415000.0,33502000.0,https://www.sec.gov/Archives/edgar/data/1085869/000108586919000010/0001085869-19-000010-index.html,https://www.sec.gov/Archives/edgar/data/1085869/000108586919000010/perficientinc10-k2018.htm,1620596778,17:46:18,20210509
3,2017-12-31,PRFT,USD,2018-03-01 00:00:00,2018-03-01 12:45:54,FY,485261000.0,323748000.0,161513000.0,0.3328373802963766,0.0,108192000.0,0.0,1000.0,127939000.0,451687000.0,1838000.0,19747000.0,53321000.0,0.10988107430846493,33574000.0,0.06918750940215677,-4593000.0,27143000.0,0.055934847432618735,8562000.0,18581000.0,0.03829073426465345,0.56,0.55,33016000.0,34066000.0,https://www.sec.gov/Archives/edgar/data/1085869/000108586918000009/0001085869-18-000009-index.html,https://www.sec.gov/Archives/edgar/data/1085869/000108586918000009/form10k.htm,1620596778,17:46:18,20210509
4,2016-12-31,PRFT,USD,2017-02-28 00:00:00,2017-02-28 16:18:02,FY,486982000.0,335702000.0,151280000.0,0.31064803216545994,0.0,101264000.0,0.0,-60000.0,119502000.0,455204000.0,1636000.0,18238000.0,50016000.0,0.1027060548439162,31778000.0,0.06525497862343987,367000.0,30509000.0,0.0626491328221577,10050000.0,20459000.0,0.04201181973871724,0.6,0.58,34023000.0,35001000.0,https://www.sec.gov/Archives/edgar/data/1085869/000108586917000008/0001085869-17-000008-index.html,https://www.sec.gov/Archives/edgar/data/1085869/000108586917000008/form10k.htm,1620596778,17:46:18,20210509
5,2015-12-31,PRFT,USD,2016-03-03 00:00:00,2016-03-03 15:15:53,FY,473621000.0,318411000.0,155210000.0,0.3277092865392371,0.0,99963000.0,0.0,-332000.0,118278000.0,436689000.0,2085000.0,18315000.0,55247000.0,0.11664812159933786,36932000.0,0.07797796128127765,-2012000.0,32835000.0,0.06932758471436022,9828000.0,23007000.0,0.048576815639509226,0.69,0.67,33408000.0,34324000.0,https://www.sec.gov/Archives/edgar/data/1085869/000108586916000055/0001085869-16-000055-index.html,https://www.sec.gov/Archives/edgar/data/1085869/000108586916000055/form10k.htm,1620596778,17:46:18,20210509
6,2014-12-31,PRFT,USD,2015-03-06,2015-03-05 20:54:07,FY,456692000.0,307357000.0,149335000.0,0.3269928091580321,0.0,90202000.0,0.0,-5000.0,108389000.0,415746000.0,1438000.0,18187000.0,59133000.0,0.12948113827262137,40946000.0,0.08965780000525518,-1988000.0,37520000.0,0.08215602638101828,14357000.0,23163000.0,0.05071908419678908,0.73,0.7,31698000.0,33158000.0,https://www.sec.gov/Archives/edgar/data/1085869/000108586915000008/form10k.htm,https://www.sec.gov/Archives/edgar/data/1085869/000108586915000008/form10k.htm,1620596778,17:46:18,20210509
7,2013-12-31,PRFT,USD,2014-03-06,2014-03-06 10:52:11,FY,373325000.0,250226000.0,123099000.0,0.3297368244826894,0.0,77601000.0,0.0,112000.0,88837000.0,339063000.0,293000.0,11236000.0,45498000.0,0.12187236322239335,34262000.0,0.0917752628406884,-2472000.0,31497000.0,0.08436884751891784,10065000.0,21432000.0,0.05740842429518516,0.71,0.67,30294000.0,31808000.0,https://www.sec.gov/Archives/edgar/data/1085869/000108586914000007/form10k.htm,https://www.sec.gov/Archives/edgar/data/1085869/000108586914000007/form10k.htm,1620596778,17:46:18,20210509
8,2012-12-31,PRFT,USD,2013-03-07 00:00:00,2013-03-07 12:23:47,FY,327096000.0,223693000.0,103403000.0,0.31612431824296233,0.0,64853000.0,0.0,44000.0,74931000.0,298624000.0,143000.0,10078000.0,38550000.0,0.11785530853327464,28472000.0,0.08704478196003619,-2344000.0,25985000.0,0.07944150952625528,9878000.0,16107000.0,0.04924242424242424,0.54,0.52,29536000.0,31086000.0,https://www.sec.gov/Archives/edgar/data/1085869/000108586913000007/0001085869-13-000007-index.html,https://www.sec.gov/Archives/edgar/data/1085869/000108586913000007/form10k.htm,1620596778,17:46:18,20210509
9,2011-12-31,PRFT,USD,2012-03-01 00:00:00,2012-03-01 14:59:17,FY,262439000.0,181305000.0,81134000.0,0.30915374620387975,0.0,51672000.0,0.0,0.0,61353000.0,242658000.0,0.0,8095000.0,27876000.0,0.10621896897945808,19781000.0,0.07537370588974962,-1204000.0,18645000.0,0.07104508095214507,7898000.0,10747000.0,0.040950468489820493,0.39,0.37,27745312.0,29184286.0,https://www.sec.gov/Archives/edgar/data/1085869/000108586912000007/0001085869-12-000007-index.html,https://www.sec.gov/Archives/edgar/data/1085869/000108586912000007/form10k.htm,1620596778,17:46:18,20210509
10,2010-12-31,PRFT,USD,2011-03-03,2011-03-03 09:53:04,FY,214952000.0,152185000.0,62767000.0,0.29200472663664445,0.0,45477000.0,0.0,0.0,50261000.0,202446000.0,0.0,4784000.0,17290000.0,0.08043656258141353,12506000.0,0.058180430979939704,-921000.0,11748000.0,0.05465406230228144,5268000.0,6480000.0,0.03014626521269865,0.24,0.23,26856481.0,28303547.0,https://www.sec.gov/Archives/edgar/data/1085869/000108586911000005/form10k.htm,https://www.sec.gov/Archives/edgar/data/1085869/000108586911000005/form10k.htm,1620596778,17:46:18,20210509
11,2009-12-31,PRFT,USD,2010-03-04 00:00:00,2010-03-04 08:52:44,FY,188150000.0,139817000.0,48333000.0,0.2568854637257507,0.0,40042000.0,0.0,0.0,45792000.0,185609000.0,0.0,5750000.0,8291000.0,0.04406590486314111,2541000.0,0.013505182035609886,260000.0,3010000.0,0.01599787403667287,1547000.0,1463000.0,0.00777571086898751,0.05312600995704165,0.05122879065037803,27538300.0,28558160.0,https://www.sec.gov/Archives/edgar/data/1085869/000108586910000006/0001085869-10-000006-index.html,https://www.sec.gov/Archives/edgar/data/1085869/000108586910000006/form10k2009.htm,1620596778,17:46:18,20210509
12,2008-12-31,PRFT,USD,2009-03-06 00:00:00,2009-03-06 08:51:20,FY,231488000.0,157986000.0,73502000.0,0.3175196986452862,0.0,47242000.0,0.0,0.0,55824000.0,213810000.0,0.0,6949000.0,24627000.0,0.10638564418025988,17678000.0,0.07636680951064417,-2548000.0,17291000.0,0.07469501658833287,7291000.0,10000000.0,0.043198783522256014,0.34,0.33,29412329.0,30350616.0,https://www.sec.gov/Archives/edgar/data/1085869/000108586909000006/0001085869-09-000006-index.html,https://www.sec.gov/Archives/edgar/data/1085869/000108586909000006/form10k.htm,1620596778,17:46:18,20210509
13,2007-12-31,PRFT,USD,2008-03-04,2008-03-04 13:42:25,FY,218148000.0,142458000.0,75690000.0,0.34696627977336486,0.0,41963000.0,0.0,0.0,48228000.0,190686000.0,0.0,6265000.0,33727000.0,0.1546060472706603,27462000.0,0.12588701248693548,20000.0,27654000.0,0.12676714890808075,11424000.0,16230000.0,0.07439903184993674,0.58,0.54,27998093.0,30121962.0,https://www.sec.gov/Archives/edgar/data/1085869/000108586908000015/form10_k2007.htm,https://www.sec.gov/Archives/edgar/data/1085869/000108586908000015/form10_k2007.htm,1620596778,17:46:18,20210509
14,2006-12-31,PRFT,USD,2007-03-05,2007-03-02 21:34:01,FY,160926000.0,107170000.0,53756000.0,0.3340417334675565,0.0,32268000.0,0.0,0.0,36674000.0,143844000.0,0.0,4406000.0,21488000.0,0.13352721126480493,17082000.0,0.10614816748070542,174000.0,16849000.0,0.10470029703093348,7282000.0,9567000.0,0.05944968494836136,0.38,0.35,25033337.0,27587449.0,https://www.sec.gov/Archives/edgar/data/1085869/000114420407011114/v067501_10k.htm,https://www.sec.gov/Archives/edgar/data/1085869/000114420407011114/v067501_10k.htm,1620596778,17:46:18,20210509
15,2005-12-31,PRFT,USD,2006-03-31,2006-03-30 20:49:39,FY,96997201.0,64578784.0,32418417.0,0.3342201286818575,0.0,17917330.0,0.0,0.0,20143215.0,84721999.0,0.0,2225885.0,14501087.0,0.1495000561923431,12275202.0,0.12655212597320206,42561.0,11674462.0,0.12035875138293939,4497710.0,7176752.0,0.07398926903055687,0.33,0.28,22005154.0,25242496.0,https://www.sec.gov/Archives/edgar/data/1085869/000114420406012583/v038010_10k.htm,https://www.sec.gov/Archives/edgar/data/1085869/000114420406012583/v038010_10k.htm,1620596778,17:46:18,20210509
16,2004-12-31,PRFT,USD,2005-03-31,2005-03-31 12:51:32,FY,58847673.0,40028300.0,18819373.0,0.3197980827551159,0.0,11067792.0,0.0,0.0,12276288.0,52304588.0,0.0,1208496.0,7751581.0,0.13172281255709126,6543085.0,0.1111868093747734,32586.0,6440957.0,0.10945134568022766,2527669.0,3913288.0,0.06649860224719506,0.22,0.19,17648575.0,20680507.0,https://www.sec.gov/Archives/edgar/data/1085869/000095012905003085/h23693e10ksb.htm,https://www.sec.gov/Archives/edgar/data/1085869/000095012905003085/h23693e10ksb.htm,1620596778,17:46:18,20210509
17,2003-12-31,PRFT,USD,2004-03-30,2004-03-30 16:58:39,FY,30191922.0,18816509.0,11375413.0,0.37677008439542203,0.0,7993008.0,0.0,0.0,9273865.0,28090374.0,0.0,1280857.0,3382405.0,0.11203013176835844,2101548.0,0.06960630065220756,-13459.0,1805437.0,0.05979867727533213,755405.0,1050032.0,0.034778574215977374,0.08,0.07,11155000.0,12748571.0,https://www.sec.gov/Archives/edgar/data/1085869/000104746904010111/a2131990z10ksb.htm,https://www.sec.gov/Archives/edgar/data/1085869/000104746904010111/a2131990z10ksb.htm,1620596778,17:46:18,20210509
18,2002-12-31,PRFT,USD,2003-03-27,2003-03-27 16:32:19,FY,20464376.0,11553311.0,8911065.0,0.4354427909260463,0.0,8567698.0,0.0,0.0,10540792.0,22094103.0,0.0,1973094.0,343367.0,0.016778767161041215,-1629727.0,-0.07963726819718324,-579480.0,-2395044.0,-0.11703479255854173,0.0,-2395044.0,-0.11703479255854173,-0.53,-0.53,10537226.0,10537226.0,https://www.sec.gov/Archives/edgar/data/1085869/000104746903010550/a2106665z10ksb.htm,https://www.sec.gov/Archives/edgar/data/1085869/000104746903010550/a2106665z10ksb.htm,1620596778,17:46:18,20210509
19,2001-12-31,PRFT,USD,2002-03-15,2002-03-15 00:00:00,FY,20416643.0,11879224.0,8537419.0,0.41815978268317666,0.0,9495991.0,0.0,0.0,51729803.0,63609027.0,0.0,15312280.0,-27880104.0,-1.365557697217902,-43192384.0,-2.11554779108397,-27566263.0,-43928417.0,-2.151598428791648,-42261.0,-43886156.0,-2.149528499861608,-7.46,-7.46,5882863.0,5882863.0,https://www.sec.gov/Archives/edgar/data/1085869/000091205702010086/a2073037z10ksb.htm,https://www.sec.gov/Archives/edgar/data/1085869/000091205702010086/a2073037z10ksb.htm,1620596778,17:46:18,20210509
20,2000-12-31,PRFT,USD,2000-12-31,2000-12-31,FY,19963759.0,9660794.0,10302965.0,0.5160834189593252,0.0,10655652.0,0.0,0.0,23867492.0,33528286.0,0.0,13211840.0,-352687.0,-0.017666362331863455,-13564527.0,-0.6794575610735433,0.0,-13452350.0,-0.6738385291066677,175000.0,-13627350.0,-0.6826044133271695,-2.96,-2.96,4603834.0,4603834.0,,,1620596778,17:46:18,20210509
21,1999-12-31,PRFT,USD,1999-12-31,1999-12-31,FY,3154936.0,1518439.0,1636497.0,0.5187100467331192,0.0,3153560.0,0.0,0.0,3176510.0,4694949.0,0.0,22950.0,-1517063.0,-0.4808538112975984,-1540013.0,-0.4881281268463132,0.0,-1425875.0,-0.4519505308507051,-20912.0,-1404963.0,-0.44532218720126177,-0.47,-0.47,2989283.0,2989283.0,,,1620596778,17:46:18,20210509
22,1998-12-31,PRFT,USD,1998-12-31,1998-12-31,FY,825800.0,400977.0,424823.0,0.5144381206103172,0.0,0.0,0.0,0.0,0.0,757991.0,0.0,10530.0,78339.0,0.09486437394042141,67809.0,0.08211310244611286,0.0,67809.0,0.08211310244611286,27581.0,40228.0,0.04871397432792444,0.02,0.02,2011400.0,2011400.0,,,1620596778,17:46:18,20210509
