,date,symbol,reportedCurrency,fillingDate,acceptedDate,period,revenue,costOfRevenue,grossProfit,grossProfitRatio,researchAndDevelopmentExpenses,generalAndAdministrativeExpenses,sellingAndMarketingExpenses,otherExpenses,operatingExpenses,costAndExpenses,interestExpense,depreciationAndAmortization,ebitda,ebitdaratio,operatingIncome,operatingIncomeRatio,totalOtherIncomeExpensesNet,incomeBeforeTax,incomeBeforeTaxRatio,incomeTaxExpense,netIncome,netIncomeRatio,eps,epsdiluted,weightedAverageShsOut,weightedAverageShsOutDil,link,finalLink,timestamp,est_time,est_date
0,2018-12-31,INSY,USD,2019-03-13 00:00:00,2019-03-12 21:52:14,FY,82080000,10803000,71277000,0.8683845029239766,57572000.0,7896000.0,31372000,70788000.0,199000000,209803000,0.0,7605000.0,-120118000,-1.463425925925926,-127723000.0,-1.5560794346978557,1316000.0,-126407000.0,-1.5400462962962962,-1900000.0,-124507000.0,-1.516898148148148,-1.68085,-1.68085,74073665,74073665,https://www.sec.gov/Archives/edgar/data/1516479/000156459019007444/0001564590-19-007444-index.html,https://www.sec.gov/Archives/edgar/data/1516479/000156459019007444/insy-10k_20181231.htm,1620593662,16:54:22,20210509
1,2017-12-31,INSY,USD,2018-03-12 00:00:00,2018-03-09 18:55:33,FY,140693000,20643000,120050000,0.8532762824021095,62954000.0,18703000.0,48870000,159684000.0,339081000,359724000,0.0,8462000.0,-210569000,-1.4966558393097027,-219031000.0,-1.5568009780159637,1836000.0,-217195000.0,-1.5437512882659408,10820000.0,-228015000.0,-1.6206563226315454,-3.15552,-3.15552,72259063,72259063,https://www.sec.gov/Archives/edgar/data/1516479/000156459018005187/0001564590-18-005187-index.html,https://www.sec.gov/Archives/edgar/data/1516479/000156459018005187/insy-10k_20171231.htm,1620593662,16:54:22,20210509
2,2016-12-31,INSY,USD,2017-04-03,2017-03-31 17:32:47,FY,242275000,25393000,216882000,0.895189350944175,73913000.0,-7559000.0,69651000,3900000.0,209556000,234949000,0.0,8278000.0,15604000,0.06440615003611598,7326000.0,0.030238365493757094,1098000.0,8424000.0,0.03477040553090496,834000.0,7590000.0,0.031328036322360954,0.1059777703877249,0.10236571620840948,71618793,74145918,https://www.sec.gov/Archives/edgar/data/1516479/000156459017005856/0001564590-17-005856-index.htm,https://www.sec.gov/Archives/edgar/data/1516479/000156459017005856/insy-10k_20161231.htm,1620593662,16:54:22,20210509
3,2015-12-31,INSY,USD,2016-02-29 00:00:00,2016-02-26 18:35:47,FY,330797000,28854000,301943000,0.9127742996460064,55281000.0,-16619000.0,80668000,9515000.0,209513000,238367000,0.0,5291000.0,97721000,0.29541078062981224,92430000.0,0.27941607692935544,538000.0,92968000.0,0.2810424520174004,34492000.0,58476000.0,0.17677306626118133,0.816788544053189,0.7723922117197903,71592581,75707651,https://www.sec.gov/Archives/edgar/data/1516479/000143774916026220/0001437749-16-026220-index.html,https://www.sec.gov/Archives/edgar/data/1516479/000143774916026220/insy20151231_10k.htm,1620593662,16:54:22,20210509
4,2014-12-31,INSY,USD,2015-03-03,2015-03-03 17:06:40,FY,222125000,22578000,199547000,0.8983545301069218,33136000.0,-13822000.0,58105000,2000.0,135524000,158102000,0.0,2500000.0,66523000,0.2994845244794598,64023000.0,0.28822960045019697,153000.0,64176000.0,0.28891840180078787,26199000.0,37977000.0,0.17097129994372537,1.1046397224395268,1.0357109604711696,34379535,36667566,https://www.sec.gov/Archives/edgar/data/1516479/000143774915003988/0001437749-15-003988-index.htm,https://www.sec.gov/Archives/edgar/data/1516479/000143774915003988/insy20141231_10k.htm,1620593662,16:54:22,20210509
5,2013-12-31,INSY,USD,2014-03-05,2014-03-04 17:51:07,FY,99289000,12665000,86624000,0.8724430702293305,8499000.0,-12822000.0,29194000,-54000.0,54065000,66730000,928000.0,1788000.0,34347000,0.3459295591656679,32559000.0,0.3279215220215734,-982000.0,31577000.0,0.3180312018451188,-8800000.0,40377000.0,0.4066613622858524,2.3366529040046364,2.107753900247807,17279845,19156411,https://www.sec.gov/Archives/edgar/data/1516479/000143774914003376/0001437749-14-003376-index.htm,https://www.sec.gov/Archives/edgar/data/1516479/000143774914003376/insy20131231_10k.htm,1620593662,16:54:22,20210509
