,date,symbol,reportedCurrency,fillingDate,acceptedDate,period,revenue,costOfRevenue,grossProfit,grossProfitRatio,researchAndDevelopmentExpenses,generalAndAdministrativeExpenses,sellingAndMarketingExpenses,otherExpenses,operatingExpenses,costAndExpenses,interestExpense,depreciationAndAmortization,ebitda,ebitdaratio,operatingIncome,operatingIncomeRatio,totalOtherIncomeExpensesNet,incomeBeforeTax,incomeBeforeTaxRatio,incomeTaxExpense,netIncome,netIncomeRatio,eps,epsdiluted,weightedAverageShsOut,weightedAverageShsOutDil,link,finalLink,timestamp,est_time,est_date
0,2019-12-31,PEO,USD,2019-12-31,2019-12-31,FY,70932287,0.0,0.0,0.0,0.0,1846418.0,0.0,0.0,5270975.0,0.0,0.0,0.0,0.0,0.0,0.0,0.9256900457756282,0.0,65661312.0,0.9256900457756282,0.0,65661312.0,0.9256900457756282,2.21,2.21,29711001,29711001,,,1620596449,17:40:49,20210509
1,2018-12-31,PEO,USD,2018-12-31,2018-12-31,FY,-121088256,0.0,0.0,0.0,0.0,2144802.0,0.0,0.0,4953724.0,0.0,0.0,0.0,0.0,0.0,0.0,1.0409100284671702,0.0,-126041980.0,1.0409100284671702,0.0,-126041980.0,1.0409100284671702,-4.35,-4.35,28975168,28975168,,,1620596449,17:40:49,20210509
2,2017-12-31,PEO,USD,2017-12-31,2017-12-31,FY,18559493,0.0,0.0,0.0,0.0,2138673.0,0.0,0.0,4854966.0,0.0,0.0,0.0,0.0,0.0,0.0,0.7384106343853251,0.0,13704527.0,0.7384106343853251,0.0,13704527.0,0.7384106343853251,0.48,0.48,28551098,28551098,,,1620596449,17:40:49,20210509
3,2016-12-31,PEO,USD,2016-12-31,2016-12-31,FY,16645330,0.0,0.0,0.0,0.0,4665870.0,0.0,0.0,5108370.0,5108370.0,113905570.0,0.0,239348090.0,14.379294,11536960.0,0.6931049129095067,0.0,125442520.0,7.536199042013585,0.0,125442520.0,7.536199042013585,4.39297,4.39297,28555310,28555310,,,1620596449,17:40:49,20210509
4,2015-12-31,PEO,USD,2015-12-31,2015-12-31,FY,18965200,0.0,0.0,0.0,0.0,8242650.0,0.0,0.0,8706610.0,8706610.0,-158725570.0,0.0,-305760240.0,-16.122173,10258590.0,0.5409165207854386,1432320.0,-147034670.0,-7.752866829772425,0.0,-147034670.0,-7.752866829772425,-5.23317,-5.23317,28096650,28096650,,,1620596449,17:40:49,20210509
5,2014-12-31,PEO,USD,2014-12-31,2014-12-31,FY,19029360,0.0,0.0,0.0,0.0,5055720.0,0.0,0.0,5561950.0,5561950.0,-86005090.0,0.0,-158931730.0,-8.351922,13467410.0,0.7077174429408031,0.0,-72926640.0,-3.8323222641223875,0.0,-72926640.0,-3.8323222641223875,-2.66341,-2.66341,27380920,27380920,,,1620596449,17:40:49,20210509
6,2013-12-31,PEO,USD,2013-12-31,2013-12-31,FY,17860000,0.0,0.0,0.0,0.0,5850000.0,0.0,-880000.0,5370000.0,5370000.0,155720000.0,0.0,323930000.0,18.137178,12490000.0,0.6993281075027995,0.0,168210000.0,9.418253079507279,0.0,168210000.0,9.418253079507279,6.28118,6.28118,26780000,26780000,,,1620596449,17:40:49,20210509
7,2012-12-31,PEO,USD,2012-12-31,2012-12-31,FY,17200000,0.0,0.0,0.0,0.0,4260000.0,0.0,-30000.0,4740000.0,4740000.0,12400000.0,0.0,37250000.0,2.165698,12450000.0,0.7238372093023255,0.0,24850000.0,1.444767441860465,0.0,24850000.0,1.444767441860465,0.94379,0.94379,26330000,26330000,,,1620596449,17:40:49,20210509
8,2011-12-31,PEO,USD,2011-12-31,2011-12-31,FY,14600000,0.0,0.0,0.0,0.0,3770000.0,0.0,970000.0,5250000.0,5250000.0,-10520000.0,0.0,-11680000.0,-0.8,9360000.0,0.6410958904109589,0.0,-1160000.0,-0.07945205479452055,0.0,-1160000.0,-0.07945205479452055,-0.04524,-0.04524,25640000,25640000,,,1620596449,17:40:49,20210509
9,2010-12-31,PEO,USD,2010-12-31,2010-12-31,FY,12610000,0.0,0.0,0.0,0.0,3610000.0,0.0,-50000.0,3960000.0,3960000.0,121250000.0,0.0,251160000.0,19.917526,8660000.0,0.6867565424266455,0.0,129910000.0,10.302141157811262,0.0,129910000.0,10.302141157811262,5.24042,5.24042,24790000,24790000,,,1620596449,17:40:49,20210509
10,2009-12-31,PEO,USD,2009-12-31,2009-12-31,FY,12170000,0.0,0.0,0.0,0.0,4940000.0,0.0,-2190000.0,3140000.0,3140000.0,126920000.0,0.0,262870000.0,21.599836,9030000.0,0.741988496302383,0.0,135950000.0,11.170912078882498,0.0,135950000.0,11.170912078882498,5.58775,5.58775,24330000,24330000,,,1620596449,17:40:49,20210509
11,2008-12-31,PEO,USD,2008-12-31,2008-12-31,FY,14090000,0.0,0.0,0.0,0.0,3840000.0,0.0,150000.0,4440000.0,4440000.0,-397580000.0,0.0,-787130000.0,-55.864443,9650000.0,0.6848828956706884,-1620000.0,-389550000.0,-27.647267565649397,0.0,-389550000.0,-27.647267565649397,-16.25835,-16.25835,23960000,23960000,,,1620596449,17:40:49,20210509
12,2007-12-31,PEO,USD,2007-12-31,2007-12-31,FY,14980000,0.0,0.0,0.0,0.0,4360000.0,0.0,200000.0,4910000.0,4910000.0,227200000.0,0.0,464380000.0,31.0,10070000.0,0.6722296395193591,-90000.0,237180000.0,15.833110814419225,0.0,237180000.0,15.833110814419225,10.41634,10.41634,22770000,22770000,,,1620596449,17:40:49,20210509
13,2006-12-31,PEO,USD,2006-12-31,2006-12-31,FY,14680000,0.0,0.0,0.0,0.0,4310000.0,0.0,130000.0,4830000.0,4830000.0,103290000.0,0.0,216420000.0,14.742507,9840000.0,0.670299727520436,0.0,113130000.0,7.706403269754769,0.0,113130000.0,7.706403269754769,5.10054,5.10054,22180000,22180000,,,1620596449,17:40:49,20210509
14,2005-12-31,PEO,USD,2005-12-31,2005-12-31,FY,15610000,0.0,0.0,0.0,0.0,3800000.0,0.0,120000.0,4220000.0,4220000.0,179630000.0,0.0,370650000.0,23.744395,11390000.0,0.7296604740550929,0.0,191020000.0,12.237027546444587,0.0,191020000.0,12.237027546444587,8.83534,8.83534,21620000,21620000,,,1620596449,17:40:49,20210509
15,2004-12-31,PEO,USD,2004-12-31,2004-12-31,FY,12080000,0.0,0.0,0.0,0.0,2730000.0,0.0,150000.0,3160000.0,3160000.0,109330000.0,0.0,227580000.0,18.839404,8930000.0,0.7392384105960265,0.0,118250000.0,9.788907284768213,0.0,118250000.0,9.788907284768213,5.37989,5.37989,21980000,21980000,,,1620596449,17:40:49,20210509
16,2003-12-31,PEO,USD,2003-12-31,2003-12-31,FY,11590000,0.0,0.0,0.0,0.0,3130000.0,0.0,110000.0,3460000.0,3460000.0,83510000.0,0.0,175160000.0,15.113028,8140000.0,0.7023295944779983,0.0,91650000.0,7.907679033649698,0.0,91650000.0,7.907679033649698,4.21573,4.21573,21740000,21740000,,,1620596449,17:40:49,20210509
17,2002-12-31,PEO,USD,2002-12-31,2002-12-31,FY,11360000,0.0,0.0,0.0,0.0,2070000.0,0.0,100000.0,2370000.0,2370000.0,-67680000.0,0.0,-126380000.0,-11.125,8980000.0,0.7904929577464789,0.0,-58700000.0,-5.167253521126761,0.0,-58700000.0,-5.167253521126761,-2.72896,-2.72896,21510000,21510000,,,1620596449,17:40:49,20210509
18,2001-12-31,PEO,USD,2001-12-31,2001-12-31,FY,12200000,0.0,0.0,0.0,0.0,1780000.0,0.0,120000.0,2100000.0,2100000.0,-142040000.0,0.0,-273980000.0,-22.457377,10100000.0,0.8278688524590164,0.0,-131940000.0,-10.814754098360655,0.0,-131940000.0,-10.814754098360655,-6.2383,-6.2383,21150000,21150000,,,1620596449,17:40:49,20210509
19,2000-12-31,PEO,USD,2000-12-31,2000-12-31,FY,11290000,0.0,0.0,0.0,0.0,3350000.0,0.0,80000.0,3620000.0,3620000.0,162010000.0,0.0,331690000.0,29.379097,7670000.0,0.6793622674933569,0.0,169680000.0,15.029229406554473,0.0,169680000.0,15.029229406554473,8.06081,8.06081,21050000,21050000,,,1620596449,17:40:49,20210509
20,1999-12-31,PEO,USD,1999-12-31,1999-12-31,FY,12080000,0.0,0.0,0.0,0.0,1990000.0,0.0,100000.0,2270000.0,2270000.0,98230000.0,0.0,206270000.0,17.075331,9810000.0,0.8120860927152318,0.0,108040000.0,8.943708609271523,0.0,108040000.0,8.943708609271523,5.03214,5.03214,21470000,21470000,,,1620596449,17:40:49,20210509
21,1998-12-31,PEO,USD,1998-12-31,1998-12-31,FY,12650000,0.0,0.0,0.0,0.0,1280000.0,0.0,130000.0,1590000.0,1590000.0,-74630000.0,0.0,-138200000.0,-10.924901,11060000.0,0.8743083003952569,0.0,-63570000.0,-5.025296442687747,0.0,-63570000.0,-5.025296442687747,-3.06214,-3.06214,20760000,20760000,,,1620596449,17:40:49,20210509
22,1997-12-31,PEO,USD,1997-12-31,1997-12-31,FY,12510000,0.0,0.0,0.0,0.0,2160000.0,0.0,140000.0,2480000.0,2480000.0,78820000.0,0.0,167660000.0,13.402078,10030000.0,0.8017585931254996,0.0,88840000.0,7.101518784972022,0.0,88840000.0,7.101518784972022,4.41331,4.41331,20130000,20130000,,,1620596449,17:40:49,20210509
23,1996-12-31,PEO,USD,1996-12-31,1996-12-31,FY,12790000,0.0,0.0,0.0,0.0,2390000.0,0.0,200000.0,2740000.0,2740000.0,89320000.0,0.0,188690000.0,14.752932,10050000.0,0.7857701329163409,0.0,99370000.0,7.769351055512119,0.0,99370000.0,7.769351055512119,5.0699,5.0699,19600000,19600000,,,1620596449,17:40:49,20210509
