,date,symbol,reportedCurrency,fillingDate,acceptedDate,period,revenue,costOfRevenue,grossProfit,grossProfitRatio,researchAndDevelopmentExpenses,generalAndAdministrativeExpenses,sellingAndMarketingExpenses,otherExpenses,operatingExpenses,costAndExpenses,interestExpense,depreciationAndAmortization,ebitda,ebitdaratio,operatingIncome,operatingIncomeRatio,totalOtherIncomeExpensesNet,incomeBeforeTax,incomeBeforeTaxRatio,incomeTaxExpense,netIncome,netIncomeRatio,eps,epsdiluted,weightedAverageShsOut,weightedAverageShsOutDil,link,finalLink,timestamp,est_time,est_date
0,2020-12-31,1478.HK,CNY,2020-12-31,2020-12-31,FY,17400369000,15629784000,1770585000,0.10175560070019204,589737000,152626000,26066000.0,0.0,0.0,16285290000,53524000.0,384501000,1499580000,0.08618093099060141,1115079000,0.06408364098485497,0.0,970068000.0,0.05574985220141021,129960000,840108000,0.04828104507438894,0.7371961540857793,0.7371961540857793,1139599000,1139599000,https://www1.hkexnews.hk/search/titlesearch.xhtml,https://www1.hkexnews.hk/search/titlesearch.xhtml,1620585231,14:33:51,20210509
1,2019-12-31,1478.HK,CNY,2019-12-31,2019-12-31,FY,13169678000,11989806000,1179872000,0.08959004160921778,396244000,128140000,14946000.0,0.0,510228000.0,12500034000,52811000.0,291315000,960959000,0.07296753952526402,669644000,0.050847408721762216,0.0,606901000.0,0.04608320719762472,64529000,542372000,0.041183391120116986,0.476,0.472,1139599000,1150230000,https://www1.hkexnews.hk/search/titlesearch.xhtml,https://www1.hkexnews.hk/search/titlesearch.xhtml,1620585231,14:33:51,20210509
2,2018-12-31,1478.HK,CNY,2018-12-31,2018-12-31,FY,8135161000,7782053000,353108000,0.043405164323115426,266198000,81201000,18562000.0,0.0,261906000.0,8043959000,44146000.0,235741000,326943000,0.04018887886791669,91202000,0.011210841432640362,0.0,1330000.0,0.00016348785229941976,-13069000,14399000,0.0017699711167363497,0.01276944060644866,0.012647442974955445,1127614000,1138491000,https://www1.hkexnews.hk/search/titlesearch.xhtml,https://www1.hkexnews.hk/search/titlesearch.xhtml,1620585231,14:33:51,20210509
3,2017-12-31,1478.HK,CNY,2017-12-31,2017-12-31,FY,7938958000,7056225000,882733000,0.11119003274737062,269556000,64955000,16045000.0,0.0,333834000.0,7390059000,16912000.0,135805000,684704000,0.08624607914539918,548899000,0.06913992995050484,0.0,509515000.0,0.06417907740537235,73238000,436277000,0.054953937279930185,0.398,0.389,1095479000,1120394000,https://www1.hkexnews.hk/search/titlesearch.xhtml,https://www1.hkexnews.hk/search/titlesearch.xhtml,1620585231,14:33:51,20210509
4,2016-12-31,1478.HK,CNY,2016-12-31,2016-12-31,FY,4991158000,4568721000,422437000,0.08463707219847579,124564000,41311000,9662000.0,0.0,161386000.0,4730107000,5548000.0,64020000,325071000,0.06512937478637222,261051000,0.052302692080675464,0.0,214587000.0,0.04299342958087081,23832000,190755000,0.03821858574703506,0.184,0.181,1038359000,1056739000,https://www1.hkexnews.hk/search/titlesearch.xhtml,https://www1.hkexnews.hk/search/titlesearch.xhtml,1620585231,14:33:51,20210509
5,2015-12-31,1478.HK,CNY,2015-12-31,2015-12-31,FY,2202395000,1961824000,240571000,0.10923154111773774,74326000,27505000,6237000.0,0.0,100498000.0,2062322000,9948000.0,42449000,182522000,0.08287432545024848,140073000,0.06360030784668509,0.0,114701000.0,0.05208012186733079,12702000,101999000,0.04631276405912654,0.101,0.098,1014174000,1046124000,https://www1.hkexnews.hk/search/titlesearch.xhtml,https://www1.hkexnews.hk/search/titlesearch.xhtml,1620585231,14:33:51,20210509
6,2014-12-31,1478.HK,CNY,2014-12-31,2014-12-31,FY,2161084000,1808505000,352579000,0.16314914181956833,73423000,39723000,5647000.0,0.0,114895000.0,1923400000,23171000.0,31326000,269010000,0.12447919655136033,237684000,0.1099836933686983,0.0,239077000.0,0.1106282772904709,43571000,195506000,0.09046663618813522,0.195506,0.195506,1000000000,1000000000,https://www1.hkexnews.hk/search/titlesearch.xhtml,https://www1.hkexnews.hk/search/titlesearch.xhtml,1620585231,14:33:51,20210509
7,2013-12-31,1478.HK,CNY,2013-12-31,2013-12-31,FY,1410613000,1176567000,234046000,0.16591793780434463,51058000,14572000,3259000.0,0.0,64536000.0,1241103000,9010000.0,15316000,184826000,0.13102530601943976,169510000,0.12016761507231254,0.0,188172000.0,0.13339732442562205,25011000,163161000,0.11566673495848968,0.163161,0.163161,1000000000,1000000000,https://www1.hkexnews.hk/search/titlesearch.xhtml,https://www1.hkexnews.hk/search/titlesearch.xhtml,1620585231,14:33:51,20210509
