,date,symbol,reportedCurrency,fillingDate,acceptedDate,period,revenue,costOfRevenue,grossProfit,grossProfitRatio,researchAndDevelopmentExpenses,generalAndAdministrativeExpenses,sellingAndMarketingExpenses,otherExpenses,operatingExpenses,costAndExpenses,interestExpense,depreciationAndAmortization,ebitda,ebitdaratio,operatingIncome,operatingIncomeRatio,totalOtherIncomeExpensesNet,incomeBeforeTax,incomeBeforeTaxRatio,incomeTaxExpense,netIncome,netIncomeRatio,eps,epsdiluted,weightedAverageShsOut,weightedAverageShsOutDil,link,finalLink,timestamp,est_time,est_date
0,2020-12-31,CIB,COP,2020-12-31,2020-12-31,FY,15530872000000.0,0.0,0.0,0.0,0.0,6185519000000.0,0.0,0.0,0.0,0.0,5863008000000.0,0.0,0.0,0.0,0.0,0.01988124040942453,0.0,308773000000.0,0.01988124040942453,-6586000000.0,275994000000.0,0.017770669927612563,1147.7906109934531,1147.7906109934531,240456750,240456750,,,1620590280,15:58:00,20210509
1,2019-12-31,CIB,COP,2019-12-31,2019-12-31,FY,15689621000000.0,0.0,0.0,0.0,0.0,6435882000000.0,0.0,0.0,5353000000.0,0.0,6179794000000.0,677252000000.0,0.0,0.0,0.0,0.2853817182709512,0.0,4477531000000.0,0.2853817182709512,1262964000000.0,3117351000000.0,0.19868873824294417,12964.289836,12964.289836,240456750,240456750,,,1620590280,15:58:00,20210509
2,2018-12-31,CIB,COP,2018-12-31,2018-12-31,FY,14491122000000.0,0.0,0.0,0.0,0.0,6028823000000.0,0.0,0.0,5099000000.0,0.0,5670216000000.0,466156000000.0,0.0,0.0,0.0,0.24952312181209985,0.0,3615870000000.0,0.24952312181209985,829435000000.0,2658864000000.0,0.1834822728012365,11057.556089,11057.556089,240456750,240456750,,,1620590280,15:58:00,20210509
3,2017-12-31,CIB,COP,2017-12-31,2017-12-31,FY,14842373000000.0,0.0,0.0,0.0,0.0,5771878000000.0,0.0,0.0,5077000000.0,0.0,6232986000000.0,433033000000.0,0.0,0.0,0.0,0.2690116331128452,0.0,3992771000000.0,0.2690116331128452,1238598000000.0,2615000000000.0,0.17618476506418482,10875.136589,10875.136589,240456750,240456750,,,1620590280,15:58:00,20210509
4,2016-12-31,CIB,COP,2016-12-31,2016-12-31,FY,13576408000000.0,0.0,0.0,0.0,0.0,5460265000000.0,0.0,0.0,4729000000.0,0.0,6053100000000.0,479034000000.0,0.0,0.0,0.0,0.292292482665518,0.0,3968282000000.0,0.292292482665518,1176832000000.0,2865328000000.0,0.21105199549100173,11916.18867,11916.18867,240456750,240456750,,,1620590280,15:58:00,20210509
5,2015-12-31,CIB,COP,2015-12-31,2015-12-31,FY,10794060000000.0,0.0,0.0,0.0,0.0,4492989000000.0,0.0,0.0,4645000000.0,0.0,4037941000000.0,460971000000.0,0.0,0.0,0.0,0.29976070171927893,0.0,3235635000000.0,0.29976070171927893,649250000000.0,2518890000000.0,0.23335890295217926,10475.43893,10475.43893,240456750,240456750,,,1620590280,15:58:00,20210509
6,2014-12-31,CIB,COP,2014-12-31,2014-12-31,FY,9339578000000.0,0.0,0.0,0.0,0.0,4612815000000.0,0.0,-58768000000.0,4291000000.0,0.0,3240787000000.0,934927000000.0,0.0,0.0,0.0,0.26422992559192715,0.0,2467796000000.0,0.26422992559192715,589075000000.0,1878721000000.0,0.20115694734815642,7813.134795,7813.134795,240456750,240456750,,,1620590280,15:58:00,20210509
7,2013-12-31,CIB,COP,2013-12-31,2013-12-31,FY,7621146000000.0,0.0,0.0,0.0,0.0,4120019000000.0,0.0,37063000000.0,4837000000.0,0.0,3122126000000.0,507736000000.0,0.0,0.0,0.0,0.2535343109815768,0.0,1932222000000.0,0.2535343109815768,417095000000.0,1515127000000.0,0.1988056651847373,7114.716955,7114.716955,212956750,212956750,,,1620590280,15:58:00,20210509
8,2012-12-31,CIB,COP,2012-12-31,2012-12-31,FY,7259856000000.0,0.0,0.0,0.0,0.0,3783578000000.0,0.0,35215000000.0,4066000000.0,0.0,2894860000000.0,365292000000.0,0.0,0.0,0.0,0.2987827857742633,0.0,2169120000000.0,0.2987827857742633,467074000000.0,1702046000000.0,0.23444624796965668,7992.449171,7992.449171,212956750,212956750,,,1620590280,15:58:00,20210509
9,2011-12-31,CIB,COP,2011-12-31,2011-12-31,FY,6263409000000.0,0.0,0.0,0.0,0.0,3144759000000.0,187347000000.0,76055000000.0,3539000000.0,0.0,2042006000000.0,274242000000.0,0.0,0.0,0.0,0.3407746484382546,0.0,2134411000000.0,0.3407746484382546,470517000000.0,1663894000000.0,0.26565309721910224,8448.0,8448.0,196956751,196956751,,,1620590280,15:58:00,20210509
10,2010-12-31,CIB,COP,2010-12-31,2010-12-31,FY,5505029000000.0,0.0,0.0,0.0,0.0,2846769000000.0,0.0,86076000000.0,2609000000.0,0.0,1571581000000.0,251710000000.0,0.0,0.0,0.0,0.35329713976075333,0.0,1944911000000.0,0.35329713976075333,508417000000.0,1436494000000.0,0.26094213127669263,7293.448942,7293.448942,196956750,196956750,,,1620590280,15:58:00,20210509
11,2009-12-31,CIB,COP,2009-12-31,2009-12-31,FY,4872626000000.0,0.0,0.0,0.0,0.0,2640887000000.0,0.0,0.0,3374000000.0,0.0,3345416000000.0,254258000000.0,0.0,0.0,0.0,0.35275906667164686,0.0,1718863000000.0,0.35275906667164686,462013000000.0,1256850000000.0,0.25794099526620756,6381.36,6381.36,196956448,196956448,,,1620590280,15:58:00,20210509
12,2008-12-31,CIB,COP,2008-12-31,2008-12-31,FY,5524486000000.0,0.0,0.0,0.0,0.0,2346911000000.0,0.0,13377000000.0,2969000000.0,0.0,2753341000000.0,214282000000.0,0.0,0.0,0.0,0.3194322512537818,0.0,1764699000000.0,0.3194322512537818,474056000000.0,1290643000000.0,0.23362227725801096,10128.557133,10128.557133,196961508,196961508,,,1620590280,15:58:00,20210509
13,2007-12-31,CIB,COP,2007-12-31,2007-12-31,FY,4285552000000.0,0.0,0.0,0.0,0.0,1805014000000.0,68222000000.0,32001000000.0,2530000000.0,0.0,2002090000000.0,254389000000.0,0.0,0.0,0.0,0.3380675348239853,0.0,1448806000000.0,0.3380675348239853,361883000000.0,1086923000000.0,0.25362497059888667,5732.0,5732.0,189623692,189623692,,,1620590280,15:58:00,20210509
14,2006-12-31,CIB,COP,2006-12-31,2006-12-31,FY,3029420571227.8,0.0,0.0,0.0,0.0,659084884013.42,0.0,0.0,1558000000.0,0.0,1190190293899.96,140827453611.45,0.0,0.0,0.0,0.2914232881159748,0.0,882843703953.38,0.2914232881159748,167017318931.22,715826385022.16,0.23629151786344454,3933.059657,3933.059657,182002422,182002422,,,1620590280,15:58:00,20210509
15,2005-12-31,CIB,COP,2005-12-31,2005-12-31,FY,3224402880213.68,0.0,0.0,0.0,0.0,615331886077.92,0.0,0.0,1337000000.0,0.0,1150665965568.24,164803250566.24,0.0,0.0,0.0,0.3798569644778112,0.0,1224811890331.48,0.3798569644778112,277609069349.92,947202820981.56,0.2937606918769373,5205.940106065877,5205.633083757129,181946546,181957277,,,1620590280,15:58:00,20210509
16,2004-12-31,CIB,COP,2004-12-31,2004-12-31,FY,1920971380479.03,0.0,0.0,0.0,0.0,403819329108.16,0.0,0.0,0.0,0.0,574603754294.27,84610389340.12,0.0,0.0,0.0,0.4174657045262337,0.0,801939670726.41,0.4174657045262337,234268004464.91,567671666261.5,0.2955128181659534,3998.0120237180645,3937.4107731666372,141988484,144173849,,,1620590280,15:58:00,20210509
17,2003-12-31,CIB,COP,2003-12-31,2003-12-31,FY,1626572374480.0,0.0,0.0,0.0,0.0,333932076880.0,0.0,0.0,0.0,0.0,465889107260.0,123878028520.0,0.0,0.0,0.0,0.31788079470198677,0.0,517056119040.0,0.31788079470198677,61939014260.0,455117104780.0,0.27980132450331124,3068.37259,3068.37259,148325241,148325241,,,1620590280,15:58:00,20210509
18,2002-12-31,CIB,COP,2002-12-31,2002-12-31,FY,1229226359790.0,0.0,0.0,0.0,0.0,286532951000.0,11461318040.0,0.0,0.0,0.0,467048710130.0,91690544320.0,0.0,0.0,0.0,0.20512820512820512,0.0,252148996880.0,0.20512820512820512,42979942650.0,209169054230.0,0.17016317016317017,1459.1747825971822,1450.811334238569,143347498,144173849,,,1620590280,15:58:00,20210509
19,2001-12-31,CIB,COP,2001-12-31,2001-12-31,FY,1068337130770.0,0.0,0.0,0.0,0.0,250569476300.0,0.0,0.0,0.0,0.0,528473804560.0,102505694850.0,0.0,0.0,0.0,0.17697228144989338,0.0,189066059390.0,0.17697228144989338,31890660620.0,157175398770.0,0.14712153518123666,1084.191345,1084.191345,144970166,144970166,,,1620590280,15:58:00,20210509
20,2000-12-31,CIB,COP,2000-12-31,2000-12-31,FY,816554811550.0,0.0,0.0,0.0,0.0,230425056410.0,0.0,0.0,0.0,0.0,458612976350.0,100671141150.0,0.0,0.0,0.0,-0.10684931506849316,0.0,-87248322330.0,-0.10684931506849316,26845637640.0,-114093959970.0,-0.13972602739726028,-840.4295316525169,-791.363765075038,135756724,144173849,,,1620590280,15:58:00,20210509
21,1999-12-31,CIB,COP,1999-12-31,1999-12-31,FY,735578653244.82,0.0,0.0,0.0,0.0,264271536140.78,9973782792.68,0.0,0.0,0.0,755346443548.9,91421348508.42,0.0,0.0,0.0,-0.26325168852262865,0.0,-193642322507.9,-0.26325168852262865,27264045001.62,-220906367509.52,-0.30031644683413145,-3531.565551,-3531.565551,62551966,62551966,,,1620590280,15:58:00,20210509
22,1998-12-31,CIB,COP,1998-12-31,1998-12-31,FY,877424483728.0,0.0,0.0,0.0,0.0,264705882480.0,14626391104.0,0.0,0.0,0.0,915898251632.0,88553259184.0,0.0,0.0,0.0,-0.000905961224859576,0.0,-794912560.0,-0.000905961224859576,10333863280.0,-11128775840.0,-0.012683457148034065,-184.9284581317044,-178.85532663876901,60178817,62222222,,,1620590280,15:58:00,20210509
