,date,symbol,reportedCurrency,fillingDate,acceptedDate,period,revenue,costOfRevenue,grossProfit,grossProfitRatio,researchAndDevelopmentExpenses,generalAndAdministrativeExpenses,sellingAndMarketingExpenses,otherExpenses,operatingExpenses,costAndExpenses,interestExpense,depreciationAndAmortization,ebitda,ebitdaratio,operatingIncome,operatingIncomeRatio,totalOtherIncomeExpensesNet,incomeBeforeTax,incomeBeforeTaxRatio,incomeTaxExpense,netIncome,netIncomeRatio,eps,epsdiluted,weightedAverageShsOut,weightedAverageShsOutDil,link,finalLink,timestamp,est_time,est_date
0,2020-06-30,RSSS,USD,2020-09-24,2020-09-24 16:01:47,FY,31058737,21420855,9637882.0,0.31031145921999337,2121978.0,5816378.0,2508238.0,80044.0,10470248.0,31891103,0.0,23654.0,-808712.0,-0.026038148299462403,-832366.0,-0.026799737542450616,60515.0,-771851.0,-0.02485133249301155,7836.0,-662242.0,-0.021322245009512138,-0.03,-0.03,24760790,24760790,https://www.sec.gov/Archives/edgar/data/1386301/000110465920108295/0001104659-20-108295-index.htm,https://www.sec.gov/Archives/edgar/data/1386301/000110465920108295/tm2024742d1_10k.htm,1620597433,17:57:13,20210509
1,2019-06-30,RSSS,USD,2019-06-30,2019-06-30,FY,28793922,20450461,8343461.0,0.28976465936109713,2139950.0,5316113.0,2079045.0,107308.0,9573924.0,30024385,0.0,38816.0,-1191647.0,-0.041385365981056695,-1230463.0,-0.04273342825614378,82808.0,-1147655.0,-0.03985754354686381,27040.0,-959958.0,-0.03333891089932105,-0.04,-0.04,23815761,23815761,,,1620597433,17:57:13,20210509
2,2018-06-30,RSSS,USD,2018-09-20 00:00:00,2018-09-20 16:06:51,FY,28018441,20669116,7349325.0,0.26230313813677214,1798048.0,5175342.0,2181694.0,58179.0,9307481.0,29976597,4000.0,152397.0,-1805759.0,-0.0644489463207464,-1958156.0,-0.06988811404603133,66199.0,-1895957.0,-0.06766818325116662,39779.0,-1678741.0,-0.05991557488869563,-0.07,-0.07,23473105,23473105,https://www.sec.gov/Archives/edgar/data/1386301/000114420418050119/0001144204-18-050119-index.html,https://www.sec.gov/Archives/edgar/data/1386301/000114420418050119/tv502422_10k.htm,1620597433,17:57:13,20210509
3,2017-06-30,RSSS,USD,2017-09-18 00:00:00,2017-09-18 16:17:12,FY,25747276,19643082,6104194.0,0.23708115763391824,0.0,5645957.0,3388248.0,23861.0,9167899.0,28810981,12000.0,133694.0,-2930011.0,-0.11379887332547334,-3063705.0,-0.11899142262661107,2996.0,-3072709.0,-0.11934112952376011,35495.0,-2293563.0,-0.08907983120233767,-0.1,-0.1,23241572,23241572,https://www.sec.gov/Archives/edgar/data/1386301/000114420417048498/0001144204-17-048498-index.html,https://www.sec.gov/Archives/edgar/data/1386301/000114420417048498/v474820_10k.htm,1620597433,17:57:13,20210509
4,2016-06-30,RSSS,USD,2016-09-20 00:00:00,2016-09-20 16:02:02,FY,34363945,27863280,6500665.0,0.18917109196863166,0.0,6825235.0,0.0,-31611.0,6916081.0,34779361,17382.0,90846.0,-324570.0,-0.009445073899402412,-415416.0,-0.012088716822239123,-36898.0,-469696.0,-0.013668279355004205,28162.0,-497858.0,-0.014487801095013974,-0.03,-0.03,17769827,17769827,https://www.sec.gov/Archives/edgar/data/1386301/000114420416124557/0001144204-16-124557-index.html,https://www.sec.gov/Archives/edgar/data/1386301/000114420416124557/v448490_10k.htm,1620597433,17:57:13,20210509
5,2015-06-30,RSSS,USD,2015-09-08 00:00:00,2015-09-08 16:05:03,FY,31900143,25723942,6176201.0,0.19361044870551208,0.0,6397712.0,0.0,1215.0,6572531.0,32296473,18056.0,174819.0,-221511.0,-0.006943887367526848,-396330.0,-0.012424082236872731,-96907.0,-511293.0,-0.01602792188110254,30892.0,774219.0,0.02427007929086713,0.04437850184330772,0.04310278548394828,17445812,17962157,https://www.sec.gov/Archives/edgar/data/1386301/000114420415054026/0001144204-15-054026-index.html,https://www.sec.gov/Archives/edgar/data/1386301/000114420415054026/v418922_10k.htm,1620597433,17:57:13,20210509
6,2014-06-30,RSSS,USD,2014-09-29 00:00:00,2014-09-29 16:01:54,FY,36550910,28204613,8346297.0,0.2283471738460137,0.0,9617453.0,0.0,-15562.0,10125131.0,38329744,55923.0,507678.0,-1271156.0,-0.03477768405766094,-1778834.0,-0.048667297202723545,-15562.0,-1850319.0,-0.05062306246274033,16099.0,-1866418.0,-0.05106351661285587,-0.11,-0.11,17230311,17230311,https://www.sec.gov/Archives/edgar/data/1386301/000114420414058374/0001144204-14-058374-index.html,https://www.sec.gov/Archives/edgar/data/1386301/000114420414058374/v389170_10k.htm,1620597433,17:57:13,20210509
7,2013-06-30,RSSS,USD,2013-09-30 00:00:00,2013-09-30 09:05:43,FY,45498526,35948380,9550146.0,0.20990011852252094,0.0,9072443.0,0.0,-84023.0,9663365.0,45611745,89411.0,590922.0,477703.0,0.010499307164368359,-113219.0,-0.002488410283884801,392881.0,190251.0,0.004181476120786858,-1671.0,191922.0,0.004218202585288148,0.011208132001359538,0.011117758731393068,17123460,17262652,https://www.sec.gov/Archives/edgar/data/1386301/000114420413052954/0001144204-13-052954-index.html,https://www.sec.gov/Archives/edgar/data/1386301/000114420413052954/v355262_10k.htm,1620597433,17:57:13,20210509
8,2012-06-30,RSSS,USD,2012-09-28 00:00:00,2012-09-28 15:02:26,FY,42818541,34778307,8040234.0,0.18777459045136544,0.0,10722321.0,0.0,0.0,12178451.0,46956758,220665.0,1456130.0,-2682087.0,-0.06263844907746857,-4138217.0,-0.09664544618650131,-2496892.0,-6854395.0,-0.16008006905232947,-322106.0,-6532289.0,-0.1525574867205307,-0.38,-0.38,17045824,17045824,https://www.sec.gov/Archives/edgar/data/1386301/000114420412053586/0001144204-12-053586-index.html,https://www.sec.gov/Archives/edgar/data/1386301/000114420412053586/v322688_10k.htm,1620597433,17:57:13,20210509
