,date,symbol,reportedCurrency,fillingDate,acceptedDate,period,revenue,costOfRevenue,grossProfit,grossProfitRatio,researchAndDevelopmentExpenses,generalAndAdministrativeExpenses,sellingAndMarketingExpenses,otherExpenses,operatingExpenses,costAndExpenses,interestExpense,depreciationAndAmortization,ebitda,ebitdaratio,operatingIncome,operatingIncomeRatio,totalOtherIncomeExpensesNet,incomeBeforeTax,incomeBeforeTaxRatio,incomeTaxExpense,netIncome,netIncomeRatio,eps,epsdiluted,weightedAverageShsOut,weightedAverageShsOutDil,link,finalLink,timestamp,est_time,est_date
0,2020-12-31,6188.HK,CNY,2020-12-31,2020-12-31,FY,13550150070,12373458780,1176691290,0.08683972383488148,0.0,75239560,123574590,-2803390.0,0.0,13179613380,162091060,14973180,385509870,0.028450597816884547,370536690,0.02734557832096394,0.0,106407160,0.007852839964893466,-8104590.0,114062240,0.008417784261484566,0.16,0.16,731202000,731202000,https://www1.hkexnews.hk/search/titlesearch.xhtml,https://www1.hkexnews.hk/search/titlesearch.xhtml,1620585715,14:41:55,20210509
1,2019-12-31,6188.HK,CNY,2019-12-31,2019-12-31,FY,15350953000,13582076000,1768877000,0.11522913267990594,0.0,324563000,858016000,-28449000.0,1136488000.0,14718564000,232712000,15443560,647832560,0.042201455505726584,632389000,0.04119542285094613,0.0,332146000,0.021636832579710198,71694000.0,257439000,0.016770229183816796,0.39,0.39,666667000,666667000,https://www1.hkexnews.hk/search/titlesearch.xhtml,https://www1.hkexnews.hk/search/titlesearch.xhtml,1620585715,14:41:55,20210509
2,2018-12-31,6188.HK,CNY,2018-12-31,2018-12-31,FY,14957133000,13042383000,1914750000,0.12801584367806318,0.0,359889000,992508000,-46812000.0,1302625000.0,14345008000,192106000,59198000,671323000,0.044883133686114844,612125000,0.040925289626026595,0.0,384842000,0.02572966356587188,78633000.0,329536000,0.022032029801433203,0.49,0.49,666667000,666667000,https://www1.hkexnews.hk/search/titlesearch.xhtml,https://www1.hkexnews.hk/search/titlesearch.xhtml,1620585715,14:41:55,20210509
3,2017-12-31,6188.HK,CNY,2017-12-31,2017-12-31,FY,15974316000,13974148490,2000168000,0.1252114957535584,0.0,106500450,230924090,-4108080.0,1304415570.0,15278564060,182741000,22056650,717809080,0.04493519972936556,695752430,0.04355444264405437,0.0,400887000,0.025095722408396078,77940000.0,322490000,0.020188031838108123,0.48,0.48,666667000,666667000,https://www1.hkexnews.hk/search/titlesearch.xhtml,https://www1.hkexnews.hk/search/titlesearch.xhtml,1620585715,14:41:55,20210509
4,2016-12-31,6188.HK,CNY,2016-12-31,2016-12-31,FY,15177171000,13321490630,1855680000,0.12226784556884811,0.0,104315540,225663690,2486780.0,1242735660.0,14564226290,111201000,18429710,631374050,0.041600246185537475,612944340,0.040385941490677014,0.0,441617000,0.02909745169241356,84541000.0,356410000,0.02348329606354175,0.53,0.53,666667000,666667000,https://www1.hkexnews.hk/search/titlesearch.xhtml,https://www1.hkexnews.hk/search/titlesearch.xhtml,1620585715,14:41:55,20210509
5,2015-12-31,6188.HK,CNY,2015-12-31,2015-12-31,FY,15830720000,13796602850,2034117000,0.1284917552707647,0.0,129555230,296650730,1969630.0,1368452800.0,15165055650,168448000,16874560,682538760,0.04311482737361282,665664200,0.04204888975359301,0.0,430360000,0.02718511855430454,73637000.0,357062000,0.02255500697378262,0.54,0.54,666667000,666667000,https://www1.hkexnews.hk/search/titlesearch.xhtml,https://www1.hkexnews.hk/search/titlesearch.xhtml,1620585715,14:41:55,20210509
6,2014-12-31,6188.HK,CNY,2014-12-31,2014-12-31,FY,14358609000,12382017350,1976592000,0.13765901697023716,0.0,146442990,278266690,-1514920.0,1373001590.0,13755018940,116996000,17113060,620703470,0.043228663027177636,603590410,0.04203683030856262,0.0,430216000,0.02996223380690985,111856000.0,318133000,0.02215625482941976,0.55,0.55,580365458,580365458,https://www1.hkexnews.hk/search/titlesearch.xhtml,https://www1.hkexnews.hk/search/titlesearch.xhtml,1620585715,14:41:55,20210509
7,2013-12-31,6188.HK,CNY,2013-12-31,2013-12-31,FY,12812024000,11074062330,1737962000,0.13565085422880882,0.0,123534340,256730910,2117800.0,1179275770.0,12253338100,107334000,14725850,573412080,0.0447557762926451,558686230,0.04360639895772908,0.0,370358000,0.028907064176589118,96166000.0,266441000,0.02079616772494338,0.399462,0.399462,667000000,667000000,https://www1.hkexnews.hk/search/titlesearch.xhtml,https://www1.hkexnews.hk/search/titlesearch.xhtml,1620585715,14:41:55,20210509
