,date,symbol,reportedCurrency,fillingDate,acceptedDate,period,revenue,costOfRevenue,grossProfit,grossProfitRatio,researchAndDevelopmentExpenses,generalAndAdministrativeExpenses,sellingAndMarketingExpenses,otherExpenses,operatingExpenses,costAndExpenses,interestExpense,depreciationAndAmortization,ebitda,ebitdaratio,operatingIncome,operatingIncomeRatio,totalOtherIncomeExpensesNet,incomeBeforeTax,incomeBeforeTaxRatio,incomeTaxExpense,netIncome,netIncomeRatio,eps,epsdiluted,weightedAverageShsOut,weightedAverageShsOutDil,link,finalLink,timestamp,est_time,est_date
0,2020-12-31,SYBX,USD,2021-03-25,2021-03-25 06:40:49,FY,545000.0,0.0,0.0,0.0,47474000.0,13537000.0,0.0,-3000.0,61011000.0,61011000.0,6000.0,2636000.0,-57830000.0,-106.11009174311927,-60466000.0,-110.9467889908257,-3000.0,-59173000.0,-108.5743119266055,0.0,-59173000.0,-108.5743119266055,-1.65,-1.65,35835744.0,35835744.0,https://www.sec.gov/Archives/edgar/data/1527599/000156459021015256/0001564590-21-015256-index.htm,https://www.sec.gov/Archives/edgar/data/1527599/000156459021015256/sybx-10k_20201231.htm,1620598527,18:15:27,20210509
1,2019-12-31,SYBX,USD,2020-03-12 00:00:00,2020-03-12 09:09:39,FY,2224000.0,0.0,0.0,0.0,41905000.0,14728000.0,0.0,-5000.0,56633000.0,56633000.0,21000.0,4072000.0,-50337000.0,-22.633543165467625,-54409000.0,-24.464478417266186,-5000.0,-51373000.0,-23.09937050359712,0.0,-51373000.0,-23.09937050359712,-1.7,-1.7,30284068.0,30284068.0,https://www.sec.gov/Archives/edgar/data/1527599/000156459020010261/0001564590-20-010261-index.html,https://www.sec.gov/Archives/edgar/data/1527599/000156459020010261/sybx-10k_20191231.htm,1620598527,18:15:27,20210509
2,2018-12-31,SYBX,USD,2019-03-12 00:00:00,2019-03-12 16:32:42,FY,2520000.0,0.0,0.0,0.0,38034000.0,15716000.0,0.0,-5000.0,53750000.0,53750000.0,43000.0,2421000.0,-48809000.0,-19.368650793650794,-51230000.0,-20.32936507936508,-5000.0,-48435000.0,-19.220238095238095,0.0,-48435000.0,-19.220238095238095,-2.03,-2.03,23882685.0,23882685.0,https://www.sec.gov/Archives/edgar/data/1527599/000156459019007367/0001564590-19-007367-index.html,https://www.sec.gov/Archives/edgar/data/1527599/000156459019007367/sybx-10k_20181231.htm,1620598527,18:15:27,20210509
3,2017-12-31,SYBX,USD,2018-03-20 00:00:00,2018-03-20 16:22:15,FY,2444000.0,0.0,0.0,0.0,30341000.0,12927000.0,0.0,447000.0,43268000.0,43268000.0,57000.0,2310000.0,-38514000.0,-15.758592471358428,-40824000.0,-16.7037643207856,447000.0,-40377000.0,-16.5208674304419,0.0,-40377000.0,-16.5208674304419,-6.0,-6.0,6724641.0,6724641.0,https://www.sec.gov/Archives/edgar/data/1527599/000156459018006323/0001564590-18-006323-index.html,https://www.sec.gov/Archives/edgar/data/1527599/000156459018006323/sybx-10k_20171231.htm,1620598527,18:15:27,20210509
4,2016-12-31,SYBX,USD,2017-03-15 00:00:00,2017-03-14 18:05:43,FY,0.0,0.0,0.0,0.0,13930000.0,8118000.0,0.0,0.0,22048000.0,22048000.0,0.0,159000.0,-21889000.0,0.0,-22048000.0,0.0,-4570000.0,-26268000.0,0.0,0.0,-26268000.0,0.0,-8.822646,-8.822646,2977338.0,2977338.0,https://www.sec.gov/Archives/edgar/data/1527599/000152759917000004/0001527599-17-000004-index.html,https://www.sec.gov/Archives/edgar/data/1527599/000152759917000004/mirn_12312016x10kdocument.htm,1620598527,18:15:27,20210509
5,2015-12-31,SYBX,USD,2016-03-30 00:00:00,2016-03-29 18:59:57,FY,0.0,0.0,0.0,0.0,18947000.0,6080000.0,0.0,0.0,25027000.0,25027000.0,0.0,54000.0,-24973000.0,0.0,-25027000.0,0.0,0.0,-24983000.0,0.0,0.0,-24983000.0,0.0,-9.847133,-9.847133,2975790.0,2975790.0,https://www.sec.gov/Archives/edgar/data/1527599/000155837016004457/0001558370-16-004457-index.html,https://www.sec.gov/Archives/edgar/data/1527599/000155837016004457/mirn-20151231x10k.htm,1620598527,18:15:27,20210509
6,2014-12-31,SYBX,USD,2014-12-31,2014-12-31,FY,0.0,0.0,0.0,0.0,10545000.0,3369000.0,0.0,0.0,0.0,13914000.0,0.0,35000.0,-13879000.0,0.0,-13914000.0,0.0,-1920000.0,-15834000.0,0.0,0.0,-15834000.0,0.0,-19.60002,-19.60002,809168.0,809168.0,,,1620598527,18:15:27,20210509
7,2013-12-31,SYBX,USD,2013-12-31,2013-12-31,FY,0.0,0.0,0.0,0.0,4391000.0,2384000.0,0.0,339000.0,0.0,6775000.0,0.0,36000.0,-6739000.0,0.0,-6775000.0,0.0,339000.0,-6436000.0,0.0,0.0,-6436000.0,0.0,-5.681111,-5.681111,1132877.0,1132877.0,,,1620598527,18:15:27,20210509
8,2012-12-31,SYBX,USD,2012-12-31,2012-12-31,FY,0.0,0.0,0.0,0.0,2742000.0,1562000.0,0.0,0.0,0.0,4304000.0,355000.0,37000.0,-4267000.0,0.0,-4304000.0,0.0,1001000.0,-3658000.0,0.0,0.0,-3658000.0,0.0,-12.111206,-12.111206,809168.0,809168.0,,,1620598527,18:15:27,20210509
