,date,symbol,reportedCurrency,fillingDate,acceptedDate,period,revenue,costOfRevenue,grossProfit,grossProfitRatio,researchAndDevelopmentExpenses,generalAndAdministrativeExpenses,sellingAndMarketingExpenses,otherExpenses,operatingExpenses,costAndExpenses,interestExpense,depreciationAndAmortization,ebitda,ebitdaratio,operatingIncome,operatingIncomeRatio,totalOtherIncomeExpensesNet,incomeBeforeTax,incomeBeforeTaxRatio,incomeTaxExpense,netIncome,netIncomeRatio,eps,epsdiluted,weightedAverageShsOut,weightedAverageShsOutDil,link,finalLink,timestamp,est_time,est_date
0,2019-12-31,GOVX,USD,2020-03-24 00:00:00,2020-03-24 17:19:27,FY,1175900.0,0.0,0.0,1.0,1910720.0,1637670.0,0.0,0.0,3548389.0,3548390.0,4495.0,8350.0,-2364140.0,-2.010494089633472,-2372490.0,-2.017595033591292,0.0,-2370630.0,-2.0160132664342205,0.0,-2370630.0,-2.0160132664342205,-39.24884,-39.24884,60400.0,60400.0,https://www.sec.gov/Archives/edgar/data/832489/000143774920006029/0001437749-20-006029-index.html,https://www.sec.gov/Archives/edgar/data/832489/000143774920006029/govx20191231_10k.htm,1620592723,16:38:43,20210509
1,2018-12-31,GOVX,USD,2019-03-26 00:00:00,2019-03-26 15:24:05,FY,963200.0,0.0,0.0,1.0,1878650.0,1647270.0,0.0,0.0,3525920.0,3525920.0,2590.0,19800.0,-2542920.0,-2.6400747508305646,-2562720.0,-2.6606312292358805,0.0,-2560090.0,-2.6579007475083056,0.0,-2560090.0,-2.6579007475083056,-16000.5625,-16000.5625,160.0,160.0,https://www.sec.gov/Archives/edgar/data/832489/000143774919005682/0001437749-19-005682-index.html,https://www.sec.gov/Archives/edgar/data/832489/000143774919005682/govx20181231_10k.htm,1620592723,16:38:43,20210509
2,2017-12-31,GOVX,USD,2018-03-23 00:00:00,2018-03-23 14:27:26,FY,1075270.0,0.0,0.0,1.0,2017350.0,1232370.0,0.0,0.0,3249718.0,3249720.0,4290.0,28030.0,-2146420.0,-1.9961684042147554,-2174450.0,-2.022236275540097,0.0,-2170160.0,-2.018246579928762,0.0,-2170160.0,-2.018246579928762,-31002.28571,-31002.28571,70.0,70.0,https://www.sec.gov/Archives/edgar/data/832489/000143774918005301/0001437749-18-005301-index.html,https://www.sec.gov/Archives/edgar/data/832489/000143774918005301/govx20171231_10k.htm,1620592723,16:38:43,20210509
3,2016-12-31,GOVX,USD,2017-03-24 00:00:00,2017-03-24 12:50:02,FY,828920.0,0.0,0.0,1.0,1970860.0,2131430.0,0.0,0.0,4102285.0,4102290.0,1670.0,28780.0,-3244590.0,-3.914237803406843,-3273370.0,-3.9489576798726054,0.0,-3271700.0,-3.9469430101819234,0.0,-3271700.0,-3.9469430101819234,-81792.5,-81792.5,40.0,40.0,https://www.sec.gov/Archives/edgar/data/832489/000143774917005201/0001437749-17-005201-index.html,https://www.sec.gov/Archives/edgar/data/832489/000143774917005201/govx20161231_10k.htm,1620592723,16:38:43,20210509
4,2015-12-31,GOVX,USD,2016-03-16 00:00:00,2016-03-16 10:41:14,FY,428080.0,0.0,0.0,1.0,1693100.0,1429730.0,0.0,0.0,3122833.0,3122830.0,5470.0,28940.0,-2665810.0,-6.227364044103906,-2694750.0,-6.294968230237338,0.0,-2689290.0,-6.282213604933657,0.0,-2689290.0,-6.282213604933657,-89643.0,-89643.0,30.0,30.0,https://www.sec.gov/Archives/edgar/data/832489/000143774916027776/0001437749-16-027776-index.html,https://www.sec.gov/Archives/edgar/data/832489/000143774916027776/govx20151231_10k.htm,1620592723,16:38:43,20210509
5,2014-12-31,GOVX,USD,2015-03-20,2015-03-20,FY,882956.0,0.0,882956.0,1.0,1812969.0,1807605.0,0.0,0.0,3620574.0,3620574.0,0.0,69037.0,-2668581.0,-3.0223261408269493,-2737618.0,-3.100514634930846,4063.0,-2733555.0,-3.09591304662973,0.0,-2733555.0,-3.09591304662973,-0.10259,-0.10259,26645140.0,26645140.0,https://www.sec.gov/Archives/edgar/data/832489/000143774915005604/0001437749-15-005604-index.htm,https://www.sec.gov/Archives/edgar/data/832489/000143774915005604/govx20141231_10k.htm,1620592723,16:38:43,20210509
6,2013-12-31,GOVX,USD,2014-03-14,2014-03-14,FY,2417550.0,0.0,2417550.0,1.0,2914878.0,1792160.0,0.0,0.0,4707038.0,4707038.0,0.0,78862.0,-2210626.0,-0.9144075613741184,-2289488.0,-0.94702818969618,4545.0,-2284943.0,-0.9451481872143286,0.0,-2284943.0,-0.9451481872143286,-0.10772,-0.10772,21212327.0,21212327.0,https://www.sec.gov/Archives/edgar/data/832489/000143774914004217/0001437749-14-004217-index.htm,https://www.sec.gov/Archives/edgar/data/832489/000143774914004217/govx20131231_10k.htm,1620592723,16:38:43,20210509
7,2012-12-31,GOVX,USD,2013-03-18 00:00:00,2013-03-18 10:09:47,FY,2657327.0,0.0,2657327.0,1.0,3043522.0,1752765.0,0.0,0.0,4796287.0,4796287.0,0.0,93643.0,-2045317.0,-0.7696896166711887,-2138960.0,-0.8049291637799939,3820.0,-2135140.0,-0.8034916289940982,0.0,-2135140.0,-0.8034916289940982,-0.11657,-0.11657,18315669.0,18315669.0,https://www.sec.gov/Archives/edgar/data/832489/000143774913003092/0001437749-13-003092-index.html,https://www.sec.gov/Archives/edgar/data/832489/000143774913003092/geovax_10k-123112.htm,1620592723,16:38:43,20210509
8,2011-12-31,GOVX,USD,2012-03-30 00:00:00,2012-03-30 11:20:08,FY,4899885.0,0.0,4899885.0,1.0,4276375.0,2972555.0,0.0,0.0,7248930.0,7248930.0,0.0,539419.0,-1809626.0,-0.36932009628797413,-2349045.0,-0.4794081901922188,2219.0,-2346826.0,-0.47895532242083233,0.0,-2346826.0,-0.47895532242083233,-0.14914,-0.14914,15735541.0,15735541.0,https://www.sec.gov/Archives/edgar/data/832489/000143774912003067/0001437749-12-003067-index.html,https://www.sec.gov/Archives/edgar/data/832489/000143774912003067/govx_10k-123111.htm,1620592723,16:38:43,20210509
