,date,symbol,reportedCurrency,fillingDate,acceptedDate,period,revenue,costOfRevenue,grossProfit,grossProfitRatio,researchAndDevelopmentExpenses,generalAndAdministrativeExpenses,sellingAndMarketingExpenses,otherExpenses,operatingExpenses,costAndExpenses,interestExpense,depreciationAndAmortization,ebitda,ebitdaratio,operatingIncome,operatingIncomeRatio,totalOtherIncomeExpensesNet,incomeBeforeTax,incomeBeforeTaxRatio,incomeTaxExpense,netIncome,netIncomeRatio,eps,epsdiluted,weightedAverageShsOut,weightedAverageShsOutDil,link,finalLink,timestamp,est_time,est_date
0,2020-12-31,IOR,USD,2021-03-29,2021-03-29 17:13:05,FY,0.0,0.0,0.0,0.0,0.0,1218000.0,0.0,1550000.0,1589000.0,1589000.0,0.0,0.0,-1589000.0,0.0,-1589000.0,0.0,1550000.0,5334000.0,0.0,1120000.0,4214000.0,0.0,1.0096617489382858,1.0096617489382858,4173675.0,4173675.0,https://www.sec.gov/Archives/edgar/data/949961/000138713121003965/0001387131-21-003965-index.htm,https://www.sec.gov/Archives/edgar/data/949961/000138713121003965/iot-10k_123120.htm,1620593695,16:54:55,20210509
1,2019-12-31,IOR,USD,2020-03-24,2020-03-24 16:37:29,FY,0.0,0.0,0.0,0.0,0.0,1231000.0,0.0,237000.0,1588000.0,1588000.0,0.0,0.0,-1588000.0,0.0,-1588000.0,0.0,237000.0,5223000.0,0.0,1078000.0,4145000.0,0.0,0.99,0.99,4173675.0,4173675.0,https://www.sec.gov/Archives/edgar/data/949961/000138713120003173/0001387131-20-003173-index.htm,https://www.sec.gov/Archives/edgar/data/949961/000138713120003173/iot-10k_123119.htm,1620593695,16:54:55,20210509
2,2018-12-31,IOR,USD,2019-04-01,2019-04-01 12:33:40,FY,0.0,0.0,0.0,0.0,0.0,1179000.0,0.0,0.0,1810000.0,1810000.0,0.0,0.0,-9133000.0,0.0,-1810000.0,0.0,7323000.0,10393000.0,0.0,2183000.0,8210000.0,0.0,1.97,1.97,4168214.0,4168214.0,https://www.sec.gov/Archives/edgar/data/949961/000138713119002363/0001387131-19-002363-index.htm,https://www.sec.gov/Archives/edgar/data/949961/000138713119002363/iot-10k_123118.htm,1620593695,16:54:55,20210509
3,2017-12-31,IOR,USD,2018-04-02,2018-04-02 16:34:32,FY,0.0,0.0,0.0,0.0,0.0,1098000.0,0.0,0.0,1098000.0,1098000.0,0.0,0.0,3139000.0,0.0,-1098000.0,0.0,0.0,3139000.0,0.0,1631000.0,1508000.0,0.0,0.36,0.36,4168214.0,4168214.0,https://www.sec.gov/Archives/edgar/data/949961/000138713118001359/0001387131-18-001359-index.htm,https://www.sec.gov/Archives/edgar/data/949961/000138713118001359/iot-10k_123117.htm,1620593695,16:54:55,20210509
4,2016-12-31,IOR,USD,2017-03-31,2017-03-31 16:33:15,FY,0.0,0.0,0.0,0.0,0.0,1035000.0,0.0,0.0,1035000.0,1035000.0,0.0,0.0,3459000.0,0.0,-1035000.0,0.0,-257000.0,3202000.0,0.0,1121000.0,2081000.0,0.0,0.5,0.5,4168214.0,4168214.0,https://www.sec.gov/Archives/edgar/data/949961/000138713117001810/0001387131-17-001810-index.htm,https://www.sec.gov/Archives/edgar/data/949961/000138713117001810/iot-10k_123116.htm,1620593695,16:54:55,20210509
5,2015-12-31,IOR,USD,2016-03-30,2016-03-30 15:27:04,FY,0.0,61000.0,-61000.0,0.0,0.0,1170000.0,0.0,0.0,1170000.0,1231000.0,652000.0,0.0,3145000.0,0.0,-1231000.0,0.0,-187000.0,2306000.0,0.0,807000.0,1499000.0,0.0,0.36,0.36,4168214.0,4168214.0,https://www.sec.gov/Archives/edgar/data/949961/000138713116004815/0001387131-16-004815-index.htm,https://www.sec.gov/Archives/edgar/data/949961/000138713116004815/iot-10k_123115.htm,1620593695,16:54:55,20210509
6,2014-12-31,IOR,USD,2015-03-31,2015-03-31 09:34:16,FY,0.0,50000.0,-50000.0,0.0,0.0,1265000.0,0.0,0.0,1265000.0,1315000.0,674000.0,0.0,3414000.0,0.0,-1315000.0,0.0,-235000.0,2505000.0,0.0,946000.0,1559000.0,0.0,0.37,0.37,4168214.0,4168214.0,https://www.sec.gov/Archives/edgar/data/949961/000101054915000094/0001010549-15-000094-index.htm,https://www.sec.gov/Archives/edgar/data/949961/000101054915000094/iot10k123114.htm,1620593695,16:54:55,20210509
7,2013-12-31,IOR,USD,2014-03-31,2014-03-31 14:58:30,FY,0.0,87000.0,-87000.0,0.0,0.0,1564000.0,0.0,0.0,1564000.0,1651000.0,1160000.0,0.0,5478000.0,0.0,-1651000.0,0.0,4279000.0,8597000.0,0.0,3063000.0,5518000.0,0.0,1.33,1.33,4168214.0,4168214.0,https://www.sec.gov/Archives/edgar/data/949961/000101054914000146/0001010549-14-000146-index.htm,https://www.sec.gov/Archives/edgar/data/949961/000101054914000146/iot10k123113.htm,1620593695,16:54:55,20210509
8,2012-12-31,IOR,USD,2013-04-16,2013-04-16 12:24:32,FY,0.0,67000.0,-67000.0,0.0,0.0,1329000.0,0.0,0.0,1329000.0,1396000.0,1284000.0,0.0,3750000.0,0.0,-1396000.0,0.0,-37000.0,2466000.0,0.0,876000.0,1521000.0,0.0,0.36,0.36,4168214.0,4168214.0,https://www.sec.gov/Archives/edgar/data/949961/000101054913000257/0001010549-13-000257-index.htm,https://www.sec.gov/Archives/edgar/data/949961/000101054913000257/iot10k123112.htm,1620593695,16:54:55,20210509
9,2011-12-31,IOR,USD,2012-03-30,2012-03-30 14:49:24,FY,0.0,22000.0,-22000.0,0.0,0.0,0.0,0.0,0.0,1295000.0,1317000.0,1211000.0,0.0,3130000.0,0.0,-1317000.0,0.0,-106000.0,1813000.0,0.0,821000.0,669000.0,0.0,0.16,0.16,4168214.0,4168214.0,https://www.sec.gov/Archives/edgar/data/949961/000101054912000347/0001010549-12-000347-index.htm,https://www.sec.gov/Archives/edgar/data/949961/000101054912000347/iori10k123111.htm,1620593695,16:54:55,20210509
10,2010-12-31,IOR,USD,2011-03-31,2011-03-31 15:28:13,FY,313000.0,164000.0,149000.0,0.476038338658147,0.0,1268000.0,0.0,0.0,1268000.0,1432000.0,1281000.0,18000.0,-1101000.0,-3.5175718849840254,-1119000.0,-3.5750798722044728,-102000.0,1790000.0,5.718849840255591,-48000.0,1838000.0,5.872204472843451,0.44,0.44,4168214.0,4168214.0,https://www.sec.gov/Archives/edgar/data/949961/000119312511084715/0001193125-11-084715-index.htm,https://www.sec.gov/Archives/edgar/data/949961/000119312511084715/d10k.htm,1620593695,16:54:55,20210509
11,2009-12-31,IOR,USD,2010-03-31,2010-03-31 15:40:40,FY,246000.0,191000.0,55000.0,0.22357723577235772,0.0,1286000.0,0.0,0.0,1326000.0,1517000.0,1883000.0,40000.0,-1231000.0,-5.004065040650406,-1271000.0,-5.166666666666667,-97000.0,1410000.0,5.7317073170731705,493000.0,920000.0,3.7398373983739837,0.22,0.22,4168214.0,4168214.0,https://www.sec.gov/Archives/edgar/data/949961/000119312510073299/0001193125-10-073299-index.htm,https://www.sec.gov/Archives/edgar/data/949961/000119312510073299/d10k.htm,1620593695,16:54:55,20210509
12,2008-12-31,IOR,USD,2009-03-31,2009-03-31 12:05:25,FY,1291000.0,962000.0,329000.0,0.25484120836560803,0.0,1501000.0,0.0,0.0,1707000.0,2669000.0,2410000.0,206000.0,-1172000.0,-0.9078233927188226,-1378000.0,-1.067389620449264,5887000.0,5092000.0,3.9442292796281953,-7566000.0,26709000.0,20.68861347792409,6.41,6.41,4168264.0,4168264.0,https://www.sec.gov/Archives/edgar/data/949961/000119312509068870/0001193125-09-068870-index.htm,https://www.sec.gov/Archives/edgar/data/949961/000119312509068870/d10k.htm,1620593695,16:54:55,20210509
13,2007-12-31,IOR,USD,2008-03-31,2008-03-31 14:18:59,FY,2298000.0,0.0,0.0,0.0,0.0,759000.0,0.0,0.0,4002000.0,4002000.0,3768000.0,348000.0,-1356000.0,-0.5900783289817232,-1704000.0,-0.741514360313316,0.0,-737000.0,-0.3207136640557006,-20000.0,-735000.0,-0.3198433420365535,-0.18,-0.18,4168035.0,4168035.0,https://www.sec.gov/Archives/edgar/data/949961/000119312508070761/0001193125-08-070761-index.htm,https://www.sec.gov/Archives/edgar/data/949961/000119312508070761/d10k.htm,1620593695,16:54:55,20210509
14,2006-12-31,IOR,USD,2007-03-30,2007-03-30 15:59:59,FY,7669000.0,0.0,0.0,0.0,0.0,492000.0,0.0,0.0,5994000.0,5994000.0,0.0,750000.0,2425000.0,0.3162081105750424,1675000.0,0.21841178771678185,-4773000.0,0.0,0.0,0.0,172000.0,0.02242795670882775,0.04,0.04,4168035.0,4168035.0,https://www.sec.gov/Archives/edgar/data/949961/000119312507070491/0001193125-07-070491-index.htm,https://www.sec.gov/Archives/edgar/data/949961/000119312507070491/d10k.htm,1620593695,16:54:55,20210509
15,2005-12-31,IOR,USD,2006-03-31,2006-03-31 15:44:23,FY,6447000.0,0.0,0.0,0.0,0.0,615000.0,0.0,0.0,5432000.0,5432000.0,0.0,691000.0,1706000.0,0.26461920272995193,1015000.0,0.15743756786102062,-3678000.0,0.0,0.0,0.0,1377000.0,0.2135877152163797,0.33,0.33,4168035.0,4168035.0,https://www.sec.gov/Archives/edgar/data/949961/000119312506070585/0001193125-06-070585-index.htm,https://www.sec.gov/Archives/edgar/data/949961/000119312506070585/d10k.htm,1620593695,16:54:55,20210509
16,2004-12-31,IOR,USD,2005-03-31,2005-03-31 17:18:47,FY,5905000.0,0.0,0.0,0.0,0.0,563000.0,0.0,0.0,3129000.0,3129000.0,0.0,740000.0,3516000.0,0.5954276037256562,2776000.0,0.47011007620660455,2496000.0,0.0,0.0,0.0,5492000.0,0.9300592718035563,1.316667,1.316667,4168035.0,4168035.0,https://www.sec.gov/Archives/edgar/data/949961/000095013405006611/0000950134-05-006611-index.htm,https://www.sec.gov/Archives/edgar/data/949961/000095013405006611/d23979e10vk.htm,1620593695,16:54:55,20210509
17,2003-12-31,IOR,USD,2003-12-31,2003-12-31,FY,7814000.0,0.0,0.0,0.0,0.0,779000.0,0.0,0.0,4560000.0,4560000.0,0.0,1199000.0,4453000.0,0.5698745840798567,3254000.0,0.41643204504735093,4943000.0,0.0,0.0,0.0,1782000.0,0.22805221397491682,0.413333,0.413333,4316835.0,4316835.0,,,1620593695,16:54:55,20210509
18,2002-12-31,IOR,USD,2002-12-31,2002-12-31,FY,9884000.0,0.0,0.0,0.0,0.0,1037000.0,0.0,0.0,5647000.0,5647000.0,4721000.0,1757000.0,5994000.0,0.6064346418454067,4237000.0,0.4286726021853501,15549000.0,0.0,0.0,0.0,2085000.0,0.21094698502630513,0.483333,0.483333,4316835.0,4316835.0,,,1620593695,16:54:55,20210509
19,2001-12-31,IOR,USD,2001-12-31,2001-12-31,FY,13001000.0,0.0,0.0,0.0,0.0,739000.0,0.0,0.0,6591000.0,6591000.0,6074000.0,2427000.0,8837000.0,0.6797169448503961,6410000.0,0.49303899700023074,3974000.0,0.0,0.0,0.0,-3462000.0,-0.26628720867625566,-0.773333,-0.773333,4481025.0,4481025.0,,,1620593695,16:54:55,20210509
20,2000-12-31,IOR,USD,2000-12-31,2000-12-31,FY,13731000.0,0.0,0.0,0.0,0.0,1549000.0,0.0,0.0,6969000.0,6969000.0,0.0,2450000.0,9212000.0,0.670890685310611,6762000.0,0.49246231155778897,26842000.0,0.0,0.0,0.0,16794000.0,1.2230718811448547,3.676667,3.676667,4567530.0,4567530.0,,,1620593695,16:54:55,20210509
21,1999-12-31,IOR,USD,1999-12-31,1999-12-31,FY,15997000.0,0.0,0.0,0.0,0.0,747000.0,0.0,0.0,10690000.0,10690000.0,0.0,2723000.0,8030000.0,0.5019691192098519,5307000.0,0.3317497030693255,0.0,0.0,0.0,0.0,1322000.0,0.0826404950928299,0.28851034818092264,0.2883186876745288,4582158.0,4585204.0,,,1620593695,16:54:55,20210509
22,1998-12-31,IOR,USD,1998-12-31,1998-12-31,FY,14498000.0,0.0,0.0,0.0,0.0,755000.0,0.0,0.0,21226000.0,21226000.0,5800000.0,2168000.0,-4560000.0,-0.31452614153676367,-6728000.0,-0.464064008828804,0.0,0.0,0.0,0.0,-679000.0,-0.04683404607532073,-0.146667,-0.146667,4565496.0,4565496.0,,,1620593695,16:54:55,20210509
23,1997-12-31,IOR,USD,1997-12-31,1997-12-31,FY,12487000.0,0.0,0.0,0.0,0.0,973000.0,0.0,0.0,13175000.0,13175000.0,0.0,1615000.0,927000.0,0.07423720669496277,-688000.0,-0.05509730119324097,0.0,0.0,0.0,0.0,3317000.0,0.2656362617121807,0.7274658834510613,0.7198691257529111,4559664.0,4607782.0,,,1620593695,16:54:55,20210509
24,1996-12-31,IOR,USD,1996-12-31,1996-12-31,FY,9005000.0,0.0,0.0,0.0,0.0,1316000.0,0.0,0.0,9658000.0,9658000.0,2600000.0,1128000.0,475000.0,0.05274847307051638,-653000.0,-0.0725152692948362,0.0,0.0,0.0,0.0,-568000.0,-0.06307606885063853,-0.12374662964725239,-0.1197911921416978,4590024.0,4741584.0,,,1620593695,16:54:55,20210509
