,date,symbol,reportedCurrency,fillingDate,acceptedDate,period,revenue,costOfRevenue,grossProfit,grossProfitRatio,researchAndDevelopmentExpenses,generalAndAdministrativeExpenses,sellingAndMarketingExpenses,otherExpenses,operatingExpenses,costAndExpenses,interestExpense,depreciationAndAmortization,ebitda,ebitdaratio,operatingIncome,operatingIncomeRatio,totalOtherIncomeExpensesNet,incomeBeforeTax,incomeBeforeTaxRatio,incomeTaxExpense,netIncome,netIncomeRatio,eps,epsdiluted,weightedAverageShsOut,weightedAverageShsOutDil,link,finalLink,timestamp,est_time,est_date
0,2019-12-31,VOYA,USD,2020-02-21,2020-02-21 16:25:51,FY,7476000000,0.0,0.0,0.0,0.0,1974000000.0,0.0,0.0,6904000000,6916000000,214000000,0.0,0.0,0.0,0.0,0.0749063670411985,465000000,560000000,0.0749063670411985,-205000000.0,-351000000,-0.04695024077046549,-2.4893617021276597,-2.3877551020408165,141000000,147000000,https://www.sec.gov/Archives/edgar/data/1535929/000153592920000012/0001535929-20-000012-index.htm,https://www.sec.gov/Archives/edgar/data/1535929/000153592920000012/voyafinancialinc2019q4.htm,1620599605,18:33:25,20210509
1,2018-12-31,VOYA,USD,2019-02-22,2019-02-22 16:33:47,FY,8514000000,0.0,0.0,0.0,0.0,2151000000.0,0.0,0.0,6640000000,7904000000,262000000,0.0,0.0,0.0,0.0,0.0716466995536763,447000000,610000000,0.0716466995536763,55000000.0,875000000,0.10277190509748649,5.36,5.2,163000000,168200000,https://www.sec.gov/Archives/edgar/data/1535929/000153592919000018/0001535929-19-000018-index.htm,https://www.sec.gov/Archives/edgar/data/1535929/000153592919000018/q42018voyafinancialinc.htm,1620599605,18:33:25,20210509
2,2017-12-31,VOYA,USD,2018-02-23,2018-02-23 16:13:32,FY,8618000000,0.0,0.0,0.0,0.0,2039000000.0,0.0,0.0,6844000000,8090000000,264000000,0.0,0.0,0.0,0.0,0.06126711533998608,371000000,528000000,0.06126711533998608,740000000.0,-2992000000,-0.34718032025992107,-16.25,-16.25,184100000,184100000,https://www.sec.gov/Archives/edgar/data/1535929/000153592918000006/0001535929-18-000006-index.htm,https://www.sec.gov/Archives/edgar/data/1535929/000153592918000006/voyafinancialinc201710-kre.htm,1620599605,18:33:25,20210509
3,2016-12-31,VOYA,USD,2017-02-23,2017-02-23 16:41:24,FY,10782200000,0.0,0.0,0.0,0.0,2178900000.0,0.0,0.0,8778000000,11395600000,389900000,98600000.0,0.0,0.0,0.0,-0.05689005954257944,361100000,-613400000,-0.05689005954257944,-214700000.0,-428000000,-0.039695052957652424,-2.13,-2.13,200800000,200800000,https://www.sec.gov/Archives/edgar/data/1535929/000153592917000007/0001535929-17-000007-index.htm,https://www.sec.gov/Archives/edgar/data/1535929/000153592917000007/voyafinancialinc201610-kre.htm,1620599605,18:33:25,20210509
4,2015-12-31,VOYA,USD,2016-02-25,2016-02-25 16:59:32,FY,11341200000,0.0,0.0,0.0,0.0,2198600000.0,0.0,0.0,8240000000,10756700000,468700000,92500000.0,0.0,0.0,0.0,0.05153775614573414,406900000,584500000,0.05153775614573414,45900000.0,408300000,0.036001481324727545,1.81,1.8,225400000,227400000,https://www.sec.gov/Archives/edgar/data/1535929/000153592916000059/0001535929-16-000059-index.htm,https://www.sec.gov/Archives/edgar/data/1535929/000153592916000059/voyafinancialinc201510-kre.htm,1620599605,18:33:25,20210509
5,2014-12-31,VOYA,USD,2015-02-27,2015-02-27 16:12:42,FY,11070900000,0.0,0.0,0.0,0.0,0.0,0.0,0.0,10186000000,10285700000,399200000,90600000.0,0.0,0.0,0.0,0.07092467640390573,432800000,785200000,0.07092467640390573,-1752200000.0,2299700000,0.2077247558915716,9.09,9.02,253100000,255100000,https://www.sec.gov/Archives/edgar/data/1535929/000119312515069733/0001193125-15-069733-index.htm,https://www.sec.gov/Archives/edgar/data/1535929/000119312515069733/d877740d10k.htm,1620599605,18:33:25,20210509
6,2013-12-31,VOYA,USD,2014-03-10,2014-03-10 16:40:17,FY,8758500000,0.0,0.0,0.0,0.0,0.0,0.0,0.0,8000000000,8000400000,365400000,85400000.0,0.0,0.0,0.0,0.08655591710909402,433000000,758100000,0.08655591710909402,-32500000.0,600500000,0.06856196837357995,2.4,2.38,250600000,251800000,https://www.sec.gov/Archives/edgar/data/1535929/000119312514091656/0001193125-14-091656-index.htm,https://www.sec.gov/Archives/edgar/data/1535929/000119312514091656/d684112d10k.htm,1620599605,18:33:25,20210509
7,2012-12-31,VOYA,USD,2012-12-31,2012-12-31,FY,9615300000,0.0,0.0,0.0,0.0,0.0,0.0,0.0,9009000000,9009300000,260100000,90500000.0,0.0,0.0,0.0,0.06302455461608063,378500000,606000000,0.06302455461608063,-5200000.0,473000000,0.04919243289340946,1.843,1.843,256666667,256666667,,,1620599605,18:33:25,20210509
