,date,symbol,reportedCurrency,fillingDate,acceptedDate,period,revenue,costOfRevenue,grossProfit,grossProfitRatio,researchAndDevelopmentExpenses,generalAndAdministrativeExpenses,sellingAndMarketingExpenses,otherExpenses,operatingExpenses,costAndExpenses,interestExpense,depreciationAndAmortization,ebitda,ebitdaratio,operatingIncome,operatingIncomeRatio,totalOtherIncomeExpensesNet,incomeBeforeTax,incomeBeforeTaxRatio,incomeTaxExpense,netIncome,netIncomeRatio,eps,epsdiluted,weightedAverageShsOut,weightedAverageShsOutDil,link,finalLink,timestamp,est_time,est_date
0,2018-12-31,CRZO,USD,2019-03-01 00:00:00,2019-02-28 21:33:54,FY,1065942000.0,161596000.0,904346000.0,0.8484007572644665,0.0,68617000.0,0.0,-296000.0,429160000.0,590756000.0,58336000.0,298164000.0,773350000.0,0.7255085173489739,475186000.0,0.44578973340012873,-3173000.0,409600000.0,0.38426105735584115,5173000.0,404427000.0,0.3794080728594989,4.4,4.32,85509000.0,87143000.0,https://www.sec.gov/Archives/edgar/data/1040593/000104059319000009/0001040593-19-000009-index.html,https://www.sec.gov/Archives/edgar/data/1040593/000104059319000009/crzo201810-k.htm,1620590727,16:05:27,20210509
1,2017-12-31,CRZO,USD,2018-02-28 00:00:00,2018-02-28 17:08:37,FY,745888000.0,139854000.0,606034000.0,0.8125,0.0,66229000.0,0.0,-2157000.0,368594000.0,508448000.0,76341000.0,260790000.0,498230000.0,0.667968917585482,237440000.0,0.31833197477369257,-65430000.0,91140000.0,0.1221899266377794,4030000.0,87110000.0,0.11678697069801364,1.07,1.06,73421000.0,73993000.0,https://www.sec.gov/Archives/edgar/data/1040593/000104059318000017/0001040593-18-000017-index.html,https://www.sec.gov/Archives/edgar/data/1040593/000104059318000017/crzo201710-k.htm,1620590727,16:05:27,20210509
2,2016-12-31,CRZO,USD,2017-02-27 00:00:00,2017-02-27 17:13:09,FY,443594000.0,98717000.0,344877000.0,0.7774609214732391,0.0,74972000.0,0.0,-1796000.0,313539000.0,412256000.0,73838000.0,212598000.0,243936000.0,0.5499082494352945,31338000.0,0.07064568050965522,-627409000.0,-675474000.0,-1.522730244322511,0.0,-675474000.0,-1.522730244322511,-11.27,-11.27,59932000.0,59932000.0,https://www.sec.gov/Archives/edgar/data/1040593/000104059317000012/0001040593-17-000012-index.html,https://www.sec.gov/Archives/edgar/data/1040593/000104059317000012/crzo201610-k.htm,1620590727,16:05:27,20210509
3,2015-12-31,CRZO,USD,2016-02-22 00:00:00,2016-02-22 17:05:44,FY,429203000.0,90052000.0,339151000.0,0.7901878598239062,0.0,67224000.0,0.0,-11276000.0,394197000.0,484249000.0,64471000.0,298923000.0,243877000.0,0.5682089826958339,-55046000.0,-0.12825166646085884,-1174519000.0,-1298760000.0,-3.0259807130891443,-140875000.0,-1155154000.0,-2.6913931170098997,-22.45,-22.45,51457000.0,51457000.0,https://www.sec.gov/Archives/edgar/data/1040593/000104059316000132/0001040593-16-000132-index.html,https://www.sec.gov/Archives/edgar/data/1040593/000104059316000132/crzo201510-k.htm,1620590727,16:05:27,20210509
4,2014-12-31,CRZO,USD,2015-02-25,2015-02-24 19:20:54,FY,710187000.0,74157000.0,636030000.0,0.8955810230263297,0.0,77029000.0,0.0,-2150000.0,432406000.0,506563000.0,53171000.0,316673000.0,520297000.0,0.732619718468516,203624000.0,0.2867188501056764,199757000.0,350210000.0,0.4931236420830007,127927000.0,226343000.0,0.31870901607604757,4.99,4.9,45372000.0,46194000.0,https://www.sec.gov/Archives/edgar/data/1040593/000104059315000015/0001040593-15-000015-index.htm,https://www.sec.gov/Archives/edgar/data/1040593/000104059315000015/crzo201410-k.htm,1620590727,16:05:27,20210509
5,2013-12-31,CRZO,USD,2014-03-03,2014-03-03 07:51:50,FY,520182000.0,260648000.0,259534000.0,0.49892922092652187,0.0,77492000.0,0.0,185000.0,106475000.0,367123000.0,54689000.0,0.0,367064000.0,0.7056453318261685,153059000.0,0.29424124633301424,-63609000.0,34761000.0,0.06682468828217816,12903000.0,43683000.0,0.0839763774986447,1.07,1.06,40781000.0,41355000.0,https://www.sec.gov/Archives/edgar/data/1040593/000104059314000022/0001040593-14-000022-index.htm,https://www.sec.gov/Archives/edgar/data/1040593/000104059314000022/crzo201310-k.htm,1620590727,16:05:27,20210509
6,2012-12-31,CRZO,USD,2013-02-28 00:00:00,2013-02-27 17:32:38,FY,368180000.0,197092000.0,171088000.0,0.4646857515345755,0.0,48708000.0,0.0,267000.0,72435000.0,269527000.0,48158000.0,0.0,264541000.0,0.718509967950459,98653000.0,0.26794774295181706,31638000.0,82133000.0,0.22307838557227444,30956000.0,55487000.0,0.15070617632679667,1.4,1.39,39591000.0,40026000.0,https://www.sec.gov/Archives/edgar/data/1040593/000104059313000015/0001040593-13-000015-index.html,https://www.sec.gov/Archives/edgar/data/1040593/000104059313000015/crzo201210-k.htm,1620590727,16:05:27,20210509
7,2011-12-31,CRZO,USD,2012-02-29 00:00:00,2012-02-29 17:05:23,FY,202167000.0,37636000.0,164531000.0,0.8138370752892411,0.0,41781000.0,0.0,0.0,126387000.0,164023000.0,29434000.0,0.0,122750000.0,0.6071712989755994,38144000.0,0.18867569880346446,46139000.0,54849000.0,0.2713054059267833,18220000.0,36629000.0,0.18118189417659658,0.94,0.92,39077000.0,39668000.0,https://www.sec.gov/Archives/edgar/data/1040593/000119312512089501/0001193125-12-089501-index.html,https://www.sec.gov/Archives/edgar/data/1040593/000119312512089501/d223425d10k.htm,1620590727,16:05:27,20210509
8,2010-12-31,CRZO,USD,2011-03-31,2011-03-31 17:19:57,FY,139462329.0,32353256.0,107109073.0,0.7680143718236628,0.0,35127806.0,0.0,0.0,83421104.0,115774360.0,22517709.0,0.0,71499221.0,0.5126776636578326,23687969.0,0.16985209676227334,13727394.0,14900946.0,0.10684567013074907,5537017.0,9363929.0,0.06714307058503233,0.28,0.27,33860667.0,34305359.0,https://www.sec.gov/Archives/edgar/data/1040593/000119312511085103/0001193125-11-085103-index.htm,https://www.sec.gov/Archives/edgar/data/1040593/000119312511085103/d10k.htm,1620590727,16:05:27,20210509
9,2009-12-31,CRZO,USD,2010-03-16 00:00:00,2010-03-16 17:07:29,FY,121295955.0,38918117.0,82377838.0,0.6791474456011332,0.0,27571609.0,0.0,0.0,81249704.0,120167821.0,5898170.0,0.0,53146748.0,0.4381576285870374,1128134.0,0.00930067288723684,-313395621.0,-318152469.0,-2.6229437659318484,-113307885.0,-204844584.0,-1.6887997955084322,-6.606683127746152,-6.531745665306097,31005662.0,31361384.0,https://www.sec.gov/Archives/edgar/data/1040593/000095012310025265/0000950123-10-025265-index.html,https://www.sec.gov/Archives/edgar/data/1040593/000095012310025265/h70146e10vk.htm,1620590727,16:05:27,20210509
10,2008-12-31,CRZO,USD,2009-03-13 00:00:00,2009-03-13 16:34:55,FY,216677000.0,44455000.0,172222000.0,0.7948328618173595,0.0,23425000.0,0.0,0.0,76047000.0,120502000.0,7905000.0,58311000.0,154486000.0,0.7129783041116501,96175000.0,0.44386344651255094,-251352000.0,-24068000.0,-0.11107777936744555,-6129000.0,-17939000.0,-0.08279143610073982,-0.6,-0.6,30010000.0,30010000.0,https://www.sec.gov/Archives/edgar/data/1040593/000095012909000865/0000950129-09-000865-index.html,https://www.sec.gov/Archives/edgar/data/1040593/000095012909000865/h66116e10vk.htm,1620590727,16:05:27,20210509
11,2007-12-31,CRZO,USD,2008-02-29,2008-02-29 16:36:16,FY,125789000.0,24662000.0,101127000.0,0.8039415211186988,0.0,18912000.0,0.0,0.0,60811000.0,85473000.0,14685000.0,41899000.0,82215000.0,0.6535945114437669,40316000.0,0.3205049726128676,-1984000.0,24712000.0,0.19645596991787836,9243000.0,15469000.0,0.12297577689623099,0.59,0.57,26287000.0,27120000.0,https://www.sec.gov/Archives/edgar/data/1040593/000095012908001391/0000950129-08-001391-index.htm,https://www.sec.gov/Archives/edgar/data/1040593/000095012908001391/h54318e10vk.htm,1620590727,16:05:27,20210509
12,2006-12-31,CRZO,USD,2007-04-02 00:00:00,2007-04-02 14:48:20,FY,82945000.0,16428000.0,66517000.0,0.8019410452709627,0.0,15405000.0,0.0,0.0,46240000.0,62668000.0,19071000.0,31129000.0,51406000.0,0.6197600819820362,20277000.0,0.24446319850503345,26306000.0,28481000.0,0.3433721140514799,10233000.0,18248000.0,0.22000120561818073,0.74,0.71,24826673.0,25564502.0,https://www.sec.gov/Archives/edgar/data/1040593/000095012907001820/0000950129-07-001820-index.html,https://www.sec.gov/Archives/edgar/data/1040593/000095012907001820/h45069e10vk.htm,1620590727,16:05:27,20210509
13,2005-12-31,CRZO,USD,2006-04-10,2006-04-10 17:18:58,FY,78155000.0,10437000.0,67718000.0,0.8664576802507837,0.0,11313000.0,0.0,0.0,38532000.0,48969000.0,11044000.0,21374000.0,50560000.0,0.646919582880174,29186000.0,0.37343740003838527,-912000.0,18134000.0,0.2320261019768409,7500000.0,10634000.0,0.13606295182649863,0.44,0.42,23491976.0,24361453.0,https://www.sec.gov/Archives/edgar/data/1040593/000114036106005672/0001140361-06-005672-index.htm,https://www.sec.gov/Archives/edgar/data/1040593/000114036106005672/d10k.htm,1620590727,16:05:27,20210509
14,2004-12-31,CRZO,USD,2004-12-31,2004-12-31,FY,51374000.0,8392000.0,42982000.0,0.8366488885428427,0.0,8255000.0,0.0,0.0,23719000.0,32111000.0,697000.0,15464000.0,34727000.0,0.675964495659283,19263000.0,0.3749562035270759,-939000.0,17725000.0,0.345018881146105,6871000.0,10854000.0,0.2112741853856036,0.53,0.48,19958452.0,21818065.0,,,1620590727,16:05:27,20210509
15,2003-12-31,CRZO,USD,2003-12-31,2003-12-31,FY,38508000.0,6724000.0,31784000.0,0.8253869325854368,0.0,5952000.0,0.0,0.0,17820000.0,24544000.0,77000.0,11868000.0,25832000.0,0.6708216474498806,13964000.0,0.3626259478549912,-883000.0,13103000.0,0.3402669575153215,5063000.0,7912000.0,0.20546379972992626,0.5,0.43,14342000.0,16676744.0,,,1620590727,16:05:27,20210509
16,2002-12-31,CRZO,USD,2002-12-31,2002-12-31,FY,26802000.0,4908000.0,21894000.0,0.8168793373628833,0.0,4049000.0,0.0,0.0,14623000.0,19531000.0,1000.0,10574000.0,17845000.0,0.665808521752108,7271000.0,0.2712857249458996,274000.0,7599000.0,0.28352361764047457,2809000.0,4790000.0,0.17871800611894634,0.3,0.26,14006667.0,16161538.0,,,1620590727,16:05:27,20210509
17,2001-12-31,CRZO,USD,2001-12-31,2001-12-31,FY,26226052.0,4138353.0,22087699.0,0.8422044995563953,0.0,3332673.0,0.0,0.0,9824194.0,13962547.0,3177627.0,6491521.0,18755026.0,0.7151295970891844,12263505.0,0.46760774362835855,5505744.0,14867518.0,0.5668988225906058,5335977.0,9531541.0,0.363437889927161,0.68,0.57,14016972.0,16722002.0,,,1620590727,16:05:27,20210509
18,2000-12-31,CRZO,USD,2000-12-31,2000-12-31,FY,26833810.0,4940860.0,21892950.0,0.8158718422765906,0.0,3795024.0,0.0,0.0,10965297.0,15906157.0,13003.0,7170273.0,18097926.0,0.6744448887429702,10927653.0,0.40723449260466554,1482372.0,12989332.0,0.4840658855376855,1004361.0,11984971.0,0.44663694793993103,0.85,0.74,14099966.0,16195907.0,,,1620590727,16:05:27,20210509
19,1999-12-31,CRZO,USD,1999-12-31,1999-12-31,FY,10204345.0,3032073.0,7172272.0,0.7028645150668661,0.0,2195364.0,0.0,0.0,6500169.0,9532242.0,34780.0,4304805.0,4976908.0,0.48772439583334354,672103.0,0.06586439403998982,-77731.0,684817.0,0.0671103338822825,-1057208.0,1664294.0,0.16309660247669008,2.0,-0.071406,10544365.0,10546251.0,,,1620590727,16:05:27,20210509
20,1998-12-31,CRZO,USD,1998-12-31,1998-12-31,FY,7900000.0,2800000.0,5100000.0,0.6455696202531646,0.0,2700000.0,0.0,0.0,6700000.0,9500000.0,300000.0,4000000.0,2400000.0,0.3037974683544304,-1600000.0,-0.20253164556962025,-40000000.0,-21500000.0,-2.721518987341772,-2200000.0,-19300000.0,-2.4430379746835444,-2.15,-2.15,10375000.0,10375000.0,,,1620590727,16:05:27,20210509
21,1997-12-31,CRZO,USD,1997-12-31,1997-12-31,FY,8700000.0,2300000.0,6400000.0,0.735632183908046,0.0,1600000.0,0.0,0.0,4000000.0,6300000.0,200000.0,2400000.0,4800000.0,0.5517241379310345,2400000.0,0.27586206896551724,100000.0,0.0,0.0,2300000.0,0.0,0.0,0.0,0.0,8638699.0,8809572.0,,,1620590727,16:05:27,20210509
22,1996-12-31,CRZO,USD,1996-12-31,1996-12-31,FY,5200000.0,2400000.0,2800000.0,0.5384615384615384,0.0,500000.0,0.0,0.0,1600000.0,4000000.0,100000.0,1100000.0,2300000.0,0.4423076923076923,1200000.0,0.23076923076923078,0.0,0.0,0.0,0.0,1100000.0,0.21153846153846154,0.15,0.15,7333333.0,7333333.0,,,1620590727,16:05:27,20210509
