,date,symbol,reportedCurrency,fillingDate,acceptedDate,period,revenue,costOfRevenue,grossProfit,grossProfitRatio,researchAndDevelopmentExpenses,generalAndAdministrativeExpenses,sellingAndMarketingExpenses,otherExpenses,operatingExpenses,costAndExpenses,interestExpense,depreciationAndAmortization,ebitda,ebitdaratio,operatingIncome,operatingIncomeRatio,totalOtherIncomeExpensesNet,incomeBeforeTax,incomeBeforeTaxRatio,incomeTaxExpense,netIncome,netIncomeRatio,eps,epsdiluted,weightedAverageShsOut,weightedAverageShsOutDil,link,finalLink,timestamp,est_time,est_date
0,2018-06-30,THST,USD,2018-10-15,2018-10-15 15:39:53,FY,6471000.0,2502000.0,3969000.0,0.6133518776077886,0.0,2338000.0,1509000.0,16000.0,3847000.0,6365000.0,102000.0,929000.0,1035000.0,0.1599443671766342,106000.0,0.016380775768814713,1890000.0,1970000.0,0.30443517230721684,2000.0,-648000.0,-0.10013908205841446,-0.14496,-0.14496,4470190.0,4470190.0,https://www.sec.gov/Archives/edgar/data/1564709/000156459018024252/thst-10k_20180630.htm,https://www.sec.gov/Archives/edgar/data/1564709/000156459018024252/thst-10k_20180630.htm,1620598795,18:19:55,20210509
1,2017-06-30,THST,USD,2017-10-13,2017-10-13 14:11:19,FY,5960000.0,2153000.0,3807000.0,0.638758389261745,0.0,2985000.0,4986000.0,62000.0,7971000.0,22347000.0,331000.0,824000.0,1996000.0,0.33489932885906043,1172000.0,0.1966442953020134,-7000.0,1215000.0,0.20385906040268456,2000.0,-51000.0,-0.008557046979865772,-0.01165,-0.01165,4377990.0,4377990.0,https://www.sec.gov/Archives/edgar/data/1564709/000156459017019472/thst-10k_20170630.htm,https://www.sec.gov/Archives/edgar/data/1564709/000156459017019472/thst-10k_20170630.htm,1620598795,18:19:55,20210509
2,2016-06-30,THST,USD,2016-09-28 00:00:00,2016-09-28 12:58:32,FY,25783000.0,17496000.0,8287000.0,0.32141333436760655,0.0,3062000.0,5286000.0,17000.0,8348000.0,25861000.0,317000.0,707000.0,629000.0,0.02439591979211108,-78000.0,-0.0030252491952061436,-151000.0,-546000.0,-0.021176744366443005,2000.0,-244000.0,-0.009463600046542295,-0.05872,-0.05872,4155150.0,4155150.0,https://www.sec.gov/Archives/edgar/data/1564709/000114420416125710/0001144204-16-125710-index.html,https://www.sec.gov/Archives/edgar/data/1564709/000114420416125710/v448843_10k.htm,1620598795,18:19:55,20210509
3,2015-06-30,THST,USD,2015-09-28 00:00:00,2015-09-28 17:30:47,FY,26626000.0,17885000.0,8741000.0,0.3282881394126042,0.0,3432000.0,7035000.0,485000.0,10467000.0,28837000.0,286000.0,685000.0,-1526000.0,-0.05731240141215353,-2211000.0,-0.0830391346803876,-111000.0,-2608000.0,-0.0979493727935101,2000.0,-1361000.0,-0.05111545106287088,-0.35239,-0.35239,3862210.0,3862210.0,https://www.sec.gov/Archives/edgar/data/1564709/000114420415056869/0001144204-15-056869-index.html,https://www.sec.gov/Archives/edgar/data/1564709/000114420415056869/v420163_10k.htm,1620598795,18:19:55,20210509
4,2014-06-30,THST,USD,2014-09-29 00:00:00,2014-09-29 16:40:17,FY,22057000.0,14628000.0,7429000.0,0.3368091762252346,0.0,3169000.0,5012000.0,487000.0,8671000.0,23296000.0,170000.0,540000.0,-699000.0,-0.03169061975789999,-1239000.0,-0.0561726436052047,-56000.0,-1465000.0,-0.0664188239561137,-181000.0,-528000.0,-0.023937978872920162,-0.1458,-0.1458,3621460.0,3621460.0,https://www.sec.gov/Archives/edgar/data/1564709/000114420414058406/0001144204-14-058406-index.html,https://www.sec.gov/Archives/edgar/data/1564709/000114420414058406/v389144_10k.htm,1620598795,18:19:55,20210509
