,date,symbol,reportedCurrency,fillingDate,acceptedDate,period,revenue,costOfRevenue,grossProfit,grossProfitRatio,researchAndDevelopmentExpenses,generalAndAdministrativeExpenses,sellingAndMarketingExpenses,otherExpenses,operatingExpenses,costAndExpenses,interestExpense,depreciationAndAmortization,ebitda,ebitdaratio,operatingIncome,operatingIncomeRatio,totalOtherIncomeExpensesNet,incomeBeforeTax,incomeBeforeTaxRatio,incomeTaxExpense,netIncome,netIncomeRatio,eps,epsdiluted,weightedAverageShsOut,weightedAverageShsOutDil,link,finalLink,timestamp,est_time,est_date
0,2020-12-31,OTS.OL,USD,2020-12-31,2020-12-31,FY,13591000.0,13005000.0,586000.0,0.04311676844970937,0.0,639000.0,0.0,0.0,0.0,21578000.0,1434000.0,5869000.0,-2118000.0,-0.15583842248546834,-7987000.0,-5.329703480244279,0.0,-72436000.0,-5.329703480244279,752000.0,-45714000.0,-3.3635494076962695,-1.3362368828739295,-1.3362368828739295,34211000.0,34211000.0,https://www.oslobors.no/ob_eng/,https://www.oslobors.no/ob_eng/,1620596251,17:37:31,20210509
1,2019-12-31,OTS.OL,USD,2019-12-31,2019-12-31,FY,15879000.0,11637000.0,4242000.0,0.2671452862270924,0.0,2194000.0,0.0,0.0,4317000.0,15954000.0,1963000.0,5772000.0,5697000.0,0.35877574154543734,-75000.0,-0.004723219346306443,0.0,-2000.0,-0.00012595251590150514,261000.0,135000.0,0.008501794823351597,0.003946,0.003946,34211000.0,34211000.0,https://www.oslobors.no/ob_eng/,https://www.oslobors.no/ob_eng/,1620596251,17:37:31,20210509
2,2018-12-31,OTS.OL,USD,2018-12-31,2018-12-31,FY,23367000.0,13220000.0,10147000.0,0.43424487525142297,0.0,5564000.0,0.0,0.0,5564000.0,18784000.0,5175000.0,5728000.0,10311000.0,0.44126332006676083,4583000.0,0.19613129627252107,0.0,905000.0,0.03872983267000471,59000.0,-3334000.0,-0.14267984764839303,-0.154307,-0.154307,21606261.0,21606261.0,https://www.oslobors.no/ob_eng/,https://www.oslobors.no/ob_eng/,1620596251,17:37:31,20210509
3,2017-12-31,OTS.OL,USD,2017-12-31,2017-12-31,FY,25620000.0,13409000.0,12211000.0,0.47661982825917254,0.0,8265000.0,0.0,0.0,8265000.0,21674000.0,10973000.0,7069000.0,11015000.0,0.4299375487900078,3946000.0,0.15402029664324746,0.0,-9751000.0,-0.3806010928961749,1750000.0,-7321000.0,-0.2857533177205308,-6.319302,-6.319302,1158514.0,1158514.0,https://www.oslobors.no/ob_eng/,https://www.oslobors.no/ob_eng/,1620596251,17:37:31,20210509
4,2016-12-31,OTS.OL,USD,2016-12-31,2016-12-31,FY,41869000.0,15380000.0,26489000.0,0.6326637846616828,0.0,14260000.0,0.0,0.0,23309000.0,38689000.0,10341000.0,9049000.0,12229000.0,0.29207767083044733,3180000.0,0.07595118106474957,0.0,-21047000.0,-0.5026869521603096,2286000.0,-18076000.0,-0.431727531108935,-15.609766,-15.609766,1157993.0,1157993.0,https://www.oslobors.no/ob_eng/,https://www.oslobors.no/ob_eng/,1620596251,17:37:31,20210509
5,2015-12-31,OTS.OL,USD,2015-12-31,2015-12-31,FY,49548000.0,14676000.0,34872000.0,0.7038023734560426,0.0,13191000.0,0.0,0.0,24304000.0,38980000.0,11442000.0,11113000.0,21681000.0,0.4375756841850327,10568000.0,0.21328812464680713,0.0,2920000.0,0.05893275207879228,751000.0,-10559000.0,-0.21310648260272866,-9.118363,-9.118363,1157993.0,1157993.0,https://www.oslobors.no/ob_eng/,https://www.oslobors.no/ob_eng/,1620596251,17:37:31,20210509
6,2014-12-31,OTS.OL,USD,2014-12-31,2014-12-31,FY,55704000.0,15210000.0,40494000.0,0.7269495906936665,0.0,7066000.0,0.0,0.0,31515000.0,46725000.0,0.0,10208000.0,19187000.0,0.3444456412465891,8979000.0,0.16119129685480396,0.0,3750000.0,0.06732012063765619,620000.0,-6771000.0,-0.12155320982335201,-5.520033,-5.520033,1157993.0,1157993.0,https://www.oslobors.no/ob_eng/,https://www.oslobors.no/ob_eng/,1620596251,17:37:31,20210509
7,2013-12-31,OTS.OL,USD,2013-12-31,2013-12-31,FY,60090000.0,19268000.0,40822000.0,0.6793476451988684,0.0,9192000.0,0.0,0.0,31930000.0,51198000.0,0.0,13532000.0,22424000.0,0.37317357297387255,8892000.0,0.14797803295057413,0.0,-4552000.0,-0.07575303711100016,-1268000.0,-3299000.0,-0.05490098186054252,-2.760017,-2.760017,1176645.0,1176645.0,https://www.oslobors.no/ob_eng/,https://www.oslobors.no/ob_eng/,1620596251,17:37:31,20210509
8,2012-12-31,OTS.OL,USD,2012-12-31,2012-12-31,FY,64269000.0,23384000.0,40885000.0,0.6361542890040299,0.0,7783000.0,0.0,0.0,28754000.0,52138000.0,21352000.0,14331000.0,26462000.0,0.4117381630334998,12131000.0,0.18875352035973797,0.0,-6654000.0,-0.10353358539887038,4763000.0,-11954000.0,-0.18599947097356423,-17.250104,-17.250104,659996.0,659996.0,https://www.oslobors.no/ob_eng/,https://www.oslobors.no/ob_eng/,1620596251,17:37:31,20210509
9,2011-12-31,OTS.OL,USD,2011-12-31,2011-12-31,FY,61208000.0,24651000.0,36557000.0,0.5972585282969547,0.0,3920000.0,0.0,0.0,26537000.0,51188000.0,13934000.0,14742000.0,24762000.0,0.40455496013592995,10020000.0,0.16370409096850086,0.0,1153000.0,0.018837406874918312,-806000.0,2166000.0,0.0353875310416939,4.600028,2.300014,655596.0,1942531.0,https://www.oslobors.no/ob_eng/,https://www.oslobors.no/ob_eng/,1620596251,17:37:31,20210509
10,2010-12-31,OTS.OL,USD,2010-12-31,2010-12-31,FY,46988000.0,0.0,0.0,0.0,0.0,8139000.0,0.0,-2385000.0,41513000.0,41513000.0,8901000.0,11577000.0,17052000.0,0.3629011662552141,5475000.0,0.11651911126244999,0.0,-3605000.0,-0.0767217161828552,-4591000.0,209000.0,0.0044479441559547115,0.31879389135992287,0.31879389135992287,655596.0,655596.0,https://www.oslobors.no/ob_eng/,https://www.oslobors.no/ob_eng/,1620596251,17:37:31,20210509
11,2009-12-31,OTS.OL,USD,2009-12-31,2009-12-31,FY,40043842.053986,0.0,0.0,0.0,0.0,23932603.587598,0.0,0.0,64197088.658376,64197088.658376,25680554.759585,19505415.783139,-4647830.8212509975,-0.11606855343662881,-24153246.60439,-0.6031700597516907,0.0,-49257837.125337,-1.2300976779133468,2504441.515273,-98111639.635509,-2.4501055493935273,-415.2785745720048,-175.00216655074192,236255.0,560631.0,https://www.oslobors.no/ob_eng/,https://www.oslobors.no/ob_eng/,1620596251,17:37:31,20210509
12,2008-12-31,OTS.OL,USD,2008-12-31,2008-12-31,FY,11108306.707432,12570197.72958,-1461891.022148,-0.13160340821071528,0.0,1772510.597778,0.0,0.0,4048092.97363,16618290.703211,1723608.808632,1066517.905799,-4443466.089979,-0.40001290988896665,-5509983.995778,-0.49602375419572736,0.0,-4158803.182488,-0.3743867802736809,404551.164752,-4563354.34724,-0.4108055770720566,-69.925676,-69.925676,63569.0,63569.0,https://www.oslobors.no/ob_eng/,https://www.oslobors.no/ob_eng/,1620596251,17:37:31,20210509
13,2007-12-31,OTS.OL,USD,2007-12-31,2007-12-31,FY,4929988.974642,4160602.719588,769386.255053,0.1560624697155373,0.0,1203050.349136,0.0,0.0,1413083.425211,5573686.1448,871187.06358,288313.120176,-355384.04998199997,-0.07208617540728006,-643697.170158,-0.13056766931304206,0.0,-1048511.576626,-0.2126803086212053,-59169.423006,-1107680.999632,-0.22468224682235444,-18.596216,-18.596216,60188.0,60188.0,https://www.oslobors.no/ob_eng/,https://www.oslobors.no/ob_eng/,1620596251,17:37:31,20210509
14,2006-12-31,OTS.OL,USD,2006-12-31,2006-12-31,FY,3680963.855422,3284337.349398,396626.506024,0.10775072008375622,0.0,704738.955823,0.0,0.0,773493.975904,4057831.325301,208514.056225,68755.02008,-308112.4498,-0.08370428558980697,-376867.46988,-0.10238282272858516,0.0,-402730.923695,-0.10940909487654542,100240.963855,-302489.959839,-0.08217683512252837,-7.759083,-7.759083,39616.0,39616.0,https://www.oslobors.no/ob_eng/,https://www.oslobors.no/ob_eng/,1620596251,17:37:31,20210509
15,2005-12-31,OTS.OL,USD,2005-12-31,2005-12-31,FY,6969.674501,6673.092608,296.581894,0.04255319153820552,0.0,64209.979981,0.0,0.0,64209.979981,70883.072588,3558.982724,72069.400163,8156.002075999997,1.1702127660093429,-63913.398087,-9.170212766439779,0.0,-66730.926077,-9.574468085622295,6376.510714,-60354.415363,-8.659574468555228,-0.682142,-0.682142,10811.0,10811.0,https://www.oslobors.no/ob_eng/,https://www.oslobors.no/ob_eng/,1620596251,17:37:31,20210509
