,date,symbol,reportedCurrency,fillingDate,acceptedDate,period,revenue,costOfRevenue,grossProfit,grossProfitRatio,researchAndDevelopmentExpenses,generalAndAdministrativeExpenses,sellingAndMarketingExpenses,otherExpenses,operatingExpenses,costAndExpenses,interestExpense,depreciationAndAmortization,ebitda,ebitdaratio,operatingIncome,operatingIncomeRatio,totalOtherIncomeExpensesNet,incomeBeforeTax,incomeBeforeTaxRatio,incomeTaxExpense,netIncome,netIncomeRatio,eps,epsdiluted,weightedAverageShsOut,weightedAverageShsOutDil,link,finalLink,timestamp,est_time,est_date
0,2020-06-30,ABP.AX,AUD,2020-06-30,2020-06-30,FY,215444000.0,65917000.0,149527000.0,0.6940411429420175,0.0,25889000.0,0.0,-33659000.0,43383000.0,0.0,22965000.0,3009000.0,109153000.0,0.5066420972503296,106144000.0,0.4926755908728022,-27892000.0,102105000.0,0.4739282597798036,17081000.0,84727000.0,0.3932669278327547,0.14608632381517261,0.14608632381517261,579979000,579979000,,,1620586070,14:47:50,20210509
1,2019-06-30,ABP.AX,AUD,2019-06-30,2019-06-30,FY,227833000.0,60539000.0,167294000.0,0.7342834444527351,0.0,29239000.0,0.0,94012000.0,73447000.0,0.0,28616000.0,1084000.0,94931000.0,0.41666922702154646,93847000.0,0.41191135612488095,100909000.0,208720000.0,0.916109606597815,16113000.0,202723000.0,0.8897876953733656,0.3495,0.3495,579979000,579979000,,,1620586070,14:47:50,20210509
2,2018-06-30,ABP.AX,AUD,2018-06-30,2018-06-30,FY,259512000.0,46766000.0,212746000.0,0.8197925336785967,0.0,19106000.0,0.0,83639000.0,113549000.0,0.0,31258000.0,3533000.0,102730000.0,0.3958583803446469,99197000.0,0.38224436634914766,159427000.0,275771000.0,1.0626522087610593,28813000.0,243709000.0,0.9391049354172447,0.4218,0.4218,577806000,577806000,,,1620586070,14:47:50,20210509
3,2017-06-30,ABP.AX,AUD,2017-06-30,2017-06-30,FY,201494000.0,43477000.0,158017000.0,0.7842268256126733,0.0,17877000.0,0.0,135712000.0,66347000.0,0.0,35826000.0,670000.0,92340000.0,0.4582766732508164,91670000.0,0.45495151220383734,201747000.0,302228000.0,1.4999354819498347,10140000.0,285097000.0,1.4149155806128222,0.4991,0.4991,571204000,571204000,,,1620586070,14:47:50,20210509
4,2016-06-30,ABP.AX,AUD,2016-06-30,2016-06-30,FY,212743000.0,17814000.0,194929000.0,0.9162651650113047,0.0,14488000.0,0.0,104617000.0,109524000.0,0.0,40056000.0,4256000.0,89661000.0,0.421452174689649,85405000.0,0.40144681611145844,96146000.0,188408000.0,0.8856131576597115,-1684000.0,185886000.0,0.8737584785398345,0.3351,0.3351,554703000,554703000,,,1620586070,14:47:50,20210509
5,2015-06-30,ABP.AX,AUD,2015-06-30,2015-06-30,FY,196350000.0,19590000.0,176760000.0,0.9002291825821238,0.0,15931000.0,0.0,112773000.0,154102000.0,0.0,41757000.0,6597000.0,29255000.0,0.14899414311179018,22658000.0,0.11539597657244716,131924000.0,139863000.0,0.71231474407945,6644000.0,133498000.0,0.6798981410746117,0.2546,0.2546,524437000,524437000,,,1620586070,14:47:50,20210509
6,2014-06-30,ABP.AX,AUD,2014-06-30,2014-06-30,FY,107336000.0,20158000.0,87178000.0,0.8121972124916151,0.0,12885000.0,0.0,270694000.0,215562000.0,0.0,50930000.0,4442000.0,-123942000.0,-1.1547104419765968,-128384000.0,-1.196094506968771,281785000.0,122077000.0,1.1373350972646643,14710000.0,108273000.0,1.0087295967802041,0.221835,0.221835,488004825,488004825,,,1620586070,14:47:50,20210509
7,2013-06-30,ABP.AX,AUD,2013-06-30,2013-06-30,FY,251790000.0,120891000.0,130899000.0,0.519873704277374,0.0,14752000.0,0.0,-1386000.0,34391000.0,0.0,56244000.0,7023000.0,103531000.0,0.41117995154692405,96508000.0,0.38328766035188055,8802000.0,74319000.0,0.29516263552960803,6839000.0,61052000.0,0.2424719011874975,0.136269,0.136269,448168065,448168065,,,1620586070,14:47:50,20210509
8,2012-06-30,ABP.AX,AUD,2012-06-30,2012-06-30,FY,200610000.0,74543000.0,126067000.0,0.62841832411146,0.0,12116000.0,0.0,-44782000.0,33418000.0,0.0,73043000.0,7100000.0,99749000.0,0.49722845321768605,92649000.0,0.4618363989831015,-41610000.0,10500000.0,0.05234036189621654,2474000.0,8470000.0,0.04222122526294801,0.021018,0.021018,402484591,402484591,,,1620586070,14:47:50,20210509
9,2011-06-30,ABP.AX,AUD,2011-06-30,2011-06-30,FY,152276000.0,76625000.0,75651000.0,0.4968018597809241,0.0,22027000.0,0.0,-16225000.0,24127000.0,0.0,33912000.0,2100000.0,53624000.0,0.35215004334235206,51524000.0,0.33835929496440675,-36303000.0,18415000.0,0.12093172922850613,571000.0,17350000.0,0.11393784969397673,0.046419,0.046419,373779075,373779075,,,1620586070,14:47:50,20210509
10,2010-06-30,ABP.AX,AUD,2010-06-30,2010-06-30,FY,71238000.0,11677000.0,59561000.0,0.8360846739099919,0.0,20982000.0,0.0,-20474000.0,22646000.0,0.0,29722000.0,1664000.0,38579000.0,0.5415508576883125,36915000.0,0.5181925376905584,-17075000.0,25659000.0,0.3601869788595974,666000.0,25436000.0,0.35705662708105224,0.076203,0.076203,333793135,333793135,,,1620586070,14:47:50,20210509
11,2009-06-30,ABP.AX,AUD,2009-06-30,2009-06-30,FY,78927000.0,11406000.0,67521000.0,0.8554867155726177,0.0,19500000.0,0.0,-148297000.0,21494000.0,0.0,44864000.0,1994000.0,48021000.0,0.6084229731270668,46027000.0,0.5831591217200705,-139496000.0,-104168000.0,-1.319801842208623,-1178000.0,-102412000.0,-1.2975534354530136,-0.588206,-0.588206,174174240,174174240,,,1620586070,14:47:50,20210509
12,2008-06-30,ABP.AX,AUD,2008-06-30,2008-06-30,FY,76436000.0,12350000.0,64086000.0,0.8384269192527082,0.0,15616000.0,0.0,13455000.0,18043000.0,0.0,38420000.0,2104000.0,48147000.0,0.6298995237846041,46043000.0,0.602373227275106,26403000.0,69392000.0,0.9078444711915851,-3034000.0,71460000.0,0.934899785441415,0.557861,0.54858,128119480,130263670,,,1620586070,14:47:50,20210509
13,2007-06-30,ABP.AX,AUD,2007-06-30,2007-06-30,FY,73185000.0,14931000.0,58254000.0,0.7959827833572454,0.0,12026000.0,0.0,90009000.0,26050000.0,0.0,21909000.0,5010000.0,37214000.0,0.5084921773587484,32204000.0,0.4400355264056842,91453000.0,124923000.0,1.7069481451117032,4521000.0,118811000.0,1.6234337637494023,1.049287,1.041959,113242556,114026515,,,1620586070,14:47:50,20210509
14,2006-06-30,ABP.AX,AUD,2006-06-30,2006-06-30,FY,49980000.0,8462000.0,41518000.0,0.8306922769107643,0.0,9439000.0,0.0,56838000.0,16348000.0,0.0,7832000.0,1346000.0,26516000.0,0.5305322128851541,25170000.0,0.5036014405762305,59468000.0,102604000.0,2.052901160464186,744000.0,101236000.0,2.025530212084834,1.183134,1.183134,85580439,85580439,,,1620586070,14:47:50,20210509
15,2005-06-30,ABP.AX,AUD,2005-06-30,2005-06-30,FY,30336000.0,5551000.0,24785000.0,0.8170160864978903,0.0,6325000.0,0.0,17731000.0,10200000.0,0.0,9251000.0,2049000.0,16634000.0,0.5483254219409283,14585000.0,0.4807819092827004,19292000.0,40140000.0,1.3231803797468353,40140000.0,-678000.0,-0.0223496835443038,0.594987,0.594987,65725837,65725837,,,1620586070,14:47:50,20210509
16,2004-06-30,ABP.AX,AUD,2004-06-30,2004-06-30,FY,22847000.0,4161000.0,18686000.0,0.8178754322230489,0.0,4989000.0,0.0,17345000.0,10949000.0,0.0,8159000.0,2014000.0,9751000.0,0.42679564056550096,7737000.0,0.3386440232853329,21636000.0,34918000.0,1.5283407011861514,34918000.0,34725000.0,1.5198932026086576,0.627227,0.627227,55362702,55362702,,,1620586070,14:47:50,20210509
17,2003-06-30,ABP.AX,AUD,2003-06-30,2003-06-30,FY,30900000.0,331000.0,30569000.0,0.9892880258899677,0.0,3204000.0,0.0,20493000.0,11956000.0,0.0,10737000.0,1660000.0,20273000.0,0.656084142394822,18613000.0,0.6023624595469256,21274000.0,37085000.0,1.2001618122977347,37085000.0,33808000.0,1.0941100323624595,0.679008,0.679008,49779854,49779854,,,1620586070,14:47:50,20210509
18,2002-06-30,ABP.AX,AUD,2002-06-30,2002-06-30,FY,0.0,0.0,0.0,0.0,0.0,0.0,0.0,0.0,0.0,0.0,0.0,0.0,0.0,0.0,0.0,0.0,0.0,0.0,0.0,0.0,0.0,0.0,0.0,0.0,55271826,55271826,,,1620586070,14:47:50,20210509
