,date,symbol,reportedCurrency,fillingDate,acceptedDate,period,revenue,costOfRevenue,grossProfit,grossProfitRatio,researchAndDevelopmentExpenses,generalAndAdministrativeExpenses,sellingAndMarketingExpenses,otherExpenses,operatingExpenses,costAndExpenses,interestExpense,depreciationAndAmortization,ebitda,ebitdaratio,operatingIncome,operatingIncomeRatio,totalOtherIncomeExpensesNet,incomeBeforeTax,incomeBeforeTaxRatio,incomeTaxExpense,netIncome,netIncomeRatio,eps,epsdiluted,weightedAverageShsOut,weightedAverageShsOutDil,link,finalLink,timestamp,est_time,est_date
0,2020-11-30,ARTW,USD,2021-02-09,2021-02-09 14:38:36,FY,0.0,0.0,2399600.0,0.0,0.0,2584593.0,1623960.0,949678.0,5832513.0,5832513.0,304611.0,818234.0,-3091400.0,0.0,-3909634.0,0.0,949678.0,-2959956.0,0.0,0.0,-2103486.0,0.0,-0.47873010844384484,-0.47873010844384484,4393887.0,4393887.0,https://www.sec.gov/Archives/edgar/data/7623/000143774921002312/0001437749-21-002312-index.htm,https://www.sec.gov/Archives/edgar/data/7623/000143774921002312/artw20201130_10k.htm,1620588752,15:32:32,20210509
1,2019-11-30,ARTW,USD,2020-02-06,2020-02-06 14:57:12,FY,22889173.0,18961260.0,3927913.0,0.17160571943774464,0.0,3343443.0,1602006.0,86235.0,5424794.0,24386054.0,358174.0,1003541.0,-493340.0,-0.021553421785924724,-1496881.0,-0.06539690184525233,86235.0,-1768820.0,-0.07727758447192479,-349234.0,-1419586.0,-0.06201997774231511,-0.33,-0.33,4277375.0,4277375.0,https://www.sec.gov/Archives/edgar/data/7623/000143774920001888/0001437749-20-001888-index.htm,https://www.sec.gov/Archives/edgar/data/7623/000143774920001888/artw20191130_10k.htm,1620588752,15:32:32,20210509
2,2018-11-30,ARTW,USD,2019-02-05,2019-02-05 16:29:49,FY,19726793.0,16215237.0,3511556.0,0.1780094716865534,0.0,3438981.0,1936147.0,-446629.0,6015558.0,22230795.0,304566.0,960606.0,-1543396.0,-0.07823856619775957,-2504002.0,-0.12693406373757762,-1037897.0,-3846465.0,-0.19498683845873985,-510416.0,-3386902.0,-0.17169045166135216,-0.81,-0.81,4202836.0,4202836.0,https://www.sec.gov/Archives/edgar/data/7623/000143774919001882/0001437749-19-001882-index.htm,https://www.sec.gov/Archives/edgar/data/7623/000143774919001882/artw20181130_10k.htm,1620588752,15:32:32,20210509
3,2017-11-30,ARTW,USD,2018-02-07,2018-02-07 14:46:59,FY,20715080.0,16632979.0,4082101.0,0.19705938861930536,0.0,3343500.0,1889461.0,248507.0,5734143.0,22367122.0,319622.0,702349.0,-949693.0,-0.04584549033843944,-1652042.0,-0.07975069369753822,178507.0,-1793157.0,-0.08656288076126184,-423798.0,-1637081.0,-0.07902846621881257,-0.39,-0.39,4151406.0,4151406.0,https://www.sec.gov/Archives/edgar/data/7623/000143774918001906/0001437749-18-001906-index.htm,https://www.sec.gov/Archives/edgar/data/7623/000143774918001906/artw20171130_10k.htm,1620588752,15:32:32,20210509
4,2016-11-30,ARTW,USD,2017-02-02,2017-02-02 14:45:58,FY,21557649.0,16237766.0,5319883.0,0.24677472947073217,0.0,3437591.0,1838971.0,157244.0,5706472.0,21944238.0,248580.0,671967.0,285378.0,0.013237899921276202,-386589.0,-0.017932799629495778,112386.0,-522783.0,-0.024250464417525305,-96601.0,-821334.0,-0.03809942355031386,-0.2,-0.2,4097748.0,4097748.0,https://www.sec.gov/Archives/edgar/data/7623/000143774917001528/0001437749-17-001528-index.htm,https://www.sec.gov/Archives/edgar/data/7623/000143774917001528/artw20161017_10k.htm,1620588752,15:32:32,20210509
5,2015-11-30,ARTW,USD,2016-02-03,2016-02-03 16:59:21,FY,27935791.0,20952109.0,6983682.0,0.2499904871138247,0.0,4736866.0,2149659.0,-131944.0,7387345.0,28339454.0,329455.0,929180.0,525517.0,0.018811602649805047,-403663.0,-0.014449671391083932,-131944.0,-865062.0,-0.030966082184678428,-307220.0,-557842.0,-0.01996872041317892,-0.14,-0.14,4058382.0,4058382.0,https://www.sec.gov/Archives/edgar/data/7623/000143774916024657/0001437749-16-024657-index.htm,https://www.sec.gov/Archives/edgar/data/7623/000143774916024657/artw20151130_10k.htm,1620588752,15:32:32,20210509
6,2014-11-30,ARTW,USD,2015-01-29,2015-01-29 13:17:48,FY,36169811.0,27445242.0,8724569.0,0.24121135164350183,0.0,4205375.0,2372299.0,-10434.0,7059731.0,34504973.0,351899.0,906702.0,2571540.0,0.07109630735974816,1664838.0,0.0460283853847066,-10434.0,1302505.0,0.0360108323485572,367258.0,935247.0,0.02585711603524829,0.23105092252672813,0.23077116679904744,4047796.0,4052703.0,https://www.sec.gov/Archives/edgar/data/7623/000143774915001434/0001437749-15-001434-index.htm,https://www.sec.gov/Archives/edgar/data/7623/000143774915001434/artw20141130_10k.htm,1620588752,15:32:32,20210509
7,2013-11-30,ARTW,USD,2014-02-26,2014-02-26 16:02:27,FY,34226553.0,25860107.0,8366446.0,0.2444431374669836,0.0,3879580.0,2155640.0,685344.0,6549306.0,32409413.0,296640.0,704457.0,2521597.0,0.07367370590897658,1817140.0,0.05309152808931709,685344.0,2205844.0,0.06444832466769294,654468.0,1551376.0,0.0453266795519841,0.3840486393219013,0.38307557106033374,4039530.0,4049791.0,https://www.sec.gov/Archives/edgar/data/7623/000143774914002836/0001437749-14-002836-index.htm,https://www.sec.gov/Archives/edgar/data/7623/000143774914002836/artw20131130_10k.htm,1620588752,15:32:32,20210509
8,2012-11-30,ARTW,USD,2013-02-27,2013-02-26 18:39:42,FY,36456830.0,26424567.0,10032263.0,0.27518198921848114,331061.0,3762162.0,1611215.0,0.0,5704438.0,32129005.0,413594.0,852910.0,5180735.0,0.14210601964021558,4327825.0,0.11871095210417362,73796.0,3988027.0,0.10939039406333463,1322940.0,2665087.0,0.07310254347402119,0.6608784858962224,0.6581248228183318,4032643.0,4049516.0,https://www.sec.gov/Archives/edgar/data/7623/000143774913001999/0001437749-13-001999-index.htm,https://www.sec.gov/Archives/edgar/data/7623/000143774913001999/atrw_10k-113012.htm,1620588752,15:32:32,20210509
9,2011-11-30,ARTW,USD,2012-02-24,2012-02-24 17:14:51,FY,27619760.0,20612750.0,7007010.0,0.2536955426115216,433766.0,2940408.0,1703072.0,0.0,5077246.0,25689996.0,428538.0,780169.0,2709933.0,0.09811573308385012,1929764.0,0.0698689633798411,79708.0,1580934.0,0.05723923741553149,332039.0,1248895.0,0.04521744577070909,0.31080987587464626,0.30842488074387764,4018196.0,4049268.0,https://www.sec.gov/Archives/edgar/data/7623/000143774912001749/0001437749-12-001749-index.htm,https://www.sec.gov/Archives/edgar/data/7623/000143774912001749/artw_10k-113011.htm,1620588752,15:32:32,20210509
10,2010-11-30,ARTW,USD,2011-02-22,2011-02-22 14:50:23,FY,28951378.0,22142242.0,6809136.0,0.23519212107969437,417521.0,2686065.0,1810522.0,0.0,4914108.0,27056350.0,423267.0,715885.0,2610913.0,0.09018268491399616,1895028.0,0.06545553721138939,86162.0,1557923.0,0.05381170457585818,504426.0,1053497.0,0.036388492457941034,0.2638136976668886,0.26260259228257765,3993337.0,4011754.0,https://www.sec.gov/Archives/edgar/data/7623/000143774911001008/0001437749-11-001008-index.htm,https://www.sec.gov/Archives/edgar/data/7623/000143774911001008/artw_10k-113010.htm,1620588752,15:32:32,20210509
11,2009-11-30,ARTW,USD,2010-02-23,2010-02-22 21:25:42,FY,26296133.0,20923886.0,5372247.0,0.20429798556312442,358132.0,2676396.0,1629330.0,0.0,4663858.0,25587744.0,508145.0,656118.0,1364507.0,0.0518900250466485,708389.0,0.026938903906517358,1014911.0,1215155.0,0.046210406678426824,452905.0,762250.0,0.028987151837116126,0.19,0.19,3988478.0,3988478.0,https://www.sec.gov/Archives/edgar/data/7623/000114420410009394/0001144204-10-009394-index.htm,https://www.sec.gov/Archives/edgar/data/7623/000114420410009394/v175069_10k.htm,1620588752,15:32:32,20210509
12,2008-11-30,ARTW,USD,2009-02-27,2009-02-27 10:27:01,FY,32041138.0,24078747.0,7962391.0,0.24850524971990695,323265.0,3136930.0,1735936.0,0.0,5196131.0,29274878.0,461412.0,594673.0,3360933.0,0.1048943080610932,2766260.0,0.0863346364289558,445802.0,2750649.0,0.08584741902737662,921082.0,1829567.0,0.05710056240823906,0.46,0.46,3973816.0,3973816.0,https://www.sec.gov/Archives/edgar/data/7623/000114420409011196/0001144204-09-011196-index.htm,https://www.sec.gov/Archives/edgar/data/7623/000114420409011196/v141271_10k.htm,1620588752,15:32:32,20210509
13,2007-11-30,ARTW,USD,2007-11-30,2007-11-30,FY,25517750.0,17837030.0,7680720.0,0.30099518962290955,338286.0,3585584.0,0.0,0.0,3923870.0,21760900.0,0.0,445566.0,4202416.0,0.16468599308324597,3756850.0,0.1472249708536215,6095.0,3379329.0,0.13243052385104487,1145648.0,2233681.0,0.08753440252373348,0.565,0.565,3953418.0,3953418.0,,,1620588752,15:32:32,20210509
14,2006-11-30,ARTW,USD,2006-11-30,2006-11-30,FY,19853812.0,14148787.0,5705025.0,0.28735161791599517,428336.0,3503849.0,0.0,0.0,3932185.0,18080972.0,0.0,303754.0,2076594.0,0.10459422099896987,1772840.0,0.08929469061155611,52624.0,1416846.0,0.07136392749160715,483306.0,933540.0,0.0470206930538075,0.235,0.235,3972511.0,3972511.0,,,1620588752,15:32:32,20210509
15,2005-11-30,ARTW,USD,2005-11-30,2005-11-30,FY,14618904.0,10213951.0,4404953.0,0.3013189634462337,483831.0,2231432.0,0.0,0.0,2715263.0,12929214.0,0.0,268616.0,1958306.0,0.13395710102481007,1689690.0,0.11558253614634859,45792.0,1474320.0,0.10085024157761759,497003.0,977317.0,0.0668529597020406,0.25,0.25,3909268.0,3909268.0,,,1620588752,15:32:32,20210509
16,2004-11-30,ARTW,USD,2004-11-30,2004-11-30,FY,12784396.0,9186971.0,3597425.0,0.28139186239224756,189587.0,2315599.0,0.0,0.0,2505186.0,11692157.0,180013.0,311314.0,1403553.0,0.1097864146260801,1092239.0,0.08543532287329023,11416.0,923642.0,0.07224760559669773,-478631.0,1402273.0,0.10968629257103737,0.36,0.36,3895203.0,3895203.0,,,1620588752,15:32:32,20210509
17,2003-11-30,ARTW,USD,2003-11-30,2003-11-30,FY,11411376.0,8035414.0,3375962.0,0.2958417985701286,310715.0,2023810.0,0.0,0.0,2334525.0,10369939.0,156113.0,278962.0,1320399.0,0.11570900827384883,1041437.0,0.09126305188787048,-22119.0,863205.0,0.07564425184132045,-800643.0,1663848.0,0.14580607982770877,0.43,0.425,3869414.0,3914936.0,,,1620588752,15:32:32,20210509
18,2002-11-30,ARTW,USD,2002-11-30,2002-11-30,FY,10899822.0,8130059.0,2769763.0,0.25411084694777586,4283.0,1963646.0,0.0,0.0,1967929.0,10097988.0,0.0,251913.0,1053747.0,0.09667561543665576,801834.0,0.07356395361318745,-58439.0,573135.0,0.052582051339920964,4032.0,569103.0,0.052212137042237934,0.15734786606894516,0.15708588586201358,3616846.0,3622878.0,,,1620588752,15:32:32,20210509
19,2001-11-30,ARTW,USD,2001-11-30,2001-11-30,FY,10891398.0,8768676.0,2122722.0,0.19489894685695996,208378.0,2200212.0,0.0,0.0,2408590.0,11177266.0,0.0,453603.0,167735.0,0.01540068593581834,-285868.0,-0.026247135583512788,-1619756.0,-2316725.0,-0.2127114443894163,65176.0,-2381901.0,-0.21869561648559716,-0.93,-0.93,2559226.0,2559226.0,,,1620588752,15:32:32,20210509
20,2000-11-30,ARTW,USD,2000-11-30,2000-11-30,FY,14229178.0,11349942.0,2879236.0,0.2023473176033078,0.0,3268964.0,0.0,0.0,3786426.0,15136368.0,559785.0,517462.0,-389728.0,-0.02738935446587287,-907190.0,-0.06375561539816285,-148454.0,-1615429.0,-0.11352932685219062,550557.0,-2165986.0,-0.15222144244734306,-0.86,-0.86,2512702.0,2512702.0,,,1620588752,15:32:32,20210509
21,1999-11-30,ARTW,USD,1999-11-30,1999-11-30,FY,17200000.0,12400000.0,4800000.0,0.27906976744186046,0.0,4200000.0,0.0,0.0,4800000.0,17200000.0,0.0,600000.0,800000.0,0.046511627906976744,0.0,-0.040697674418604654,-200000.0,-700000.0,-0.040697674418604654,-100000.0,-600000.0,-0.03488372093023256,-0.25,-0.25,2496912.0,2496912.0,,,1620588752,15:32:32,20210509
22,1998-11-30,ARTW,USD,1998-11-30,1998-11-30,FY,23600000.0,18100000.0,5500000.0,0.2330508474576271,0.0,4800000.0,0.0,0.0,5300000.0,23400000.0,0.0,500000.0,700000.0,0.029661016949152543,200000.0,0.00847457627118644,-300000.0,-500000.0,-0.0211864406779661,-200000.0,-300000.0,-0.012711864406779662,-0.13,-0.13,2491862.0,2491862.0,,,1620588752,15:32:32,20210509
23,1997-11-30,ARTW,USD,1997-11-30,1997-11-30,FY,11100000.0,7500000.0,3600000.0,0.32432432432432434,0.0,2200000.0,0.0,0.0,2500000.0,10000000.0,0.0,300000.0,1400000.0,0.12612612612612611,1100000.0,0.0990990990990991,-100000.0,800000.0,0.07207207207207207,300000.0,500000.0,0.04504504504504504,0.195,0.195,2564103.0,2564103.0,,,1620588752,15:32:32,20210509
24,1997-05-31,ARTW,USD,1997-08-29 00:00:00,1997-08-29 00:00:00,FY,16400000.0,11500000.0,4900000.0,0.29878048780487804,0.0,3800000.0,0.0,0.0,4400000.0,15900000.0,300000.0,600000.0,1100000.0,0.06707317073170732,500000.0,0.03048780487804878,-100000.0,0.0,0.0,0.0,100000.0,0.006097560975609756,0.035,0.035,2857143.0,2857143.0,https://www.sec.gov/Archives/edgar/data/7623/000000762397000016/0000007623-97-000016-index.html,https://www.sec.gov/Archives/edgar/data/7623/0000007623-97-000016.txt,1620588752,15:32:32,20210509
25,1996-05-31,ARTW,USD,1996-05-31,1996-05-31,FY,13800000.0,9700000.0,4100000.0,0.2971014492753623,300000.0,3500000.0,0.0,0.0,4400000.0,14100000.0,0.0,600000.0,300000.0,0.021739130434782608,-300000.0,-0.021739130434782608,-500000.0,-1200000.0,-0.08695652173913043,-400000.0,-800000.0,-0.057971014492753624,-0.36,-0.36,2222222.0,2222222.0,,,1620588752,15:32:32,20210509
26,1995-05-31,ARTW,USD,1995-05-31,1995-05-31,FY,20300000.0,15100000.0,5200000.0,0.2561576354679803,600000.0,5100000.0,0.0,0.0,6300000.0,21400000.0,0.0,600000.0,-500000.0,-0.024630541871921183,-1100000.0,-0.054187192118226604,0.0,-1700000.0,-0.08374384236453201,-600000.0,-1100000.0,-0.054187192118226604,-0.495,-0.495,2222222.0,2222222.0,,,1620588752,15:32:32,20210509
27,1994-05-31,ARTW,USD,1994-05-31,1994-05-31,FY,20500000.0,13000000.0,7500000.0,0.36585365853658536,700000.0,5100000.0,0.0,0.0,6400000.0,19400000.0,0.0,600000.0,1700000.0,0.08292682926829269,1100000.0,0.05365853658536585,100000.0,800000.0,0.03902439024390244,200000.0,600000.0,0.02926829268292683,0.29,0.29,2068966.0,2068966.0,,,1620588752,15:32:32,20210509
28,1993-05-31,ARTW,USD,1993-05-31,1993-05-31,FY,20300000.0,13700000.0,6600000.0,0.3251231527093596,0.0,5400000.0,0.0,0.0,5900000.0,19600000.0,0.0,500000.0,1200000.0,0.059113300492610835,700000.0,0.034482758620689655,0.0,600000.0,0.029556650246305417,200000.0,400000.0,0.019704433497536946,0.17,0.17,2352941.0,2352941.0,,,1620588752,15:32:32,20210509
29,1992-05-31,ARTW,USD,1992-05-31,1992-05-31,FY,19400000.0,13100000.0,6300000.0,0.3247422680412371,0.0,5800000.0,0.0,0.0,6200000.0,19300000.0,0.0,400000.0,500000.0,0.02577319587628866,100000.0,0.005154639175257732,100000.0,0.0,0.0,0.0,100000.0,0.005154639175257732,0.05,0.05,2000000.0,2000000.0,,,1620588752,15:32:32,20210509
30,1991-05-31,ARTW,USD,1991-05-31,1991-05-31,FY,21900000.0,14100000.0,7800000.0,0.3561643835616438,0.0,5500000.0,0.0,0.0,5900000.0,20000000.0,0.0,400000.0,2300000.0,0.1050228310502283,1900000.0,0.0867579908675799,100000.0,2000000.0,0.091324200913242,700000.0,1300000.0,0.0593607305936073,0.64,0.64,2031250.0,2031250.0,,,1620588752,15:32:32,20210509
31,1990-05-31,ARTW,USD,1990-05-31,1990-05-31,FY,19200000.0,12900000.0,6300000.0,0.328125,0.0,4500000.0,0.0,0.0,4800000.0,17700000.0,0.0,300000.0,1800000.0,0.09375,1500000.0,0.078125,100000.0,1700000.0,0.08854166666666667,500000.0,1200000.0,0.0625,0.48,0.48,2500000.0,2500000.0,,,1620588752,15:32:32,20210509
32,1989-05-31,ARTW,USD,1989-05-31,1989-05-31,FY,22300000.0,15100000.0,7200000.0,0.32286995515695066,0.0,4300000.0,0.0,0.0,4500000.0,19600000.0,0.0,200000.0,2900000.0,0.13004484304932734,2700000.0,0.1210762331838565,200000.0,2900000.0,0.13004484304932734,1000000.0,1900000.0,0.08520179372197309,0.72,0.72,2638889.0,2638889.0,,,1620588752,15:32:32,20210509
33,1988-05-31,ARTW,USD,1988-05-31,1988-05-31,FY,19700000.0,13400000.0,6300000.0,0.3197969543147208,0.0,4100000.0,0.0,0.0,4300000.0,17700000.0,0.0,200000.0,2200000.0,0.1116751269035533,2000000.0,0.10152284263959391,100000.0,2100000.0,0.1065989847715736,800000.0,1300000.0,0.06598984771573604,0.505,0.505,2574257.0,2574257.0,,,1620588752,15:32:32,20210509
34,1987-05-31,ARTW,USD,1987-05-31,1987-05-31,FY,17600000.0,12200000.0,5400000.0,0.3068181818181818,0.0,3000000.0,0.0,0.0,3200000.0,15400000.0,0.0,200000.0,2400000.0,0.13636363636363635,2200000.0,0.125,0.0,2000000.0,0.11363636363636363,900000.0,1100000.0,0.0625,0.42,0.42,2619048.0,2619048.0,,,1620588752,15:32:32,20210509
35,1986-05-31,ARTW,USD,1986-05-31,1986-05-31,FY,10200000.0,7600000.0,2600000.0,0.2549019607843137,0.0,2600000.0,0.0,0.0,3100000.0,10700000.0,0.0,500000.0,0.0,0.0,-500000.0,-0.049019607843137254,-1100000.0,0.0,0.0,0.0,-2000000.0,-0.19607843137254902,-0.785,-0.785,2547771.0,2547771.0,,,1620588752,15:32:32,20210509
