,date,symbol,reportedCurrency,fillingDate,acceptedDate,period,revenue,costOfRevenue,grossProfit,grossProfitRatio,researchAndDevelopmentExpenses,generalAndAdministrativeExpenses,sellingAndMarketingExpenses,otherExpenses,operatingExpenses,costAndExpenses,interestExpense,depreciationAndAmortization,ebitda,ebitdaratio,operatingIncome,operatingIncomeRatio,totalOtherIncomeExpensesNet,incomeBeforeTax,incomeBeforeTaxRatio,incomeTaxExpense,netIncome,netIncomeRatio,eps,epsdiluted,weightedAverageShsOut,weightedAverageShsOutDil,link,finalLink,timestamp,est_time,est_date
0,2020-06-30,WTC.AX,AUD,2020-06-30,2020-06-30,FY,429400000,83500000.0,345900000,0.8055426176059618,115400000,87700000.0,62300000.0,0.0,265400000,348900000,12800000.0,0.0,83600000,0.19469026548672566,80500000.0,0.18747088961341407,0.0,181800000.0,0.4233814625058221,21000000.0,160800000.0,0.37447601304145317,0.524883934550342,0.524883934550342,306353442,306353442,,,1620599959,18:39:19,20210509
1,2019-06-30,WTC.AX,AUD,2019-06-30,2019-06-30,FY,348266000,66675000.0,281591000,0.8085515094783872,84170000,69492000.0,47680000.0,0.0,201342000,268017000,7266000.0,0.0,83694000,0.24031630994699454,80249000.0,0.2304244456823233,0.0,76428000.0,0.21945294688542666,22339000.0,54120000.0,0.1553984597979705,0.1766586973747793,0.17661600215385367,306353442,306427500,,,1620599959,18:39:19,20210509
2,2018-06-30,WTC.AX,AUD,2018-06-30,2018-06-30,FY,221598000,38672000.0,182926000,0.8254857895829385,53372000,46641000.0,24550000.0,0.0,124563000,163235000,2676000.0,0.0,59828000,0.26998438614066916,58363000.0,0.26337331564364297,0.0,57152000.0,0.25790846487784186,16358000.0,40799000.0,0.1841126724970442,0.13899973793478168,0.13894176287969692,293518539,293641013,,,1620599959,18:39:19,20210509
3,2017-06-30,WTC.AX,AUD,2017-06-30,2017-06-30,FY,153759000,26055000.0,127704000,0.830546504594853,35609000,33869000.0,16729000.0,0.0,86207000,112262000,696000.0,12399000.0,53896000,0.35052257103649215,41497000.0,0.26988338893983443,0.0,44164000.0,0.2872287150670855,11972000.0,31860000.0,0.20720738298245955,0.10875440646075998,0.10862951577687557,292953647,293290454,,,1620599959,18:39:19,20210509
4,2016-06-30,WTC.AX,AUD,2016-06-30,2016-06-30,FY,102809000,15416000.0,87393000,0.8500520382456789,30429000,29510000.0,22815000.0,0.0,82754000,98170000,1809000.0,11194000.0,15833000,0.1540040268848058,4639000.0,0.045122508729780464,0.0,3452000.0,0.03357682693149432,1285000.0,2167000.0,0.021077921193669816,0.008,0.008,261875342,261875342,,,1620599959,18:39:19,20210509
5,2015-06-30,WTC.AX,AUD,2015-06-30,2015-06-30,FY,79600000,12900000.0,66700000,0.8379396984924623,17000000,15700000.0,12100000.0,0.0,52600000,65500000,500000.0,7800000.0,21900000,0.2751256281407035,14100000.0,0.1771356783919598,0.0,14600000.0,0.18341708542713567,4200000.0,11900000.0,0.14949748743718594,0.040965,0.040965,290493858,290493858,,,1620599959,18:39:19,20210509
6,2014-06-30,WTC.AX,AUD,2014-06-30,2014-06-30,FY,56700000,8500000.0,48200000,0.8500881834215167,17100000,8100000.0,9000000.0,0.0,34200000,42700000,600000.0,5500000.0,19500000,0.3439153439153439,14000000.0,0.24691358024691357,0.0,13800000.0,0.24338624338624337,3700000.0,12000000.0,0.21164021164021163,0.041309,0.041309,290493858,290493858,,,1620599959,18:39:19,20210509
7,2013-06-30,WTC.AX,AUD,2013-06-30,2013-06-30,FY,43000000,7700000.0,35300000,0.8209302325581396,15900000,6000000.0,8200000.0,0.0,30100000,37800000,700000.0,5000000.0,10200000,0.2372093023255814,5200000.0,0.12093023255813953,0.0,4800000.0,0.11162790697674418,1100000.0,4100000.0,0.09534883720930233,0.014114,0.014114,290493858,290493858,,,1620599959,18:39:19,20210509
