,date,symbol,reportedCurrency,fillingDate,acceptedDate,period,revenue,costOfRevenue,grossProfit,grossProfitRatio,researchAndDevelopmentExpenses,generalAndAdministrativeExpenses,sellingAndMarketingExpenses,otherExpenses,operatingExpenses,costAndExpenses,interestExpense,depreciationAndAmortization,ebitda,ebitdaratio,operatingIncome,operatingIncomeRatio,totalOtherIncomeExpensesNet,incomeBeforeTax,incomeBeforeTaxRatio,incomeTaxExpense,netIncome,netIncomeRatio,eps,epsdiluted,weightedAverageShsOut,weightedAverageShsOutDil,link,finalLink,timestamp,est_time,est_date
0,2020-12-31,RBNC,USD,2021-03-09,2021-03-09 17:07:20,FY,129574000,0.0,0.0,0.0,0.0,56723000.0,0.0,0.0,0.0,0.0,22225000.0,5463000.0,0.0,0.0,0.0,0.2936391560035192,0.0,38048000.0,0.2936391560035192,6935000.0,31412000.0,0.2424251778906262,2.792867429841787,2.792867429841787,11247222.0,11247222.0,https://www.sec.gov/Archives/edgar/data/1606440/000160644021000005/0001606440-21-000005-index.htm,https://www.sec.gov/Archives/edgar/data/1606440/000160644021000005/rbnc-20201231.htm,1620597092,17:51:32,20210509
1,2019-12-31,RBNC,USD,2020-03-13,2020-03-13 16:31:27,FY,67769000,0.0,0.0,0.0,0.0,37332000.0,1293000.0,0.0,77000000.0,0.0,23380000.0,1996000.0,0.0,0.0,0.0,0.18689961486815507,0.0,12666000.0,0.18689961486815507,2129000.0,16196000.0,0.2389883279965766,1.44,1.44,11247222.0,11247222.0,https://www.sec.gov/Archives/edgar/data/1606440/000160644020000002/0001606440-20-000002-index.htm,https://www.sec.gov/Archives/edgar/data/1606440/000160644020000002/rbnc-123119x10kdoc.htm,1620597092,17:51:32,20210509
2,2018-12-31,RBNC,USD,2019-03-08,2019-03-08 15:59:32,FY,63462000,0.0,0.0,0.0,0.0,33636000.0,600000.0,0.0,64000000.0,0.0,15396000.0,1697000.0,0.0,0.0,0.0,0.1871828810941981,0.0,11879000.0,0.1871828810941981,1372000.0,14085000.0,0.2219438404084334,1.24,1.23,11358871.0,11451220.0,https://www.sec.gov/Archives/edgar/data/1606440/000160644019000004/0001606440-19-000004-index.htm,https://www.sec.gov/Archives/edgar/data/1606440/000160644019000004/rbnc-123118x10kdoc.htm,1620597092,17:51:32,20210509
3,2017-12-31,RBNC,USD,2018-03-16,2018-03-16 11:04:33,FY,40549000,0.0,0.0,0.0,0.0,21546000.0,264000.0,0.0,37000000.0,0.0,5671000.0,1319000.0,0.0,0.0,0.0,0.19988162470097906,0.0,8105000.0,0.19988162470097906,1942000.0,7246000.0,0.1786973784803571,0.89,0.88,8141573.0,8234091.0,https://www.sec.gov/Archives/edgar/data/1606440/000143774918004838/0001437749-18-004838-index.htm,https://www.sec.gov/Archives/edgar/data/1606440/000143774918004838/cubn20171231_10k.htm,1620597092,17:51:32,20210509
4,2016-12-31,RBNC,USD,2017-03-14,2017-03-14 17:30:36,FY,41452000,0.0,0.0,0.0,0.0,21180000.0,702000.0,0.0,35000000.0,0.0,3363000.0,1332000.0,0.0,0.0,0.0,0.24389655505162597,0.0,10110000.0,0.24389655505162597,2213000.0,8936000.0,0.21557464054810382,1.18,1.16,7572881.0,7703448.0,https://www.sec.gov/Archives/edgar/data/1606440/000119312517082187/0001193125-17-082187-index.htm,https://www.sec.gov/Archives/edgar/data/1606440/000119312517082187/d291280d10k.htm,1620597092,17:51:32,20210509
5,2015-12-31,RBNC,USD,2016-03-28,2016-03-28 17:24:55,FY,39552000,0.0,0.0,0.0,0.0,21519000.0,1213000.0,0.0,34000000.0,0.0,2718000.0,1190000.0,0.0,0.0,0.0,0.2086620145631068,0.0,8253000.0,0.2086620145631068,2271000.0,5575000.0,0.14095368122977348,0.88,0.86,6335227.0,6482558.0,https://www.sec.gov/Archives/edgar/data/1606440/000119312516519853/0001193125-16-519853-index.htm,https://www.sec.gov/Archives/edgar/data/1606440/000119312516519853/d133902d10k.htm,1620597092,17:51:32,20210509
6,2014-12-31,RBNC,USD,2015-03-31,2015-03-31,FY,11886000,0.0,0.0,0.0,0.0,5561000.0,113000.0,0.0,0.0,0.0,1743000.0,343000.0,0.0,0.0,0.0,0.2783106175332324,0.0,3308000.0,0.2783106175332324,1140000.0,2168000.0,0.18239946155140502,0.71,0.69,3068085.0,3130647.0,https://www.sec.gov/Archives/edgar/data/1606440/000119312515113668/0001193125-15-113668-index.htm,https://www.sec.gov/Archives/edgar/data/1606440/000119312515113668/d899525d10k.htm,1620597092,17:51:32,20210509
7,2013-12-31,RBNC,USD,2013-12-31,2013-12-31,FY,10450000,0.0,0.0,0.0,0.0,5178000.0,100000.0,0.0,0.0,0.0,1745000.0,387000.0,0.0,0.0,0.0,0.27799043062200957,0.0,2905000.0,0.27799043062200957,1007000.0,1898000.0,0.1816267942583732,0.62,0.62,3062538.0,3062538.0,,,1620597092,17:51:32,20210509
