,date,symbol,reportedCurrency,fillingDate,acceptedDate,period,revenue,costOfRevenue,grossProfit,grossProfitRatio,researchAndDevelopmentExpenses,generalAndAdministrativeExpenses,sellingAndMarketingExpenses,otherExpenses,operatingExpenses,costAndExpenses,interestExpense,depreciationAndAmortization,ebitda,ebitdaratio,operatingIncome,operatingIncomeRatio,totalOtherIncomeExpensesNet,incomeBeforeTax,incomeBeforeTaxRatio,incomeTaxExpense,netIncome,netIncomeRatio,eps,epsdiluted,weightedAverageShsOut,weightedAverageShsOutDil,link,finalLink,timestamp,est_time,est_date
0,2020-12-31,PM.SW,EUR,2020-12-31,2020-12-31,FY,682126000,357129000.0,324997000,0.4764471666524953,1562000.0,11064000.0,19082000.0,0.0,0.0,652146000,3074000.0,22440000,52420000,0.07684797236874126,29980000,0.02433714592318721,0.0,16601000,0.02433714592318721,7721000.0,9044000.0,0.013258547541070125,9.42,9.42,959664.0,959664.0,https://www.six-group.com/en/products-services/the-swiss-stock-exchange.html,https://www.six-group.com/en/products-services/the-swiss-stock-exchange.html,1620596641,17:44:01,20210509
1,2019-12-31,PM.SW,EUR,2019-12-31,2019-12-31,FY,674004000,333123000.0,340881000,0.5057551587230936,1492000.0,10134000.0,24963000.0,0.0,310105000.0,643228000,2443000.0,22907000,53683000,0.07964789526471654,30776000,0.04566145008041495,0.0,20885000,0.030986462988350217,6966000.0,14138000.0,0.020976136640138632,14.73,14.73,959475.0,959475.0,https://www.six-group.com/en/products-services/the-swiss-stock-exchange.html,https://www.six-group.com/en/products-services/the-swiss-stock-exchange.html,1620596641,17:44:01,20210509
2,2018-12-31,PM.SW,EUR,2018-12-31,2018-12-31,FY,645015000,303108000.0,341907000,0.5300760447431455,1469000.0,9696000.0,25479000.0,0.0,294064000.0,597172000,1719000.0,27853000,75696000,0.11735541033929443,47843000,0.07417346883405812,0.0,42702000,0.06620311155554522,10434000.0,32423000.0,0.05026704805314605,33.79,33.79,959500.0,959500.0,https://www.six-group.com/en/products-services/the-swiss-stock-exchange.html,https://www.six-group.com/en/products-services/the-swiss-stock-exchange.html,1620596641,17:44:01,20210509
3,2017-12-31,PM.SW,EUR,2017-12-31,2017-12-31,FY,621663000,292120000.0,329543000,0.5300991051421751,1546000.0,8376000.0,25023000.0,0.0,293443000.0,585563000,1514000.0,27960000,64060000,0.10304618418660914,36100000,0.05807004759813597,0.0,30237000,0.04863889277631128,8308000.0,21826000.0,0.03510905426251844,22.75,22.75,959448.0,959448.0,https://www.six-group.com/en/products-services/the-swiss-stock-exchange.html,https://www.six-group.com/en/products-services/the-swiss-stock-exchange.html,1620596641,17:44:01,20210509
4,2016-12-31,PM.SW,EUR,2016-12-31,2016-12-31,FY,577481000,269309000.0,308172000,0.5336487261052745,1235000.0,8195000.0,22973000.0,0.0,272011000.0,541320000,1598000.0,25110000,61271000,0.10610046044804937,36161000,0.06261851039254972,0.0,32174000,0.0557143871400098,9168000.0,22852000.0,0.039571864702042145,23.83,23.83,958799.0,958799.0,https://www.six-group.com/en/products-services/the-swiss-stock-exchange.html,https://www.six-group.com/en/products-services/the-swiss-stock-exchange.html,1620596641,17:44:01,20210509
5,2015-12-31,PM.SW,EUR,2015-12-31,2015-12-31,FY,554462000,257011000.0,297451000,0.5364677831844202,1100000.0,9222000.0,22576000.0,0.0,267491000.0,524502000,1401000.0,26145000,56105000,0.10118817881117191,29960000,0.05403436123665824,0.0,12818000,0.023117905284762527,6133000.0,6687000.0,0.01206033957241434,6.96,6.96,960205.0,960205.0,https://www.six-group.com/en/products-services/the-swiss-stock-exchange.html,https://www.six-group.com/en/products-services/the-swiss-stock-exchange.html,1620596641,17:44:01,20210509
6,2014-12-31,PM.SW,EUR,2014-12-31,2014-12-31,FY,500349000,221744000.0,278605000,0.5568213387055835,1125000.0,9686000.0,20543000.0,0.0,244381000.0,466125000,1525000.0,23435000,57659000,0.11523756418020221,34224000,0.06840025662087863,0.0,29031000,0.05802150099230737,9043000.0,20181000.0,0.04033384697481158,21.04,21.04,959039.0,959039.0,https://www.six-group.com/en/products-services/the-swiss-stock-exchange.html,https://www.six-group.com/en/products-services/the-swiss-stock-exchange.html,1620596641,17:44:01,20210509
7,2013-12-31,PM.SW,EUR,2013-12-31,2013-12-31,FY,495352000,227478000.0,267874000,0.5407750448166152,1081000.0,8063000.0,20309000.0,0.0,231500000.0,458978000,1966000.0,20976000,57350000,0.11577625607648702,36374000,0.07343061095947932,0.0,31778000,0.06415236034173678,9386000.0,22255000.0,0.04492764741032639,23.22,23.22,958535.0,958535.0,https://www.six-group.com/en/products-services/the-swiss-stock-exchange.html,https://www.six-group.com/en/products-services/the-swiss-stock-exchange.html,1620596641,17:44:01,20210509
8,2012-12-31,PM.SW,EUR,2012-12-31,2012-12-31,FY,495581000,235575000.0,260006000,0.5246488465054149,1170000.0,7133000.0,20568000.0,0.0,224570000.0,460145000,1945000.0,21620000,57056000,0.11512951465048095,35436000,0.07150395192713199,0.0,26657000,0.053789390634427066,8588000.0,18075000.0,0.03647234256357689,18.62,18.62,970649.0,970649.0,https://www.six-group.com/en/products-services/the-swiss-stock-exchange.html,https://www.six-group.com/en/products-services/the-swiss-stock-exchange.html,1620596641,17:44:01,20210509
9,2011-12-31,PM.SW,EUR,2011-12-31,2011-12-31,FY,524419000,250310000.0,274109000,0.5226908254658965,0.0,0.0,0.0,0.0,226106000.0,476416000,8697000.0,20083000,68086000,0.12983129901853288,48003000,0.09153558509512431,0.0,31804000,0.060646162705775344,8159000.0,23645000.0,0.04508799261659093,23.8,23.8,973421.0,973421.0,https://www.six-group.com/en/products-services/the-swiss-stock-exchange.html,https://www.six-group.com/en/products-services/the-swiss-stock-exchange.html,1620596641,17:44:01,20210509
10,2010-12-31,PM.SW,EUR,2010-12-31,2010-12-31,FY,495944000,250228000.0,245716000,0.4954510993176649,0.0,0.0,0.0,0.0,193124000.0,443352000,6058000.0,17824000,70416000,0.14198377236139564,52592000,0.10604423080025165,0.0,50847000,0.1025256883841724,6963000.0,43884000.0,0.08848579678350782,44.99,44.99,969776.0,969776.0,https://www.six-group.com/en/products-services/the-swiss-stock-exchange.html,https://www.six-group.com/en/products-services/the-swiss-stock-exchange.html,1620596641,17:44:01,20210509
11,2009-12-31,PM.SW,EUR,2009-12-31,2009-12-31,FY,392103000,194228000.0,197875000,0.5046505637549318,0.0,0.0,0.0,0.0,184332000.0,378560000,3955000.0,17873000,31416000,0.08012180472987965,13543000,0.034539393985763944,0.0,13863000,0.03535550607875992,2263000.0,11600000.0,0.02958406337110402,11.85,11.85,970827.0,970827.0,https://www.six-group.com/en/products-services/the-swiss-stock-exchange.html,https://www.six-group.com/en/products-services/the-swiss-stock-exchange.html,1620596641,17:44:01,20210509
12,2008-12-31,PM.SW,EUR,2008-12-31,2008-12-31,FY,412528000,-2718000.0,415246000,1.006588643679944,0.0,0.0,0.0,0.0,375175000.0,372457000,7766000.0,16519000,56590000,0.13717856727300934,40071000,0.0971352247605011,0.0,39239000,0.09511839196369701,8640000.0,30583000.0,0.07413557382771593,30.32,30.32,1004274.0,1004274.0,https://www.six-group.com/en/products-services/the-swiss-stock-exchange.html,https://www.six-group.com/en/products-services/the-swiss-stock-exchange.html,1620596641,17:44:01,20210509
13,2007-12-31,PM.SW,EUR,2007-12-31,2007-12-31,FY,385139000,166326000.0,218813000,0.5681403337496332,0.0,-12725000.0,18832000.0,-338000.0,180633000.0,346959000,2059000.0,16322000,54502000,0.14151254482148004,38180000,0.09913304027896422,0.0,37025000,0.09613412300494108,7080000.0,29752000.0,0.07725003180669836,28.06,28.06,1060305.0,1060305.0,https://www.six-group.com/en/products-services/the-swiss-stock-exchange.html,https://www.six-group.com/en/products-services/the-swiss-stock-exchange.html,1620596641,17:44:01,20210509
14,2006-12-31,PM.SW,EUR,2006-12-31,2006-12-31,FY,342885000,139405000.0,203480000,0.593435116730099,0.0,-11909000.0,17775000.0,-338000.0,167848000.0,307253000,3232000.0,15933000,51565000,0.15038569782871808,35632000,0.10391822331102264,0.0,31207000,0.09101302185864066,4258000.0,27722000.0,0.08084926433060648,25.97,25.97,1067399.0,1067399.0,https://www.six-group.com/en/products-services/the-swiss-stock-exchange.html,https://www.six-group.com/en/products-services/the-swiss-stock-exchange.html,1620596641,17:44:01,20210509
15,2005-12-31,PM.SW,EUR,2005-12-31,2005-12-31,FY,311528000,126020000.0,185508000,0.5954777740684626,0.0,-9870000.0,15795000.0,-256000.0,161760000.0,287780000,3718000.0,17161000,40909000,0.13131724917182405,23748000,0.07623070799414498,0.0,21229000,0.06814475745358363,4796000.0,-8939000.0,-0.02869404997303613,-8.22,-8.22,1086900.0,1086900.0,https://www.six-group.com/en/products-services/the-swiss-stock-exchange.html,https://www.six-group.com/en/products-services/the-swiss-stock-exchange.html,1620596641,17:44:01,20210509
16,2004-12-31,PM.SW,EUR,2004-12-31,2004-12-31,FY,306545000,120038000.0,186507000,0.6084163825865697,0.0,-10217000.0,16026000.0,-378000.0,158472000.0,278510000,3497000.0,18683000,46718000,0.15240176809277595,28035000,0.09145476194359718,0.0,25709000,0.0838669689605115,3253000.0,14853000.0,0.04845291882105401,1352.0,1352.0,1098935.0,1098935.0,https://www.six-group.com/en/products-services/the-swiss-stock-exchange.html,https://www.six-group.com/en/products-services/the-swiss-stock-exchange.html,1620596641,17:44:01,20210509
17,2003-12-31,PM.SW,EUR,2003-12-31,2003-12-31,FY,322498000,132198000.0,190300000,0.590081178798008,0.0,103147000.0,0.0,0.0,170632000.0,302830000,0.0,21779000,41447000,0.12851862647210216,19668000,0.06098642472201378,0.0,17866000,0.05539879317081036,3100000.0,14823000.0,0.04596307574000459,13.52,13.52,1096034.0,1096034.0,https://www.six-group.com/en/products-services/the-swiss-stock-exchange.html,https://www.six-group.com/en/products-services/the-swiss-stock-exchange.html,1620596641,17:44:01,20210509
18,2002-12-31,PM.SW,EUR,2002-12-31,2002-12-31,FY,319842000,128923000.0,190919000,0.5969166025725202,0.0,105723000.0,0.0,0.0,169111000.0,298034000,0.0,25462000,47270000,0.14779172216281788,21808000,0.06818366568493194,0.0,35602000,0.11131120990989302,2517000.0,-38114000.0,-0.11916508776208252,-34.77,-34.77,1096257.0,1096257.0,https://www.six-group.com/en/products-services/the-swiss-stock-exchange.html,https://www.six-group.com/en/products-services/the-swiss-stock-exchange.html,1620596641,17:44:01,20210509
