,date,symbol,reportedCurrency,fillingDate,acceptedDate,period,revenue,costOfRevenue,grossProfit,grossProfitRatio,researchAndDevelopmentExpenses,generalAndAdministrativeExpenses,sellingAndMarketingExpenses,otherExpenses,operatingExpenses,costAndExpenses,interestExpense,depreciationAndAmortization,ebitda,ebitdaratio,operatingIncome,operatingIncomeRatio,totalOtherIncomeExpensesNet,incomeBeforeTax,incomeBeforeTaxRatio,incomeTaxExpense,netIncome,netIncomeRatio,eps,epsdiluted,weightedAverageShsOut,weightedAverageShsOutDil,link,finalLink,timestamp,est_time,est_date
0,2019-12-31,SEY.L,USD,2019-12-31,2019-12-31,FY,0.0,0.0,0.0,0.0,0.0,1108000.0,0,0.0,2552000.0,2552000.0,54000.0,191000.0,-2361000.0,0.0,-2552000.0,0.0,0,-1600000.0,0.0,0.0,-1600000.0,0.0,-0.007,-0.007,228571428,228571428,https://find-and-update.company-information.service.gov.uk/search/companies?q=Sterling+Energy+PLC,https://find-and-update.company-information.service.gov.uk/search/companies?q=Sterling+Energy+PLC,1620597772,18:02:52,20210509
1,2018-12-31,SEY.L,USD,2018-12-31,2018-12-31,FY,534000.0,515000.0,19000.0,0.035580524344569285,0.0,1546000.0,0,0.0,2999000.0,3514000.0,0.0,10000.0,-2970000.0,-5.561797752808989,-2980000.0,-5.580524344569288,0,-1956000.0,-3.662921348314607,0.0,-1956000.0,-3.662921348314607,-0.009,-0.009,217333333,217333333,https://find-and-update.company-information.service.gov.uk/search/companies?q=Sterling+Energy+PLC,https://find-and-update.company-information.service.gov.uk/search/companies?q=Sterling+Energy+PLC,1620597772,18:02:52,20210509
2,2017-12-31,SEY.L,USD,2017-12-31,2017-12-31,FY,4433000.0,7917000.0,-3484000.0,-0.7859237536656891,0.0,2379000.0,0,0.0,4007000.0,11924000.0,707000.0,10000.0,-7481000.0,-1.687570494022107,-7491000.0,-1.6898263027295286,0,-9000000.0,-2.0302278366794497,0.0,-9000000.0,-2.0302278366794497,-0.0409,-0.0409,220537897,220537897,https://find-and-update.company-information.service.gov.uk/search/companies?q=Sterling+Energy+PLC,https://find-and-update.company-information.service.gov.uk/search/companies?q=Sterling+Energy+PLC,1620597772,18:02:52,20210509
3,2016-12-31,SEY.L,USD,2016-12-31,2016-12-31,FY,4815000.0,2262000.0,2553000.0,0.5302180685358255,0.0,2045000.0,0,0.0,3996000.0,6258000.0,149000.0,32000.0,-1411000.0,-0.29304257528556593,-1443000.0,-0.29968847352024924,0,-8529000.0,-1.7713395638629283,0.0,-8529000.0,-1.7713395638629283,-0.0388,-0.0388,219819588,219819588,https://find-and-update.company-information.service.gov.uk/search/companies?q=Sterling+Energy+PLC,https://find-and-update.company-information.service.gov.uk/search/companies?q=Sterling+Energy+PLC,1620597772,18:02:52,20210509
4,2015-12-31,SEY.L,USD,2015-12-31,2015-12-31,FY,5031000.0,6028000.0,-997000.0,-0.19817133770622142,0.0,2305000.0,0,0.0,4517000.0,10545000.0,966000.0,54000.0,-5460000.0,-1.0852713178294573,-5514000.0,-1.096004770423375,0,-15950000.0,-3.1703438680182865,0.0,-15950000.0,-3.1703438680182865,-0.0725,-0.0725,220000000,220000000,https://find-and-update.company-information.service.gov.uk/search/companies?q=Sterling+Energy+PLC,https://find-and-update.company-information.service.gov.uk/search/companies?q=Sterling+Energy+PLC,1620597772,18:02:52,20210509
5,2014-12-31,SEY.L,USD,2014-12-31,2014-12-31,FY,15991000.0,11873000.0,4118000.0,0.2575198549183916,0.0,2069000.0,0,0.0,4265000.0,16138000.0,1084000.0,1625000.0,1478000.0,0.09242699018197736,-147000.0,-0.00919267087736852,0,-12318000.0,-0.7703082984178601,0.0,-12318000.0,-0.7703082984178601,-0.056,-0.056,220053520,220053520,https://find-and-update.company-information.service.gov.uk/search/companies?q=Sterling+Energy+PLC,https://find-and-update.company-information.service.gov.uk/search/companies?q=Sterling+Energy+PLC,1620597772,18:02:52,20210509
6,2013-12-31,SEY.L,USD,2013-12-31,2013-12-31,FY,18370000.0,9766000.0,8604000.0,0.4683723462166576,0.0,3177000.0,0,624000.0,5403000.0,15169000.0,1066000.0,69000.0,3270000.0,0.17800762112139357,3201000.0,0.17425149700598802,0,7309000.0,0.39787697332607513,0.0,8334000.0,0.45367446924333155,0.0379,0.0378,220053520,220420589,https://find-and-update.company-information.service.gov.uk/search/companies?q=Sterling+Energy+PLC,https://find-and-update.company-information.service.gov.uk/search/companies?q=Sterling+Energy+PLC,1620597772,18:02:52,20210509
7,2012-12-31,SEY.L,USD,2012-12-31,2012-12-31,FY,22496000.0,12028000.0,10468000.0,0.4653271692745377,0.0,2795000.0,0,0.0,5148000.0,17176000.0,1036000.0,59000.0,5379000.0,0.23910917496443812,5320000.0,0.23648648648648649,0,5502000.0,0.24457681365576103,0.0,-12920000.0,-0.5743243243243243,-0.0589,-0.0589,219530061,219530061,https://find-and-update.company-information.service.gov.uk/search/companies?q=Sterling+Energy+PLC,https://find-and-update.company-information.service.gov.uk/search/companies?q=Sterling+Energy+PLC,1620597772,18:02:52,20210509
8,2011-12-31,SEY.L,USD,2011-12-31,2011-12-31,FY,19146512.0,6112275.3,13034236.7,0.680762987012987,0.0,3728285.9,0,0.0,3677000.6,9789275.9,9324.6,161626.4,9518862.5,0.4971590909090909,9357236.1,0.48871753246753247,0,18420747.3,0.9620941558441559,0.0,18420747.3,0.9620941558441559,0.084,0.083,219382869,222292000,https://find-and-update.company-information.service.gov.uk/search/companies?q=Sterling+Energy+PLC,https://find-and-update.company-information.service.gov.uk/search/companies?q=Sterling+Energy+PLC,1620597772,18:02:52,20210509
9,2010-12-31,SEY.L,USD,2010-12-31,2010-12-31,FY,25314237.6,13565224.8,11749012.8,0.46412666996536367,698302.2,3649000.0,0,0.0,3118874.4,16684099.2,14091.3,308442.9,8938581.3,0.3531048985650668,8630138.4,0.3409203364670955,0,5844758.1,0.23088817417120236,0.0,5844758.1,0.23088817417120236,0.02664789735102372,0.026463034432798314,219332806,220865000,https://find-and-update.company-information.service.gov.uk/search/companies?q=Sterling+Energy+PLC,https://find-and-update.company-information.service.gov.uk/search/companies?q=Sterling+Energy+PLC,1620597772,18:02:52,20210509
10,2009-12-31,SEY.L,USD,2009-12-31,2009-12-31,FY,22709360.5,13497881.2,9211479.3,0.40562477750089004,512557.3,4684000.0,0,0.0,4931545.0,18429426.2,12406473.7,294275.8,4574210.1,0.20142399430402277,4279934.3,0.18846564613741545,0,-31631414.7,-1.3928800284798861,0.0,-202482770.1,-8.91626913492346,-2.097,-2.097,96577765,96577765,https://find-and-update.company-information.service.gov.uk/search/companies?q=Sterling+Energy+PLC,https://find-and-update.company-information.service.gov.uk/search/companies?q=Sterling+Energy+PLC,1620597772,18:02:52,20210509
11,2008-12-31,SEY.L,USD,2008-12-31,2008-12-31,FY,20443964.0,26970867.2,-6526903.2,-0.31925820256776033,2013774.2,6246000.0,0,0.0,7379950.2,34350817.4,9205616.6,599320.2,-13307533.200000001,-0.6509272467902997,-13906853.4,-0.6802425106990014,0,-120050689.6,-5.872182596291013,0.0,-156829410.0,-7.671184022824536,-138.04,-138.04,1135944,1135944,https://find-and-update.company-information.service.gov.uk/search/companies?q=Sterling+Energy+PLC,https://find-and-update.company-information.service.gov.uk/search/companies?q=Sterling+Energy+PLC,1620597772,18:02:52,20210509
12,2007-12-31,SEY.L,USD,2007-12-31,2007-12-31,FY,97170672.3,75196395.8,21974276.5,0.22614103597181762,4461109.4,15720000.0,0,0.0,20289816.2,95486212.0,11353543.5,50310954.3,51995414.599999994,0.5350937002830637,1684460.3,0.017335068906382364,0,-2945295.9,-0.030310543606272857,-692656.5,-2252639.4,-0.023182297154899896,-0.04,-0.04,39141959,39141959,https://find-and-update.company-information.service.gov.uk/search/companies?q=Sterling+Energy+PLC,https://find-and-update.company-information.service.gov.uk/search/companies?q=Sterling+Energy+PLC,1620597772,18:02:52,20210509
13,2006-12-31,SEY.L,USD,2006-12-31,2006-12-31,FY,81003794.7,54418749.4,26585045.3,0.32819506047165464,1368420.1,12027000.0,0,0.0,13267981.4,67686730.8,1951520.2,43339847.5,56656911.4,0.6994352747279381,13317063.9,0.16440049443757726,0,-46659787.8,-0.5760197775030902,-6101936.4,-38576881.7,-0.4762354880147362,-1.12,-1.12,35060202,35060202,https://find-and-update.company-information.service.gov.uk/search/companies?q=Sterling+Energy+PLC,https://find-and-update.company-information.service.gov.uk/search/companies?q=Sterling+Energy+PLC,1620597772,18:02:52,20210509
14,2005-12-31,SEY.L,USD,2005-12-31,2005-12-31,FY,24878978.6,9509818.4,15369160.2,0.6177568800995712,0.0,6564000.0,0,0.0,7280309.6,16790128.0,1190447.6,5513561.5,13602412.1,0.546743189047158,8088850.6,0.3251279214493154,0,-16411662.0,-0.6596597980915502,-4369562.0,-12042100.0,-0.48402710551790895,-0.36,-0.36,34844466,34844466,https://find-and-update.company-information.service.gov.uk/search/companies?q=Sterling+Energy+PLC,https://find-and-update.company-information.service.gov.uk/search/companies?q=Sterling+Energy+PLC,1620597772,18:02:52,20210509
15,2004-12-31,SEY.L,USD,2004-12-31,2004-12-31,FY,21975218.658892,8957342.33543,13017876.323462,0.5923889325303473,0.0,3935860.058309,0,0.0,3839957.035446,12797299.370876,1693647.383766,5863510.817861,15041430.105877,0.6844723749672759,9177919.288016,0.41764859910971897,0,7986803.744054,0.36344592825347105,2295918.367347,5694721.497622,0.25914288208084346,0.260856,0.253184,22119717,22119717,https://find-and-update.company-information.service.gov.uk/search/companies?q=Sterling+Energy+PLC,https://find-and-update.company-information.service.gov.uk/search/companies?q=Sterling+Energy+PLC,1620597772,18:02:52,20210509
16,2003-12-31,SEY.L,USD,2003-12-31,2003-12-31,FY,9880357.142857,4192857.142857,5687500.0,0.5756370865714885,0.0,2644642.857143,0,-187500.0,2644642.857143,6837500.0,203571.428571,2471428.571429,5514285.714286,0.558105909994615,3042857.142857,0.3079703596602105,0,3230357.142857,0.3269474064702596,407142.857143,2832142.857143,0.2866437737213271,0.271429,0.235714,10443981,10443981,https://find-and-update.company-information.service.gov.uk/search/companies?q=Sterling+Energy+PLC,https://find-and-update.company-information.service.gov.uk/search/companies?q=Sterling+Energy+PLC,1620597772,18:02:52,20210509
17,2002-12-31,SEY.L,USD,2002-12-31,2002-12-31,FY,947088.668761,608842.715632,338245.953129,0.35714285714293253,0.0,463880.164291,0,-3221.39003,463880.164291,1072722.879923,67649.190626,273818.152533,148183.94137099996,0.15646258503425778,-125634.211162,-0.13265306122430665,0,-157848.11146,-0.16666666666649066,0.0,-157848.11146,-0.16666666666649066,-0.017846,-0.017846,8844800,8844800,https://find-and-update.company-information.service.gov.uk/search/companies?q=Sterling+Energy+PLC,https://find-and-update.company-information.service.gov.uk/search/companies?q=Sterling+Energy+PLC,1620597772,18:02:52,20210509
18,2001-12-31,SEY.L,USD,2001-12-31,2001-12-31,FY,71197.128867,34872.063118,36325.065748,0.5102040816260602,0.0,2188221.960682,0,-1453.00263,306583.554916,341455.618035,36325.065748,5812.01052,-264446.478648,-3.7142857142736747,-270258.489168,-3.795918367338339,0,-2169332.926493,-30.469387755023494,0.0,-2169332.926493,-30.469387755023494,-2.222506,-2.222506,976075,976075,https://find-and-update.company-information.service.gov.uk/search/companies?q=Sterling+Energy+PLC,https://find-and-update.company-information.service.gov.uk/search/companies?q=Sterling+Energy+PLC,1620597772,18:02:52,20210509
19,2000-12-31,SEY.L,USD,2000-12-31,2000-12-31,FY,47795.435536,14936.073605,32859.361931,0.6875,0.0,0.0,0,0.0,316644.760425,331580.83403,0.0,11948.858884,-271836.53961000004,-5.687499999979079,-283785.398494,-5.937499999979078,0,-584000.477954,-12.218749999968617,0.0,-584000.477954,-12.218749999968617,-1.486077,-1.486077,397162,397162,https://find-and-update.company-information.service.gov.uk/search/companies?q=Sterling+Energy+PLC,https://find-and-update.company-information.service.gov.uk/search/companies?q=Sterling+Energy+PLC,1620597772,18:02:52,20210509
20,1999-12-31,SEY.L,USD,1999-12-31,1999-12-31,FY,59855.053708,179565.161123,-119710.107416,-2.0,0.0,0.0,0,0.0,153681.894655,333247.055778,1617.704154,66325.870325,-207066.131746,-3.4594594594495254,-273392.002071,-4.567567567556279,0,-540313.187524,-9.027027026989098,0.0,-540313.187524,-9.027027026989098,-1.368116,-1.368116,395313,395313,https://find-and-update.company-information.service.gov.uk/search/companies?q=Sterling+Energy+PLC,https://find-and-update.company-information.service.gov.uk/search/companies?q=Sterling+Energy+PLC,1620597772,18:02:52,20210509
21,1998-12-31,SEY.L,USD,1998-12-31,1998-12-31,FY,3142169.474645,4116524.192879,-974354.718234,-0.3100898045431117,0.0,0.0,0,-1581874.014441,-1273134.699975,2843389.492904,43157.108474,497966.636235,796746.6179760001,0.25356576862106267,298779.981741,0.0950871632328985,0,-1912191.883144,-0.6085578446910596,-66395.551498,-1845796.331646,-0.5874273639726376,-5.450015,-5.450015,339954,339954,https://find-and-update.company-information.service.gov.uk/search/companies?q=Sterling+Energy+PLC,https://find-and-update.company-information.service.gov.uk/search/companies?q=Sterling+Energy+PLC,1620597772,18:02:52,20210509
22,1997-12-31,SEY.L,USD,1997-12-31,1997-12-31,FY,4674998.346889,0.0,0.0,0.0,0.0,0.0,0,0.0,5118032.136481,5118032.136481,18184.222707,401706.010712,-41327.77888,-0.008840169731290228,-443033.789592,-0.09476661951908902,0,132248.892416,0.02828854314012873,42980.890035,89268.00238,0.019094766619415775,0.282999,0.282999,302338,302338,https://find-and-update.company-information.service.gov.uk/search/companies?q=Sterling+Energy+PLC,https://find-and-update.company-information.service.gov.uk/search/companies?q=Sterling+Energy+PLC,1620597772,18:02:52,20210509
23,1996-12-31,SEY.L,USD,1996-12-31,1996-12-31,FY,2770832.61979,0.0,2770832.61979,1.0,0.0,0.0,0,0.0,2459156.762681,2459156.762681,0.0,152412.919136,464088.77624499996,0.16749072929572087,311675.857109,0.11248454882584057,0,342500.941878,0.12360939431410259,0.0,342500.941878,0.12360939431410259,1.465835,1.465835,233276,233276,https://find-and-update.company-information.service.gov.uk/search/companies?q=Sterling+Energy+PLC,https://find-and-update.company-information.service.gov.uk/search/companies?q=Sterling+Energy+PLC,1620597772,18:02:52,20210509
24,1995-12-31,SEY.L,USD,1995-12-31,1995-12-31,FY,1729093.269052,0.0,1729093.269052,1.0,0.0,0.0,0,0.0,1786266.147475,1786266.147475,0.0,98893.627542,41720.749119,0.024128686326952156,-57172.878423,-0.033065236818801476,0,-40175.536189,-0.023235031277998558,6180.851721,-46356.38791,-0.026809651474391284,-0.302318,-0.302318,162250,162250,https://find-and-update.company-information.service.gov.uk/search/companies?q=Sterling+Energy+PLC,https://find-and-update.company-information.service.gov.uk/search/companies?q=Sterling+Energy+PLC,1620597772,18:02:52,20210509
25,1994-12-31,SEY.L,USD,1994-12-31,1994-12-31,FY,1821365.476916,0.0,1821365.476916,1.0,0.0,0.0,0,0.0,1776026.765474,1776026.765474,0.0,92240.826728,137579.538171,0.07553648068698134,45338.711443,0.024892703862911193,0,34394.884543,0.018884120171882596,14070.634586,20324.249957,0.011158798283260388,0.152938,0.152938,146262,146262,https://find-and-update.company-information.service.gov.uk/search/companies?q=Sterling+Energy+PLC,https://find-and-update.company-information.service.gov.uk/search/companies?q=Sterling+Energy+PLC,1620597772,18:02:52,20210509
