,date,symbol,reportedCurrency,fillingDate,acceptedDate,period,revenue,costOfRevenue,grossProfit,grossProfitRatio,researchAndDevelopmentExpenses,generalAndAdministrativeExpenses,sellingAndMarketingExpenses,otherExpenses,operatingExpenses,costAndExpenses,interestExpense,depreciationAndAmortization,ebitda,ebitdaratio,operatingIncome,operatingIncomeRatio,totalOtherIncomeExpensesNet,incomeBeforeTax,incomeBeforeTaxRatio,incomeTaxExpense,netIncome,netIncomeRatio,eps,epsdiluted,weightedAverageShsOut,weightedAverageShsOutDil,link,finalLink,timestamp,est_time,est_date
0,2020-12-31,1728.HK,CNY,2020-12-31,2020-12-31,FY,16880923000,22054370000,-5173447000,-0.3064670693658161,0.0,1066925000,1502673000,0.0,0.0,23958745000,1049285000,0.0,-9346141000,-0.553651065169837,-7077822000,-0.6158091000118892,0.0,-10395426000,-0.6158091000118892,-1782957000,-8579106000,-0.5082130876374473,-3.4985052444836913,-3.4985052444836913,2452220420,2452220420,https://www1.hkexnews.hk/search/titlesearch.xhtml,https://www1.hkexnews.hk/search/titlesearch.xhtml,1620585321,14:35:21,20210509
1,2019-12-31,1728.HK,CNY,2019-12-31,2019-12-31,FY,35137794000,31319411000,3818383000,0.10866883105979847,0.0,1392232000,1099725000,15674000.0,1706785000.0,33026196000,1008573000,956258000.0,3067856000,0.08730929437402929,2111598000,0.06009477999671806,0.0,1163064000,0.03310008590749892,396359000,663862000,0.018893104103234255,0.271,0.271,2452220420,2452220420,https://www1.hkexnews.hk/search/titlesearch.xhtml,https://www1.hkexnews.hk/search/titlesearch.xhtml,1620585321,14:35:21,20210509
2,2018-12-31,1728.HK,CNY,2018-12-31,2018-12-31,FY,37455510000,32968683000,4486827000,0.11979083985240088,0.0,1650024000,1036585000,16494000.0,1983293000.0,34951976000,835336000,554574000.0,3058108000,0.08164641196982766,2503534000,0.06684020588693092,0.0,1889488000,0.05044619603364098,634706000,1224065000,0.032680505485040784,0.499,0.499,2453012879,2453012879,https://www1.hkexnews.hk/search/titlesearch.xhtml,https://www1.hkexnews.hk/search/titlesearch.xhtml,1620585321,14:35:21,20210509
3,2017-12-31,1728.HK,CNY,2017-12-31,2017-12-31,FY,35474325000,31705979000,3768346000,0.10622741940826218,0.0,733072000,1027736000,19376000.0,1183781000.0,32889760000,653747000,441983000.0,3026548000,0.08531657755292031,2584565000,0.07285734118971961,0.0,1753791000,0.049438319122351165,542329000,1190795000,0.03356779868256831,0.53815946816273,0.5376203937821533,2212717736,2214936438,https://www1.hkexnews.hk/search/titlesearch.xhtml,https://www1.hkexnews.hk/search/titlesearch.xhtml,1620585321,14:35:21,20210509
4,2016-12-31,1728.HK,CNY,2016-12-31,2016-12-31,FY,31519255000,28782921000,2736334000,0.08681467883679357,0.0,1072188000,948116000,11722000.0,1637999000.0,30420920000,438457000,403527000.0,1501862000,0.047649032313739646,1098335000,0.034846477177204856,0.0,790798000,0.025089362042345225,282439000,493282000,0.015650179548977284,0.2231842827793483,0.2229654488223719,2210200440,2212369686,https://www1.hkexnews.hk/search/titlesearch.xhtml,https://www1.hkexnews.hk/search/titlesearch.xhtml,1620585321,14:35:21,20210509
5,2015-12-31,1728.HK,CNY,2015-12-31,2015-12-31,FY,29361499000,26774726000,2586773000,0.08810084934696284,0.0,911850000,847289000,26731000.0,1333152000.0,28107878000,422090000,359592000.0,1613213000,0.05494314169722738,1253621000,0.042696083057612286,0.0,921779000,0.03139413965206613,293117000,618530000,0.021066022548780632,0.28,0.279,2210154002,2213469125,https://www1.hkexnews.hk/search/titlesearch.xhtml,https://www1.hkexnews.hk/search/titlesearch.xhtml,1620585321,14:35:21,20210509
6,2014-12-31,1728.HK,CNY,2014-12-31,2014-12-31,FY,30910087000,28184536000,2725551000,0.08817674955104461,0.0,770700000,817648000,15873000.0,1161554000.0,29346090000,427775000,345027000.0,1909024000,0.061760550851895045,1563997000,0.05059827233744117,0.0,1175055000,0.03801526019645302,351517000,803792000,0.026004197270619134,0.364,0.363,2210050440,2213593443,https://www1.hkexnews.hk/search/titlesearch.xhtml,https://www1.hkexnews.hk/search/titlesearch.xhtml,1620585321,14:35:21,20210509
7,2013-12-31,1728.HK,CNY,2013-12-31,2013-12-31,FY,29840269000,27251912000,2588357000,0.08674040438442428,0.0,581447000,697787000,11283000.0,971898000.0,28223810000,451619000,298687000.0,1915146000,0.06417991741294289,1616459000,0.05417038968381954,0.0,1206330000,0.040426244146793716,352132000,837390000,0.028062414584801496,0.379,0.378,2209953213,2214242257,https://www1.hkexnews.hk/search/titlesearch.xhtml,https://www1.hkexnews.hk/search/titlesearch.xhtml,1620585321,14:35:21,20210509
8,2012-12-31,1728.HK,CNY,2012-12-31,2012-12-31,FY,27649440000,25197557000,2451883000,0.08867749220237373,0.0,728221000,693528000,13341000.0,1214378000.0,26411935000,357273000,362960000.0,1600465000,0.05788417414602249,1237505000,0.04475696433634822,0.0,915111000,0.03309690901515546,281520000,604467000,0.021861817092859746,0.274,0.273,2207726637,2214602045,https://www1.hkexnews.hk/search/titlesearch.xhtml,https://www1.hkexnews.hk/search/titlesearch.xhtml,1620585321,14:35:21,20210509
9,2011-12-31,1728.HK,CNY,2011-12-31,2011-12-31,FY,14443927000,13058292000,1385635000,0.09593201350297603,0.0,319979000,329845000,0.0,554277000.0,13612569000,128173000,76470000.0,907828000,0.06285188231704578,831358000,0.05755761573704991,0.0,748832000,0.0518440725988161,187016000,524045000,0.036281338170706626,0.252,0.252,2078904110,2078904110,https://www1.hkexnews.hk/search/titlesearch.xhtml,https://www1.hkexnews.hk/search/titlesearch.xhtml,1620585321,14:35:21,20210509
10,2010-12-31,1728.HK,CNY,2010-12-31,2010-12-31,FY,8034249000,7307933000,726316000,0.09040247570121364,0.0,175557000,191993000,27266000.0,320945000.0,7628878000,56146000,42737000.0,448108000,0.05577472144565099,405371000,0.05045536925728839,0.0,390023000,0.048545047583165524,90571000,276004000,0.034353428677652384,0.18,0.18,1530136986,1530136986,https://www1.hkexnews.hk/search/titlesearch.xhtml,https://www1.hkexnews.hk/search/titlesearch.xhtml,1620585321,14:35:21,20210509
11,2009-12-31,1728.HK,CNY,2009-12-31,2009-12-31,FY,4981174000,4566633000,414541000,0.08322154576411103,0.0,82334000,138337000,0.0,189547000.0,4756180000,31465000,33881000.0,258875000,0.051970680004352385,224994000,0.045168869828678945,0.0,198099000,0.03976954027303604,48277000,145854000,0.029281049005716323,0.097,0.097,1500000000,1500000000,https://www1.hkexnews.hk/search/titlesearch.xhtml,https://www1.hkexnews.hk/search/titlesearch.xhtml,1620585321,14:35:21,20210509
