,date,symbol,reportedCurrency,fillingDate,acceptedDate,period,revenue,costOfRevenue,grossProfit,grossProfitRatio,researchAndDevelopmentExpenses,generalAndAdministrativeExpenses,sellingAndMarketingExpenses,otherExpenses,operatingExpenses,costAndExpenses,interestExpense,depreciationAndAmortization,ebitda,ebitdaratio,operatingIncome,operatingIncomeRatio,totalOtherIncomeExpensesNet,incomeBeforeTax,incomeBeforeTaxRatio,incomeTaxExpense,netIncome,netIncomeRatio,eps,epsdiluted,weightedAverageShsOut,weightedAverageShsOutDil,link,finalLink,timestamp,est_time,est_date
0,2019-12-31,BAXW,USD,2020-03-17,2020-03-17 07:12:46,FY,11362000000,6601000000,4761000000,0.4190283400809717,595000000,2535000000.0,0.0,-33000000.0,3130000000,9731000000,111000000.0,789000000,2561000000,0.22540045766590389,1772000000.0,0.15595845801795458,-10000000.0,970000000,0.08537229361027988,-41000000,1001000000.0,0.08810068649885583,1.9666011787819253,1.928709055876686,509000000,519000000,https://www.sec.gov/Archives/edgar/data/10456/000162828020003693/0001628280-20-003693-index.htm,https://www.sec.gov/Archives/edgar/data/10456/000162828020003693/bax-20191231.htm,1620589150,15:39:10,20210509
1,2018-12-31,BAXW,USD,2019-02-21,2019-02-21 17:29:43,FY,11127000000,6346000000,4781000000,0.4296755639435607,655000000,0.0,2617000000.0,-139000000.0,3272000000,9618000000,93000000.0,785000000,2384000000,0.21425361732722206,1599000000.0,0.1437045025613373,-90000000.0,1693000000,0.15215242203648782,63000000,1624000000.0,0.1459512896557922,3.041198501872659,2.9743589743589745,534000000,546000000,https://www.sec.gov/Archives/edgar/data/10456/000156459019003727/0001564590-19-003727-index.htm,https://www.sec.gov/Archives/edgar/data/10456/000156459019003727/bax-10k_20181231.htm,1620589150,15:39:10,20210509
2,2017-12-31,BAXW,USD,2018-02-23,2018-02-23 06:04:09,FY,10561000000,6099000000,4462000000,0.42249786951993185,617000000,0.0,2587000000.0,0.0,3204000000,9303000000,85000000.0,761000000,2019000000,0.1911750781176025,1258000000.0,0.11911750781176025,-14000000.0,1217000000,0.11523529968752959,493000000,717000000.0,0.06789129817252154,1.3204419889502763,1.2918918918918918,543000000,555000000,https://www.sec.gov/Archives/edgar/data/10456/000156459018002954/0001564590-18-002954-index.htm,https://www.sec.gov/Archives/edgar/data/10456/000156459018002954/bax-10k_20171231.htm,1620589150,15:39:10,20210509
3,2016-12-31,BAXW,USD,2017-02-23,2017-02-23 17:01:01,FY,10163000000,6053000000,4110000000,0.40440814720062973,647000000,0.0,2739000000.0,-4296000000.0,3386000000,9439000000,89000000.0,800000000,1524000000,0.14995572173570795,724000000.0,0.0712388074387484,-4296000000.0,4954000000,0.4874544917839221,-12000000,4965000000.0,0.4885368493555053,9.093406593406593,9.010889292196007,546000000,551000000,https://www.sec.gov/Archives/edgar/data/10456/000156459017002240/0001564590-17-002240-index.htm,https://www.sec.gov/Archives/edgar/data/10456/000156459017002240/bax-10k_20161231.htm,1620589150,15:39:10,20210509
4,2015-12-31,BAXW,USD,2016-02-26,2016-02-26 07:33:24,FY,9968000000,5822000000,4146000000,0.4159309791332263,603000000,0.0,3094000000.0,-105000000.0,3697000000,9519000000,146000000.0,759000000,1208000000,0.12118780096308186,449000000.0,0.04504414125200642,-105000000.0,428000000,0.04293739967897271,35000000,968000000.0,0.0971107544141252,1.7761467889908258,1.7632058287795993,545000000,549000000,https://www.sec.gov/Archives/edgar/data/10456/000119312516479471/0001193125-16-479471-index.htm,https://www.sec.gov/Archives/edgar/data/10456/000119312516479471/d213870d10k.htm,1620589150,15:39:10,20210509
5,2014-12-31,BAXW,USD,2015-02-26,2015-02-26 16:45:55,FY,16671000000,8514000000,8157000000,0.4892927838761922,1421000000,0.0,4029000000.0,123000000.0,5450000000,13964000000,167000000.0,1005000000,3502000000,0.21006538300041988,2497000000.0,0.14978105692519944,123000000.0,823000000,0.04936716453722032,493000000,2497000000.0,0.14978105692519944,4.607011070110701,4.564899451553931,542000000,547000000,https://www.sec.gov/Archives/edgar/data/10456/000119312515065871/0001193125-15-065871-index.htm,https://www.sec.gov/Archives/edgar/data/10456/000119312515065871/d848964d10k.htm,1620589150,15:39:10,20210509
6,2013-12-31,BAXW,USD,2014-02-21,2014-02-21 07:04:23,FY,15259000000,7664000000,7595000000,0.4977390392555213,1246000000,0.0,3681000000.0,-9000000.0,4927000000,12591000000,155000000.0,823000000,2835000000,0.18579199161150797,2012000000.0,0.13185660921423423,-9000000.0,2846000000,0.18651287764597943,537000000,2012000000.0,0.13185660921423423,3.705340699815838,3.6648451730418943,543000000,549000000,https://www.sec.gov/Archives/edgar/data/10456/000119312514061654/0001193125-14-061654-index.htm,https://www.sec.gov/Archives/edgar/data/10456/000119312514061654/d596470d10k.htm,1620589150,15:39:10,20210509
7,2012-12-31,BAXW,USD,2013-02-21,2013-02-21 17:28:20,FY,14190000000,6889000000,7301000000,0.5145172656800564,1156000000,0.0,3324000000.0,-155000000.0,4480000000,11369000000,-87000000.0,712000000,3601000000,0.2537702607470049,2889000000.0,0.2035940803382664,-155000000.0,2889000000,0.2035940803382664,563000000,2326000000.0,0.16391825229034532,4.221415607985481,4.183453237410072,551000000,556000000,https://www.sec.gov/Archives/edgar/data/10456/000119312513069609/0001193125-13-069609-index.htm,https://www.sec.gov/Archives/edgar/data/10456/000119312513069609/d410594d10k.htm,1620589150,15:39:10,20210509
8,2011-12-31,BAXW,USD,2012-02-23,2012-02-23 17:29:13,FY,13893000000,6847000000,7046000000,0.5071618800834953,946000000,0.0,3154000000.0,83000000.0,4100000000,10947000000,0.0,670000000,3479000000,0.2504138774922623,2809000000.0,0.20218815230691714,0.0,2809000000,0.20218815230691714,553000000,2224000000.0,0.16008061613762326,3.9086115992970125,3.881326352530541,569000000,573000000,https://www.sec.gov/Archives/edgar/data/10456/000119312512075661/0001193125-12-075661-index.htm,https://www.sec.gov/Archives/edgar/data/10456/000119312512075661/d267280d10k.htm,1620589150,15:39:10,20210509
9,2010-12-31,BAXW,USD,2011-02-23,2011-02-23 17:04:55,FY,12843000000,6885000000,5958000000,0.4639103013314646,915000000,0.0,2907000000.0,159000000.0,3822000000,10707000000,115000000.0,685000000,2575000000,0.2004983259363077,1890000000.0,0.14716187806587247,0.0,1890000000,0.14716187806587247,463000000,1420000000.0,0.11056606711827455,2.406779661016949,2.3905723905723906,590000000,594000000,https://www.sec.gov/Archives/edgar/data/10456/000095012311017190/0000950123-11-017190-index.htm,https://www.sec.gov/Archives/edgar/data/10456/000095012311017190/c61460e10vk.htm,1620589150,15:39:10,20210509
10,2009-12-31,BAXW,USD,2010-02-23,2010-02-22 21:55:06,FY,12562000000,6037000000,6525000000,0.5194236586530807,917000000,0.0,2731000000.0,45000000.0,3648000000,9685000000,-98000000.0,638000000,3372000000,0.2684285941729024,2734000000.0,0.21764050310460117,0.0,2734000000,0.21764050310460117,519000000,2215000000.0,0.1763254258875975,3.6490939044481054,3.6074918566775245,607000000,614000000,https://www.sec.gov/Archives/edgar/data/10456/000095012310015380/0000950123-10-015380-index.htm,https://www.sec.gov/Archives/edgar/data/10456/000095012310015380/c54958e10vk.htm,1620589150,15:39:10,20210509
11,2008-12-31,BAXW,USD,2009-02-19,2009-02-19 17:10:40,FY,12348000000,6218000000,6130000000,0.49643666990605767,868000000,0.0,2698000000.0,37000000.0,3566000000,9897000000,-76000000.0,631000000,3082000000,0.24959507612568838,2451000000.0,0.19849368318756075,0.0,2451000000,0.19849368318756075,437000000,3000000.0,0.00024295432458697764,0.0048,0.004709576138147566,625000000,637000000,https://www.sec.gov/Archives/edgar/data/10456/000095013709001173/0000950137-09-001173-index.htm,https://www.sec.gov/Archives/edgar/data/10456/000095013709001173/c48741e10vk.htm,1620589150,15:39:10,20210509
12,2007-12-31,BAXW,USD,2008-02-26,2008-02-26 17:01:18,FY,11263000000,5744000000,5519000000,0.49001154221788157,760000000,0.0,2521000000.0,32000000.0,3281000000,9149000000,-22000000.0,581000000,2288000000,0.20314303471543993,1707000000.0,0.15155819941401047,0.0,2114000000,0.18769422001243008,407000000,1707000000.0,0.15155819941401047,2.650621118012422,2.610091743119266,644000000,654000000,https://www.sec.gov/Archives/edgar/data/10456/000095013708002771/0000950137-08-002771-index.htm,https://www.sec.gov/Archives/edgar/data/10456/000095013708002771/c22852e10vk.htm,1620589150,15:39:10,20210509
13,2006-12-31,BAXW,USD,2007-02-28,2007-02-27 21:33:50,FY,10378000000,5641000000,4737000000,0.45644632877240315,614000000,0.0,2282000000.0,61000000.0,2896000000,8632000000,-34000000.0,575000000,1973000000,0.19011370206205436,1398000000.0,0.13470803623048758,0.0,1746000000,0.16824050876854885,348000000,1397000000.0,0.1346116785507805,2.1459293394777266,2.129573170731707,651000000,656000000,https://www.sec.gov/Archives/edgar/data/10456/000095013707002905/0000950137-07-002905-index.htm,https://www.sec.gov/Archives/edgar/data/10456/000095013707002905/n12610e10vk.htm,1620589150,15:39:10,20210509
14,2005-12-31,BAXW,USD,2006-03-07,2006-03-07 17:16:49,FY,9849000000,5756000000,4093000000,0.4155751852979998,533000000,0.0,2030000000.0,77000000.0,2563000000,8405000000,-118000000.0,580000000,578000000,0.05868616103157681,-2000000.0,-0.0002030663011473246,0.0,1444000000,0.14661386942836835,486000000,956000000.0,0.09706569194842116,1.5369774919614148,1.5198728139904611,622000000,629000000,https://www.sec.gov/Archives/edgar/data/10456/000095013706002686/0000950137-06-002686-index.htm,https://www.sec.gov/Archives/edgar/data/10456/000095013706002686/c02804e10vk.htm,1620589150,15:39:10,20210509
15,2004-12-31,BAXW,USD,2005-03-16,2005-03-16 13:33:55,FY,9509000000,5594000000,3915000000,0.411715217162688,517000000,0.0,1960000000.0,77000000.0,2477000000,9079000000,-99000000.0,601000000,606000000,0.06372909874855401,5000000.0,0.0005258176464402145,0.0,430000000,0.04522031759385845,47000000,388000000.0,0.040803449363760645,0.6319218241042345,0.627831715210356,614000000,618000000,https://www.sec.gov/Archives/edgar/data/10456/000119312505052405/0001193125-05-052405-index.htm,https://www.sec.gov/Archives/edgar/data/10456/000119312505052405/d10k.htm,1620589150,15:39:10,20210509
16,2003-12-31,BAXW,USD,2004-03-12,2004-03-12 16:35:43,FY,8916000000,4951000000,3965000000,0.4447061462539255,553000000,0.0,1796000000.0,42000000.0,2349000000,7766000000,-87000000.0,545000000,521000000,0.058434275459847466,-24000000.0,-0.0026917900403768506,42000000.0,1150000000,0.12898160610139076,228000000,881000000.0,0.09881112606550023,1.4707846410684473,1.453795379537954,599000000,606000000,https://www.sec.gov/Archives/edgar/data/10456/000119312504040579/0001193125-04-040579-index.htm,https://www.sec.gov/Archives/edgar/data/10456/000119312504040579/d10k.htm,1620589150,15:39:10,20210509
