,date,symbol,reportedCurrency,fillingDate,acceptedDate,period,revenue,costOfRevenue,grossProfit,grossProfitRatio,researchAndDevelopmentExpenses,generalAndAdministrativeExpenses,sellingAndMarketingExpenses,otherExpenses,operatingExpenses,costAndExpenses,interestExpense,depreciationAndAmortization,ebitda,ebitdaratio,operatingIncome,operatingIncomeRatio,totalOtherIncomeExpensesNet,incomeBeforeTax,incomeBeforeTaxRatio,incomeTaxExpense,netIncome,netIncomeRatio,eps,epsdiluted,weightedAverageShsOut,weightedAverageShsOutDil,link,finalLink,timestamp,est_time,est_date
0,2020-12-31,ADVN.SW,CHF,2020-12-31,2020-12-31,FY,134860000,61202000,73658000,0.5461812249740472,0.0,4867000.0,2457000.0,0.0,0.0,128275000,99000.0,8438000.0,15023000.0,0.11139700430075634,6585000.0,0.049844282960106776,0.0,6722000.0,0.049844282960106776,2426000.0,4296000.0,0.031855257303870683,5.88,5.88,730000.0,730000.0,https://www.six-group.com/en/products-services/the-swiss-stock-exchange.html,https://www.six-group.com/en/products-services/the-swiss-stock-exchange.html,1620586209,14:50:09,20210509
1,2019-12-31,ADVN.SW,CHF,2019-12-31,2019-12-31,FY,173620000,83187000,90433000,0.5208674115885267,0.0,3682000.0,3240000.0,0.0,80191000.0,163378000,150000.0,8160000.0,18402000.0,0.10599009330722267,10242000.0,0.058990899665937103,0.0,8562000.0,0.04931459509273125,-88000.0,8650000.0,0.04982144914180394,11.85,11.85,730000.0,730000.0,https://www.six-group.com/en/products-services/the-swiss-stock-exchange.html,https://www.six-group.com/en/products-services/the-swiss-stock-exchange.html,1620586209,14:50:09,20210509
2,2018-12-31,ADVN.SW,CHF,2018-12-31,2018-12-31,FY,191306000,91571000,99735000,0.5213375429939469,0.0,3988000.0,3912000.0,0.0,87544000.0,179115000,290000.0,8349000.0,20540000.0,0.10736725455552884,12191000.0,0.06372513146477371,0.0,11778000.0,0.06156628647298046,3007000.0,8771000.0,0.04584801313079569,12.02,12.02,730000.0,730000.0,https://www.six-group.com/en/products-services/the-swiss-stock-exchange.html,https://www.six-group.com/en/products-services/the-swiss-stock-exchange.html,1620586209,14:50:09,20210509
3,2017-12-31,ADVN.SW,CHF,2017-12-31,2017-12-31,FY,200328000,99519000,100809000,0.503219719659758,0.0,4109000.0,4262000.0,0.0,90299000.0,189818000,224000.0,8514000.0,19024000.0,0.09496425861586998,10510000.0,0.05246395910706442,0.0,9596000.0,0.047901441635717426,849000.0,8747000.0,0.043663392037059226,11.98,11.98,730000.0,730000.0,https://www.six-group.com/en/products-services/the-swiss-stock-exchange.html,https://www.six-group.com/en/products-services/the-swiss-stock-exchange.html,1620586209,14:50:09,20210509
4,2016-12-31,ADVN.SW,CHF,2016-12-31,2016-12-31,FY,231914000,109760000,122154000,0.5267211121363954,0.0,4925000.0,4792000.0,0.0,113866000.0,223626000,1868000.0,14048000.0,22336000.0,0.09631156376932828,8288000.0,0.03573738541010892,0.0,40362000.0,0.17403865225902707,617000.0,39745000.0,0.1713781832920824,54.45,54.45,730000.0,730000.0,https://www.six-group.com/en/products-services/the-swiss-stock-exchange.html,https://www.six-group.com/en/products-services/the-swiss-stock-exchange.html,1620586209,14:50:09,20210509
5,2015-12-31,ADVN.SW,CHF,2015-12-31,2015-12-31,FY,215237000,89823000,125414000,0.582678628674438,0.0,4656000.0,5714000.0,0.0,115684000.0,205507000,2513000.0,14548000.0,24278000.0,0.11279659166407263,9730000.0,0.04520598224283,0.0,2533000.0,0.011768422715425322,1933000.0,600000.0,0.0027876248042855087,0.82,0.82,730000.0,730000.0,https://www.six-group.com/en/products-services/the-swiss-stock-exchange.html,https://www.six-group.com/en/products-services/the-swiss-stock-exchange.html,1620586209,14:50:09,20210509
6,2014-12-31,ADVN.SW,CHF,2014-12-31,2014-12-31,FY,239612000,104482000,135130000,0.5639533913159608,0.0,5086000.0,7610000.0,0.0,126447000.0,230929000,2411000.0,14442000.0,23125000.0,0.09651019147621989,8683000.0,0.03623775103083318,0.0,4185000.0,0.01746573627364239,2293000.0,1892000.0,0.007896098692886834,2.59,2.59,730502.0,730502.0,https://www.six-group.com/en/products-services/the-swiss-stock-exchange.html,https://www.six-group.com/en/products-services/the-swiss-stock-exchange.html,1620586209,14:50:09,20210509
7,2013-12-31,ADVN.SW,CHF,2013-12-31,2013-12-31,FY,268962000,120287000,148675000,0.55277325421435,0.0,6606000.0,10082000.0,0.0,143711000.0,263998000,3029000.0,19132000.0,24096000.0,0.08958886385437348,4964000.0,0.01845613878540463,0.0,-19465000.0,-0.07237081818249418,2547000.0,-22012000.0,-0.0818405574021609,-30.15,-30.15,730083.0,730083.0,https://www.six-group.com/en/products-services/the-swiss-stock-exchange.html,https://www.six-group.com/en/products-services/the-swiss-stock-exchange.html,1620586209,14:50:09,20210509
8,2012-12-31,ADVN.SW,CHF,2012-12-31,2012-12-31,FY,268753000,118921000,149832000,0.5575081952573553,0.0,6471000.0,11895000.0,0.0,153583000.0,272504000,3101000.0,20413000.0,16662000.0,0.06199744747035382,-3751000.0,-0.013957053502658575,0.0,-14154000.0,-0.05266545861813635,1222000.0,-15376000.0,-0.05721238460593928,-21.06,-21.06,730104.0,730104.0,https://www.six-group.com/en/products-services/the-swiss-stock-exchange.html,https://www.six-group.com/en/products-services/the-swiss-stock-exchange.html,1620586209,14:50:09,20210509
9,2011-12-31,ADVN.SW,CHF,2011-12-31,2011-12-31,FY,264004000,117449000,146555000,0.5551241647853821,0.0,0.0,0.0,0.0,151565000.0,269014000,17165000.0,19314000.0,14304000.0,0.05418099725761731,-5010000.0,-0.01897698519719398,0.0,-14038000.0,-0.053173436766109604,2285000.0,-16323000.0,-0.061828608657444585,-22.36,-22.36,730009.0,730009.0,https://www.six-group.com/en/products-services/the-swiss-stock-exchange.html,https://www.six-group.com/en/products-services/the-swiss-stock-exchange.html,1620586209,14:50:09,20210509
10,2010-12-31,ADVN.SW,CHF,2010-12-31,2010-12-31,FY,300353000,128917000,171436000,0.5707817135170948,0.0,0.0,0.0,0.0,169821000.0,298738000,18044000.0,22619000.0,24234000.0,0.08068506057871903,1615000.0,0.005377006389148768,0.0,-10106000.0,-0.03364707527476003,834000.0,-10940000.0,-0.03642380798593655,-14.99,-14.99,730000.0,730000.0,https://www.six-group.com/en/products-services/the-swiss-stock-exchange.html,https://www.six-group.com/en/products-services/the-swiss-stock-exchange.html,1620586209,14:50:09,20210509
11,2009-12-31,ADVN.SW,CHF,2009-12-31,2009-12-31,FY,301352000,139953000,161399000,0.5355829727362021,0.0,0.0,0.0,0.0,184722000.0,324675000,11633000.0,29059000.0,5736000.0,0.01903421911916961,-23323000.0,-0.07739454193103082,0.0,-29425000.0,-0.09764328758395498,-2389000.0,-27036000.0,-0.08971568132947516,-37.06,-37.06,729510.0,729510.0,https://www.six-group.com/en/products-services/the-swiss-stock-exchange.html,https://www.six-group.com/en/products-services/the-swiss-stock-exchange.html,1620586209,14:50:09,20210509
12,2008-12-31,ADVN.SW,CHF,2008-12-31,2008-12-31,FY,416525000,187349000,229176000,0.5502094712202149,0.0,0.0,0.0,0.0,180778000.0,368127000,22940000.0,27621000.0,76019000.0,0.18250765260188465,48398000.0,0.11619470620010804,0.0,-13485000.0,-0.032375007502550866,-4251000.0,-9234000.0,-0.022169137506752295,-15.3,-15.3,603595.0,603595.0,https://www.six-group.com/en/products-services/the-swiss-stock-exchange.html,https://www.six-group.com/en/products-services/the-swiss-stock-exchange.html,1620586209,14:50:09,20210509
13,2007-12-31,ADVN.SW,CHF,2007-12-31,2007-12-31,FY,330351000,142208000,188143000,0.5695245360238049,0.0,16271000.0,10932000.0,0.0,172585000.0,314793000,4468000.0,22979000.0,38537000.0,0.11665470968757473,15558000.0,0.04709536220565399,0.0,11152000.0,0.033758033122345626,2864000.0,8288000.0,0.025088466509863752,11.732459,11.732459,706350.0,706350.0,https://www.six-group.com/en/products-services/the-swiss-stock-exchange.html,https://www.six-group.com/en/products-services/the-swiss-stock-exchange.html,1620586209,14:50:09,20210509
14,2006-12-31,ADVN.SW,CHF,2006-12-31,2006-12-31,FY,270422000,110826000,159596000,0.590173876385797,0.0,13930000.0,8781000.0,0.0,152235000.0,263061000,3222000.0,21855000.0,29216000.0,0.10803854715962459,7361000.0,0.027220418457078198,0.0,4527000.0,0.016740501882243308,548000.0,3979000.0,0.014714039538203253,5.633852,5.633852,706277.0,706277.0,https://www.six-group.com/en/products-services/the-swiss-stock-exchange.html,https://www.six-group.com/en/products-services/the-swiss-stock-exchange.html,1620586209,14:50:09,20210509
15,2005-12-31,ADVN.SW,CHF,2005-12-31,2005-12-31,FY,245725000,89435000,156290000,0.6360362193509004,0.0,0.0,0.0,0.0,151161000.0,240596000,4441000.0,22596000.0,27725000.0,0.1128293824397192,5129000.0,0.020872927052599452,0.0,4239000.0,0.01725099196255977,402000.0,3837000.0,0.015615016787058704,5.432459,5.432459,706277.0,706277.0,https://www.six-group.com/en/products-services/the-swiss-stock-exchange.html,https://www.six-group.com/en/products-services/the-swiss-stock-exchange.html,1620586209,14:50:09,20210509
16,2004-12-31,ADVN.SW,CHF,2004-12-31,2004-12-31,FY,246293000,84261000,162032000,0.6578830904654213,0.0,0.0,0.0,625000.0,141179000.0,225440000,4601000.0,18983000.0,39836000.0,0.1617423150475247,20853000.0,0.0846674489327752,0.0,18789000.0,0.07628718639993828,3192000.0,15597000.0,0.06332701294799284,22.065491,22.065491,706825.0,706825.0,https://www.six-group.com/en/products-services/the-swiss-stock-exchange.html,https://www.six-group.com/en/products-services/the-swiss-stock-exchange.html,1620586209,14:50:09,20210509
17,2003-12-31,ADVN.SW,CHF,2003-12-31,2003-12-31,FY,229013000,68097000,160916000,0.7026500679000756,0.0,0.0,0.0,-759000.0,135200000.0,203297000,2934000.0,17974000.0,43690000.0,0.19077519616790314,25716000.0,0.11229056865767445,0.0,24043000.0,0.10498530651098409,6899000.0,17144000.0,0.07486037910511631,25.29295,25.29295,706825.0,706825.0,https://www.six-group.com/en/products-services/the-swiss-stock-exchange.html,https://www.six-group.com/en/products-services/the-swiss-stock-exchange.html,1620586209,14:50:09,20210509
18,2002-12-31,ADVN.SW,CHF,2002-12-31,2002-12-31,FY,174150000,53401000,120749000,0.6933620442147574,0.0,0.0,0.0,272000.0,104807000.0,158208000,5413000.0,15533000.0,31475000.0,0.18073499856445593,15942000.0,0.091541774332472,0.0,13436000.0,0.07715188056273328,2672000.0,10764000.0,0.06180878552971576,15.879098,15.879098,706825.0,706825.0,https://www.six-group.com/en/products-services/the-swiss-stock-exchange.html,https://www.six-group.com/en/products-services/the-swiss-stock-exchange.html,1620586209,14:50:09,20210509
