,date,symbol,reportedCurrency,fillingDate,acceptedDate,period,revenue,costOfRevenue,grossProfit,grossProfitRatio,researchAndDevelopmentExpenses,generalAndAdministrativeExpenses,sellingAndMarketingExpenses,otherExpenses,operatingExpenses,costAndExpenses,interestExpense,depreciationAndAmortization,ebitda,ebitdaratio,operatingIncome,operatingIncomeRatio,totalOtherIncomeExpensesNet,incomeBeforeTax,incomeBeforeTaxRatio,incomeTaxExpense,netIncome,netIncomeRatio,eps,epsdiluted,weightedAverageShsOut,weightedAverageShsOutDil,link,finalLink,timestamp,est_time,est_date
0,2021-02-27,ACI,USD,2021-04-28,2021-04-28 16:31:27,FY,69690400000,49275900000,20414500000,0.2929313076119523,0.0,0.0,0.0,134700000.0,18835800000,68111700000,533900000.0,2118400000,3697100000,0.053050348398057695,1578700000,0.01619591794565679,88200000.0,1128700000,0.01619591794565679,278500000.0,850200000,0.012199671690792419,1.53,1.47,500300000,578100000,https://www.sec.gov/Archives/edgar/data/1646972/000164697221000026/0001646972-21-000026-index.htm,https://www.sec.gov/Archives/edgar/data/1646972/000164697221000026/aci-20210227.htm,1620586119,14:48:39,20210509
1,2020-02-29,ACI,USD,2020-02-29,2020-02-29,FY,62455100000,44860900000,17594200000,0.2817095801623887,0.0,16641900000.0,0.0,-28500000.0,16641900000,61502800000,679200000.0,2261600000,3213900000,0.05145936841026594,952300000,0.015247753986463875,344900000.0,599200000,0.00959409239597727,132800000.0,466400000,0.0074677648422626815,0.974,0.974,479026753,479026753,,,1620586119,14:48:39,20210509
2,2019-02-23,ACI,USD,2019-04-24 00:00:00,2019-04-24 16:36:50,FY,60534500000,43639900000,16894600000,0.2790904360323452,0.0,16076300000.0,0.0,0.0,16116000000,59755900000,-843100000.0,1738800000,2517400000,0.0415862029090849,778600000,0.01286208690911794,116700000.0,52200000,0.0008623181821936251,-22000000.0,131100000,0.0021657071587276675,0.47178,0.47178,277882010,277882010,https://www.sec.gov/Archives/edgar/data/1646972/000164697219000036/0001646972-19-000036-index.html,https://www.sec.gov/Archives/edgar/data/1646972/000164697219000036/acify1810-k.htm,1620586119,14:48:39,20210509
3,2018-02-28,ACI,USD,2018-05-11,2018-05-11,FY,59924600000,43563500000,16361100000,0.27302810531901756,0.0,16223700000.0,0.0,-42500000.0,16223700000,59787200000,874800000.0,1898100000,2035500000,0.03396768605881391,137400000,0.0022928813876104304,-180100000.0,-917500000,-0.01531090737359949,-963800000.0,46300000,0.0007726376146023503,0.081514,0.079322,568000000,583700000,https://www.sec.gov/Archives/edgar/data/1646972/000164697218000017/0001646972-18-000017-index.htm,https://www.sec.gov/Archives/edgar/data/1646972/000164697218000017/acify1710-k.htm,1620586119,14:48:39,20210509
4,2017-02-28,ACI,USD,2017-02-28,2017-02-28,FY,59678200000,43037700000,16640500000,0.278837163319269,0.0,16000000000.0,0.0,0.0,16000000000,59037700000,1003800000.0,1804800000,2445300000,0.040974761303122414,640500000,0.010732562309184929,-100300000.0,-463600000,-0.007768330814267186,-90300000.0,-373300000,-0.006255215472316524,-0.657218309859155,-0.6395408600308378,568000000,583700000,,,1620586119,14:48:39,20210509
5,2016-02-29,ACI,USD,2016-02-29,2016-02-29,FY,58734000000,42672300000,16061700000,0.2734651139033609,0.0,0.0,15660000000.0,0.0,15660000000,58332300000,0.0,1613700000,2015400000,0.03431402594749208,401700000,0.0068393094289508636,7000000.0,-541800000,-0.009224639901930738,-39600000.0,-502200000,-0.008550413729696598,-0.8841549295774648,-0.8603734795271544,568000000,583700000,,,1620586119,14:48:39,20210509
6,2015-02-28,ACI,USD,2015-02-28,2015-02-28,FY,27198600000,19695800000,7502800000,0.2758524335811402,0.0,0.0,8152200000.0,0.0,8152200000,27848000000,633200000.0,718100000,68700000,0.0025258653018905386,-649400000,-0.023876228923547536,-96000000.0,-1378600000,-0.05068643238990242,-153400000.0,-1225200000,-0.045046436213628645,-0.69,-0.69,475139081,475139081,,,1620586119,14:48:39,20210509
7,2014-02-28,ACI,USD,2014-02-28,2014-02-28,FY,20054700000,14655700000,5399000000,0.269213700529053,0.0,0.0,5874100000.0,0.0,5874100000,20529800000,0.0,676400000,201300000,0.010037547308112313,-475100000,-0.023690207283080775,2005700000.0,1140500000,0.056869462021371546,-572600000.0,1732600000,0.08639371319441327,3.050352,2.968306,568000000,583700000,,,1620586119,14:48:39,20210509
8,2013-02-28,ACI,USD,2013-02-28,2013-02-28,FY,3712000000,2774300000,937700000,0.2526131465517241,0.0,0.0,899000000.0,0.0,899000000,3673300000,7200000.0,16900000,55600000,0.01497844827586207,38700000,0.010425646551724137,0.0,31500000,0.008485991379310345,1700000.0,79000000,0.021282327586206896,0.139085,0.135343,568000000,583700000,,,1620586119,14:48:39,20210509
