,date,symbol,reportedCurrency,fillingDate,acceptedDate,period,revenue,costOfRevenue,grossProfit,grossProfitRatio,researchAndDevelopmentExpenses,generalAndAdministrativeExpenses,sellingAndMarketingExpenses,otherExpenses,operatingExpenses,costAndExpenses,interestExpense,depreciationAndAmortization,ebitda,ebitdaratio,operatingIncome,operatingIncomeRatio,totalOtherIncomeExpensesNet,incomeBeforeTax,incomeBeforeTaxRatio,incomeTaxExpense,netIncome,netIncomeRatio,eps,epsdiluted,weightedAverageShsOut,weightedAverageShsOutDil,link,finalLink,timestamp,est_time,est_date
0,2020-12-31,INCY,USD,2021-02-09,2021-02-09 16:05:42,FY,2666702000.0,131328000.0,2535374000.0,0.950752652527354,2215942000,516922000.0,0.0,23206000.0,2732864000,2930378000,2174000.0,51807000.0,-211869000.0,-0.07944982228985466,-263676000.0,-0.09887718987723412,23206000.0,-232218000.0,-0.08708059618210058,63479000.0,-295697000.0,-0.11088490577499849,-1.35595419882333,-1.35595419882333,218073000,218073000,https://www.sec.gov/Archives/edgar/data/879169/000155837021000825/0001558370-21-000825-index.htm,https://www.sec.gov/Archives/edgar/data/879169/000155837021000825/incy-20201231x10k.htm,1620593589,16:53:09,20210509
1,2019-12-31,INCY,USD,2020-02-13 00:00:00,2020-02-13 16:05:19,FY,2158759000.0,114200000.0,2044559000.0,0.9470992361815284,1154111000,468711000.0,0.0,52182000.0,1622822000,1737022000,1855000.0,54533000.0,476270000.0,0.22062212595292016,421737000.0,0.19536085315683688,66958000.0,486791000.0,0.22549575936915608,39885000.0,446906000.0,0.20701986650663645,2.08,2.05,214913000,217657000,https://www.sec.gov/Archives/edgar/data/879169/000155837020000774/0001558370-20-000774-index.html,https://www.sec.gov/Archives/edgar/data/879169/000155837020000774/incy-20191231x10k6c65b7.htm,1620593589,16:53:09,20210509
2,2018-12-31,INCY,USD,2019-02-14 00:00:00,2019-02-14 16:07:03,FY,1881883000.0,94100000.0,1787783000.0,0.9499968914114214,1197957000,434407000.0,0.0,31760000.0,1632364000,1726464000,1543000.0,54969000.0,210388000.0,0.11179653570386681,155419000.0,0.08258696210125709,-38506000.0,115347000.0,0.06129339602940247,5854000.0,109493000.0,0.05818268192018314,0.52,0.51,212383000,215635000,https://www.sec.gov/Archives/edgar/data/879169/000155837019000682/0001558370-19-000682-index.html,https://www.sec.gov/Archives/edgar/data/879169/000155837019000682/incy-20181231x10k.htm,1620593589,16:53:09,20210509
3,2017-12-31,INCY,USD,2018-02-15 00:00:00,2018-02-15 16:03:25,FY,1536216000.0,79500000.0,1456716000.0,0.9482494649189958,1326361000,366406000.0,0.0,0.0,1692767000,1772267000,6900000.0,52178000.0,-183873000.0,-0.11969215266603134,-236051000.0,-0.15365742838246704,-86860000.0,-312290000.0,-0.2032852150999599,852000.0,-313142000.0,-0.20383982460799782,-1.53,-1.53,204580000,204580000,https://www.sec.gov/Archives/edgar/data/879169/000155837018000722/0001558370-18-000722-index.html,https://www.sec.gov/Archives/edgar/data/879169/000155837018000722/incy-20171231x10k.htm,1620593589,16:53:09,20210509
4,2016-12-31,INCY,USD,2017-02-14 00:00:00,2017-02-14 16:13:15,FY,1105719000.0,58200000.0,1047519000.0,0.9473645654999145,581861000,303251000.0,0.0,0.0,885112000,943312000,38745000.0,58425000.0,220832000.0,0.1997180115381937,162407000.0,0.1468790895335976,-20683000.0,107404000.0,0.0971349863753811,3182000.0,104222000.0,0.09425722086714618,0.55,0.54,187873000,194125000,https://www.sec.gov/Archives/edgar/data/879169/000155837017000594/0001558370-17-000594-index.html,https://www.sec.gov/Archives/edgar/data/879169/000155837017000594/incy-20161231x10k.htm,1620593589,16:53:09,20210509
5,2015-12-31,INCY,USD,2016-02-12 00:00:00,2016-02-12 16:41:11,FY,753751000.0,26972000.0,726779000.0,0.9642162995471979,479514000,196614000.0,0.0,0.0,676128000,703100000,45603000.0,0.0,57740000.0,0.07660354679463112,50651000.0,0.06719858414781539,-4581000.0,7556000.0,0.01002453064738886,1025000.0,6531000.0,0.008664665121505643,0.04,0.03,179601000,187302000,https://www.sec.gov/Archives/edgar/data/879169/000155837016003196/0001558370-16-003196-index.html,https://www.sec.gov/Archives/edgar/data/879169/000155837016003196/incy-20151231x10k.htm,1620593589,16:53:09,20210509
6,2014-12-31,INCY,USD,2015-02-17,2015-02-17 16:11:01,FY,511495000.0,3004000.0,508491000.0,0.9941270198144654,347523000,165772000.0,0.0,0.0,513295000,516299000,46828000.0,0.0,-1454000.0,-0.0028426475332114683,-4804000.0,-0.009392076168877507,-265000.0,-48547000.0,-0.09491197372408332,-66000.0,-48481000.0,-0.09478294020469408,-0.29,-0.29,167947000,167947000,https://www.sec.gov/Archives/edgar/data/879169/000104746915000858/a2223029z10-k.htm,https://www.sec.gov/Archives/edgar/data/879169/000104746915000858/a2223029z10-k.htm,1620593589,16:53:09,20210509
7,2013-12-31,INCY,USD,2014-02-21,2014-02-21 17:11:16,FY,354947000.0,630000.0,354317000.0,0.9982250871256836,260436000,109983000.0,0.0,0.0,370419000,371049000,38652000.0,0.0,-14778000.0,-0.04163438485182295,-16102000.0,-0.04536451920991021,-29418000.0,-82848000.0,-0.233409494938681,299000.0,-83147000.0,-0.23425187422347563,-0.56,-0.56,148403000,148403000,https://www.sec.gov/Archives/edgar/data/879169/000104746914001174/a2218324z10-k.htm,https://www.sec.gov/Archives/edgar/data/879169/000104746914001174/a2218324z10-k.htm,1620593589,16:53:09,20210509
8,2012-12-31,INCY,USD,2013-02-21 00:00:00,2013-02-21 16:17:27,FY,297059000.0,157000.0,296902000.0,0.9994714854624839,210391000,85363000.0,0.0,0.0,295754000,295911000,46058000.0,0.0,1912000.0,0.0064364318199414934,1148000.0,0.0038645521596719842,0.0,-44146000.0,-0.14861020874641065,174000.0,-44320000.0,-0.14919595097270238,-0.34,-0.34,129747000,129747000,https://www.sec.gov/Archives/edgar/data/879169/000104746913001393/0001047469-13-001393-index.html,https://www.sec.gov/Archives/edgar/data/879169/000104746913001393/a2212845z10-k.htm,1620593589,16:53:09,20210509
9,2011-12-31,INCY,USD,2012-02-22 00:00:00,2012-02-22 16:29:04,FY,94455000.0,0.0,94455000.0,1.0,178707000,58219000.0,0.0,0.0,237638000,237638000,43819000.0,26990000.0,-116193000.0,-1.230141337144672,-143183000.0,-1.5158858715790589,0.0,0.0,0.0,0.0,-186540000.0,-1.9749086866761951,-1.49,-1.49,125362000,125362000,https://www.sec.gov/Archives/edgar/data/879169/000104746912001295/0001047469-12-001295-index.html,https://www.sec.gov/Archives/edgar/data/879169/000104746912001295/a2207267z10-k.htm,1620593589,16:53:09,20210509
10,2010-12-31,INCY,USD,2011-02-23,2011-02-23 16:17:09,FY,169878000.0,0.0,169878000.0,1.0,123880000,32328000.0,0.0,0.0,155829000,155829000,43323000.0,24485000.0,38534000.0,0.22683337453937533,14049000.0,0.0827005262600219,-3988000.0,0.0,0.0,0.0,-31846000.0,-0.1874639447132648,-0.26,-0.26,121628000,121628000,https://www.sec.gov/Archives/edgar/data/879169/000104746911001198/a2202084z10-k.htm,https://www.sec.gov/Archives/edgar/data/879169/000104746911001198/a2202084z10-k.htm,1620593589,16:53:09,20210509
11,2009-12-31,INCY,USD,2010-03-05 00:00:00,2010-03-05 16:40:51,FY,9265000.0,0.0,9265000.0,1.0,119442000,27580000.0,0.0,0.0,149033000,149033000,32125000.0,16690000.0,-123078000.0,-13.284187803561792,-139768000.0,-15.085590933621155,-40027000.0,0.0,0.0,0.0,-211870000.0,-22.86778197517539,-2.06,-2.06,102943000,102943000,https://www.sec.gov/Archives/edgar/data/879169/000104746910001834/0001047469-10-001834-index.html,https://www.sec.gov/Archives/edgar/data/879169/000104746910001834/a2196849z10-k.htm,1620593589,16:53:09,20210509
12,2008-12-31,INCY,USD,2009-03-03 00:00:00,2009-03-03 16:37:03,FY,3919000.0,0.0,0.0,0.0,146362000,17073000.0,0.0,0.0,163208000,163208000,0.0,13071000.0,-146218000.0,-37.310028068384796,-159289000.0,-40.64531768308242,227000.0,-178920000.0,-45.65450369992345,0.0,-178920000.0,-45.65450369992345,-1.99,-1.99,89785000,89785000,https://www.sec.gov/Archives/edgar/data/879169/000104746909002189/0001047469-09-002189-index.html,https://www.sec.gov/Archives/edgar/data/879169/000104746909002189/a2190988z10-k.htm,1620593589,16:53:09,20210509
13,2007-12-31,INCY,USD,2008-03-06,2008-03-06 16:33:45,FY,34440000.0,0.0,0.0,0.0,104889000,15238000.0,0.0,0.0,119720000,119720000,0.0,12963000.0,-72317000.0,-2.0997967479674795,-85280000.0,-2.4761904761904763,407000.0,-86881000.0,-2.522677119628339,0.0,-86881000.0,-2.522677119628339,-1.03,-1.03,84185000,84185000,https://www.sec.gov/Archives/edgar/data/879169/000104746908002303/a2182995z10-k.htm,https://www.sec.gov/Archives/edgar/data/879169/000104746908002303/a2182995z10-k.htm,1620593589,16:53:09,20210509
14,2006-12-31,INCY,USD,2007-02-28,2007-02-28 17:30:21,FY,27643000.0,0.0,0.0,0.0,87596000,16911000.0,0.0,0.0,104507000,104507000,0.0,7411000.0,-69453000.0,-2.5124986434178633,-76864000.0,-2.780595449119126,4830000.0,-74166000.0,-2.682993886336505,0.0,-74166000.0,-2.682993886336505,-0.89,-0.89,83799000,83799000,https://www.sec.gov/Archives/edgar/data/879169/000110465907015059/a07-5374_110k.htm,https://www.sec.gov/Archives/edgar/data/879169/000110465907015059/a07-5374_110k.htm,1620593589,16:53:09,20210509
15,2005-12-31,INCY,USD,2006-03-03,2006-03-03 14:35:40,FY,7846000.0,0.0,0.0,0.0,95618000,13012000.0,0.0,0.0,108630000,108630000,0.0,8192000.0,-92592000.0,-11.801172572011216,-100784000.0,-12.845271475911293,400000.0,-103909000.0,-13.24356359928626,-552000.0,-103043000.0,-13.133188886056589,-1.24,-1.24,83321000,83321000,https://www.sec.gov/Archives/edgar/data/879169/000110465906013846/a05-20227_210k.htm,https://www.sec.gov/Archives/edgar/data/879169/000110465906013846/a05-20227_210k.htm,1620593589,16:53:09,20210509
16,2004-12-31,INCY,USD,2005-03-11,2005-03-11 14:10:22,FY,14146000.0,0.0,0.0,0.0,88271000,74728000.0,0.0,0.0,162999000,162999000,0.0,13913000.0,-134940000.0,-9.539092322918139,-148853000.0,-10.522621235685,-680000.0,-163211000.0,-11.537607804326312,453000.0,-164817000.0,-11.651138130920401,-2.21,-2.21,74555000,74555000,https://www.sec.gov/Archives/edgar/data/879169/000119312505047638/d10k.htm,https://www.sec.gov/Archives/edgar/data/879169/000119312505047638/d10k.htm,1620593589,16:53:09,20210509
17,2003-12-31,INCY,USD,2004-03-15,2004-03-15 14:55:05,FY,47092000.0,0.0,0.0,0.0,116245000,30325000.0,0.0,0.0,162436000,162436000,0.0,17685000.0,-97659000.0,-2.073791726832583,-115344000.0,-2.449333220079844,-48961000.0,-165986000.0,-3.524717574110252,477000.0,-166463000.0,-3.5348466830884226,-2.33,-2.33,71369000,71369000,https://www.sec.gov/Archives/edgar/data/879169/000119312504042081/d10k.htm,https://www.sec.gov/Archives/edgar/data/879169/000119312504042081/d10k.htm,1620593589,16:53:09,20210509
18,2002-12-31,INCY,USD,2003-03-28,2003-03-28 17:08:31,FY,101612000.0,0.0,0.0,0.0,152373000,47147000.0,0.0,0.0,199520000,199520000,0.0,23206000.0,-74702000.0,-0.7351690745187577,-97908000.0,-0.9635476124867142,-37489000.0,-135765000.0,-1.3361118765500137,1120000.0,-136885000.0,-1.3471341967484156,-2.03,-2.03,67403000,67403000,https://www.sec.gov/Archives/edgar/data/879169/000102140803005282/d10k.htm,https://www.sec.gov/Archives/edgar/data/879169/000102140803005282/d10k.htm,1620593589,16:53:09,20210509
19,2001-12-31,INCY,USD,2001-12-31,2001-12-31,FY,219263000.0,0.0,0.0,0.0,213336000,70626000.0,0.0,0.0,283962000,283962000,0.0,47665000.0,-17034000.0,-0.07768752593916894,-64699000.0,-0.29507486443221154,-135596000.0,-186970000.0,-0.8527202491984511,930000.0,-183235000.0,-0.8356859114396866,-2.77,-2.77,66193000,66193000,,,1620593589,16:53:09,20210509
20,2000-12-31,INCY,USD,2000-12-31,2000-12-31,FY,194167000.0,-34842000.0,229009000.0,1.1794434687665771,192556000,64201000.0,0.0,0.0,291599000,256757000,0.0,34842000.0,-27748000.0,-0.14290790917097138,-62590000.0,-0.3223513779375486,-1283000.0,-32667000.0,-0.16824177125876177,205000.0,-29735000.0,-0.15314136799765152,-0.47,-0.47,63211000,63211000,,,1620593589,16:53:09,20210509
21,1999-12-31,INCY,USD,1999-12-31,1999-12-31,FY,157000000.0,-24700000.0,181700000.0,1.1573248407643313,146800000,37200000.0,0.0,0.0,208700000,184000000,0.0,24700000.0,-2300000.0,-0.01464968152866242,-27000000.0,-0.17197452229299362,-5600000.0,-27600000.0,-0.17579617834394903,-800000.0,-26800000.0,-0.17070063694267515,-0.475,-0.475,56276000,56276000,,,1620593589,16:53:09,20210509
22,1998-12-31,INCY,USD,1998-12-31,1998-12-31,FY,134800000.0,-17800000.0,152600000.0,1.132047477744807,97200000,25400000.0,0.0,0.0,140400000,122600000,0.0,17800000.0,30000000.0,0.22255192878338279,12200000.0,0.09050445103857567,-6300000.0,5900000.0,0.04376854599406528,2400000.0,3500000.0,0.02596439169139466,0.065,0.06,53842000,57798000,,,1620593589,16:53:09,20210509
23,1997-12-31,INCY,USD,1997-12-31,1997-12-31,FY,88400000.0,-10400000.0,98800000.0,1.1176470588235294,68900000,12100000.0,0.0,0.0,91400000,81000000,0.0,10400000.0,17800000.0,0.20135746606334842,7400000.0,0.083710407239819,3800000.0,10900000.0,0.12330316742081449,500000.0,10400000.0,0.11764705882352941,0.235,0.215,44430000,48316000,,,1620593589,16:53:09,20210509
24,1996-12-31,INCY,USD,1996-12-31,1996-12-31,FY,41800000.0,-6500000.0,48300000.0,1.1555023923444976,40900000,6800000.0,0.0,0.0,54200000,47700000,0.0,6500000.0,600000.0,0.014354066985645933,-5900000.0,-0.14114832535885166,-700000.0,0.0,0.0,0.0,-6800000.0,-0.16267942583732056,-0.1675,-0.1675,40624000,40624000,,,1620593589,16:53:09,20210509
