,date,symbol,reportedCurrency,fillingDate,acceptedDate,period,revenue,costOfRevenue,grossProfit,grossProfitRatio,researchAndDevelopmentExpenses,generalAndAdministrativeExpenses,sellingAndMarketingExpenses,otherExpenses,operatingExpenses,costAndExpenses,interestExpense,depreciationAndAmortization,ebitda,ebitdaratio,operatingIncome,operatingIncomeRatio,totalOtherIncomeExpensesNet,incomeBeforeTax,incomeBeforeTaxRatio,incomeTaxExpense,netIncome,netIncomeRatio,eps,epsdiluted,weightedAverageShsOut,weightedAverageShsOutDil,link,finalLink,timestamp,est_time,est_date
0,2020-12-31,MSRT,USD,2021-04-16,,FY,6.964,1.283,5.681,0.000815766800689259,0.0,803.081,0.0,364.094,1167.175,1168.458,5139.321,5139.321,3979.1099999999997,571.3828259620907,-1160.211,-0.16660123492245835,-13550.249,-14710.46,-2.1123578403216543,0.0,-14710.46,-2.1123578403216543,-1.0575956229546474e-05,-1.0575956229546474e-05,1390934274,1390934274,https://www.sec.gov/Archives/edgar/data/1589149/000121390021021821/0001213900-21-021821-index.htm,https://www.sec.gov/Archives/edgar/data/1589149/000121390021021821/f10k2020_massrootsinc.htm,1620595346,17:22:26,20210509
1,2019-12-31,MSRT,USD,2020-07-16,2020-07-16 16:15:33,FY,23703.0,3530.0,20173.0,0.8510737037505801,0.0,2840481.0,29764.0,-6189123.0,2908794.0,2912324.0,4935470.0,38549.0,-2850072.0,-120.2409821541577,-2888621.0,-121.86731637345484,-26444821.0,-34268912.0,-1445.7626460785555,0.0,-34268912.0,-1445.7626460785555,-0.19,-0.19,576802421,576802421,https://www.sec.gov/Archives/edgar/data/1589149/000121390020017657/0001213900-20-017657-index.htm,https://www.sec.gov/Archives/edgar/data/1589149/000121390020017657/f10k2019_massroots.htm,1620595346,17:22:26,20210509
2,2018-12-31,MSRT,USD,2019-04-16,2019-04-16,FY,19597.0,994.0,18603.0,0.9492779507067408,0.0,11086818.0,501451.0,0.0,13296404.0,13297398.0,1971329.0,438264.0,-12839537.0,-655.1787008215543,-13277801.0,-677.5425320202072,-767311.0,-16016441.0,-817.290452620299,0.0,-16016441.0,-817.290452620299,-0.1,-0.1,155885213,155885213,https://www.sec.gov/Archives/edgar/data/1589149/000121390019006509/0001213900-19-006509-index.htm,https://www.sec.gov/Archives/edgar/data/1589149/000121390019006509/f10k2018_massrootsinc.htm,1620595346,17:22:26,20210509
3,2017-12-31,MSRT,USD,2018-05-24,2018-05-24,FY,319242.0,630.0,318612.0,0.9980265754505986,0.0,30376794.0,960239.0,0.0,33325581.0,33326211.0,659774.0,389059.0,-32617910.0,-102.17299102248451,-33006969.0,-103.39168718401714,-10722826.0,-44389569.0,-139.0467701618208,0.0,-44389569.0,-139.0467701618208,-0.46,-0.46,97213230,97213230,https://www.sec.gov/Archives/edgar/data/1589149/000121390018006790/0001213900-18-006790-index.htm,https://www.sec.gov/Archives/edgar/data/1589149/000121390018006790/f10k2017a2_massroots.htm,1620595346,17:22:26,20210509
4,2016-12-31,MSRT,USD,2017-03-31 00:00:00,2017-03-31 16:33:52,FY,701581.0,180427.0,521154.0,0.7428279842242022,0.0,13138191.0,985342.0,0.0,14123533.0,14303960.0,3845833.0,19451.0,-13582928.0,-19.360455884637698,-13602379.0,-19.38818040967472,-581912.0,-18030124.0,-25.699276348703854,0.0,-18030124.0,-25.699276348703854,-0.34,-0.34,53151429,53151429,https://www.sec.gov/Archives/edgar/data/1589149/000072174817000211/0000721748-17-000211-index.html,https://www.sec.gov/Archives/edgar/data/1589149/000072174817000211/msrt10k032217.htm,1620595346,17:22:26,20210509
5,2015-12-31,MSRT,USD,2016-03-30 00:00:00,2016-03-30 17:30:07,FY,213963.0,57611.0,156352.0,0.7307431658744736,0.0,5563679.0,717773.0,0.0,6281452.0,6339063.0,4381.0,10174.0,-6114926.0,-28.579361852282872,-6125100.0,-28.62691212966728,-2343417.0,-8472898.0,-39.59982800764618,0.0,-8472898.0,-39.59982800764618,-0.19,-0.19,43834157,43834157,https://www.sec.gov/Archives/edgar/data/1589149/000072174816001131/0000721748-16-001131-index.html,https://www.sec.gov/Archives/edgar/data/1589149/000072174816001131/mrst10k033016.htm,1620595346,17:22:26,20210509
6,2014-12-31,MSRT,USD,2015-04-01 00:00:00,2015-03-31 17:34:10,FY,9030.0,690.0,8340.0,0.9235880398671097,0.0,1431566.0,0.0,0.0,1433365.0,1434055.0,8316.0,1799.0,-1423226.0,-157.6108527131783,-1425025.0,-157.81007751937983,-1002801.0,-2436142.0,-269.7831672203765,0.0,-2436142.0,-269.7831672203765,-0.17,-0.17,14375222,14375222,https://www.sec.gov/Archives/edgar/data/1589149/000072174815000192/0000721748-15-000192-index.html,https://www.sec.gov/Archives/edgar/data/1589149/000072174815000192/mrst10k033115.htm,1620595346,17:22:26,20210509
7,2013-12-31,MSRT,USD,2013-12-31,2013-12-31,FY,0.0,0.0,0.0,0.0,30000.0,880000.0,0.0,0.0,920000.0,920000.0,0.0,0.0,-920000.0,0.0,-920000.0,0.0,0.0,-920000.0,0.0,0.0,-920000.0,0.0,-0.02003,-0.02003,45930000,45930000,,,1620595346,17:22:26,20210509
