,date,symbol,reportedCurrency,fillingDate,acceptedDate,period,revenue,costOfRevenue,grossProfit,grossProfitRatio,researchAndDevelopmentExpenses,generalAndAdministrativeExpenses,sellingAndMarketingExpenses,otherExpenses,operatingExpenses,costAndExpenses,interestExpense,depreciationAndAmortization,ebitda,ebitdaratio,operatingIncome,operatingIncomeRatio,totalOtherIncomeExpensesNet,incomeBeforeTax,incomeBeforeTaxRatio,incomeTaxExpense,netIncome,netIncomeRatio,eps,epsdiluted,weightedAverageShsOut,weightedAverageShsOutDil,link,finalLink,timestamp,est_time,est_date
0,2020-09-30,PBIP,USD,2020-12-18,2020-12-18 17:06:57,FY,30905000.0,0.0,42227000.0,1.3663484872997897,0.0,11366000.0,186000.0,0.0,0.0,0.0,19425000.0,592000.0,11747000.0,0.3801003073936256,11155000.0,0.3609448309335059,0.0,11155000.0,0.3609448309335059,1600000.0,9555000.0,0.3091732729331823,1.092859424651546,1.092859424651546,8233640.0,8233640.0,https://www.sec.gov/Archives/edgar/data/1578776/000155837020014473/0001558370-20-014473-index.htm,https://www.sec.gov/Archives/edgar/data/1578776/000155837020014473/pbip-20200930x10k.htm,1620596364,17:39:24,20210509
1,2019-09-30,PBIP,USD,2019-12-16 00:00:00,2019-12-16 15:21:44,FY,27845000.0,0.0,0.0,0.0,0.0,10373000.0,279000.0,0.0,35000000.0,0.0,19289000.0,742000.0,0.0,0.0,0.0,0.4194648949542108,0.0,11680000.0,0.4194648949542108,2150000.0,9530000.0,0.3422517507631532,1.09,1.07,8743119.0,8906542.0,https://www.sec.gov/Archives/edgar/data/1578776/000110465919072989/0001104659-19-072989-index.html,https://www.sec.gov/Archives/edgar/data/1578776/000110465919072989/tm1919826-1_10k.htm,1620596364,17:39:24,20210509
2,2018-09-30,PBIP,USD,2018-12-14 00:00:00,2018-12-14 14:55:08,FY,27214000.0,0.0,0.0,0.0,0.0,9518000.0,246000.0,0.0,27000000.0,0.0,10137000.0,763000.0,0.0,0.0,0.0,0.3955684574116264,0.0,10765000.0,0.3955684574116264,3701000.0,7064000.0,0.2595722789740575,0.8,0.78,8830000.0,9056410.0,https://www.sec.gov/Archives/edgar/data/1578776/000114420418064623/0001144204-18-064623-index.html,https://www.sec.gov/Archives/edgar/data/1578776/000114420418064623/tv508715_10k.htm,1620596364,17:39:24,20210509
3,2017-09-30,PBIP,USD,2017-12-14 00:00:00,2017-12-14 16:35:01,FY,23275000.0,0.0,0.0,0.0,0.0,8609000.0,214000.0,0.0,22000000.0,0.0,5266000.0,665000.0,0.0,0.0,0.0,0.15978517722878624,0.0,3719000.0,0.15978517722878624,941000.0,2778000.0,0.11935553168635875,0.33,0.32,8418182.0,8681250.0,https://www.sec.gov/Archives/edgar/data/1578776/000114420417063743/0001144204-17-063743-index.html,https://www.sec.gov/Archives/edgar/data/1578776/000114420417063743/tv481053_10k.htm,1620596364,17:39:24,20210509
4,2016-09-30,PBIP,USD,2016-12-14 00:00:00,2016-12-14 16:11:53,FY,15494000.0,0.0,0.0,0.0,0.0,7794000.0,103000.0,0.0,15000000.0,0.0,3326000.0,325000.0,0.0,0.0,0.0,0.2568090873886666,0.0,3979000.0,0.2568090873886666,1259000.0,2720000.0,0.17555182651348908,0.37,0.36,7351351.0,7555556.0,https://www.sec.gov/Archives/edgar/data/1578776/000157104916020649/0001571049-16-020649-index.html,https://www.sec.gov/Archives/edgar/data/1578776/000157104916020649/t1600788_10k.htm,1620596364,17:39:24,20210509
5,2015-09-30,PBIP,USD,2015-12-14 00:00:00,2015-12-14 14:05:28,FY,16258000.0,0.0,0.0,0.0,0.0,9077000.0,165000.0,0.0,0.0,0.0,3430000.0,304000.0,0.0,0.0,0.0,0.14442120802066674,0.0,2348000.0,0.14442120802066674,116000.0,2232000.0,0.13728625907245665,0.27,0.27,8266667.0,8266667.0,https://www.sec.gov/Archives/edgar/data/1578776/000157104915009946/0001571049-15-009946-index.html,https://www.sec.gov/Archives/edgar/data/1578776/000157104915009946/t83793_10k.htm,1620596364,17:39:24,20210509
6,2014-09-30,PBIP,USD,2014-12-15 00:00:00,2014-12-15 16:44:11,FY,14175000.0,0.0,0.0,0.0,0.0,7394000.0,186000.0,0.0,0.0,0.0,3401000.0,320000.0,0.0,0.0,0.0,0.1742504409171076,0.0,2470000.0,0.1742504409171076,690000.0,1780000.0,0.1255731922398589,0.2,0.19,8900000.0,9368421.0,https://www.sec.gov/Archives/edgar/data/1578776/000157104914007246/0001571049-14-007246-index.html,https://www.sec.gov/Archives/edgar/data/1578776/000157104914007246/t80972_10k.htm,1620596364,17:39:24,20210509
7,2013-09-30,PBIP,USD,2013-12-20 00:00:00,2013-12-20 14:21:21,FY,14203000.0,0.0,0.0,0.0,0.0,7187000.0,0.0,0.0,0.0,0.0,4344000.0,337000.0,0.0,0.0,0.0,0.24311765120045062,0.0,3453000.0,0.24311765120045062,1698000.0,1755000.0,0.12356544392029853,0.18,0.18,9657507.0,9657507.0,https://www.sec.gov/Archives/edgar/data/1578776/000118811213003592/0001188112-13-003592-index.html,https://www.sec.gov/Archives/edgar/data/1578776/000118811213003592/t77965_10k.htm,1620596364,17:39:24,20210509
8,2012-09-30,PBIP,USD,2012-09-30,2012-09-30,FY,16422000.0,0.0,0.0,0.0,0.0,7738000.0,0.0,154000.0,0.0,0.0,5779000.0,345000.0,0.0,0.0,0.0,0.23596395079771038,0.0,3875000.0,0.23596395079771038,1282000.0,2593000.0,0.1578979417854098,0.27,0.27,9603704.0,9603704.0,,,1620596364,17:39:24,20210509
9,2011-09-30,PBIP,USD,2011-09-30,2011-09-30,FY,15730000.0,0.0,0.0,0.0,0.0,7504000.0,0.0,204000.0,0.0,0.0,7097000.0,342000.0,0.0,0.0,0.0,-0.006357279084551812,0.0,-100000.0,-0.006357279084551812,-212000.0,112000.0,0.007120152574698029,0.01,0.01,11200000.0,11200000.0,,,1620596364,17:39:24,20210509
10,2010-09-30,PBIP,USD,2010-09-30,2010-09-30,FY,16640000.0,0.0,0.0,0.0,0.0,7319000.0,0.0,560000.0,0.0,0.0,9416000.0,355000.0,0.0,0.0,0.0,0.25096153846153846,0.0,4176000.0,0.25096153846153846,1046000.0,3130000.0,0.18810096153846154,0.33,0.32,9484848.0,9781250.0,,,1620596364,17:39:24,20210509
11,2009-09-30,PBIP,USD,2009-09-30,2009-09-30,FY,15273000.0,0.0,0.0,0.0,0.0,6611000.0,0.0,3281000.0,0.0,0.0,12942000.0,328000.0,0.0,0.0,0.0,-0.03116611012898579,0.0,-476000.0,-0.03116611012898579,350000.0,-826000.0,-0.054082367576769465,-0.08,-0.08,10325000.0,10325000.0,,,1620596364,17:39:24,20210509
12,2008-09-30,PBIP,USD,2008-09-30,2008-09-30,FY,6469000.0,0.0,0.0,0.0,0.0,4342000.0,0.0,0.0,0.0,0.0,14654000.0,336000.0,0.0,0.0,0.0,-0.5240377183490493,0.0,-3390000.0,-0.5240377183490493,755000.0,-4145000.0,-0.6407481836450765,-0.38,-0.38,10832957.0,10832957.0,,,1620596364,17:39:24,20210509
13,2007-09-30,PBIP,USD,2007-09-30,2007-09-30,FY,13169000.0,0.0,0.0,0.0,0.0,4536000.0,0.0,0.0,0.0,0.0,14784000.0,205000.0,0.0,0.0,0.0,0.36327739387956565,0.0,4784000.0,0.36327739387956565,1387000.0,3397000.0,0.2579542865821247,0.3,0.3,11323333.0,11323333.0,,,1620596364,17:39:24,20210509
14,2006-09-30,PBIP,USD,2006-09-30,2006-09-30,FY,13545057.0,0.0,0.0,0.0,0.0,4465450.0,0.0,0.0,0.0,0.0,11934976.0,196072.0,0.0,0.0,0.0,0.41417167901176055,0.0,5609979.0,0.41417167901176055,1773074.0,3836905.0,0.2832697566352065,0.32,0.32,11990328.0,11990328.0,,,1620596364,17:39:24,20210509
15,2005-09-30,PBIP,USD,2005-09-30,2005-09-30,FY,12347484.0,0.0,0.0,0.0,0.0,4060405.0,0.0,0.0,0.0,0.0,9297149.0,127566.0,0.0,0.0,0.0,0.4274559902244052,0.0,5278006.0,0.4274559902244052,1886431.0,3391575.0,0.2746774160630619,0.15,0.15,12497450.0,12497450.0,,,1620596364,17:39:24,20210509
16,2004-09-30,PBIP,USD,2004-09-30,2004-09-30,FY,11092045.0,0.0,0.0,0.0,0.0,3150555.0,0.0,0.0,0.0,0.0,9001964.0,17414.0,0.0,0.0,0.0,0.33532265691313007,0.0,3719414.0,0.33532265691313007,1246451.0,2472963.0,0.22294923974794548,0.19,0.19,13015595.0,13015595.0,,,1620596364,17:39:24,20210509
17,2003-09-30,PBIP,USD,2003-09-30,2003-09-30,FY,921869.0,0.0,0.0,0.0,0.0,2934138.0,0.0,0.0,0.0,0.0,9707519.0,-102622.0,0.0,0.0,0.0,3.9277565467544737,0.0,3620877.0,3.9277565467544737,1252984.0,2367893.0,2.568578615833703,0.181927,0.181927,13015595.0,13015595.0,,,1620596364,17:39:24,20210509
18,2002-09-30,PBIP,USD,2002-09-30,2002-09-30,FY,763000.0,0.0,0.0,0.0,0.0,0.0,0.0,0.0,0.0,0.0,10365000.0,0.0,0.0,0.0,0.0,5.10091743119266,0.0,3892000.0,5.10091743119266,-1398000.0,2494000.0,3.26867627785059,0.191616,0.191616,13015595.0,13015595.0,,,1620596364,17:39:24,20210509
19,2001-09-30,PBIP,USD,2001-09-30,2001-09-30,FY,605000.0,0.0,0.0,0.0,0.0,0.0,0.0,0.0,0.0,0.0,11658000.0,0.0,0.0,0.0,0.0,4.487603305785124,0.0,2715000.0,4.487603305785124,0.0,1772000.0,2.9289256198347107,0.136144,0.136144,13015595.0,13015595.0,,,1620596364,17:39:24,20210509
20,2000-09-30,PBIP,USD,2000-09-30,2000-09-30,FY,2148000.0,0.0,0.0,0.0,0.0,0.0,0.0,0.0,0.0,0.0,11002000.0,0.0,0.0,0.0,0.0,1.9027001862197392,0.0,4087000.0,1.9027001862197392,0.0,2643000.0,1.2304469273743017,0.203064,0.203064,13015595.0,13015595.0,,,1620596364,17:39:24,20210509
