,date,symbol,reportedCurrency,fillingDate,acceptedDate,period,revenue,costOfRevenue,grossProfit,grossProfitRatio,researchAndDevelopmentExpenses,generalAndAdministrativeExpenses,sellingAndMarketingExpenses,otherExpenses,operatingExpenses,costAndExpenses,interestExpense,depreciationAndAmortization,ebitda,ebitdaratio,operatingIncome,operatingIncomeRatio,totalOtherIncomeExpensesNet,incomeBeforeTax,incomeBeforeTaxRatio,incomeTaxExpense,netIncome,netIncomeRatio,eps,epsdiluted,weightedAverageShsOut,weightedAverageShsOutDil,link,finalLink,timestamp,est_time,est_date
0,2021-03-31,SIS.NS,INR,2021-03-31,2021-03-31,FY,91273040000,800540000,90472500000,0.9912291734777323,0.0,0.0,0.0,4777940000.0,0.0,87195540000,1272500000,1130300000,5207800000,0.05705737422572974,4077500000,0.05287366346075468,0.0,4825940000,0.05287366346075468,1153840000,3672100000,0.04023203346793314,24.85,24.73,147770624,148487667,https://www.nseindia.com/companies-listing/corporate-filings-annual-reports,https://www.nseindia.com/companies-listing/corporate-filings-annual-reports,1620597948,18:05:48,20210509
1,2020-03-31,SIS.NS,INR,2020-03-31,2020-03-31,FY,84851660000,832320000,84019340000,0.9901908813569469,0.0,8597950000.0,56150000.0,0.0,79987670000.0,80819990000,1460050000,1283410000,5315080000,0.06263967021976942,4031670000,0.047514332660079955,0.0,2890710000,0.03406780727684055,636180000,2254610000,0.02657119495364027,15.38,15.13,146636099,148969024,https://www.nseindia.com/companies-listing/corporate-filings-annual-reports,https://www.nseindia.com/companies-listing/corporate-filings-annual-reports,1620597948,18:05:48,20210509
2,2019-03-31,SIS.NS,INR,2019-03-31,2019-03-31,FY,70932730000,626450000,70306280000,0.9911683929266504,0.0,7888750000.0,54570000.0,-5520000.0,67184650000.0,67811100000,884750000,659510000,3781140000,0.05330599851436706,3121630000,0.04400831604817691,0.0,2095250000,0.029538550116427212,-51540000,2158170000,0.030425587736437044,14.74,14.505,146502268,148897322,https://www.nseindia.com/companies-listing/corporate-filings-annual-reports,https://www.nseindia.com/companies-listing/corporate-filings-annual-reports,1620597948,18:05:48,20210509
3,2018-03-31,SIS.NS,INR,2018-03-31,2018-03-31,FY,58333730000,362770000,57970960000,0.9937811280026153,0.0,6265510000.0,47630000.0,710000.0,55387500000.0,55750270000,848180000,559730000,3143190000,0.053882890739200114,2583460000,0.044287584558710714,0.0,1874310000,0.032130810081920015,244030000,1620670000,0.027782725363181816,11.385,11.18,143196146,145823364,https://www.nseindia.com/companies-listing/corporate-filings-annual-reports,https://www.nseindia.com/companies-listing/corporate-filings-annual-reports,1620597948,18:05:48,20210509
4,2017-03-31,SIS.NS,INR,2017-03-31,2017-03-31,FY,51192720000,218960000,50973760000,0.9957228293397967,0.0,0.0,0.0,119780000.0,48917270000.0,49136230000,876580000,555450000,2611940000,0.051021707774074124,2056490000,0.040171532202235,0.0,1299700000,0.025388375534646332,287320000,934710000,0.01825865083941623,6.388206,6.388206,146318070,146318070,https://www.nseindia.com/companies-listing/corporate-filings-annual-reports,https://www.nseindia.com/companies-listing/corporate-filings-annual-reports,1620597948,18:05:48,20210509
5,2016-03-31,SIS.NS,INR,2016-03-31,2016-03-31,FY,38362220000,3017890000,35344330000,0.9213317164647927,0.0,1268330000.0,35860000.0,150000.0,33783210000.0,36801100000,437210000,431570000,1992690000,0.05194407414378,1561120000,0.04069420382866268,0.0,942030000,0.02455619096079424,296310000,757300000,0.01974077621159568,5.613931,5.525939,134896552,146318070,https://www.nseindia.com/companies-listing/corporate-filings-annual-reports,https://www.nseindia.com/companies-listing/corporate-filings-annual-reports,1620597948,18:05:48,20210509
6,2015-03-31,SIS.NS,INR,2015-03-31,2015-03-31,FY,35506280000,2834870000,32671410000,0.9201586310928658,0.0,1137560000.0,38980000.0,12620000.0,31350490000.0,34185360000,355300000,454360000,1775280000,0.04999904242291786,1320920000,0.0372024329217254,0.0,815660000,0.02297227420050763,330850000,626790000,0.0176529335092271,4.646449,4.573621,134896552,146318070,https://www.nseindia.com/companies-listing/corporate-filings-annual-reports,https://www.nseindia.com/companies-listing/corporate-filings-annual-reports,1620597948,18:05:48,20210509
7,2014-03-31,SIS.NS,INR,2014-03-31,2014-03-31,FY,30976560000,2243460000,28733100000,0.9275755603591878,0.0,998500000.0,46300000.0,13130000.0,27413070000.0,29656530000,227540000,305240000,1625270000,0.05246773689525241,1320030000,0.04261383446063733,0.0,1024020000,0.03305789926318481,369680000,686610000,0.02216546963252214,5.0899,5.010121,134896552,146318070,https://www.nseindia.com/companies-listing/corporate-filings-annual-reports,https://www.nseindia.com/companies-listing/corporate-filings-annual-reports,1620597948,18:05:48,20210509
8,2013-03-31,SIS.NS,INR,2013-03-31,2013-03-31,FY,26436860000,1839550000,24597310000,0.9304172280671759,0.0,954920000.0,46110000.0,-30000.0,23490300000.0,25329850000,290810000,255300000,1362310000,0.05153070372200027,1107010000,0.04187373235701971,0.0,829340000,0.03137059393589103,285790000,571520000,0.02161830111442887,4.236728,4.170322,134896552,146318070,https://www.nseindia.com/companies-listing/corporate-filings-annual-reports,https://www.nseindia.com/companies-listing/corporate-filings-annual-reports,1620597948,18:05:48,20210509
