,date,symbol,reportedCurrency,fillingDate,acceptedDate,period,revenue,costOfRevenue,grossProfit,grossProfitRatio,researchAndDevelopmentExpenses,generalAndAdministrativeExpenses,sellingAndMarketingExpenses,otherExpenses,operatingExpenses,costAndExpenses,interestExpense,depreciationAndAmortization,ebitda,ebitdaratio,operatingIncome,operatingIncomeRatio,totalOtherIncomeExpensesNet,incomeBeforeTax,incomeBeforeTaxRatio,incomeTaxExpense,netIncome,netIncomeRatio,eps,epsdiluted,weightedAverageShsOut,weightedAverageShsOutDil,link,finalLink,timestamp,est_time,est_date
0,2020-12-31,MXCT.L,USD,2020-12-31,2020-12-31,FY,26168900.0,2767000.0,23401900.0,0.8942638016882636,17744300.0,8385600.0,8328700.0,0.0,0.0,37225600.0,825600.0,1047700.0,-10009000.0,-0.38247690961408387,-11056700.0,-0.4515436262127946,0.0,-11816400.0,-0.4515436262127946,0.0,-11816400.0,-0.4515436262127946,-0.17,-0.17,69464751,69464751,https://find-and-update.company-information.service.gov.uk/search/companies?q=MaxCyte+Inc,https://find-and-update.company-information.service.gov.uk/search/companies?q=MaxCyte+Inc,1620595448,17:24:08,20210509
1,2019-12-31,MXCT.L,USD,2019-12-31,2019-12-31,FY,21620700.0,2499200.0,19121500.0,0.8844070728514803,17601200.0,6088200.0,7852100.0,0.0,31541500.0,34040700.0,681100.0,613500.0,-11806500.0,-0.5460739014000472,-12420000.0,-0.5744494859093369,0.0,-12895000.0,-0.5964191723672222,0.0,-12895000.0,-0.5964191723672222,-0.23,-0.23,56397524,56397524,https://find-and-update.company-information.service.gov.uk/search/companies?q=MaxCyte+Inc,https://find-and-update.company-information.service.gov.uk/search/companies?q=MaxCyte+Inc,1620595448,17:24:08,20210509
2,2018-12-31,MXCT.L,USD,2018-12-31,2018-12-31,FY,16667000.0,1840000.0,14827000.0,0.8896022079558409,11244000.0,5284200.0,6723700.0,0.0,23251900.0,25091900.0,614600.0,344000.0,-8080900.0,-0.4848443031139377,-8424900.0,-0.5054838903221935,0.0,-8869200.0,-0.5321413571728565,0.0,-8869200.0,-0.5321413571728565,-0.17,-0.17,51182402,51182402,https://find-and-update.company-information.service.gov.uk/search/companies?q=MaxCyte+Inc,https://find-and-update.company-information.service.gov.uk/search/companies?q=MaxCyte+Inc,1620595448,17:24:08,20210509
3,2017-12-31,MXCT.L,USD,2017-12-31,2017-12-31,FY,13985000.0,1453100.0,12531900.0,0.8960958169467287,11284800.0,4522100.0,6016700.0,0.0,21823600.0,23276700.0,625300.0,142900.0,-9148800.0,-0.6541866285305684,-9291700.0,-0.6644047193421523,0.0,-9917000.0,-0.7091169109760458,0.0,-9917000.0,-0.7091169109760458,-0.2,-0.2,48642926,48642926,https://find-and-update.company-information.service.gov.uk/search/companies?q=MaxCyte+Inc,https://find-and-update.company-information.service.gov.uk/search/companies?q=MaxCyte+Inc,1620595448,17:24:08,20210509
4,2016-12-31,MXCT.L,USD,2016-12-31,2016-12-31,FY,12269500.0,1307600.0,10961900.0,0.8934267900077427,4696400.0,4204700.0,4784200.0,15700.0,13685300.0,14992900.0,637800.0,105700.0,-2617700.0,-0.21335017726883737,-2723400.0,-0.22196503525001018,0.0,-3345500.0,-0.2726679978809242,0.0,-3345500.0,-0.2726679978809242,-0.11,-0.11,33515664,33515664,https://find-and-update.company-information.service.gov.uk/search/companies?q=MaxCyte+Inc,https://find-and-update.company-information.service.gov.uk/search/companies?q=MaxCyte+Inc,1620595448,17:24:08,20210509
5,2015-12-31,MXCT.L,USD,2015-12-31,2015-12-31,FY,9290300.0,1031800.0,8258500.0,0.8889379245018998,3008100.0,2667100.0,3344400.0,20000.0,9019600.0,10051400.0,704400.0,93300.0,-667800.0,-0.07188142471179618,-761100.0,-0.08192415745454937,0.0,-1445500.0,-0.15559239206484182,0.0,-1445500.0,-0.15559239206484182,-0.080931,-0.080931,43470461,43470461,https://find-and-update.company-information.service.gov.uk/search/companies?q=MaxCyte+Inc,https://find-and-update.company-information.service.gov.uk/search/companies?q=MaxCyte+Inc,1620595448,17:24:08,20210509
6,2014-12-31,MXCT.L,USD,2014-12-31,2014-12-31,FY,7164400.0,957500.0,6206900.0,0.866353079113394,2490200.0,2468200.0,2524200.0,0.0,7482600.0,8440100.0,561300.0,92000.0,-1183700.0,-0.16521969739266373,-1275700.0,-0.17806096812014963,0.0,-1837000.0,-0.2564066774607783,0.0,-1837000.0,-0.2564066774607783,-0.145002,-0.145002,43470461,43470461,https://find-and-update.company-information.service.gov.uk/search/companies?q=MaxCyte+Inc,https://find-and-update.company-information.service.gov.uk/search/companies?q=MaxCyte+Inc,1620595448,17:24:08,20210509
7,2013-12-31,MXCT.L,USD,2013-12-31,2013-12-31,FY,6805000.0,808600.0,5996400.0,0.8811756061719324,2215500.0,2211600.0,2374000.0,0.0,6801100.0,7609700.0,153500.0,116400.0,-688300.0,-0.10114621601763409,-804700.0,-0.11825128581925055,0.0,-958200.0,-0.14080822924320352,0.0,-958200.0,-0.14080822924320352,-0.065741,-0.065741,43470461,43470461,https://find-and-update.company-information.service.gov.uk/search/companies?q=MaxCyte+Inc,https://find-and-update.company-information.service.gov.uk/search/companies?q=MaxCyte+Inc,1620595448,17:24:08,20210509
8,2012-12-31,MXCT.L,USD,2012-12-31,2012-12-31,FY,5059500.0,830400.0,4229100.0,0.8358731099911059,2206800.0,2021600.0,1963200.0,0.0,6191600.0,7022000.0,61700.0,115200.0,-1847300.0,-0.3651151299535527,-1962500.0,-0.38788417827848604,0.0,-1988400.0,-0.3930032611918174,0.0,-1988400.0,-0.3930032611918174,-0.089532,-0.089532,43470461,43470461,https://find-and-update.company-information.service.gov.uk/search/companies?q=MaxCyte+Inc,https://find-and-update.company-information.service.gov.uk/search/companies?q=MaxCyte+Inc,1620595448,17:24:08,20210509
