,date,symbol,reportedCurrency,fillingDate,acceptedDate,period,revenue,costOfRevenue,grossProfit,grossProfitRatio,researchAndDevelopmentExpenses,generalAndAdministrativeExpenses,sellingAndMarketingExpenses,otherExpenses,operatingExpenses,costAndExpenses,interestExpense,depreciationAndAmortization,ebitda,ebitdaratio,operatingIncome,operatingIncomeRatio,totalOtherIncomeExpensesNet,incomeBeforeTax,incomeBeforeTaxRatio,incomeTaxExpense,netIncome,netIncomeRatio,eps,epsdiluted,weightedAverageShsOut,weightedAverageShsOutDil,link,finalLink,timestamp,est_time,est_date
0,2020-10-31,ARDN.L,GBP,2020-10-31,2020-10-31,FY,5929000.0,0.0,0.0,0.0,0.0,7105000.0,0.0,0.0,0.0,7315000.0,14000.0,403000.0,-983000.0,-0.16579524371732163,-1386000.0,-0.23376623376623376,0.0,-1356000.0,-0.22870635857648844,2000.0,-1358000.0,-0.22904368358913813,-0.04716247392389248,-0.04716247392389248,28794079.0,28794079.0,https://find-and-update.company-information.service.gov.uk/search/companies?q=Arden+Partners+PLC,https://find-and-update.company-information.service.gov.uk/search/companies?q=Arden+Partners+PLC,1620588697,15:31:37,20210509
1,2019-10-31,ARDN.L,GBP,2019-10-31,2019-10-31,FY,6627000.0,0.0,0.0,0.0,0.0,2608000.0,0.0,0.0,8729000.0,8729000.0,0.0,71000.0,-2031000.0,-0.30647351742870077,-2102000.0,-0.3171872642221216,0.0,-2558000.0,-0.38599668024747247,2000.0,-2560000.0,-0.38629847593179417,-0.08890716733811836,-0.0887461739479089,28794079.0,28846314.0,https://find-and-update.company-information.service.gov.uk/search/companies?q=Arden+Partners+PLC,https://find-and-update.company-information.service.gov.uk/search/companies?q=Arden+Partners+PLC,1620588697,15:31:37,20210509
2,2018-10-31,ARDN.L,GBP,2018-10-31,2018-10-31,FY,7366000.0,0.0,0.0,0.0,0.0,10204000.0,0.0,0.0,10204000.0,10204000.0,0.0,36000.0,-2802000.0,-0.3803964159652457,-2838000.0,-0.38528373608471356,0.0,-2790000.0,-0.37876730925875646,31000.0,-2821000.0,-0.38297583491718706,-0.09551782682282788,-0.09478423935328724,29533754.0,29762332.0,https://find-and-update.company-information.service.gov.uk/search/companies?q=Arden+Partners+PLC,https://find-and-update.company-information.service.gov.uk/search/companies?q=Arden+Partners+PLC,1620588697,15:31:37,20210509
3,2017-10-31,ARDN.L,GBP,2017-10-31,2017-10-31,FY,10477000.0,0.0,0.0,0.0,0.0,9741000.0,0.0,0.0,9741000.0,9741000.0,23000.0,21000.0,757000.0,0.07225350768349718,736000.0,0.07024911711367758,0.0,747000.0,0.07129903598358309,15000.0,732000.0,0.06986732843371193,0.033,0.032,22188366.0,22595261.0,https://find-and-update.company-information.service.gov.uk/search/companies?q=Arden+Partners+PLC,https://find-and-update.company-information.service.gov.uk/search/companies?q=Arden+Partners+PLC,1620588697,15:31:37,20210509
4,2016-10-31,ARDN.L,GBP,2016-10-31,2016-10-31,FY,5857000.0,0.0,0.0,0.0,0.0,6323000.0,0.0,0.0,6323000.0,6323000.0,3000.0,23000.0,-443000.0,-0.07563599112173468,-466000.0,-0.07956291616868705,0.0,-429000.0,-0.07324568891924194,41000.0,-470000.0,-0.08024585965511354,-2.5087807325639737,-2.43831579821121,187342.0,192756.0,https://find-and-update.company-information.service.gov.uk/search/companies?q=Arden+Partners+PLC,https://find-and-update.company-information.service.gov.uk/search/companies?q=Arden+Partners+PLC,1620588697,15:31:37,20210509
5,2015-10-31,ARDN.L,GBP,2015-10-31,2015-10-31,FY,5486000.0,0.0,0.0,0.0,0.0,7646000.0,0.0,0.0,7646000.0,7646000.0,2000.0,25000.0,-2135000.0,-0.3891724389354721,-2160000.0,-0.3937294932555596,0.0,-2097000.0,-0.3822457163689391,0.0,-2097000.0,-0.3822457163689391,-10.875089458890399,-10.420911394921234,192826.0,201230.0,https://find-and-update.company-information.service.gov.uk/search/companies?q=Arden+Partners+PLC,https://find-and-update.company-information.service.gov.uk/search/companies?q=Arden+Partners+PLC,1620588697,15:31:37,20210509
6,2014-10-31,ARDN.L,GBP,2014-10-31,2014-10-31,FY,7955000.0,0.0,0.0,0.0,0.0,7936000.0,0.0,0.0,7936000.0,7936000.0,5000.0,82000.0,101000.0,0.012696417347580138,19000.0,0.0023884349465744816,0.0,75000.0,0.009428032683846637,-40000.0,115000.0,0.014456316781898177,0.5523986108375804,0.5238917411883687,208183.0,219511.0,https://find-and-update.company-information.service.gov.uk/search/companies?q=Arden+Partners+PLC,https://find-and-update.company-information.service.gov.uk/search/companies?q=Arden+Partners+PLC,1620588697,15:31:37,20210509
7,2013-10-31,ARDN.L,GBP,2013-10-31,2013-10-31,FY,10103000.0,0.0,0.0,0.0,0.0,8829000.0,0.0,0.0,8829000.0,8829000.0,4000.0,123000.0,1397000.0,0.13827575967534395,1274000.0,0.12610115807185984,0.0,1341000.0,0.13273285162822923,351000.0,990000.0,0.09799069583292092,0.047,0.045,21008130.0,21748860.0,https://find-and-update.company-information.service.gov.uk/search/companies?q=Arden+Partners+PLC,https://find-and-update.company-information.service.gov.uk/search/companies?q=Arden+Partners+PLC,1620588697,15:31:37,20210509
8,2012-10-31,ARDN.L,GBP,2012-10-31,2012-10-31,FY,9785000.0,0.0,9785000.0,1.0,0.0,9634000.0,0.0,60000.0,9634000.0,9634000.0,4000.0,249000.0,400000.0,0.040878896269800714,151000.0,0.01543178334184977,0.0,211000.0,0.021563617782319876,70000.0,141000.0,0.014409810935104753,0.005938943866239821,0.005710031711734273,23741595.0,24693383.0,https://find-and-update.company-information.service.gov.uk/search/companies?q=Arden+Partners+PLC,https://find-and-update.company-information.service.gov.uk/search/companies?q=Arden+Partners+PLC,1620588697,15:31:37,20210509
9,2011-10-31,ARDN.L,GBP,2011-10-31,2011-10-31,FY,12381000.0,0.0,0.0,0.0,0.0,11826000.0,0.0,0.0,11703000.0,11703000.0,3000.0,214000.0,892000.0,0.0720458767466279,678000.0,0.054761327841046765,0.0,612000.0,0.04943057911315726,106000.0,506000.0,0.04086907358048623,0.022,0.02,23354081.0,25175225.0,https://find-and-update.company-information.service.gov.uk/search/companies?q=Arden+Partners+PLC,https://find-and-update.company-information.service.gov.uk/search/companies?q=Arden+Partners+PLC,1620588697,15:31:37,20210509
10,2010-10-31,ARDN.L,GBP,2010-10-31,2010-10-31,FY,13046000.0,0.0,0.0,0.0,0.0,5922000.0,0.0,0.0,12895000.0,12895000.0,9000.0,236000.0,387000.0,0.0296642649087843,151000.0,0.011574428943737544,0.0,-512000.0,-0.03924574582247432,519000.0,-1031000.0,-0.07902805457611528,-0.042011589901522144,-0.03731026904901842,24540847.0,27633143.0,https://find-and-update.company-information.service.gov.uk/search/companies?q=Arden+Partners+PLC,https://find-and-update.company-information.service.gov.uk/search/companies?q=Arden+Partners+PLC,1620588697,15:31:37,20210509
11,2009-10-31,ARDN.L,GBP,2009-10-31,2009-10-31,FY,13059000.0,0.0,0.0,0.0,0.0,11622000.0,0.0,0.0,11647000.0,11647000.0,1000.0,256000.0,1668000.0,0.127728003675626,1412000.0,0.10812466498200475,0.0,1522000.0,0.11654797457692014,276000.0,1246000.0,0.09541312504785972,0.051,0.048,24209343.0,26037448.0,https://find-and-update.company-information.service.gov.uk/search/companies?q=Arden+Partners+PLC,https://find-and-update.company-information.service.gov.uk/search/companies?q=Arden+Partners+PLC,1620588697,15:31:37,20210509
12,2008-10-31,ARDN.L,GBP,2008-10-31,2008-10-31,FY,11431000.0,0.0,0.0,0.0,0.0,4152000.0,0.0,0.0,10357000.0,10357000.0,0.0,278000.0,1352000.0,0.11827486659084945,1074000.0,0.09395503455515702,0.0,1399000.0,0.12238649287026507,652000.0,747000.0,0.06534861341964833,0.031,0.028,24032272.0,26372800.0,https://find-and-update.company-information.service.gov.uk/search/companies?q=Arden+Partners+PLC,https://find-and-update.company-information.service.gov.uk/search/companies?q=Arden+Partners+PLC,1620588697,15:31:37,20210509
13,2007-10-31,ARDN.L,GBP,2007-10-31,2007-10-31,FY,16819000.0,0.0,0.0,0.0,0.0,4633000.0,0.0,0.0,11753000.0,11753000.0,3000.0,236000.0,5302000.0,0.31523871811641596,5066000.0,0.3012069683096498,0.0,5206000.0,0.30953088768654496,1717000.0,3489000.0,0.20744396218562342,0.141,0.131,24701872.0,26643691.0,https://find-and-update.company-information.service.gov.uk/search/companies?q=Arden+Partners+PLC,https://find-and-update.company-information.service.gov.uk/search/companies?q=Arden+Partners+PLC,1620588697,15:31:37,20210509
14,2006-10-31,ARDN.L,GBP,2006-10-31,2006-10-31,FY,14274000.0,0.0,0.0,0.0,0.0,9779000.0,0.0,0.0,9779000.0,9779000.0,38000.0,145000.0,4640000.0,0.3250665545747513,4495000.0,0.3149082247442903,0.0,4050000.0,0.2837326607818411,1489000.0,2561000.0,0.17941712204007285,0.11,0.105,23382745.0,24481118.0,https://find-and-update.company-information.service.gov.uk/search/companies?q=Arden+Partners+PLC,https://find-and-update.company-information.service.gov.uk/search/companies?q=Arden+Partners+PLC,1620588697,15:31:37,20210509
15,2005-10-31,ARDN.L,GBP,2005-10-31,2005-10-31,FY,10515000.0,0.0,0.0,0.0,0.0,0.0,0.0,0.0,7609000.0,7609000.0,125000.0,126000.0,3032000.0,0.28834997622444125,2906000.0,0.2763670946267237,0.0,2883000.0,0.27417974322396577,977000.0,1906000.0,0.18126485972420353,0.083,0.083,22850000.0,22850000.0,https://find-and-update.company-information.service.gov.uk/search/companies?q=Arden+Partners+PLC,https://find-and-update.company-information.service.gov.uk/search/companies?q=Arden+Partners+PLC,1620588697,15:31:37,20210509
