,date,symbol,reportedCurrency,fillingDate,acceptedDate,period,revenue,costOfRevenue,grossProfit,grossProfitRatio,researchAndDevelopmentExpenses,generalAndAdministrativeExpenses,sellingAndMarketingExpenses,otherExpenses,operatingExpenses,costAndExpenses,interestExpense,depreciationAndAmortization,ebitda,ebitdaratio,operatingIncome,operatingIncomeRatio,totalOtherIncomeExpensesNet,incomeBeforeTax,incomeBeforeTaxRatio,incomeTaxExpense,netIncome,netIncomeRatio,eps,epsdiluted,weightedAverageShsOut,weightedAverageShsOutDil,link,finalLink,timestamp,est_time,est_date
0,2020-12-31,FBSS,USD,2021-03-26,2021-03-26 16:09:37,FY,32237000,0.0,0.0,0.0,0.0,14912000.0,487000.0,0.0,0.0,0.0,2541000.0,1086000.0,0.0,0.0,0.0,0.21540465924248534,0.0,6944000.0,0.21540465924248534,1067000.0,5877000.0,0.1823060458479387,1.5533967238315955,1.5533967238315955,3783322.0,3783322.0,https://www.sec.gov/Archives/edgar/data/1083643/000156459021015821/0001564590-21-015821-index.htm,https://www.sec.gov/Archives/edgar/data/1083643/000156459021015821/fbss-10k_20201231.htm,1620591962,16:26:02,20210509
1,2019-12-31,FBSS,USD,2020-03-06,2020-03-06 16:22:32,FY,30624000,0.0,0.0,0.0,0.0,15071000.0,648000.0,0.0,27000000.0,0.0,4321000.0,1256000.0,0.0,0.0,0.0,0.2554858934169279,0.0,7824000.0,0.2554858934169279,1004000.0,6820000.0,0.22270114942528735,1.8026485718106997,1.7991314574178296,3783322.0,3790718.0,https://www.sec.gov/Archives/edgar/data/1083643/000156459020009178/0001564590-20-009178-index.htm,https://www.sec.gov/Archives/edgar/data/1083643/000156459020009178/fbss-10k_20191231.htm,1620591962,16:26:02,20210509
2,2018-12-31,FBSS,USD,2019-03-11,2019-03-11 16:00:31,FY,29539000,0.0,0.0,0.0,0.0,13769000.0,610000.0,0.0,26000000.0,0.0,3034000.0,1255000.0,0.0,0.0,0.0,0.2329462744168726,0.0,6881000.0,0.2329462744168726,746000.0,6135000.0,0.20769152645654898,1.63,1.62,3772421.0,3779366.0,https://www.sec.gov/Archives/edgar/data/1083643/000156459019007174/0001564590-19-007174-index.htm,https://www.sec.gov/Archives/edgar/data/1083643/000156459019007174/fbss-10k_20181231.htm,1620591962,16:26:02,20210509
3,2017-12-31,FBSS,USD,2018-03-29,2018-03-29 12:13:40,FY,26739000,0.0,0.0,0.0,0.0,14026000.0,476000.0,0.0,23000000.0,0.0,2049000.0,1337000.0,0.0,0.0,0.0,0.20101724073450764,0.0,5375000.0,0.20101724073450764,2879000.0,2496000.0,0.093346796813643,0.66300279704305,0.6615407857387073,3764690.0,3773010.0,https://www.sec.gov/Archives/edgar/data/1083643/000108364318000009/0001083643-18-000009-index.htm,https://www.sec.gov/Archives/edgar/data/1083643/000108364318000009/form10k.htm,1620591962,16:26:02,20210509
4,2016-12-31,FBSS,USD,2017-03-24,2017-03-24 16:16:37,FY,25028000,0.0,0.0,0.0,0.0,13825000.0,534000.0,0.0,22000000.0,0.0,1843000.0,1450000.0,0.0,0.0,0.0,0.18423365830270097,0.0,4611000.0,0.18423365830270097,937000.0,3674000.0,0.14679558894038677,0.9787527535746187,0.976107678970565,3753757.0,3763929.0,https://www.sec.gov/Archives/edgar/data/1083643/000108364317000011/0001083643-17-000011-index.htm,https://www.sec.gov/Archives/edgar/data/1083643/000108364317000011/form10k.htm,1620591962,16:26:02,20210509
5,2015-12-31,FBSS,USD,2016-03-18,2016-03-18 12:38:31,FY,26150000,0.0,0.0,0.0,0.0,12982000.0,624000.0,0.0,30000000.0,0.0,1763000.0,1421000.0,0.0,0.0,0.0,-0.0778585086042065,0.0,-2036000.0,-0.0778585086042065,-1424000.0,-612000.0,-0.023403441682600383,-0.16351722341342204,-0.16271649336385244,3742725.0,3761143.0,https://www.sec.gov/Archives/edgar/data/1083643/000108364316000051/0001083643-16-000051-index.htm,https://www.sec.gov/Archives/edgar/data/1083643/000108364316000051/form10k.htm,1620591962,16:26:02,20210509
6,2014-12-31,FBSS,USD,2015-03-17,2015-03-17 11:58:38,FY,25993000,0.0,0.0,0.0,0.0,13309000.0,620000.0,0.0,22000000.0,0.0,2365000.0,1288000.0,0.0,0.0,0.0,0.23798715038664256,0.0,6186000.0,0.23798715038664256,1380000.0,4806000.0,0.18489593352056322,1.29,1.28,3728316.0,3747247.0,https://www.sec.gov/Archives/edgar/data/1083643/000108364315000011/0001083643-15-000011-index.htm,https://www.sec.gov/Archives/edgar/data/1083643/000108364315000011/form10k.htm,1620591962,16:26:02,20210509
7,2013-12-31,FBSS,USD,2014-03-20,2014-03-20 15:34:14,FY,26678000,0.0,0.0,0.0,0.0,12551000.0,599000.0,0.0,24000000.0,0.0,2863000.0,1104000.0,0.0,0.0,0.0,0.21635804782967238,0.0,5772000.0,0.21635804782967238,1441000.0,4331000.0,0.16234350401079542,1.17,1.16,3710802.0,3727886.0,https://www.sec.gov/Archives/edgar/data/1083643/000108364314000008/0001083643-14-000008-index.htm,https://www.sec.gov/Archives/edgar/data/1083643/000108364314000008/form10k.htm,1620591962,16:26:02,20210509
8,2012-12-31,FBSS,USD,2013-03-27,2013-03-27 13:21:51,FY,27290000,0.0,0.0,0.0,0.0,11114000.0,692000.0,0.0,29000000.0,0.0,3829000.0,1182000.0,0.0,0.0,0.0,0.08842066691095639,0.0,2413000.0,0.08842066691095639,360000.0,2053000.0,0.07522902161964089,0.5561399283817465,0.5538030597551613,3691517.0,3707094.0,https://www.sec.gov/Archives/edgar/data/1083643/000114036113014127/0001140361-13-014127-index.htm,https://www.sec.gov/Archives/edgar/data/1083643/000114036113014127/form10k.htm,1620591962,16:26:02,20210509
9,2011-12-31,FBSS,USD,2012-03-19,2012-03-19 15:39:52,FY,28538279,0.0,0.0,0.0,0.0,12325169.0,662114.0,189127.0,28000000.0,0.0,5074489.0,1163452.0,0.0,0.0,0.0,0.19457270005665023,0.0,5552770.0,0.19457270005665023,1435355.0,4117415.0,0.14427692013242985,1.1230724623766368,1.1175990951535506,3666206.0,3684161.0,https://www.sec.gov/Archives/edgar/data/1083643/000114036112016480/0001140361-12-016480-index.htm,https://www.sec.gov/Archives/edgar/data/1083643/000114036112016480/form10k.htm,1620591962,16:26:02,20210509
10,2010-12-31,FBSS,USD,2011-03-11,2011-03-11 17:25:13,FY,28315249,0.0,0.0,0.0,0.0,13344203.0,675227.0,1403553.0,28000000.0,0.0,6124086.0,1234425.0,0.0,0.0,0.0,0.16811542077556868,0.0,4760230.0,0.16811542077556868,1092914.0,3667316.0,0.12951734946777266,1.0111110620962245,1.0066445994341646,3627016.0,3643109.0,https://www.sec.gov/Archives/edgar/data/1083643/000114036111016162/0001140361-11-016162-index.htm,https://www.sec.gov/Archives/edgar/data/1083643/000114036111016162/form10k.htm,1620591962,16:26:02,20210509
11,2009-12-31,FBSS,USD,2010-03-15,2010-03-15 14:25:07,FY,26575116,0.0,0.0,0.0,0.0,13223151.0,707160.0,771634.0,28000000.0,0.0,6798980.0,808312.0,0.0,0.0,0.0,0.17209403714361962,0.0,4573419.0,0.17209403714361962,1155941.0,3417478.0,0.1285969175073403,0.9510596974344461,0.9485535125016966,3593337.0,3602831.0,https://www.sec.gov/Archives/edgar/data/1083643/000095012310024590/0000950123-10-024590-index.htm,https://www.sec.gov/Archives/edgar/data/1083643/000095012310024590/w77663e10vk.htm,1620591962,16:26:02,20210509
12,2008-12-31,FBSS,USD,2009-03-16,2009-03-16 08:08:18,FY,25085843,0.0,0.0,0.0,0.0,8266366.0,619908.0,0.0,29000000.0,0.0,9387697.0,909992.0,0.0,0.0,0.0,0.20004765237508662,0.0,5018364.0,0.20004765237508662,1365649.0,3652715.0,0.14560862076670097,1.04,1.03,3525821.0,3557677.0,https://www.sec.gov/Archives/edgar/data/1083643/000095013309000740/0000950133-09-000740-index.htm,https://www.sec.gov/Archives/edgar/data/1083643/000095013309000740/w73112e10vk.htm,1620591962,16:26:02,20210509
13,2007-12-31,FBSS,USD,2008-03-14,2008-03-14 16:24:25,FY,24738686,0.0,0.0,0.0,0.0,9284067.0,548580.0,0.0,30000000.0,0.0,12267715.0,1276108.0,0.0,0.0,0.0,0.2845860932144901,0.0,7040286.0,0.2845860932144901,2086864.0,4953422.0,0.2002297939348921,1.41,1.39,3513065.0,3563613.0,https://www.sec.gov/Archives/edgar/data/1083643/000095013308001076/0000950133-08-001076-index.htm,https://www.sec.gov/Archives/edgar/data/1083643/000095013308001076/w51024e10vk.htm,1620591962,16:26:02,20210509
14,2006-12-31,FBSS,USD,2007-04-02,2007-04-02 08:47:15,FY,25075431,0.0,0.0,0.0,0.0,9051834.0,0.0,0.0,28000000.0,0.0,10901636.0,1446768.0,0.0,0.0,0.0,0.32172077122024345,0.0,8067287.0,0.32172077122024345,2463745.0,5603542.0,0.22346742514615203,1.61,1.56,3480461.0,3592014.0,https://www.sec.gov/Archives/edgar/data/1083643/000095013307001491/0000950133-07-001491-index.htm,https://www.sec.gov/Archives/edgar/data/1083643/000095013307001491/w32527e10vk.htm,1620591962,16:26:02,20210509
15,2005-12-31,FBSS,USD,2006-03-28,2006-03-28 16:19:17,FY,24345363,0.0,0.0,0.0,0.0,8263400.0,0.0,0.0,22000000.0,0.0,6338220.0,1294306.0,0.0,0.0,0.0,0.3375676920487897,0.0,8218208.0,0.3375676920487897,2516591.0,5701617.0,0.2341972473361765,1.66,1.6,3434709.0,3563511.0,https://www.sec.gov/Archives/edgar/data/1083643/000095013306001488/0000950133-06-001488-index.htm,https://www.sec.gov/Archives/edgar/data/1083643/000095013306001488/w19018e10vk.htm,1620591962,16:26:02,20210509
16,2004-12-31,FBSS,USD,2005-03-30,2005-03-30 16:19:34,FY,22606305,0.0,0.0,0.0,0.0,7769172.0,0.0,0.0,0.0,0.0,4411269.0,1434143.0,0.0,0.0,0.0,0.3193114487307855,0.0,7218452.0,0.3193114487307855,2240268.0,4978184.0,0.220212193014294,1.49,1.41,3341063.0,3530627.0,https://www.sec.gov/Archives/edgar/data/1083643/000095013305001376/0000950133-05-001376-index.htm,https://www.sec.gov/Archives/edgar/data/1083643/000095013305001376/w06403e10vk.htm,1620591962,16:26:02,20210509
17,2003-12-31,FBSS,USD,2004-03-30 00:00:00,2004-03-30 11:01:34,FY,20163121,0.0,0.0,0.0,0.0,6521456.0,0.0,0.0,0.0,0.0,4001226.0,1828362.0,0.0,0.0,0.0,0.30536735855525543,0.0,6157159.0,0.30536735855525543,1821309.0,4335850.0,0.21503863414795754,1.31,1.24,3309809.0,3496653.0,https://www.sec.gov/Archives/edgar/data/1083643/000100515004000826/0001005150-04-000826-index.html,https://www.sec.gov/Archives/edgar/data/1083643/000100515004000826/form10k.txt,1620591962,16:26:02,20210509
18,2002-12-31,FBSS,USD,2003-03-25 00:00:00,2003-03-25 16:33:43,FY,18314335,0.0,0.0,0.0,0.0,5884134.0,0.0,0.0,0.0,0.0,5082162.0,1429370.0,0.0,0.0,0.0,0.3096786752016931,0.0,5671559.0,0.3096786752016931,1741743.0,3929816.0,0.21457595921446232,1.18,1.14,3330353.0,3447207.0,https://www.sec.gov/Archives/edgar/data/1083643/000100515003000646/0001005150-03-000646-index.html,https://www.sec.gov/Archives/edgar/data/1083643/000100515003000646/form10k.txt,1620591962,16:26:02,20210509
19,2001-12-31,FBSS,USD,2002-03-25 00:00:00,2002-03-25 00:00:00,FY,16399915,0.0,0.0,0.0,0.0,4851413.0,0.0,0.0,0.0,0.0,7220710.0,840907.0,0.0,0.0,0.0,0.34663685756907886,0.0,5684815.0,0.34663685756907886,1791465.0,3515434.0,0.21435684270314814,1.03,1.01,3413043.0,3480628.0,https://www.sec.gov/Archives/edgar/data/1083643/000100515002000424/0001005150-02-000424-index.html,https://www.sec.gov/Archives/edgar/data/1083643/000100515002000424/form10k.txt,1620591962,16:26:02,20210509
20,2000-12-31,FBSS,USD,2001-03-30 00:00:00,2001-03-30 00:00:00,FY,14649073,0.0,0.0,0.0,0.0,4108482.0,0.0,0.0,0.0,0.0,6084355.0,684144.0,0.0,0.0,0.0,0.30897716189959595,0.0,4526229.0,0.30897716189959595,1429601.0,3096628.0,0.2113873007527507,0.88,0.875,3518895.0,3539003.0,https://www.sec.gov/Archives/edgar/data/1083643/000100515001000289/0001005150-01-000289-index.html,https://www.sec.gov/Archives/edgar/data/1083643/000100515001000289/0001005150-01-000289-0001.txt,1620591962,16:26:02,20210509
21,1999-12-31,FBSS,USD,1999-12-31,1999-12-31,FY,13519065,0.0,0.0,0.0,0.0,3718435.0,0.0,0.0,0.0,0.0,6042722.0,823339.0,0.0,0.0,0.0,0.2811539851313682,0.0,3800939.0,0.2811539851313682,1161999.0,2638940.0,0.19520136932546742,0.73,0.725,3614986.0,3639917.0,,,1620591962,16:26:02,20210509
