,date,symbol,reportedCurrency,fillingDate,acceptedDate,period,revenue,costOfRevenue,grossProfit,grossProfitRatio,researchAndDevelopmentExpenses,generalAndAdministrativeExpenses,sellingAndMarketingExpenses,otherExpenses,operatingExpenses,costAndExpenses,interestExpense,depreciationAndAmortization,ebitda,ebitdaratio,operatingIncome,operatingIncomeRatio,totalOtherIncomeExpensesNet,incomeBeforeTax,incomeBeforeTaxRatio,incomeTaxExpense,netIncome,netIncomeRatio,eps,epsdiluted,weightedAverageShsOut,weightedAverageShsOutDil,link,finalLink,timestamp,est_time,est_date
0,2020-12-31,RAIL,USD,2021-03-24,2021-03-24 07:43:41,FY,108447000,121949000,-13502000.0,-0.12450321355132,0.0,0.0,0.0,576000.0,29815000.0,151764000,2225000.0,9202000.0,-34115000.0,-0.31457762778131254,-43317000.0,-0.39943013637998287,-40357000.0,-85899000.0,-0.7920827685413151,199000.0,-84443000.0,-0.7786568554224644,-6.29,-6.29,13432428.0,13432428.0,https://www.sec.gov/Archives/edgar/data/1320854/000156276221000129/0001562762-21-000129-index.htm,https://www.sec.gov/Archives/edgar/data/1320854/000156276221000129/rail-20201231x10k.htm,1620597051,17:50:51,20210509
1,2019-12-31,RAIL,USD,2020-03-04,2020-03-04 16:43:25,FY,229958000,244258000,-14300000.0,-0.06218526861426869,0.0,38302000.0,0.0,858000.0,38302000.0,282560000,609000.0,22923000.0,-29679000.0,-0.12906269840579584,-52602000.0,-0.22874611885648682,-22142000.0,-75353000.0,-0.3276815766357335,-115000.0,-75183000.0,-0.3269423112046548,-5.95,-5.95,12352142.0,12352142.0,https://www.sec.gov/Archives/edgar/data/1320854/000119312520061709/0001193125-20-061709-index.htm,https://www.sec.gov/Archives/edgar/data/1320854/000119312520061709/d895110d10k.htm,1620597051,17:50:51,20210509
2,2018-12-31,RAIL,USD,2019-03-04,2019-03-04 16:39:23,FY,316519000,320146000,-3627000.0,-0.011459027736091672,0.0,29051000.0,0.0,1848000.0,29051000.0,349197000,155000.0,12017000.0,-20661000.0,-0.06527570224852221,-32678000.0,-0.10324182750482594,2421000.0,-30412000.0,-0.09608269961676866,10169000.0,-40581000.0,-0.12821031280902567,-3.26,-3.26,12318861.0,12318861.0,https://www.sec.gov/Archives/edgar/data/1320854/000119312519062501/0001193125-19-062501-index.htm,https://www.sec.gov/Archives/edgar/data/1320854/000119312519062501/d717659d10k.htm,1620597051,17:50:51,20210509
3,2017-12-31,RAIL,USD,2018-03-09,2018-03-09 16:00:10,FY,409474000,406143000,3331000.0,0.008134826631239102,0.0,32911000.0,0.0,548000.0,32911000.0,439054000,163000.0,9366000.0,-20214000.0,-0.04936577169734831,-29580000.0,-0.07223901883880295,-1664000.0,-31407000.0,-0.07670084059061137,-8845000.0,-22562000.0,-0.055099957506459504,-1.82,-1.82,12285566.0,12285566.0,https://www.sec.gov/Archives/edgar/data/1320854/000119312518077273/0001193125-18-077273-index.htm,https://www.sec.gov/Archives/edgar/data/1320854/000119312518077273/d485315d10k.htm,1620597051,17:50:51,20210509
4,2016-12-31,RAIL,USD,2017-03-03,2017-03-03 15:22:20,FY,523731000,483552000,40179000.0,0.07671686419173201,0.0,36376000.0,0.0,111000.0,36376000.0,519928000,171000.0,9736000.0,13539000.0,0.025851057126654715,3803000.0,0.0072613612713396765,12156000.0,15788000.0,0.030145246319198214,3464000.0,12324000.0,0.023531163899024498,1.0,1.0,12262275.0,12262275.0,https://www.sec.gov/Archives/edgar/data/1320854/000119312517069639/0001193125-17-069639-index.htm,https://www.sec.gov/Archives/edgar/data/1320854/000119312517069639/d357109d10k.htm,1620597051,17:50:51,20210509
5,2015-12-31,RAIL,USD,2016-03-04,2016-03-04 15:24:48,FY,772854000,690193000,82661000.0,0.10695551811855797,0.0,41663000.0,0.0,116000.0,41663000.0,731856000,243000.0,10028000.0,51026000.0,0.06602281931645564,40998000.0,0.053047535498295925,5881000.0,46636000.0,0.060342574406032704,14831000.0,31805000.0,0.041152662728018485,2.59,2.58,12175955.0,12217755.0,https://www.sec.gov/Archives/edgar/data/1320854/000119312516493293/0001193125-16-493293-index.htm,https://www.sec.gov/Archives/edgar/data/1320854/000119312516493293/d138790d10k.htm,1620597051,17:50:51,20210509
6,2014-12-31,RAIL,USD,2015-03-13,2015-03-13 16:24:13,FY,598518000,556175000,42343000.0,0.07074641030010793,0.0,35317000.0,0.0,42000.0,35317000.0,591492000,1077000.0,10069000.0,17095000.0,0.028562215338552892,7026000.0,0.011738995318436538,2523000.0,8472000.0,0.01415496275801229,2568000.0,5904000.0,0.009864364981504316,0.4919349416039729,0.4877919811757241,12001587.0,12103520.0,https://www.sec.gov/Archives/edgar/data/1320854/000119312515091243/0001193125-15-091243-index.htm,https://www.sec.gov/Archives/edgar/data/1320854/000119312515091243/d891527d10k.htm,1620597051,17:50:51,20210509
7,2013-12-31,RAIL,USD,2014-03-14,2014-03-14 16:23:11,FY,290393000,277168000,13225000.0,0.04554173137782247,0.0,27464000.0,0.0,64000.0,27464000.0,304632000,809000.0,10077000.0,-4162000.0,-0.014332301398449687,-14239000.0,-0.04903355108422035,-9784000.0,-24832000.0,-0.08551170310579112,-5537000.0,-19295000.0,-0.06644443908771906,-1.61,-1.61,11954238.0,11954238.0,https://www.sec.gov/Archives/edgar/data/1320854/000119312514100078/0001193125-14-100078-index.htm,https://www.sec.gov/Archives/edgar/data/1320854/000119312514100078/d695387d10k.htm,1620597051,17:50:51,20210509
8,2012-12-31,RAIL,USD,2013-03-15,2013-03-15 16:18:23,FY,677449000,612463000,64986000.0,0.09592751631488126,0.0,32736000.0,0.0,0.0,32736000.0,645199000,384000.0,8398000.0,40648000.0,0.0600015646934308,32250000.0,0.04760505956905981,989000.0,32866000.0,0.04851435310997581,13771000.0,19095000.0,0.028186623642517738,1.6001942859613811,1.5953224594082545,11932926.0,11969367.0,https://www.sec.gov/Archives/edgar/data/1320854/000119312513109977/0001193125-13-109977-index.htm,https://www.sec.gov/Archives/edgar/data/1320854/000119312513109977/d504623d10k.htm,1620597051,17:50:51,20210509
9,2011-12-31,RAIL,USD,2012-03-29,2012-03-29 16:42:07,FY,486986000,455040000,31946000.0,0.06559942174929054,0.0,28660000.0,0.0,0.0,26433000.0,481473000,226000.0,8821000.0,14334000.0,0.029434111042206553,5513000.0,0.011320653981839313,0.0,5293000.0,0.010868895615069016,354000.0,4935000.0,0.010133761545506442,0.4141388948844154,0.4125496689738239,11916292.0,11962196.0,https://www.sec.gov/Archives/edgar/data/1320854/000119312512139911/0001193125-12-139911-index.htm,https://www.sec.gov/Archives/edgar/data/1320854/000119312512139911/d314818d10k.htm,1620597051,17:50:51,20210509
10,2010-12-31,RAIL,USD,2011-03-15,2011-03-15 14:37:57,FY,142889000,140167000,2722000.0,0.019049751905325114,0.0,25017000.0,0.0,0.0,24219000.0,164386000,965000.0,7015000.0,-14482000.0,-0.1013513986381037,-21497000.0,-0.15044545066450182,0.0,-22373000.0,-0.15657608353337205,-9511000.0,-12771000.0,-0.08937706891363226,-1.07,-1.07,11896148.0,11896148.0,https://www.sec.gov/Archives/edgar/data/1320854/000095012311025523/0000950123-11-025523-index.htm,https://www.sec.gov/Archives/edgar/data/1320854/000095012311025523/l42158e10vk.htm,1620597051,17:50:51,20210509
11,2009-12-31,RAIL,USD,2010-03-15,2010-03-15 15:45:03,FY,248462000,211940000,36522000.0,0.14699229660873694,0.0,31316000.0,0.0,0.0,30821000.0,242761000,523000.0,5658000.0,11359000.0,0.045717252537611386,5701000.0,0.02294515861580443,270000.0,5032000.0,0.0202525939580298,248000.0,4940000.0,0.01988231600808172,0.41647816954640804,0.41616296065406666,11861366.0,11870350.0,https://www.sec.gov/Archives/edgar/data/1320854/000095012310024653/0000950123-10-024653-index.htm,https://www.sec.gov/Archives/edgar/data/1320854/000095012310024653/l39129e10vk.htm,1620597051,17:50:51,20210509
12,2008-12-31,RAIL,USD,2009-03-13,2009-03-13 13:37:52,FY,746390000,690721000,55669000.0,0.07458433258752127,0.0,31717000.0,0.0,0.0,51754000.0,742475000,396000.0,4380000.0,8295000.0,0.011113492946046973,3915000.0,0.0052452471228178294,-20318000.0,7065000.0,0.009465560899797693,2451000.0,4614000.0,0.006181754846661933,0.39140171694207865,0.38992212712576857,11788400.0,11833132.0,https://www.sec.gov/Archives/edgar/data/1320854/000095015209002601/0000950152-09-002601-index.htm,https://www.sec.gov/Archives/edgar/data/1320854/000095015209002601/l35101ae10vk.htm,1620597051,17:50:51,20210509
13,2007-12-31,RAIL,USD,2008-03-12,2008-03-12 16:34:25,FY,817025000,713661000,103364000.0,0.12651265261160918,0.0,38914000.0,0.0,0.0,69750000.0,783411000,420000.0,232000.0,33846000.0,0.04142590496006854,33614000.0,0.04114194792081026,-30836000.0,41311000.0,0.05056271227930602,14843000.0,26468000.0,0.03239558153055292,2.18,2.171484,12115712.0,12188901.0,https://www.sec.gov/Archives/edgar/data/1320854/000095015208001884/0000950152-08-001884-index.htm,https://www.sec.gov/Archives/edgar/data/1320854/000095015208001884/l29986ae10vk.htm,1620597051,17:50:51,20210509
14,2006-12-31,RAIL,USD,2007-03-13,2007-03-13 15:47:09,FY,1444800000,1211349000,233451000.0,0.16158014950166114,0.0,34390000.0,0.0,0.0,34390000.0,1245739000,352000.0,306000.0,199367000.0,0.1379893410852713,199061000.0,0.13777754706533776,-306000.0,204263000.0,0.1413780454042082,75530000.0,128733000.0,0.08910091362126246,10.23,10.07,12586889.0,12785015.0,https://www.sec.gov/Archives/edgar/data/1320854/000119312507053438/0001193125-07-053438-index.htm,https://www.sec.gov/Archives/edgar/data/1320854/000119312507053438/d10k.htm,1620597051,17:50:51,20210509
15,2005-12-31,RAIL,USD,2006-03-23,2006-03-22 17:34:25,FY,927187000,820638000,106549000.0,0.11491640844834969,0.0,28091000.0,0.0,0.0,28461000.0,849099000,11082000.0,337000.0,78425000.0,0.08458380024741503,78088000.0,0.08422033527217271,-809000.0,67455000.0,0.07275231425807308,21762000.0,45693000.0,0.04928132081230647,4.08,4.04,11135440.0,11234075.0,https://www.sec.gov/Archives/edgar/data/1320854/000119312506060993/0001193125-06-060993-index.htm,https://www.sec.gov/Archives/edgar/data/1320854/000119312506060993/d10k.htm,1620597051,17:50:51,20210509
16,2004-12-31,RAIL,USD,2004-12-31,2004-12-31,FY,482180000,468309000,13871000.0,0.028767265336596293,0.0,0.0,0.0,0.0,0.0,500969000,13856000.0,459000.0,-18330000.0,-0.03801484922642996,-18789000.0,-0.03896677589282011,-9159000.0,-32822000.0,-0.06807001534696587,-7962000.0,-24860000.0,-0.051557509643701524,-3.76,-3.76,6888750.0,6888750.0,,,1620597051,17:50:51,20210509
17,2003-12-31,RAIL,USD,2003-12-31,2003-12-31,FY,244349000,225216000,19133000.0,0.07830193698357676,0.0,0.0,0.0,0.0,0.0,239534000,12704000.0,629000.0,5444000.0,0.022279608265227197,4815000.0,0.01970542134406116,-348000.0,-8738000.0,-0.035760326418360626,-1318000.0,-7420000.0,-0.0303664021542957,-1.23,-1.23,6875000.0,6875000.0,,,1620597051,17:50:51,20210509
18,2002-12-31,RAIL,USD,2002-12-31,2002-12-31,FY,225497000,212589000,12908000.0,0.057242446684434824,0.0,0.0,0.0,0.0,0.0,212589000,11771000.0,0.0,12908000.0,0.057242446684434824,12908000.0,0.057242446684434824,-702000.0,-12181000.0,-0.05401845700829723,-3554000.0,-8627000.0,-0.0382577151802463,-1.41,-1.41,6875000.0,6875000.0,,,1620597051,17:50:51,20210509
19,2001-12-31,RAIL,USD,2001-12-31,2001-12-31,FY,210314000,187646000,22668000.0,0.10778169784227393,0.0,0.0,0.0,0.0,0.0,202760000,11048000.0,0.0,7554000.0,0.03591772302366937,7554000.0,0.03591772302366937,-702000.0,-3309000.0,-0.015733617353100603,0.0,-3476000.0,-0.016527668153332637,-0.61068,-0.61068,7432700.0,7432700.0,,,1620597051,17:50:51,20210509
