,date,symbol,reportedCurrency,fillingDate,acceptedDate,period,revenue,costOfRevenue,grossProfit,grossProfitRatio,researchAndDevelopmentExpenses,generalAndAdministrativeExpenses,sellingAndMarketingExpenses,otherExpenses,operatingExpenses,costAndExpenses,interestExpense,depreciationAndAmortization,ebitda,ebitdaratio,operatingIncome,operatingIncomeRatio,totalOtherIncomeExpensesNet,incomeBeforeTax,incomeBeforeTaxRatio,incomeTaxExpense,netIncome,netIncomeRatio,eps,epsdiluted,weightedAverageShsOut,weightedAverageShsOutDil,link,finalLink,timestamp,est_time,est_date
0,2020-12-31,SEC.TO,CAD,2020-12-31,2020-12-31,FY,354207000.0,0.0,0.0,0.0,0.0,31909000.0,0.0,0.0,0.0,0.0,20373000.0,738000.0,0.0,0.0,0.0,0.7481388001931074,0.0,264996000.0,0.7481388001931074,26677000.0,211717000.0,0.5977211065845678,80.66,80.66,2624865.0,2624865.0,https://www.sedar.com/ModifyCompanyDocumentSearchForm.do?lang=EN&company_search=Senvest Capital Inc&document_selection=0&industry_group=A&FromDate=13&FromMonth=05&FromYear=2000&ToDate=13&ToMonth=11&ToYear=2020&Variable=Issuer,https://www.sedar.com/ModifyCompanyDocumentSearchForm.do?lang=EN&company_search=Senvest Capital Inc&document_selection=0&industry_group=A&FromDate=13&FromMonth=05&FromYear=2000&ToDate=13&ToMonth=11&ToYear=2020&Variable=Issuer,1620597733,18:02:13,20210509
1,2019-12-31,SEC.TO,CAD,2019-12-31,2019-12-31,FY,192130000.0,0.0,0.0,0.0,0.0,28418000.0,0.0,0.0,63520000.0,0.0,47766000.0,880000.0,0.0,0.0,0.0,0.6693905168375579,0.0,128610000.0,0.6693905168375579,11946000.0,104794000.0,0.545432779888617,39.16,39.16,2675723.0,2675723.0,https://www.sedar.com/ModifyCompanyDocumentSearchForm.do?lang=EN&company_search=Senvest Capital Inc&document_selection=0&industry_group=A&FromDate=13&FromMonth=05&FromYear=2000&ToDate=13&ToMonth=11&ToYear=2020&Variable=Issuer,https://www.sedar.com/ModifyCompanyDocumentSearchForm.do?lang=EN&company_search=Senvest Capital Inc&document_selection=0&industry_group=A&FromDate=13&FromMonth=05&FromYear=2000&ToDate=13&ToMonth=11&ToYear=2020&Variable=Issuer,1620597733,18:02:13,20210509
2,2018-12-31,SEC.TO,CAD,2018-12-31,2018-12-31,FY,-120472000.0,29211000.0,-1215000.0,0.010085331031276977,0.0,28859000.0,0.0,232312000.0,58070000.0,58070000.0,36165000.0,0.0,209563000.0,-1.7395162361378578,0.0,1.482020718507205,-112303000.0,-178542000.0,1.482020718507205,-14145000.0,-140086000.0,1.1628096155123182,-51.72,-51.72,2708761.0,2708761.0,https://www.sedar.com/ModifyCompanyDocumentSearchForm.do?lang=EN&company_search=Senvest Capital Inc&document_selection=0&industry_group=A&FromDate=13&FromMonth=05&FromYear=2000&ToDate=13&ToMonth=11&ToYear=2020&Variable=Issuer,https://www.sedar.com/ModifyCompanyDocumentSearchForm.do?lang=EN&company_search=Senvest Capital Inc&document_selection=0&industry_group=A&FromDate=13&FromMonth=05&FromYear=2000&ToDate=13&ToMonth=11&ToYear=2020&Variable=Issuer,1620597733,18:02:13,20210509
3,2017-12-31,SEC.TO,CAD,2017-12-31,2017-12-31,FY,302012000.0,54138000.0,-38722000.0,-0.12821344847224614,0.0,26785000.0,0.0,-146030000.0,80923000.0,80923000.0,40930000.0,0.0,-209355000.0,-0.6932009324132816,0.0,0.7320536932307325,327526000.0,221089000.0,0.7320536932307325,23284000.0,165967000.0,0.5495377667112565,60.03,60.03,2764851.0,2764851.0,https://www.sedar.com/ModifyCompanyDocumentSearchForm.do?lang=EN&company_search=Senvest Capital Inc&document_selection=0&industry_group=A&FromDate=13&FromMonth=05&FromYear=2000&ToDate=13&ToMonth=11&ToYear=2020&Variable=Issuer,https://www.sedar.com/ModifyCompanyDocumentSearchForm.do?lang=EN&company_search=Senvest Capital Inc&document_selection=0&industry_group=A&FromDate=13&FromMonth=05&FromYear=2000&ToDate=13&ToMonth=11&ToYear=2020&Variable=Issuer,1620597733,18:02:13,20210509
4,2016-12-31,SEC.TO,CAD,2016-12-31,2016-12-31,FY,183433000.0,0.0,0.0,0.0,0.0,17877000.0,0.0,0.0,45646000.0,45646000.0,18669000.0,0.0,290182000.0,1.5819509030545214,0.0,0.751157098232052,-133726000.0,137787000.0,0.751157098232052,20606000.0,96783000.0,0.5276204390703962,34.5,34.5,2805213.0,2805213.0,https://www.sedar.com/ModifyCompanyDocumentSearchForm.do?lang=EN&company_search=Senvest Capital Inc&document_selection=0&industry_group=A&FromDate=13&FromMonth=05&FromYear=2000&ToDate=13&ToMonth=11&ToYear=2020&Variable=Issuer,https://www.sedar.com/ModifyCompanyDocumentSearchForm.do?lang=EN&company_search=Senvest Capital Inc&document_selection=0&industry_group=A&FromDate=13&FromMonth=05&FromYear=2000&ToDate=13&ToMonth=11&ToYear=2020&Variable=Issuer,1620597733,18:02:13,20210509
5,2015-12-31,SEC.TO,CAD,2015-12-31,2015-12-31,FY,-66978000.0,0.0,-166763000.0,2.4898175520320107,0.0,25909000.0,0.0,0.0,38700000.0,38700000.0,17088000.0,0.0,28283000.0,-0.42227298515930606,0.0,1.5778016662187584,-116873000.0,-105678000.0,1.5778016662187584,5583000.0,-99826000.0,1.4904296933321388,-35.39,-35.39,2820974.0,2820974.0,https://www.sedar.com/ModifyCompanyDocumentSearchForm.do?lang=EN&company_search=Senvest Capital Inc&document_selection=0&industry_group=A&FromDate=13&FromMonth=05&FromYear=2000&ToDate=13&ToMonth=11&ToYear=2020&Variable=Issuer,https://www.sedar.com/ModifyCompanyDocumentSearchForm.do?lang=EN&company_search=Senvest Capital Inc&document_selection=0&industry_group=A&FromDate=13&FromMonth=05&FromYear=2000&ToDate=13&ToMonth=11&ToYear=2020&Variable=Issuer,1620597733,18:02:13,20210509
6,2014-12-31,SEC.TO,CAD,2014-12-31,2014-12-31,FY,212019000.0,0.0,297551000.0,1.4034166749206438,0.0,17888000.0,0.0,0.0,49566000.0,49566000.0,5125000.0,0.0,87171000.0,0.41114711417372973,0.0,0.766219065272452,80407000.0,162453000.0,0.766219065272452,21274000.0,117298000.0,0.5532428697428061,41.91,41.26,2799016.0,2844166.0,https://www.sedar.com/ModifyCompanyDocumentSearchForm.do?lang=EN&company_search=Senvest Capital Inc&document_selection=0&industry_group=A&FromDate=13&FromMonth=05&FromYear=2000&ToDate=13&ToMonth=11&ToYear=2020&Variable=Issuer,https://www.sedar.com/ModifyCompanyDocumentSearchForm.do?lang=EN&company_search=Senvest Capital Inc&document_selection=0&industry_group=A&FromDate=13&FromMonth=05&FromYear=2000&ToDate=13&ToMonth=11&ToYear=2020&Variable=Issuer,1620597733,18:02:13,20210509
7,2013-12-31,SEC.TO,CAD,2013-12-31,2013-12-31,FY,324192000.0,0.0,489676000.0,1.5104505971769815,0.0,12744000.0,0.0,0.0,55944000.0,55944000.0,3483000.0,0.0,109730000.0,0.3384722633501135,0.0,0.8274355937222386,162001000.0,268248000.0,0.8274355937222386,24919000.0,206516000.0,0.6370175698351594,73.19509216196234,71.63831593275748,2821446.0,2882759.0,https://www.sedar.com/ModifyCompanyDocumentSearchForm.do?lang=EN&company_search=Senvest Capital Inc&document_selection=0&industry_group=A&FromDate=13&FromMonth=05&FromYear=2000&ToDate=13&ToMonth=11&ToYear=2020&Variable=Issuer,https://www.sedar.com/ModifyCompanyDocumentSearchForm.do?lang=EN&company_search=Senvest Capital Inc&document_selection=0&industry_group=A&FromDate=13&FromMonth=05&FromYear=2000&ToDate=13&ToMonth=11&ToYear=2020&Variable=Issuer,1620597733,18:02:13,20210509
8,2012-12-31,SEC.TO,CAD,2012-12-31,2012-12-31,FY,105438000.0,0.0,106047000.0,1.0057759062197689,0.0,5232000.0,0.0,0.0,17808000.0,16366000.0,609000.0,0.0,89681000.0,0.850556725279311,0.0,0.8311045353667558,-1442000.0,87630000.0,0.8311045353667558,6160000.0,73964000.0,0.7014928204252736,26.24,25.65,2818591.0,2891858.0,https://www.sedar.com/ModifyCompanyDocumentSearchForm.do?lang=EN&company_search=Senvest Capital Inc&document_selection=0&industry_group=A&FromDate=13&FromMonth=05&FromYear=2000&ToDate=13&ToMonth=11&ToYear=2020&Variable=Issuer,https://www.sedar.com/ModifyCompanyDocumentSearchForm.do?lang=EN&company_search=Senvest Capital Inc&document_selection=0&industry_group=A&FromDate=13&FromMonth=05&FromYear=2000&ToDate=13&ToMonth=11&ToYear=2020&Variable=Issuer,1620597733,18:02:13,20210509
9,2011-12-31,SEC.TO,CAD,2011-12-31,2011-12-31,FY,-84712000.0,0.0,-84712000.0,1.0,0.0,2454000.0,0.0,0.0,8157000.0,8157000.0,884000.0,0.0,0.0,0.0,-92869000.0,1.096290962319388,0.0,-93753000.0,1.1067263197657946,-5727000.0,-80682000.0,0.9524270469354991,-28.61,-28.61,2820152.0,2820152.0,https://www.sedar.com/ModifyCompanyDocumentSearchForm.do?lang=EN&company_search=Senvest Capital Inc&document_selection=0&industry_group=A&FromDate=13&FromMonth=05&FromYear=2000&ToDate=13&ToMonth=11&ToYear=2020&Variable=Issuer,https://www.sedar.com/ModifyCompanyDocumentSearchForm.do?lang=EN&company_search=Senvest Capital Inc&document_selection=0&industry_group=A&FromDate=13&FromMonth=05&FromYear=2000&ToDate=13&ToMonth=11&ToYear=2020&Variable=Issuer,1620597733,18:02:13,20210509
10,2010-12-31,SEC.TO,CAD,2010-12-31,2010-12-31,FY,130664995.0,0.0,130664995.0,1.0,0.0,24991476.0,0.0,0.0,24991476.0,24991476.0,1705617.0,0.0,105673519.0,0.8087362571743105,105673519.0,0.8087362571743105,-197811.0,103770091.0,0.7941690197898833,8676213.0,81742720.0,0.6255900442195709,28.84,28.84,2834183.0,2834183.0,https://www.sedar.com/ModifyCompanyDocumentSearchForm.do?lang=EN&company_search=Senvest Capital Inc&document_selection=0&industry_group=A&FromDate=13&FromMonth=05&FromYear=2000&ToDate=13&ToMonth=11&ToYear=2020&Variable=Issuer,https://www.sedar.com/ModifyCompanyDocumentSearchForm.do?lang=EN&company_search=Senvest Capital Inc&document_selection=0&industry_group=A&FromDate=13&FromMonth=05&FromYear=2000&ToDate=13&ToMonth=11&ToYear=2020&Variable=Issuer,1620597733,18:02:13,20210509
11,2009-12-31,SEC.TO,CAD,2009-12-31,2009-12-31,FY,229539235.0,0.0,229539235.0,1.0,0.0,32737466.0,0.0,3483981.0,32813525.0,32813525.0,731983.0,0.0,196725710.0,0.8570461167564665,196725710.0,0.8570461167564665,3483981.0,195993727.0,0.8538571935207504,9652637.0,169026323.0,0.7363722502603967,60.9,60.3,2775540.0,2849152.0,https://www.sedar.com/ModifyCompanyDocumentSearchForm.do?lang=EN&company_search=Senvest Capital Inc&document_selection=0&industry_group=A&FromDate=13&FromMonth=05&FromYear=2000&ToDate=13&ToMonth=11&ToYear=2020&Variable=Issuer,https://www.sedar.com/ModifyCompanyDocumentSearchForm.do?lang=EN&company_search=Senvest Capital Inc&document_selection=0&industry_group=A&FromDate=13&FromMonth=05&FromYear=2000&ToDate=13&ToMonth=11&ToYear=2020&Variable=Issuer,1620597733,18:02:13,20210509
12,2008-12-31,SEC.TO,CAD,2008-12-31,2008-12-31,FY,-53058075.0,0.0,-53058075.0,1.0,0.0,6014628.0,0.0,8395590.0,6014628.0,6014628.0,2064081.0,0.0,-46950858.0,0.8848956167369434,-59072703.0,1.113359333145803,8395590.0,-49014939.0,0.9237979138896388,549015.0,-48461170.0,0.9133608786221513,-18.49,-18.49,2621116.0,2621116.0,https://www.sedar.com/ModifyCompanyDocumentSearchForm.do?lang=EN&company_search=Senvest Capital Inc&document_selection=0&industry_group=A&FromDate=13&FromMonth=05&FromYear=2000&ToDate=13&ToMonth=11&ToYear=2020&Variable=Issuer,https://www.sedar.com/ModifyCompanyDocumentSearchForm.do?lang=EN&company_search=Senvest Capital Inc&document_selection=0&industry_group=A&FromDate=13&FromMonth=05&FromYear=2000&ToDate=13&ToMonth=11&ToYear=2020&Variable=Issuer,1620597733,18:02:13,20210509
13,2007-12-31,SEC.TO,CAD,2007-12-31,2007-12-31,FY,29194875.0,0.0,29194875.0,1.0,0.0,0.0,0.0,4304321.0,8706550.0,8706550.0,0.0,0.0,20488325.0,0.7017781374299428,20488325.0,0.7017781374299428,9299315.0,14364716.0,0.4920286865417304,6723411.0,5891192.0,0.2017885673427271,2.23,2.23,2647354.0,2647354.0,https://www.sedar.com/ModifyCompanyDocumentSearchForm.do?lang=EN&company_search=Senvest Capital Inc&document_selection=0&industry_group=A&FromDate=13&FromMonth=05&FromYear=2000&ToDate=13&ToMonth=11&ToYear=2020&Variable=Issuer,https://www.sedar.com/ModifyCompanyDocumentSearchForm.do?lang=EN&company_search=Senvest Capital Inc&document_selection=0&industry_group=A&FromDate=13&FromMonth=05&FromYear=2000&ToDate=13&ToMonth=11&ToYear=2020&Variable=Issuer,1620597733,18:02:13,20210509
14,2006-12-31,SEC.TO,CAD,2006-12-31,2006-12-31,FY,33678686.0,0.0,33678686.0,1.0,0.0,0.0,0.0,-1457047.0,15926051.0,15926051.0,0.0,0.0,17752635.0,0.5271178038240566,17752635.0,0.5271178038240566,22281198.0,15678179.0,0.46552228908218096,3097565.0,10978180.0,0.32596818058756805,4.159999333077175,4.131446953662921,2638986.0,2657224.0,https://www.sedar.com/ModifyCompanyDocumentSearchForm.do?lang=EN&company_search=Senvest Capital Inc&document_selection=0&industry_group=A&FromDate=13&FromMonth=05&FromYear=2000&ToDate=13&ToMonth=11&ToYear=2020&Variable=Issuer,https://www.sedar.com/ModifyCompanyDocumentSearchForm.do?lang=EN&company_search=Senvest Capital Inc&document_selection=0&industry_group=A&FromDate=13&FromMonth=05&FromYear=2000&ToDate=13&ToMonth=11&ToYear=2020&Variable=Issuer,1620597733,18:02:13,20210509
15,2005-12-31,SEC.TO,CAD,2005-12-31,2005-12-31,FY,37465861.0,0.0,37465861.0,1.0,0.0,0.0,0.0,3221978.0,10841760.0,10841760.0,0.0,0.0,26624101.0,0.7106229588584658,26624101.0,0.7106229588584658,24264889.0,24861149.0,0.6635680680072987,1637290.0,23223859.0,0.61986721725146,9.029999735599505,8.49114190537789,2571856.0,2735069.0,https://www.sedar.com/ModifyCompanyDocumentSearchForm.do?lang=EN&company_search=Senvest Capital Inc&document_selection=0&industry_group=A&FromDate=13&FromMonth=05&FromYear=2000&ToDate=13&ToMonth=11&ToYear=2020&Variable=Issuer,https://www.sedar.com/ModifyCompanyDocumentSearchForm.do?lang=EN&company_search=Senvest Capital Inc&document_selection=0&industry_group=A&FromDate=13&FromMonth=05&FromYear=2000&ToDate=13&ToMonth=11&ToYear=2020&Variable=Issuer,1620597733,18:02:13,20210509
16,2004-12-31,SEC.TO,CAD,2004-12-31,2004-12-31,FY,20210326.0,0.0,20210326.0,1.0,0.0,0.0,0.0,0.0,4922480.0,4922480.0,0.0,0.0,15287846.0,0.7564373776058833,15287846.0,0.7564373776058833,11216879.0,14007230.0,0.6930729370718711,2387155.0,11620075.0,0.5749573262697494,4.53,4.42,2565138.0,2628976.0,https://www.sedar.com/ModifyCompanyDocumentSearchForm.do?lang=EN&company_search=Senvest Capital Inc&document_selection=0&industry_group=A&FromDate=13&FromMonth=05&FromYear=2000&ToDate=13&ToMonth=11&ToYear=2020&Variable=Issuer,https://www.sedar.com/ModifyCompanyDocumentSearchForm.do?lang=EN&company_search=Senvest Capital Inc&document_selection=0&industry_group=A&FromDate=13&FromMonth=05&FromYear=2000&ToDate=13&ToMonth=11&ToYear=2020&Variable=Issuer,1620597733,18:02:13,20210509
17,2003-12-31,SEC.TO,CAD,2003-12-31,2003-12-31,FY,11576459.0,0.0,11576459.0,1.0,0.0,0.0,0.0,0.0,4331072.0,4331072.0,0.0,0.0,7245387.0,0.6258724710207154,7245387.0,0.6258724710207154,1270841.0,6140059.0,0.5303918063373264,1886103.0,4253956.0,0.36746607922163416,1.65,1.61,2578155.0,2642209.0,https://www.sedar.com/ModifyCompanyDocumentSearchForm.do?lang=EN&company_search=Senvest Capital Inc&document_selection=0&industry_group=A&FromDate=13&FromMonth=05&FromYear=2000&ToDate=13&ToMonth=11&ToYear=2020&Variable=Issuer,https://www.sedar.com/ModifyCompanyDocumentSearchForm.do?lang=EN&company_search=Senvest Capital Inc&document_selection=0&industry_group=A&FromDate=13&FromMonth=05&FromYear=2000&ToDate=13&ToMonth=11&ToYear=2020&Variable=Issuer,1620597733,18:02:13,20210509
18,2002-12-31,SEC.TO,CAD,2002-12-31,2002-12-31,FY,10496016.0,0.0,10496016.0,1.0,0.0,0.0,0.0,0.0,3490947.0,3490947.0,0.0,0.0,7005069.0,0.6674026602093595,7005069.0,0.6674026602093595,-13489336.0,-7418373.0,-0.7067798867684653,1438996.0,-8857369.0,-0.8438791442391094,-3.48,-3.48,2545221.0,2545221.0,https://www.sedar.com/ModifyCompanyDocumentSearchForm.do?lang=EN&company_search=Senvest Capital Inc&document_selection=0&industry_group=A&FromDate=13&FromMonth=05&FromYear=2000&ToDate=13&ToMonth=11&ToYear=2020&Variable=Issuer,https://www.sedar.com/ModifyCompanyDocumentSearchForm.do?lang=EN&company_search=Senvest Capital Inc&document_selection=0&industry_group=A&FromDate=13&FromMonth=05&FromYear=2000&ToDate=13&ToMonth=11&ToYear=2020&Variable=Issuer,1620597733,18:02:13,20210509
19,2001-12-31,SEC.TO,CAD,2001-12-31,2001-12-31,FY,7326000.0,0.0,7326000.0,1.0,0.0,4217000.0,0.0,0.0,4217000.0,4217000.0,0.0,0.0,3109000.0,0.4243789243789244,3109000.0,0.4243789243789244,351000.0,1758000.0,0.23996723996723995,1232000.0,526000.0,0.0717990717990718,0.2,0.19,2630000.0,2768421.0,https://www.sedar.com/ModifyCompanyDocumentSearchForm.do?lang=EN&company_search=Senvest Capital Inc&document_selection=0&industry_group=A&FromDate=13&FromMonth=05&FromYear=2000&ToDate=13&ToMonth=11&ToYear=2020&Variable=Issuer,https://www.sedar.com/ModifyCompanyDocumentSearchForm.do?lang=EN&company_search=Senvest Capital Inc&document_selection=0&industry_group=A&FromDate=13&FromMonth=05&FromYear=2000&ToDate=13&ToMonth=11&ToYear=2020&Variable=Issuer,1620597733,18:02:13,20210509
20,2000-12-31,SEC.TO,CAD,2000-12-31,2000-12-31,FY,15906201.0,0.0,15906201.0,1.0,0.0,4315515.0,0.0,0.0,4315515.0,4315515.0,0.0,0.0,11590686.0,0.7286897732525824,11590686.0,0.7286897732525824,240675.0,10621891.0,0.6677830237402381,2486316.0,8135575.0,0.5114719096030536,3.078325842071667,3.0750307386847058,2642857.0,2645689.0,https://www.sedar.com/ModifyCompanyDocumentSearchForm.do?lang=EN&company_search=Senvest Capital Inc&document_selection=0&industry_group=A&FromDate=13&FromMonth=05&FromYear=2000&ToDate=13&ToMonth=11&ToYear=2020&Variable=Issuer,https://www.sedar.com/ModifyCompanyDocumentSearchForm.do?lang=EN&company_search=Senvest Capital Inc&document_selection=0&industry_group=A&FromDate=13&FromMonth=05&FromYear=2000&ToDate=13&ToMonth=11&ToYear=2020&Variable=Issuer,1620597733,18:02:13,20210509
21,1999-12-31,SEC.TO,CAD,1999-12-31,1999-12-31,FY,14000000.0,0.0,0.0,0.0,0.0,0.0,0.0,0.0,6600000.0,6600000.0,0.0,0.0,0.0,0.0,7400000.0,0.5285714285714286,0.0,6400000.0,0.45714285714285713,1200000.0,5200000.0,0.37142857142857144,1.9079495083177427,1.8787097743850205,2725439.0,2767857.0,https://www.sedar.com/ModifyCompanyDocumentSearchForm.do?lang=EN&company_search=Senvest Capital Inc&document_selection=0&industry_group=A&FromDate=13&FromMonth=05&FromYear=2000&ToDate=13&ToMonth=11&ToYear=2020&Variable=Issuer,https://www.sedar.com/ModifyCompanyDocumentSearchForm.do?lang=EN&company_search=Senvest Capital Inc&document_selection=0&industry_group=A&FromDate=13&FromMonth=05&FromYear=2000&ToDate=13&ToMonth=11&ToYear=2020&Variable=Issuer,1620597733,18:02:13,20210509
22,1998-12-31,SEC.TO,CAD,1998-12-31,1998-12-31,FY,10300000.0,0.0,10300000.0,1.0,0.0,0.0,0.0,0.0,5800000.0,5800000.0,0.0,0.0,4500000.0,0.4368932038834951,4500000.0,0.4368932038834951,-100000.0,3700000.0,0.3592233009708738,700000.0,3000000.0,0.2912621359223301,1.070738327613806,1.0551725083947767,2801805.0,2843137.0,https://www.sedar.com/ModifyCompanyDocumentSearchForm.do?lang=EN&company_search=Senvest Capital Inc&document_selection=0&industry_group=A&FromDate=13&FromMonth=05&FromYear=2000&ToDate=13&ToMonth=11&ToYear=2020&Variable=Issuer,https://www.sedar.com/ModifyCompanyDocumentSearchForm.do?lang=EN&company_search=Senvest Capital Inc&document_selection=0&industry_group=A&FromDate=13&FromMonth=05&FromYear=2000&ToDate=13&ToMonth=11&ToYear=2020&Variable=Issuer,1620597733,18:02:13,20210509
23,1997-12-31,SEC.TO,CAD,1997-12-31,1997-12-31,FY,16500000.0,0.0,0.0,0.0,0.0,0.0,0.0,0.0,6100000.0,6100000.0,0.0,0.0,0.0,0.0,10400000.0,0.6303030303030303,0.0,9600000.0,0.5818181818181818,1300000.0,8300000.0,0.503030303030303,2.89,2.89,2871972.0,2871972.0,https://www.sedar.com/ModifyCompanyDocumentSearchForm.do?lang=EN&company_search=Senvest Capital Inc&document_selection=0&industry_group=A&FromDate=13&FromMonth=05&FromYear=2000&ToDate=13&ToMonth=11&ToYear=2020&Variable=Issuer,https://www.sedar.com/ModifyCompanyDocumentSearchForm.do?lang=EN&company_search=Senvest Capital Inc&document_selection=0&industry_group=A&FromDate=13&FromMonth=05&FromYear=2000&ToDate=13&ToMonth=11&ToYear=2020&Variable=Issuer,1620597733,18:02:13,20210509
24,1996-12-31,SEC.TO,CAD,1996-12-31,1996-12-31,FY,15100000.0,0.0,15100000.0,1.0,0.0,0.0,0.0,0.0,5700000.0,5700000.0,0.0,0.0,9400000.0,0.6225165562913907,9400000.0,0.6225165562913907,-100000.0,8100000.0,0.5364238410596026,1800000.0,6300000.0,0.41721854304635764,2.09,2.09,3014354.0,3014354.0,https://www.sedar.com/ModifyCompanyDocumentSearchForm.do?lang=EN&company_search=Senvest Capital Inc&document_selection=0&industry_group=A&FromDate=13&FromMonth=05&FromYear=2000&ToDate=13&ToMonth=11&ToYear=2020&Variable=Issuer,https://www.sedar.com/ModifyCompanyDocumentSearchForm.do?lang=EN&company_search=Senvest Capital Inc&document_selection=0&industry_group=A&FromDate=13&FromMonth=05&FromYear=2000&ToDate=13&ToMonth=11&ToYear=2020&Variable=Issuer,1620597733,18:02:13,20210509
