,date,symbol,reportedCurrency,fillingDate,acceptedDate,period,revenue,costOfRevenue,grossProfit,grossProfitRatio,researchAndDevelopmentExpenses,generalAndAdministrativeExpenses,sellingAndMarketingExpenses,otherExpenses,operatingExpenses,costAndExpenses,interestExpense,depreciationAndAmortization,ebitda,ebitdaratio,operatingIncome,operatingIncomeRatio,totalOtherIncomeExpensesNet,incomeBeforeTax,incomeBeforeTaxRatio,incomeTaxExpense,netIncome,netIncomeRatio,eps,epsdiluted,weightedAverageShsOut,weightedAverageShsOutDil,link,finalLink,timestamp,est_time,est_date
0,2020-07-31,EDR.L,GBP,2020-07-31,2020-07-31,FY,963620.0,4695118.0,-3731498.0,-3.8723750025943837,0.0,956289.0,0.0,0.0,0.0,5590203.0,169815.0,3017334.0,-1609249.0,-1.6700037359124966,-4626583.0,-4.801252568439842,0.0,-4748201.0,-4.927462070110624,0.0,-4748201.0,-4.927462070110624,-0.017792169539757454,-0.017792169539757454,266870265,266870265,https://find-and-update.company-information.service.gov.uk/search/companies?q=Egdon+Resources+PLC,https://find-and-update.company-information.service.gov.uk/search/companies?q=Egdon+Resources+PLC,1620591471,16:17:51,20210509
1,2019-07-31,EDR.L,GBP,2019-07-31,2019-07-31,FY,2196526.0,2876434.0,-679908.0,-0.3095378793604082,0.0,1066041.0,0.0,0.0,988198.0,3864632.0,52663.0,1040234.0,-627872.0,-0.2858477432090492,-1668106.0,-0.7594292077580689,0.0,-1716925.0,-0.7816547584686,0.0,-1716925.0,-0.7816547584686,-0.0064,-0.0064,266870265,266870265,https://find-and-update.company-information.service.gov.uk/search/companies?q=Egdon+Resources+PLC,https://find-and-update.company-information.service.gov.uk/search/companies?q=Egdon+Resources+PLC,1620591471,16:17:51,20210509
2,2018-07-31,EDR.L,GBP,2018-07-31,2018-07-31,FY,778830.0,1754198.0,-975368.0,-1.2523503203523234,0.0,1093496.0,0.0,0.0,962184.0,2716382.0,48747.0,281200.0,-1656352.0,-2.126718282552033,-1937552.0,-2.4877726846680277,0.0,-1978132.0,-2.5398764813887498,0.0,-1978132.0,-2.5398764813887498,-0.007484,-0.007484,264026026,264026026,https://find-and-update.company-information.service.gov.uk/search/companies?q=Egdon+Resources+PLC,https://find-and-update.company-information.service.gov.uk/search/companies?q=Egdon+Resources+PLC,1620591471,16:17:51,20210509
3,2017-07-31,EDR.L,GBP,2017-07-31,2017-07-31,FY,1039348.0,1576262.0,-536914.0,-0.5165873220519017,0.0,1178249.0,0.0,0.0,1120104.0,2696366.0,46775.0,463838.0,-1193180.0,-1.1480081743554613,-1657018.0,-1.594286033166947,0.0,-1698846.0,-1.6345304941174659,0.0,-1698846.0,-1.6345304941174659,-0.006696,-0.006696,252607201,252607201,https://find-and-update.company-information.service.gov.uk/search/companies?q=Egdon+Resources+PLC,https://find-and-update.company-information.service.gov.uk/search/companies?q=Egdon+Resources+PLC,1620591471,16:17:51,20210509
4,2016-07-31,EDR.L,GBP,2016-07-31,2016-07-31,FY,1586120.0,3205896.0,-1619776.0,-1.0212190754797872,0.0,1144720.0,0.0,0.0,1032264.0,4238160.0,0.0,1918685.0,-733355.0,-0.4623578291680327,-2652040.0,-1.6720298590270597,0.0,-2685571.0,-1.6931701258416765,0.0,-2685571.0,-1.6931701258416765,-0.011915,-0.011915,224786410,224786410,https://find-and-update.company-information.service.gov.uk/search/companies?q=Egdon+Resources+PLC,https://find-and-update.company-information.service.gov.uk/search/companies?q=Egdon+Resources+PLC,1620591471,16:17:51,20210509
5,2015-07-31,EDR.L,GBP,2015-07-31,2015-07-31,FY,2067702.0,5582971.0,-3515269.0,-1.7000849251971513,0.0,1153969.0,0.0,0.0,1023282.0,6606253.0,6.0,1964647.0,-2573904.0,-1.244813807792419,-4538551.0,-2.19497345362146,0.0,-4468268.0,-2.1609825787274954,0.0,-4468268.0,-2.1609825787274954,-0.019891,-0.019891,224508939,224508939,https://find-and-update.company-information.service.gov.uk/search/companies?q=Egdon+Resources+PLC,https://find-and-update.company-information.service.gov.uk/search/companies?q=Egdon+Resources+PLC,1620591471,16:17:51,20210509
6,2014-07-31,EDR.L,GBP,2014-07-31,2014-07-31,FY,2957064.0,3721702.0,-764638.0,-0.25858013218516746,0.0,832270.0,0.0,0.0,690621.0,4412323.0,57705.0,1197345.0,-257914.0,-0.08721962054253814,-1455259.0,-0.4921296935068027,0.0,-456405.0,-0.15434397091168808,0.0,-456405.0,-0.15434397091168808,-0.002954,-0.002954,152241559,152241559,https://find-and-update.company-information.service.gov.uk/search/companies?q=Egdon+Resources+PLC,https://find-and-update.company-information.service.gov.uk/search/companies?q=Egdon+Resources+PLC,1620591471,16:17:51,20210509
7,2013-07-31,EDR.L,GBP,2013-07-31,2013-07-31,FY,3341419.0,3557173.0,-215754.0,-0.064569573585354,0.0,848848.0,0.0,0.0,768260.0,4325433.0,100377.0,1240021.0,256007.0,0.07661625195762639,-984014.0,-0.29448985595640653,0.0,-717592.0,-0.2147566647582958,0.0,-717592.0,-0.2147566647582958,-0.005317,-0.005317,134558471,134558471,https://find-and-update.company-information.service.gov.uk/search/companies?q=Egdon+Resources+PLC,https://find-and-update.company-information.service.gov.uk/search/companies?q=Egdon+Resources+PLC,1620591471,16:17:51,20210509
8,2012-07-31,EDR.L,GBP,2012-07-31,2012-07-31,FY,2614332.0,5148610.0,-2534278.0,-0.9693787935120711,0.0,763352.0,0.0,0.0,636409.0,5785019.0,100000.0,466321.0,-2704366.0,-1.0344386252396405,-3170687.0,-1.21280962020126,0.0,-2891146.0,-1.1058832619575478,0.0,-2891146.0,-1.1058832619575478,-0.021762,-0.021762,133001390,133001390,https://find-and-update.company-information.service.gov.uk/search/companies?q=Egdon+Resources+PLC,https://find-and-update.company-information.service.gov.uk/search/companies?q=Egdon+Resources+PLC,1620591471,16:17:51,20210509
9,2011-07-31,EDR.L,GBP,2011-07-31,2011-07-31,FY,2379000.0,2098000.0,281000.0,0.11811685582177385,0.0,687000.0,0.0,0.0,-462000.0,1636000.0,87000.0,499000.0,1242000.0,0.5220680958385876,743000.0,0.3123160992013451,0.0,4077000.0,1.7137452711223202,0.0,4077000.0,1.7137452711223202,0.030722,0.030526,132819331,133391367,https://find-and-update.company-information.service.gov.uk/search/companies?q=Egdon+Resources+PLC,https://find-and-update.company-information.service.gov.uk/search/companies?q=Egdon+Resources+PLC,1620591471,16:17:51,20210509
10,2010-07-31,EDR.L,GBP,2010-07-31,2010-07-31,FY,1252000.0,884000.0,368000.0,0.2939297124600639,0.0,668000.0,0.0,0.0,461000.0,1345000.0,29000.0,265000.0,172000.0,0.13738019169329074,-93000.0,-0.0742811501597444,0.0,236000.0,0.18849840255591055,1000.0,235000.0,0.1876996805111821,0.002860964340258701,0.0028607848014075453,82140136,82145291,https://find-and-update.company-information.service.gov.uk/search/companies?q=Egdon+Resources+PLC,https://find-and-update.company-information.service.gov.uk/search/companies?q=Egdon+Resources+PLC,1620591471,16:17:51,20210509
11,2009-07-31,EDR.L,GBP,2009-07-31,2009-07-31,FY,880000.0,831000.0,49000.0,0.05568181818181818,0.0,481000.0,0.0,0.0,433000.0,1264000.0,21000.0,242000.0,-142000.0,-0.16136363636363638,-384000.0,-0.43636363636363634,0.0,-84000.0,-0.09545454545454546,0.0,-84000.0,-0.09545454545454546,-0.001182,-0.001182,72391752,72391752,https://find-and-update.company-information.service.gov.uk/search/companies?q=Egdon+Resources+PLC,https://find-and-update.company-information.service.gov.uk/search/companies?q=Egdon+Resources+PLC,1620591471,16:17:51,20210509
12,2008-07-31,EDR.L,GBP,2008-07-31,2008-07-31,FY,1122000.0,2544000.0,-1422000.0,-1.267379679144385,0.0,1190000.0,0.0,0.0,-683000.0,1861000.0,16000.0,166000.0,-573000.0,-0.5106951871657754,-739000.0,-0.6586452762923352,0.0,-2376000.0,-2.1176470588235294,0.0,-3174000.0,-2.828877005347594,-0.046281,-0.046281,68633088,68633088,https://find-and-update.company-information.service.gov.uk/search/companies?q=Egdon+Resources+PLC,https://find-and-update.company-information.service.gov.uk/search/companies?q=Egdon+Resources+PLC,1620591471,16:17:51,20210509
13,2007-07-31,EDR.L,GBP,2007-07-31,2007-07-31,FY,41000.0,89000.0,-48000.0,-1.170731707317073,25000.0,636000.0,0.0,0.0,541000.0,630000.0,0.0,17000.0,-572000.0,-13.951219512195122,-589000.0,-14.365853658536585,0.0,-365000.0,-8.902439024390244,0.0,-573000.0,-13.975609756097562,-0.008862,-0.008862,64377885,64377885,https://find-and-update.company-information.service.gov.uk/search/companies?q=Egdon+Resources+PLC,https://find-and-update.company-information.service.gov.uk/search/companies?q=Egdon+Resources+PLC,1620591471,16:17:51,20210509
14,2006-07-31,EDR.L,GBP,2006-07-31,2006-07-31,FY,14000.0,14000.0,0.0,0.0,0.0,932000.0,0.0,0.0,643000.0,657000.0,0.0,2000.0,-641000.0,-45.785714285714285,-643000.0,-45.92857142857143,0.0,-519000.0,-37.07142857142857,0.0,-519000.0,-37.07142857142857,-0.009256,-0.009256,55967243,55967243,https://find-and-update.company-information.service.gov.uk/search/companies?q=Egdon+Resources+PLC,https://find-and-update.company-information.service.gov.uk/search/companies?q=Egdon+Resources+PLC,1620591471,16:17:51,20210509
15,2005-07-31,EDR.L,GBP,2005-07-31,2005-07-31,FY,11000.0,10000.0,1000.0,0.09090909090909091,0.0,533000.0,0.0,0.0,452000.0,462000.0,43000.0,3000.0,-448000.0,-40.72727272727273,-451000.0,-41.0,0.0,-421000.0,-38.27272727272727,0.0,-421000.0,-38.27272727272727,-0.009059,-0.009059,46428906,46428906,https://find-and-update.company-information.service.gov.uk/search/companies?q=Egdon+Resources+PLC,https://find-and-update.company-information.service.gov.uk/search/companies?q=Egdon+Resources+PLC,1620591471,16:17:51,20210509
16,2004-07-31,EDR.L,GBP,2004-07-31,2004-07-31,FY,33000.0,37000.0,-4000.0,-0.12121212121212122,0.0,252000.0,0.0,26000.0,216000.0,253000.0,35000.0,4000.0,-216000.0,-6.545454545454546,-220000.0,-6.666666666666667,0.0,-246000.0,-7.454545454545454,0.0,-246000.0,-7.454545454545454,-0.00709,-0.00709,34849016,34849016,https://find-and-update.company-information.service.gov.uk/search/companies?q=Egdon+Resources+PLC,https://find-and-update.company-information.service.gov.uk/search/companies?q=Egdon+Resources+PLC,1620591471,16:17:51,20210509
17,2003-07-31,EDR.L,GBP,2003-07-31,2003-07-31,FY,23000.0,25000.0,-2000.0,-0.08695652173913043,0.0,0.0,0.0,0.0,224000.0,249000.0,0.0,4000.0,-222000.0,-9.652173913043478,-226000.0,-9.826086956521738,0.0,-200000.0,-8.695652173913043,0.0,-200000.0,-8.695652173913043,-0.003939,-0.003939,52396992,52396992,https://find-and-update.company-information.service.gov.uk/search/companies?q=Egdon+Resources+PLC,https://find-and-update.company-information.service.gov.uk/search/companies?q=Egdon+Resources+PLC,1620591471,16:17:51,20210509
18,2002-07-31,EDR.L,GBP,2002-07-31,2002-07-31,FY,105000.0,29000.0,76000.0,0.7238095238095238,0.0,0.0,0.0,0.0,259000.0,288000.0,0.0,6000.0,-177000.0,-1.6857142857142857,-183000.0,-1.7428571428571429,0.0,-138000.0,-1.3142857142857143,0.0,-138000.0,-1.3142857142857143,-0.002954,-0.002954,52396992,52396992,https://find-and-update.company-information.service.gov.uk/search/companies?q=Egdon+Resources+PLC,https://find-and-update.company-information.service.gov.uk/search/companies?q=Egdon+Resources+PLC,1620591471,16:17:51,20210509
