,date,symbol,reportedCurrency,fillingDate,acceptedDate,period,revenue,costOfRevenue,grossProfit,grossProfitRatio,researchAndDevelopmentExpenses,generalAndAdministrativeExpenses,sellingAndMarketingExpenses,otherExpenses,operatingExpenses,costAndExpenses,interestExpense,depreciationAndAmortization,ebitda,ebitdaratio,operatingIncome,operatingIncomeRatio,totalOtherIncomeExpensesNet,incomeBeforeTax,incomeBeforeTaxRatio,incomeTaxExpense,netIncome,netIncomeRatio,eps,epsdiluted,weightedAverageShsOut,weightedAverageShsOutDil,link,finalLink,timestamp,est_time,est_date
0,2020-06-30,CVN.AX,AUD,2020-06-30,2020-06-30,FY,0.0,0.0,0.0,0.0,0.0,4370000.0,0.0,1255000.0,6937000.0,0.0,0.0,0.0,-6937000.0,0.0,-6937000.0,0.0,1255000.0,-4137000.0,0.0,0.0,-4137000.0,0.0,-0.0026,-0.0026,1562954248.0,1562954248.0,,,1620590870,16:07:50,20210509
1,2019-06-30,CVN.AX,AUD,2019-06-30,2019-06-30,FY,0.0,0.0,0.0,0.0,0.0,8325000.0,0.0,569000.0,9991000.0,0.0,0.0,0.0,-9991000.0,0.0,-9991000.0,0.0,569000.0,-8021000.0,0.0,0.0,-8021000.0,0.0,-0.0064,-0.0064,1253676091.0,1253676091.0,,,1620590870,16:07:50,20210509
2,2018-06-30,CVN.AX,AUD,2018-06-30,2018-06-30,FY,0.0,0.0,0.0,0.0,0.0,3775000.0,0.0,6774000.0,5979000.0,0.0,0.0,52000.0,-5927000.0,0.0,-5979000.0,0.0,6774000.0,1425000.0,0.0,0.0,1425000.0,0.0,0.0014,0.0014,1052522558.0,1052522558.0,,,1620590870,16:07:50,20210509
3,2017-06-30,CVN.AX,AUD,2017-06-30,2017-06-30,FY,0.0,0.0,0.0,0.0,0.0,4054000.0,0.0,-21808000.0,17052000.0,0.0,0.0,102000.0,-16950000.0,0.0,-17052000.0,0.0,-21808000.0,-36977000.0,0.0,0.0,-36977000.0,0.0,-0.036,-0.036,1021217165.0,1021217165.0,,,1620590870,16:07:50,20210509
4,2016-06-30,CVN.AX,AUD,2016-06-30,2016-06-30,FY,0.0,0.0,0.0,0.0,0.0,3614000.0,0.0,-856000.0,8410000.0,0.0,0.0,139000.0,-8271000.0,0.0,-8410000.0,0.0,-856000.0,-5367000.0,0.0,0.0,-5367000.0,0.0,-0.0053,-0.0053,1005715563.0,1005715563.0,,,1620590870,16:07:50,20210509
5,2015-06-30,CVN.AX,AUD,2015-06-30,2015-06-30,FY,0.0,0.0,0.0,0.0,0.0,3603000.0,0.0,21381000.0,9985000.0,0.0,203000.0,164000.0,-9821000.0,0.0,-9985000.0,0.0,21381000.0,14114000.0,0.0,0.0,25206000.0,0.0,0.025,0.024,988590716.0,1050250000.0,,,1620590870,16:07:50,20210509
6,2014-06-30,CVN.AX,AUD,2014-06-30,2014-06-30,FY,23193000.0,7529000.0,15664000.0,0.6753761910921399,0.0,3198000.0,0.0,-3174000.0,16239000.0,0.0,0.0,5613000.0,5038000.0,0.21722071314620792,-575000.0,-0.024791963092312335,-3174000.0,-2889000.0,-0.12456344586728754,-19676000.0,16787000.0,0.7237959729228647,0.017,0.017,965616838.0,965616838.0,,,1620590870,16:07:50,20210509
7,2013-06-30,CVN.AX,AUD,2013-06-30,2013-06-30,FY,18304000.0,4426000.0,13878000.0,0.7581949300699301,0.0,4289000.0,486000.0,1047000.0,13625000.0,0.0,0.0,5140000.0,5393000.0,0.29463505244755245,253000.0,0.013822115384615384,1047000.0,1488000.0,0.08129370629370629,9873000.0,-8385000.0,-0.4580965909090909,-0.009974,-0.009974,864607888.0,864607888.0,,,1620590870,16:07:50,20210509
8,2012-06-30,CVN.AX,AUD,2012-06-30,2012-06-30,FY,30411000.0,5894000.0,24517000.0,0.8061885501956529,0.0,5555000.0,764000.0,-1429000.0,16264000.0,0.0,0.0,5171000.0,13424000.0,0.4414192233073559,8253000.0,0.2713820656999112,-1429000.0,6885000.0,0.2263983427049423,9383000.0,-2498000.0,-0.08214133043964356,-0.003591,-0.003591,692348289.0,692348289.0,,,1620590870,16:07:50,20210509
9,2011-06-30,CVN.AX,AUD,2011-06-30,2011-06-30,FY,54750000.0,5143000.0,49607000.0,0.9060639269406393,0.0,6260000.0,1823000.0,-7893000.0,26615000.0,0.0,0.0,6074000.0,29066000.0,0.5308858447488585,22992000.0,0.4199452054794521,-7893000.0,15192000.0,0.2774794520547945,13033000.0,2159000.0,0.0394337899543379,0.002992,0.002992,689141644.0,689141644.0,,,1620590870,16:07:50,20210509
10,2010-06-30,CVN.AX,AUD,2010-06-30,2010-06-30,FY,65230000.0,5438000.0,59792000.0,0.9166334508661659,0.0,6579000.0,2283000.0,-4643000.0,17690000.0,0.0,1000.0,6928000.0,49030000.0,0.7516480147171547,42102000.0,0.6454392150850835,-4643000.0,37540000.0,0.5755020695998774,23117000.0,14423000.0,0.22110991874904184,0.020945,0.020945,687184699.0,687184699.0,,,1620590870,16:07:50,20210509
11,2009-06-30,CVN.AX,AUD,2009-06-30,2009-06-30,FY,100758000.0,3892000.0,96866000.0,0.9613727942198138,0.0,5348000.0,3827000.0,-5026000.0,20619000.0,0.0,1000.0,10057000.0,86304000.0,0.856547370928363,76247000.0,0.7567339566089045,-5026000.0,72116000.0,0.7157347307409834,35693000.0,36423000.0,0.3614899065086643,0.05386,0.05386,677763819.0,677763819.0,,,1620590870,16:07:50,20210509
12,2008-06-30,CVN.AX,AUD,2008-06-30,2008-06-30,FY,63068000.0,1800000.0,61268000.0,0.9714593771801865,0.0,1971000.0,3567000.0,-5030000.0,8427000.0,0.0,-34000.0,1605000.0,54446000.0,0.8632904166930931,52841000.0,0.8378416946787595,-5030000.0,48128000.0,0.7631128305955477,31954000.0,16174000.0,0.25645335193759117,0.023938,0.023938,666436316.0,666436316.0,,,1620590870,16:07:50,20210509
13,2007-06-30,CVN.AX,AUD,2007-06-30,2007-06-30,FY,3680677.0,1385511.0,2295166.0,0.6235716961852399,0.0,2752868.0,168249.0,-356057.0,3701175.0,0.0,20267.0,306896.0,-1099113.0,-0.2986170750652665,-1406009.0,-0.3819973879805264,-356057.0,-1542210.0,-0.41900172169413397,0.0,-1542210.0,-0.41900172169413397,-0.002992,-0.002992,508235147.0,508235147.0,,,1620590870,16:07:50,20210509
14,2006-06-30,CVN.AX,AUD,2006-06-30,2006-06-30,FY,1090213.0,251208.0,839005.0,0.7695789721825002,0.0,1581522.0,327566.0,-27434.0,2104951.0,0.0,3310.0,51982.0,-1213964.0,-1.113510846045681,-1265946.0,-1.161191436902697,-27334.0,-1246332.0,-1.1432004571583718,0.0,-758150.0,-0.6954145657775131,-0.002194,-0.002194,340842026.0,340842026.0,,,1620590870,16:07:50,20210509
15,2005-06-30,CVN.AX,AUD,2005-06-30,2005-06-30,FY,942840.0,283529.0,659311.0,0.699281956641636,0.0,755922.0,252721.0,-25503.0,1586522.0,0.0,1421.0,126946.0,-800265.0,-0.848781341478936,-927211.0,-0.9834234864876331,-25503.0,-945099.0,-1.0023959526536845,-945099.0,-945099.0,-1.0023959526536845,-0.003491,-0.003491,273022431.0,273022431.0,,,1620590870,16:07:50,20210509
16,2004-06-30,CVN.AX,AUD,2004-06-30,2004-06-30,FY,974501.0,301907.0,672594.0,0.6901932373594281,0.0,1183038.0,376943.0,-75009.0,2020635.0,0.0,1148.0,150939.0,-1197102.0,-1.2284256250121857,-1348041.0,-1.383314126922394,-75009.0,-1417044.0,-1.4541226740660091,-1417044.0,-1417044.0,-1.4541226740660091,-0.005984,-0.005984,215983746.0,215983746.0,,,1620590870,16:07:50,20210509
17,2003-06-30,CVN.AX,AUD,2003-06-30,2003-06-30,FY,1366253.0,354225.0,1366253.0,1.0,0.0,945664.0,452464.0,-239841.0,2576506.0,0.0,0.0,60203.0,-1150050.0,-0.8417547848019364,-1210253.0,-0.8858190979269579,-239841.0,-1508169.0,-1.1038724160166529,-1508169.0,-1508169.0,-1.1038724160166529,-0.008977,-0.008977,162728298.0,162728298.0,,,1620590870,16:07:50,20210509
18,2002-06-30,CVN.AX,AUD,2002-06-30,2002-06-30,FY,986763.0,847450.0,139313.0,0.1411818238016626,0.0,1562639.0,0.0,205856.0,1682357.0,0.0,0.0,8032.0,-1535012.0,-1.555603523845138,-1543044.0,-1.563743269660496,205856.0,-1463901.0,-1.4835386004542124,-1463901.0,-1463901.0,-1.4835386004542124,-0.013964,-0.013964,107710045.0,107710045.0,,,1620590870,16:07:50,20210509
19,2001-06-30,CVN.AX,AUD,2001-06-30,2001-06-30,FY,533490.0,407786.0,125704.0,0.2356257849256781,0.0,977689.0,0.0,1183576.0,1481409.0,0.0,0.0,8411.0,-1347294.0,-2.5254344036439296,-1355705.0,-2.541200397383269,1183576.0,-947697.0,-1.776410054546477,-947697.0,-947697.0,-1.776410054546477,-0.011854,-0.011854,79833603.0,79833603.0,,,1620590870,16:07:50,20210509
20,2000-06-30,CVN.AX,AUD,2000-06-30,2000-06-30,FY,0.0,0.0,0.0,0.0,0.0,0.0,0.0,0.0,0.0,0.0,0.0,0.0,0.0,0.0,0.0,0.0,0.0,-438727.0,0.0,-438727.0,-438727.0,0.0,-0.005927,-0.005927,73077373.0,73077373.0,,,1620590870,16:07:50,20210509
21,1999-06-30,CVN.AX,AUD,1999-06-30,1999-06-30,FY,0.0,0.0,0.0,0.0,0.0,0.0,0.0,0.0,0.0,0.0,0.0,0.0,0.0,0.0,0.0,0.0,0.0,-4929512.0,0.0,-4929512.0,-4929512.0,0.0,-0.081989,-0.081989,60087456.0,60087456.0,,,1620590870,16:07:50,20210509
22,1998-06-30,CVN.AX,AUD,1998-06-30,1998-06-30,FY,0.0,0.0,0.0,0.0,0.0,0.0,0.0,0.0,0.0,0.0,0.0,0.0,-3763938.0,0.0,0.0,0.0,0.0,-3763938.0,0.0,-3763938.0,-3763938.0,0.0,-0.133561,-0.133561,28181516.0,28181516.0,,,1620590870,16:07:50,20210509
23,1997-06-30,CVN.AX,AUD,1997-06-30,1997-06-30,FY,309462.0,0.0,309462.0,1.0,0.0,0.0,0.0,-309462.0,1547235.0,0.0,0.0,35613.0,345075.0,1.1150803652790973,309462.0,1.0,-309462.0,-2246764.0,-7.260225811246615,-2246764.0,-2246764.0,-7.260225811246615,-0.186798,-0.186798,24755680.0,24755680.0,,,1620590870,16:07:50,20210509
24,1996-06-30,CVN.AX,AUD,1996-06-30,1996-06-30,FY,0.0,0.0,0.0,0.0,0.0,0.0,0.0,1971196.0,1971196.0,0.0,0.0,24403.0,-1946793.0,0.0,-1971196.0,0.0,1971196.0,-2686136.0,0.0,-2686136.0,-2686136.0,0.0,-0.169986,-0.169986,15802090.0,15802090.0,,,1620590870,16:07:50,20210509
25,1995-06-30,CVN.AX,AUD,1995-06-30,1995-06-30,FY,0.0,0.0,0.0,0.0,0.0,0.0,0.0,2562000.0,2562000.0,0.0,0.0,6000.0,-2556000.0,0.0,-2562000.0,0.0,2562000.0,-2983000.0,0.0,-2983000.0,-2983000.0,0.0,-0.174858,-0.174858,17059549.0,17059549.0,,,1620590870,16:07:50,20210509
26,1994-06-30,CVN.AX,AUD,1994-06-30,1994-06-30,FY,0.0,0.0,0.0,0.0,0.0,0.0,0.0,2465000.0,2465000.0,0.0,0.0,14000.0,-2451000.0,0.0,-2465000.0,0.0,2465000.0,-2911000.0,0.0,-2911000.0,-2911000.0,0.0,-0.186955,-0.186955,15570575.0,15570575.0,,,1620590870,16:07:50,20210509
27,1993-06-30,CVN.AX,AUD,1993-06-30,1993-06-30,FY,0.0,0.0,0.0,0.0,0.0,0.0,0.0,2670000.0,2670000.0,0.0,1000.0,17000.0,-2653000.0,0.0,-2670000.0,0.0,2670000.0,-3635000.0,0.0,-3635000.0,-3635000.0,0.0,-0.345631,-0.345631,10516982.0,10516982.0,,,1620590870,16:07:50,20210509
28,1992-06-30,CVN.AX,AUD,1992-06-30,1992-06-30,FY,0.0,0.0,0.0,0.0,0.0,0.0,0.0,2102000.0,2102000.0,0.0,199000.0,28000.0,-2074000.0,0.0,-2102000.0,0.0,2102000.0,-2833000.0,0.0,-2833000.0,-2833000.0,0.0,-1.096594,-1.096594,2583873.0,2583873.0,,,1620590870,16:07:50,20210509
29,1991-06-30,CVN.AX,AUD,1991-06-30,1991-06-30,FY,204000.0,0.0,204000.0,1.0,0.0,0.0,0.0,2423000.0,2627000.0,0.0,430000.0,45000.0,-2378000.0,-11.656862745098039,-2423000.0,-11.877450980392156,2423000.0,-3488000.0,-17.098039215686274,-3488000.0,-3143000.0,-15.406862745098039,-0.002010935383439324,-0.002010935383439324,1562954248.0,1562954248.0,,,1620590870,16:07:50,20210509
30,1990-06-30,CVN.AX,AUD,1990-06-30,1990-06-30,FY,397000.0,0.0,397000.0,1.0,0.0,0.0,0.0,1096000.0,1493000.0,0.0,570000.0,266000.0,-830000.0,-2.0906801007556677,-1096000.0,-2.760705289672544,1096000.0,-1608000.0,-4.050377833753148,-1608000.0,-2353000.0,-5.926952141057934,-0.0015054823281045908,-0.0015054823281045908,1562954248.0,1562954248.0,,,1620590870,16:07:50,20210509
31,1989-06-30,CVN.AX,AUD,1989-06-30,1989-06-30,FY,53000.0,0.0,53000.0,1.0,0.0,0.0,0.0,2997000.0,3050000.0,0.0,236000.0,59000.0,-2938000.0,-55.43396226415094,-2997000.0,-56.54716981132076,2997000.0,-5067000.0,-95.60377358490567,-5067000.0,-5067000.0,-95.60377358490567,-0.003241937508077332,-0.003241937508077332,1562954248.0,1562954248.0,,,1620590870,16:07:50,20210509
