,date,symbol,reportedCurrency,fillingDate,acceptedDate,period,revenue,costOfRevenue,grossProfit,grossProfitRatio,researchAndDevelopmentExpenses,generalAndAdministrativeExpenses,sellingAndMarketingExpenses,otherExpenses,operatingExpenses,costAndExpenses,interestExpense,depreciationAndAmortization,ebitda,ebitdaratio,operatingIncome,operatingIncomeRatio,totalOtherIncomeExpensesNet,incomeBeforeTax,incomeBeforeTaxRatio,incomeTaxExpense,netIncome,netIncomeRatio,eps,epsdiluted,weightedAverageShsOut,weightedAverageShsOutDil,link,finalLink,timestamp,est_time,est_date
0,2019-09-30,MCC,USD,2019-12-16 00:00:00,2019-12-16 16:43:35,FY,46298750,35239130.0,11059620,0.23887513161802423,0.0,31927050.0,0.0,0.0,31927047.0,69198830.0,-73674990.0,0.0,-170250060.0,-3.677206,-22900080.0,-0.49461551337779097,0.0,-96575070.0,-2.0859109587191877,0.0,-96575070.0,-2.0859109587191877,-35.45718,-35.45718,2723710.0,2723710.0,https://www.sec.gov/Archives/edgar/data/1490349/000149034919000027/0001490349-19-000027-index.html,https://www.sec.gov/Archives/edgar/data/1490349/000149034919000027/a2019medleycapitalcorp10k.htm,1620594822,17:13:42,20210509
1,2018-09-30,MCC,USD,2018-12-04 00:00:00,2018-12-04 06:12:12,FY,66820600,42262200.0,24558400,0.36752737928123963,0.0,12154060.0,0.0,0.0,11616136.0,56803220.0,-120941380.0,0.0,-231865380.0,-3.469969,10017380.0,0.1499145473102606,0.0,-110924000.0,-1.6600269976623976,0.0,-110924000.0,-1.6600269976623976,-40.72533,-40.72533,2723710.0,2723710.0,https://www.sec.gov/Archives/edgar/data/1490349/000149034918000047/0001490349-18-000047-index.html,https://www.sec.gov/Archives/edgar/data/1490349/000149034918000047/a2018medleycapitalcorp10k.htm,1620594822,17:13:42,20210509
2,2017-09-30,MCC,USD,2017-12-07 00:00:00,2017-12-07 06:32:35,FY,96256080,49979200.0,46276880,0.4807683836698939,0.0,9906700.0,0.0,0.0,9547908.0,60982580.0,-50350150.0,0.0,-65426800.0,-0.679716,35273500.0,0.36645477355820016,0.0,-15076650.0,-0.1566306253069936,0.0,-15076650.0,-0.1566306253069936,-5.53534,-5.53534,2723710.0,2723710.0,https://www.sec.gov/Archives/edgar/data/1490349/000149034917000007/0001490349-17-000007-index.html,https://www.sec.gov/Archives/edgar/data/1490349/000149034917000007/a2017medleycapitalcorp10k.htm,1620594822,17:13:42,20210509
3,2016-09-30,MCC,USD,2016-12-08 00:00:00,2016-12-08 16:51:57,FY,120748970,57591870.0,63157100,0.5230446272129692,0.0,9566420.0,0.0,0.0,5919767.0,67158280.0,-81552770.0,0.0,-109514860.0,-0.906963,53590690.0,0.4438190238807006,0.0,-27962090.0,-0.23157207883429565,0.0,-27962090.0,-0.23157207883429565,-10.09469,-10.09469,2769980.0,2769980.0,https://www.sec.gov/Archives/edgar/data/1490349/000114420416138601/0001144204-16-138601-index.html,https://www.sec.gov/Archives/edgar/data/1490349/000114420416138601/v451143_10k.htm,1620594822,17:13:42,20210509
4,2015-09-30,MCC,USD,2015-12-04 00:00:00,2015-12-04 06:55:27,FY,149196100,66215610.0,82980490,0.5561840423442704,0.0,10044060.0,0.0,0.0,10044055.0,76259660.0,-87694260.0,0.0,-102452080.0,-0.686694,72936440.0,0.4888629126364563,0.0,-14757820.0,-0.09891558827610106,0.0,-14757820.0,-0.09891558827610106,-5.12204,-5.12204,2881240.0,2881240.0,https://www.sec.gov/Archives/edgar/data/1490349/000114420415069256/0001144204-15-069256-index.html,https://www.sec.gov/Archives/edgar/data/1490349/000114420415069256/v423713_10k.htm,1620594822,17:13:42,20210509
5,2014-09-30,MCC,USD,2014-12-08 00:00:00,2014-12-08 17:16:10,FY,139400000,56500000.0,82900000,0.5946915351506457,0.0,8200000.0,0.0,0.0,8237870.0,64700000.0,-22500000.0,0.0,29700000.0,0.213056,74700000.0,0.5358680057388809,0.0,52200000.0,0.3744619799139168,0.0,52200000.0,0.3744619799139168,1.10127,1.10127,47400000.0,47400000.0,https://www.sec.gov/Archives/edgar/data/1490349/000114420414072835/0001144204-14-072835-index.html,https://www.sec.gov/Archives/edgar/data/1490349/000114420414072835/v393461_10k.htm,1620594822,17:13:42,20210509
6,2013-09-30,MCC,USD,2013-12-10 00:00:00,2013-12-10 06:07:55,FY,89000000,36000000.0,53000000,0.5955056179775281,0.0,6600000.0,0.0,0.0,6475581.0,42600000.0,-7000000.0,0.0,32400000.0,0.364045,46400000.0,0.5213483146067416,0.0,39400000.0,0.44269662921348313,0.0,39400000.0,0.44269662921348313,1.30464,1.30464,30200000.0,30200000.0,https://www.sec.gov/Archives/edgar/data/1490349/000114420413066445/0001144204-13-066445-index.html,https://www.sec.gov/Archives/edgar/data/1490349/000114420413066445/v360822_10k.htm,1620594822,17:13:42,20210509
7,2012-09-30,MCC,USD,2012-12-10 00:00:00,2012-12-10 17:28:03,FY,44500000,16400000.0,28100000,0.6314606741573033,0.0,4600000.0,0.0,0.0,4700000.000000003,21100000.000000004,-1100000.0,0.0,21300000.0,0.478652,23500000.0,0.5280898876404494,0.0,22400000.0,0.503370786516854,0.0,22400000.0,0.503370786516854,1.2514,1.2514,17900000.0,17900000.0,https://www.sec.gov/Archives/edgar/data/1490349/000114420412067294/0001144204-12-067294-index.html,https://www.sec.gov/Archives/edgar/data/1490349/000114420412067294/v329151_10k.htm,1620594822,17:13:42,20210509
8,2011-09-30,MCC,USD,2011-12-14 00:00:00,2011-12-14 16:35:49,FY,14600000,3600000.0,11000000,0.7534246575342466,0.0,2500000.0,0.0,0.0,2400000.0,6000000.0,-100000.0,0.0,9400000.0,0.643836,8600000.0,0.589041095890411,1100000.0,9500000.0,0.6506849315068494,0.0,9500000.0,0.6506849315068494,0.54913,0.54913,17300000.0,17300000.0,https://www.sec.gov/Archives/edgar/data/1490349/000114420411069800/0001144204-11-069800-index.html,https://www.sec.gov/Archives/edgar/data/1490349/000114420411069800/v242104_10k.htm,1620594822,17:13:42,20210509
