,date,symbol,reportedCurrency,fillingDate,acceptedDate,period,revenue,costOfRevenue,grossProfit,grossProfitRatio,researchAndDevelopmentExpenses,generalAndAdministrativeExpenses,sellingAndMarketingExpenses,otherExpenses,operatingExpenses,costAndExpenses,interestExpense,depreciationAndAmortization,ebitda,ebitdaratio,operatingIncome,operatingIncomeRatio,totalOtherIncomeExpensesNet,incomeBeforeTax,incomeBeforeTaxRatio,incomeTaxExpense,netIncome,netIncomeRatio,eps,epsdiluted,weightedAverageShsOut,weightedAverageShsOutDil,link,finalLink,timestamp,est_time,est_date
0,2020-12-31,TPL,USD,2021-02-25,2021-02-25 16:26:54,FY,302554000.0,0.0,302554000.0,1.0,0.0,52702000.0,0.0,75552000.0,85303000.0,85303000.0,0.0,14395000.0,231646000.0,0.7656352254473582,217251000.0,0.7180569419012804,92038000.0,219662000.0,0.7260257673010437,43613000.0,176049000.0,0.581876293157585,22.69797048950537,22.69797048950537,7756156.0,7756156.0,https://www.sec.gov/Archives/edgar/data/1811074/000181107421000013/0001811074-21-000013-index.htm,https://www.sec.gov/Archives/edgar/data/1811074/000181107421000013/tpl-20201231.htm,1620598978,18:22:58,20210509
1,2019-12-31,TPL,USD,2020-02-27,2020-02-27 17:26:18,FY,490496000.0,29714000.0,460782000.0,0.9394205049582464,0.0,61209000.0,0.0,2682000.0,61209000.0,90923000.0,0.0,0.0,408479000.0,0.8327876272181628,399573000.0,0.8146304964770354,2682000.0,402255000.0,0.8200984309759917,83527000.0,318728000.0,0.6498075417536534,41.38,41.38,7756437.0,7756437.0,https://www.sec.gov/Archives/edgar/data/97517/000009751720000017/0000097517-20-000017-index.htm,https://www.sec.gov/Archives/edgar/data/97517/000009751720000017/tpl-20191231.htm,1620598978,18:22:58,20210509
2,2018-12-31,TPL,USD,2019-02-28,2019-02-28 16:37:49,FY,300220000.0,13751000.0,286469000.0,0.9541969222570115,0.0,25635000.0,0.0,916000.0,25635000.0,39386000.0,0.0,2583000.0,263417000.0,0.8774132302977816,260834000.0,0.868809539670908,916000.0,261750000.0,0.8718606355339418,52014000.0,209736000.0,0.6986076876956898,26.93,26.93,7787407.0,7787407.0,https://www.sec.gov/Archives/edgar/data/97517/000009751719000015/0000097517-19-000015-index.htm,https://www.sec.gov/Archives/edgar/data/97517/000009751719000015/tpl12-31x201810k.htm,1620598978,18:22:58,20210509
3,2017-12-31,TPL,USD,2018-02-28,2018-02-28 16:07:21,FY,132329000.0,867000.0,131462000.0,0.9934481481761368,0.0,8517000.0,0.0,0.0,11686000.0,12553000.0,0.0,376000.0,120152000.0,0.9079793544876784,119776000.0,0.9051379516205821,0.0,119860000.0,0.9057727331121674,43499000.0,76361000.0,0.5770541604636927,9.72,9.72,7854705.0,7854705.0,https://www.sec.gov/Archives/edgar/data/97517/000143774918003528/0001437749-18-003528-index.htm,https://www.sec.gov/Archives/edgar/data/97517/000143774918003528/tpl20171231_10k.htm,1620598978,18:22:58,20210509
4,2016-12-31,TPL,USD,2017-02-28,2017-02-28 14:59:45,FY,59911397.0,43290.0,59868107.0,0.9992774329732288,0.0,3023480.0,0.0,0.0,4810257.0,4853547.0,0.0,43290.0,55101140.0,0.9197104851352407,55057850.0,0.9189879181084694,0.0,55086920.0,0.9194731346358023,17847370.0,37239550.0,0.6215770598705952,4.66,4.66,7989030.0,7989030.0,https://www.sec.gov/Archives/edgar/data/97517/000143774917003418/0001437749-17-003418-index.htm,https://www.sec.gov/Archives/edgar/data/97517/000143774917003418/tpl20161231_10k.htm,1620598978,18:22:58,20210509
5,2015-12-31,TPL,USD,2016-02-29,2016-02-29 12:28:39,FY,79414853.0,35832.0,79379021.0,0.999548799769232,0.0,2638863.0,0.0,0.0,4123439.0,4159271.0,0.0,25374.0,75280956.0,0.9479455436377877,75255582.0,0.9476260316190473,0.0,75283022.0,0.9479715589223593,25244515.0,50038507.0,0.6300900286247461,6.1,6.1,8197632.0,8197632.0,https://www.sec.gov/Archives/edgar/data/97517/000143774916026297/0001437749-16-026297-index.htm,https://www.sec.gov/Archives/edgar/data/97517/000143774916026297/tpl20151201_10k.htm,1620598978,18:22:58,20210509
6,2014-12-31,TPL,USD,2015-02-27,2015-02-27 13:42:36,FY,55202230.0,19730.0,55182500.0,0.9996425869027392,0.0,2065213.0,0.0,0.0,3765469.0,3785199.0,0.0,19730.0,51436761.0,0.9317877375606022,51417031.0,0.9314303244633414,0.0,51431554.0,0.9316934116610869,16666534.0,34765020.0,0.6297756449331847,4.14,4.14,8397314.0,8397314.0,https://www.sec.gov/Archives/edgar/data/97517/000143774915003635/0001437749-15-003635-index.htm,https://www.sec.gov/Archives/edgar/data/97517/000143774915003635/tpl20141231_10k.htm,1620598978,18:22:58,20210509
7,2013-12-31,TPL,USD,2014-02-28,2014-02-28 14:35:12,FY,44109074.0,16286.0,44092788.0,0.9996307789186415,0.0,2533580.0,0.0,0.0,3962215.0,3978501.0,0.0,16286.0,40146859.0,0.9101723377824708,40130573.0,0.9098031167011124,0.0,40142578.0,0.9100752829225116,12924070.0,27218508.0,0.6170727592240998,3.16,3.16,8601171.0,8601171.0,https://www.sec.gov/Archives/edgar/data/97517/000143774914003082/0001437749-14-003082-index.htm,https://www.sec.gov/Archives/edgar/data/97517/000143774914003082/tpl20131231_10k.htm,1620598978,18:22:58,20210509
8,2012-12-31,TPL,USD,2013-03-11,2013-03-11 13:49:21,FY,32587456.0,16504.0,32570952.0,0.9994935474558063,0.0,2317744.0,0.0,0.0,3267501.0,3284005.0,0.0,16504.0,29319955.0,0.899731326066079,29303451.0,0.8992248735218852,0.0,29322886.0,0.8998212686501211,9675068.0,19647818.0,0.6029258006516373,2.2,2.2,8939045.0,8939045.0,https://www.sec.gov/Archives/edgar/data/97517/000143774913002599/0001437749-13-002599-index.htm,https://www.sec.gov/Archives/edgar/data/97517/000143774913002599/tplt_10k-123112.htm,1620598978,18:22:58,20210509
9,2011-12-31,TPL,USD,2012-03-12,2012-03-12 17:12:04,FY,33420759.0,0.0,33420759.0,1.0,0.0,2583047.0,0.0,0.0,3563118.0,3563118.0,0.0,12675.0,29870316.0,0.8937653390816169,29857641.0,0.8933860837810416,0.0,30755918.0,0.9202638994524331,10161149.0,20594769.0,0.616226848708014,2.21,2.21,9336998.0,9336998.0,https://www.sec.gov/Archives/edgar/data/97517/000143774912002194/0001437749-12-002194-index.htm,https://www.sec.gov/Archives/edgar/data/97517/000143774912002194/tplt_10k-123111.htm,1620598978,18:22:58,20210509
10,2010-12-31,TPL,USD,2011-03-11,2011-03-11 15:30:25,FY,20065965.0,0.0,20065965.0,1.0,0.0,2876720.0,0.0,0.0,3667491.0,3667491.0,0.0,15391.0,16413865.0,0.8179952970116314,16398474.0,0.8172282768359259,0.0,16424181.0,0.8185094013669415,5115470.0,11308711.0,0.56357673304025,1.17,1.168265,9679921.0,9679921.0,https://www.sec.gov/Archives/edgar/data/97517/000093244011000107/0000932440-11-000107-index.htm,https://www.sec.gov/Archives/edgar/data/97517/000093244011000107/form10k_278932.htm,1620598978,18:22:58,20210509
11,2009-12-31,TPL,USD,2010-03-12,2010-03-12 13:45:21,FY,13084860.0,0.0,13084860.0,1.0,0.0,2439935.0,0.0,0.0,3093524.0,3093524.0,0.0,42141.0,10033477.0,0.766800485446539,9991336.0,0.7635798930978245,0.0,10044763.0,0.7676630090042996,3130720.0,6914043.0,0.5284002274384288,0.6901600794088417,0.6865813407140203,10018028.0,10070246.0,https://www.sec.gov/Archives/edgar/data/97517/000093244010000057/0000932440-10-000057-index.htm,https://www.sec.gov/Archives/edgar/data/97517/000093244010000057/form10k_271569.htm,1620598978,18:22:58,20210509
12,2008-12-31,TPL,USD,2009-03-16,2009-03-16 11:17:44,FY,19296266.0,0.0,19296266.0,1.0,0.0,2784624.0,0.0,0.0,3720046.0,3720046.0,0.0,36803.0,15613023.0,0.8091214642252548,15576220.0,0.8072142040330497,0.0,15804966.0,0.819068621877414,4865193.0,10939773.0,0.5669373027921568,1.0565329278120004,1.051204927812721,10354408.0,10406889.0,https://www.sec.gov/Archives/edgar/data/97517/000093244009000215/0000932440-09-000215-index.htm,https://www.sec.gov/Archives/edgar/data/97517/000093244009000215/form10k_263150.htm,1620598978,18:22:58,20210509
13,2007-12-31,TPL,USD,2008-03-14,2008-03-14 16:29:50,FY,15465111.0,0.0,0.0,0.0,0.0,579690.0,0.0,0.0,3957397.0,3957397.0,0.0,35999.0,11543713.0,0.7464358322420059,11507714.0,0.7441080765602006,0.0,11877714.0,0.7680328967570941,3628026.0,8249688.0,0.5334386542715406,0.78,0.78,10576523.0,10576523.0,https://www.sec.gov/Archives/edgar/data/97517/000093244008000195/0000932440-08-000195-index.htm,https://www.sec.gov/Archives/edgar/data/97517/000093244008000195/tplt10k_252062-dec312007.htm,1620598978,18:22:58,20210509
14,2006-12-31,TPL,USD,2007-03-15,2007-03-15 15:13:51,FY,22461198.0,0.0,0.0,0.0,0.0,555367.0,0.0,0.0,6143467.0,6143467.0,0.0,37134.0,16354865.0,0.7281385881554492,16317731.0,0.726485337068842,0.0,16879015.0,0.7514743870741,5309153.0,11569862.0,0.5151044036030491,1.082,1.082,10693033.0,10693033.0,https://www.sec.gov/Archives/edgar/data/97517/000093244007000218/0000932440-07-000218-index.htm,https://www.sec.gov/Archives/edgar/data/97517/000093244007000218/tplt10k_yedec31-06.htm,1620598978,18:22:58,20210509
15,2005-12-31,TPL,USD,2006-03-16,2006-03-16 11:19:39,FY,15407641.0,0.0,0.0,0.0,0.0,487231.0,0.0,0.0,3234913.0,3234913.0,0.0,28791.0,12201519.0,0.7919135057728824,12172728.0,0.790044887468497,0.0,12172728.0,0.790044887468497,3660141.0,8512587.0,0.5524912606673533,0.784,0.784,10857892.0,10857892.0,https://www.sec.gov/Archives/edgar/data/97517/000093244006000125/0000932440-06-000125-index.htm,https://www.sec.gov/Archives/edgar/data/97517/000093244006000125/tplt10k-2005.htm,1620598978,18:22:58,20210509
16,2004-12-31,TPL,USD,2004-12-31,2004-12-31,FY,29140610.0,0.0,0.0,0.0,0.0,442646.0,0.0,0.0,3368175.0,3368175.0,0.0,38174.0,25810609.0,0.8857264484168313,25772435.0,0.884416455249221,0.0,25772435.0,0.884416455249221,8359477.0,17412958.0,0.597549536540244,1.578,1.578,11034828.0,11034828.0,,,1620598978,18:22:58,20210509
17,2004-12-04,TPL,USD,2005-03-16,2005-03-16 12:29:19,FY,0.0,0.0,0.0,0.0,0.0,0.0,0.0,0.0,0.0,0.0,0.0,38174000.0,25810609000.0,0.0,25772435000.0,0.0,0.0,25772435000.0,0.0,0.0,17412958000.0,0.0,7.89,7.89,2206965.0,2206965.0,https://www.sec.gov/Archives/edgar/data/97517/000093244005000113/0000932440-05-000113-index.htm,https://www.sec.gov/Archives/edgar/data/97517/000093244005000113/texpac10k_march05.htm,1620598978,18:22:58,20210509
18,2003-12-31,TPL,USD,2004-03-15,2004-03-15 10:29:57,FY,9953329.0,0.0,0.0,0.0,0.0,405613.0,0.0,0.0,2358086.0,2358086.0,0.0,50929.0,7646172.0,0.768202477784066,7595243.0,0.7630856972576713,0.0,7595243.0,0.7630856972576713,2265092.0,5330151.0,0.5355143992527526,0.468,0.468,11389212.0,11389212.0,https://www.sec.gov/Archives/edgar/data/97517/000093244004000089/0000932440-04-000089-index.htm,https://www.sec.gov/Archives/edgar/data/97517/000093244004000089/texaspacfic_mar04-10k.htm,1620598978,18:22:58,20210509
19,2002-12-31,TPL,USD,2002-12-31,2002-12-31,FY,9122098.0,0.0,0.0,0.0,0.0,445148.0,0.0,0.0,2028478.0,2028478.0,0.0,49965.0,7143585.0,0.7831076798341785,7093620.0,0.7776303214457903,0.0,7093620.0,0.7776303214457903,2192834.0,4900786.0,0.5372432964434278,0.418,0.418,11724368.0,11724368.0,,,1620598978,18:22:58,20210509
20,2001-12-31,TPL,USD,2001-12-31,2001-12-31,FY,13429368.0,0.0,0.0,0.0,0.0,530555.0,0.0,0.0,3385347.0,3385347.0,0.0,52116.0,10096137.0,0.7517953934987857,10044021.0,0.7479146449780809,0.0,10044021.0,0.7479146449780809,3157508.0,6886513.0,0.5127950176061896,0.558,0.558,12341421.0,12341421.0,,,1620598978,18:22:58,20210509
21,2000-12-31,TPL,USD,2000-12-31,2000-12-31,FY,7798999.0,0.0,0.0,0.0,0.0,468945.0,0.0,0.0,2456242.0,2456242.0,0.0,44413.0,5387170.0,0.6907514669510793,5342757.0,0.6850567617716068,0.0,5342757.0,0.6850567617716068,1584688.0,3758069.0,0.4818655573619127,0.294,0.294,12782548.0,12782548.0,,,1620598978,18:22:58,20210509
22,1999-12-31,TPL,USD,1999-12-31,1999-12-31,FY,5924237.0,0.0,0.0,0.0,0.0,413616.0,0.0,0.0,1724815.0,1724815.0,0.0,48026.0,4247448.0,0.716961188419707,4199422.0,0.7088544904601217,0.0,4199422.0,0.7088544904601217,1261595.0,2937827.0,0.49589964074698567,0.22199999924433944,0.22163915503583553,13233455.0,13255000.0,,,1620598978,18:22:58,20210509
23,1998-12-31,TPL,USD,1998-12-31,1998-12-31,FY,10479670.0,0.0,0.0,0.0,0.0,398692.0,0.0,0.0,1638132.0,1638132.0,0.0,60321.0,8901859.0,0.849440774375529,8841538.0,0.8436847725166918,0.0,8841538.0,0.8436847725166918,2808277.0,6033261.0,0.5757109718149522,0.44399998940274615,0.44199714285714287,13588426.0,13650000.0,,,1620598978,18:22:58,20210509
24,1997-12-31,TPL,USD,1997-12-31,1997-12-31,FY,13075037.0,0.0,0.0,0.0,0.0,491395.0,0.0,0.0,3243920.0,3243920.0,0.0,49201.0,9880318.0,0.7556627182011034,9831117.0,0.75189974605808,0.0,9831117.0,0.75189974605808,3124376.0,6706741.0,0.5129424107939426,0.47799999700659385,0.47409722415146077,14030839.0,14146341.0,,,1620598978,18:22:58,20210509
25,1996-12-31,TPL,USD,1996-12-31,1996-12-31,FY,8581087.0,0.0,0.0,0.0,0.0,430583.0,0.0,0.0,2442527.0,2442527.0,0.0,15726.0,6154286.0,0.7171918895589802,6138560.0,0.7153592546025929,0.0,6138560.0,0.7153592546025929,1874287.0,4264273.0,0.4969385580171836,0.29199999315240854,0.29060230900919204,14603675.0,14673913.0,,,1620598978,18:22:58,20210509
26,1995-12-31,TPL,USD,1995-12-31,1995-12-31,FY,6440285.0,0.0,0.0,0.0,0.0,455972.0,0.0,0.0,1688567.0,1688567.0,0.0,11314.0,4763032.0,0.7395685128841348,4751718.0,0.7378117583305708,0.0,4751718.0,0.7378117583305708,1422817.0,3328901.0,0.5168872185004235,0.218,0.218,15270188.0,15270188.0,,,1620598978,18:22:58,20210509
