,date,symbol,reportedCurrency,fillingDate,acceptedDate,period,revenue,costOfRevenue,grossProfit,grossProfitRatio,researchAndDevelopmentExpenses,generalAndAdministrativeExpenses,sellingAndMarketingExpenses,otherExpenses,operatingExpenses,costAndExpenses,interestExpense,depreciationAndAmortization,ebitda,ebitdaratio,operatingIncome,operatingIncomeRatio,totalOtherIncomeExpensesNet,incomeBeforeTax,incomeBeforeTaxRatio,incomeTaxExpense,netIncome,netIncomeRatio,eps,epsdiluted,weightedAverageShsOut,weightedAverageShsOutDil,link,finalLink,timestamp,est_time,est_date
0,2020-12-31,IONI,USD,2021-03-26,2021-03-25 19:57:50,FY,10471502.0,6078030.0,4393472.0,0.41956464316198383,999209.0,1697377.0,0.0,-24957.0,2681099.0,8759129.0,23507.0,140985.0,1853358.0,0.17699065520877522,1712373.0,0.16352697062942834,-26822.0,1707449.0,0.1630567420032007,86570.0,1620448.0,0.15474838280124475,0.046258414848385714,0.046258414848385714,35030340.0,35030340.0,https://www.sec.gov/Archives/edgar/data/1580490/000114036121010077/0001140361-21-010077-index.htm,https://www.sec.gov/Archives/edgar/data/1580490/000114036121010077/brhc10022207_10k.htm,1620593693,16:54:53,20210509
1,2019-12-31,IONI,USD,2020-03-24 00:00:00,2020-03-24 13:33:01,FY,7954020.0,5519930.0,2434090.0,0.30602010052778345,838240.0,1871818.0,0.0,0.0,2703664.0,8446190.0,48041.0,240050.0,-252120.0,-0.031697179539402716,-492170.0,-0.061876887410391226,41700.0,-431450.0,-0.054243011709802086,276020.0,-712450.0,-0.08957105966542704,-0.02034,-0.02034,35030340.0,35030340.0,https://www.sec.gov/Archives/edgar/data/1580490/000114036120006676/0001140361-20-006676-index.html,https://www.sec.gov/Archives/edgar/data/1580490/000114036120006676/form10k.htm,1620593693,16:54:53,20210509
2,2018-12-31,IONI,USD,2019-04-16,2019-04-16,FY,7091650.0,5259400.0,1832250.0,0.25836723470560446,329370.0,1934899.0,0.0,0.0,2264265.0,7523659.999999999,22763.0,76820.0,-355190.0,-0.05008566412612016,-432010.0,-0.060918122016738,86710.0,-307570.0,-0.04337072472555752,-423090.0,81840.0,0.01154033264473007,0.00234,0.00234,35030340.0,35030340.0,https://www.sec.gov/Archives/edgar/data/1580490/000114036119007185/0001140361-19-007185-index.htm,https://www.sec.gov/Archives/edgar/data/1580490/000114036119007185/form10k.htm,1620593693,16:54:53,20210509
3,2017-12-31,IONI,USD,2018-06-08,2018-06-08,FY,9206360.0,6199390.0,3006970.0,0.32661877224006014,670710.0,1073856.0,0.0,945586.0,1370387.0,8619680.0,63138.0,115160.0,701840.0,0.07623425544949361,586680.0,0.06372551149422791,-393010.0,220020.0,0.023898696118770067,146900.0,19110.0,0.002075738945685374,0.00074,0.00074,26000000.0,26000000.0,https://www.sec.gov/Archives/edgar/data/1580490/000114036118027878/0001140361-18-027878-index.htm,https://www.sec.gov/Archives/edgar/data/1580490/000114036118027878/form10k.htm,1620593693,16:54:53,20210509
4,2016-12-31,IONI,USD,2016-12-31,2016-12-31,FY,9222880.0,4722090.0,4500790.0,0.4880026629425949,1387070.0,985825.0,0.0,714026.0,1298350.0,8195440.0,12197.0,88210.0,1115650.0,0.12096546848706695,1027440.0,0.11140121090158389,-53000.0,1025930.0,0.11123748763943583,121780.0,940450.0,0.10196923303783634,0.33489,0.33489,2808210.0,2808210.0,,,1620593693,16:54:53,20210509
5,2015-12-31,IONI,USD,2015-12-31,2015-12-31,FY,2033072.0,1440538.0,592534.0,0.29144762212061354,0.0,588147.0,0.0,491456.0,849827.0,2217560.0,1928.0,189498.0,335541.0,0.16504137580961226,146043.0,0.07183365862104245,0.0,146043.0,0.07183365862104245,25395.0,120648.0,0.059342708964562,0.0121,0.0121,9973587.0,9973587.0,,,1620593693,16:54:53,20210509
6,2014-12-31,IONI,USD,2015-06-17,2015-06-17,FY,0.0,0.0,0.0,0.0,0.0,626614.0,0.0,0.0,777022.0,2833.0,0.0,0.0,-2833.0,0.0,-2833.0,0.0,0.0,-2833.0,0.0,0.0,-2833.0,0.0,-0.00028,-0.00028,10000000.0,10000000.0,https://www.sec.gov/Archives/edgar/data/1580490/000121390015004529/0001213900-15-004529-index.htm,https://www.sec.gov/Archives/edgar/data/1580490/000121390015004529/f10k2014a1_evansbrewing.htm,1620593693,16:54:53,20210509
7,2013-12-31,IONI,USD,2014-02-07,2014-02-07,FY,0.0,0.0,0.0,0.0,0.0,0.0,0.0,0.0,0.0,0.0,0.0,0.0,0.0,0.0,0.0,0.0,0.0,0.0,0.0,0.0,0.0,0.0,0.0,0.0,10000000.0,10000000.0,https://www.sec.gov/Archives/edgar/data/1580490/000126246314000099/0001262463-14-000099-index.htm,https://www.sec.gov/Archives/edgar/data/1580490/000126246314000099/alpine310k.htm,1620593693,16:54:53,20210509
