,date,symbol,reportedCurrency,fillingDate,acceptedDate,period,revenue,costOfRevenue,grossProfit,grossProfitRatio,researchAndDevelopmentExpenses,generalAndAdministrativeExpenses,sellingAndMarketingExpenses,otherExpenses,operatingExpenses,costAndExpenses,interestExpense,depreciationAndAmortization,ebitda,ebitdaratio,operatingIncome,operatingIncomeRatio,totalOtherIncomeExpensesNet,incomeBeforeTax,incomeBeforeTaxRatio,incomeTaxExpense,netIncome,netIncomeRatio,eps,epsdiluted,weightedAverageShsOut,weightedAverageShsOutDil,link,finalLink,timestamp,est_time,est_date
0,2020-10-31,2HP.DE,USD,2020-10-31,2020-10-31,FY,26982000000,18513000000,8469000000,0.3138759172781855,1874000000,4624000000,0.0,136000000.0,0.0,25491000000,0.0,379000000,1870000000,0.06930546290119338,1491000000,0.05525906159661997,-1718000000,-442000000,-0.016381291231191166,-120000000,-322000000,-0.011933881847157364,-0.23798965262379895,-0.23798965262379895,1353000000,1353000000,https://www.bundesanzeiger.de/pub/de/suche;wwwsid=627BFD7A56A5CB624C47FDDEAB2FC509.web07-pub?0,https://www.bundesanzeiger.de/pub/de/suche;wwwsid=627BFD7A56A5CB624C47FDDEAB2FC509.web07-pub?0,1620585570,14:39:30,20210509
1,2019-10-31,2HP.DE,USD,2019-10-31,2019-10-31,FY,29135000000,19642000000,9493000000,0.3258280418740347,1842000000,4936000000,0.0,59000000.0,6668000000.0,26310000000,0.0,267000000,3092000000,0.10612665179337566,2825000000,0.09696241633773811,-1095000000,1553000000,0.05330358675133001,504000000,1049000000,0.036004805217092845,0.78,0.77,1353000000,1366000000,https://www.bundesanzeiger.de/pub/de/suche;wwwsid=627BFD7A56A5CB624C47FDDEAB2FC509.web07-pub?0,https://www.bundesanzeiger.de/pub/de/suche;wwwsid=627BFD7A56A5CB624C47FDDEAB2FC509.web07-pub?0,1620585570,14:39:30,20210509
2,2018-10-31,2HP.DE,USD,2018-10-31,2018-10-31,FY,30852000000,21560000000,9292000000,0.30117982626734086,1663000000,4946000000,0.0,0.0,8257000000.0,29817000000,0.0,294000000,1329000000,0.04307662388175807,1035000000,0.03354725787631272,-493000000,268000000,0.008686632957344743,-1744000000,1908000000,0.061843640606767794,1.25,1.23,1529000000,1553000000,https://www.bundesanzeiger.de/pub/de/suche;wwwsid=627BFD7A56A5CB624C47FDDEAB2FC509.web07-pub?0,https://www.bundesanzeiger.de/pub/de/suche;wwwsid=627BFD7A56A5CB624C47FDDEAB2FC509.web07-pub?0,1620585570,14:39:30,20210509
3,2017-10-31,2HP.DE,USD,2017-10-31,2017-10-31,FY,28871000000,20177000000,8694000000,0.30113262443282185,1486000000,5063000000,0.0,0.0,6873000000.0,27050000000,0.0,321000000,2142000000,0.07419209587475321,1821000000,0.06307367254338263,-1222000000,272000000,0.009421218523778186,-164000000,344000000,0.011915070485954764,0.20899149453219928,0.2054958183990442,1646000000,1674000000,https://www.bundesanzeiger.de/pub/de/suche;wwwsid=627BFD7A56A5CB624C47FDDEAB2FC509.web07-pub?0,https://www.bundesanzeiger.de/pub/de/suche;wwwsid=627BFD7A56A5CB624C47FDDEAB2FC509.web07-pub?0,1620585570,14:39:30,20210509
4,2016-10-31,2HP.DE,USD,2016-10-31,2016-10-31,FY,50123000000,35507000000,14616000000,0.2916026574626419,2298000000,7821000000,0.0,0.0,10557000000.0,46064000000,0.0,755000000,4814000000,0.09604373241825111,4059000000,0.0809807872633322,332000000,4079000000,0.08137980567803205,918000000,3161000000,0.06306486044330946,1.84,1.82,1715000000,1739000000,https://www.bundesanzeiger.de/pub/de/suche;wwwsid=627BFD7A56A5CB624C47FDDEAB2FC509.web07-pub?0,https://www.bundesanzeiger.de/pub/de/suche;wwwsid=627BFD7A56A5CB624C47FDDEAB2FC509.web07-pub?0,1620585570,14:39:30,20210509
5,2015-10-31,2HP.DE,USD,2015-10-31,2015-10-31,FY,52107000000,37168000000,14939000000,0.28669852419060776,2338000000,8025000000,0.0,0.0,11215000000.0,48383000000,0.0,852000000,4576000000,0.08781929491239181,3724000000,0.07146832479321397,-2201000000,1470000000,0.028211180839426565,-991000000,2461000000,0.04722973880668624,1.36,1.34,1804000000,1834000000,https://www.bundesanzeiger.de/pub/de/suche;wwwsid=627BFD7A56A5CB624C47FDDEAB2FC509.web07-pub?0,https://www.bundesanzeiger.de/pub/de/suche;wwwsid=627BFD7A56A5CB624C47FDDEAB2FC509.web07-pub?0,1620585570,14:39:30,20210509
6,2014-10-31,2HP.DE,USD,2014-10-31,2014-10-31,FY,55123000000,39486000000,15637000000,0.28367469114525695,2197000000,8717000000,0.0,0.0,11820000000.0,51306000000,0.0,906000000,4723000000,0.08568111314696225,3817000000,0.0692451426809136,-1482000000,2244000000,0.04070895996226621,596000000,1648000000,0.029896776300273934,0.76,0.75,1839000000,1869000000,https://www.bundesanzeiger.de/pub/de/suche;wwwsid=627BFD7A56A5CB624C47FDDEAB2FC509.web07-pub?0,https://www.bundesanzeiger.de/pub/de/suche;wwwsid=627BFD7A56A5CB624C47FDDEAB2FC509.web07-pub?0,1620585570,14:39:30,20210509
7,2013-10-31,2HP.DE,USD,2013-10-31,2013-10-31,FY,57371000000,41630000000,15741000000,0.27437206951247145,1956000000,8601000000,0.0,0.0,11785000000.0,53415000000,0.0,1228000000,5184000000,0.09035924073137996,3956000000,0.06895469836677066,-1004000000,2871000000,0.05004270450227467,820000000,2051000000,0.035749769047079535,1.138812,1.12322,1801000000,1826000000,https://www.bundesanzeiger.de/pub/de/suche;wwwsid=627BFD7A56A5CB624C47FDDEAB2FC509.web07-pub?0,https://www.bundesanzeiger.de/pub/de/suche;wwwsid=627BFD7A56A5CB624C47FDDEAB2FC509.web07-pub?0,1620585570,14:39:30,20210509
8,2012-10-31,2HP.DE,USD,2012-10-31,2012-10-31,FY,61042000000,44143000000,16899000000,0.27684217424068674,2120000000,8678000000,0.0,0.0,12439000000.0,56582000000,0.0,1641000000,6101000000,0.09994757707807739,4460000000,0.07306444742963861,-18599000000,-14314000000,-0.23449428262507782,447000000,-14761000000,-0.2418171095311425,-8.026644915715062,-7.897806313536651,1839000000,1869000000,https://www.bundesanzeiger.de/pub/de/suche;wwwsid=627BFD7A56A5CB624C47FDDEAB2FC509.web07-pub?0,https://www.bundesanzeiger.de/pub/de/suche;wwwsid=627BFD7A56A5CB624C47FDDEAB2FC509.web07-pub?0,1620585570,14:39:30,20210509
