,date,symbol,reportedCurrency,fillingDate,acceptedDate,period,revenue,costOfRevenue,grossProfit,grossProfitRatio,researchAndDevelopmentExpenses,generalAndAdministrativeExpenses,sellingAndMarketingExpenses,otherExpenses,operatingExpenses,costAndExpenses,interestExpense,depreciationAndAmortization,ebitda,ebitdaratio,operatingIncome,operatingIncomeRatio,totalOtherIncomeExpensesNet,incomeBeforeTax,incomeBeforeTaxRatio,incomeTaxExpense,netIncome,netIncomeRatio,eps,epsdiluted,weightedAverageShsOut,weightedAverageShsOutDil,link,finalLink,timestamp,est_time,est_date
0,2020-12-31,8106.HK,CNY,2020-12-31,2020-12-31,FY,237630000,197157000,40473000,0.17031940411564198,9922000.0,19066000,6786000.0,0.0,0.0,230526000,300000.0,1956000.0,9060000.0,0.03812649917939654,7104000.0,0.029895215250599672,0.0,5678000.0,0.023894289441568826,-241000.0,5025000.0,0.021146319909102387,0.009920125714150343,0.009920125714150343,506546000,506546000,https://www1.hkexnews.hk/search/titlesearch.xhtml,https://www1.hkexnews.hk/search/titlesearch.xhtml,1620585801,14:43:21,20210509
1,2019-12-31,8106.HK,CNY,2019-12-31,2019-12-31,FY,291488000,253973000,37515000,0.12870169612471183,4907000.0,23990000,10556000.0,1000.0,31277000.0,285250000,737000.0,2416000.0,8654000.0,0.029689043802832365,6238000.0,0.021400537929520253,0.0,3873000.0,0.013286996377209353,118000.0,4614000.0,0.015829125041168075,0.0091,0.0091,506546000,506546000,https://www1.hkexnews.hk/search/titlesearch.xhtml,https://www1.hkexnews.hk/search/titlesearch.xhtml,1620585801,14:43:21,20210509
2,2018-12-31,8106.HK,CNY,2018-12-31,2018-12-31,FY,217107000,179305000,37802000,0.17411691009502228,4700000.0,19102000,9129000.0,0.0,29367000.0,208672000,212000.0,1770000.0,10205000.0,0.04700447244906889,8435000.0,0.038851810397638034,0.0,8223000.0,0.037875333360969474,286000.0,8393000.0,0.03865835739980747,0.0166,0.0166,506546000,506546000,https://www1.hkexnews.hk/search/titlesearch.xhtml,https://www1.hkexnews.hk/search/titlesearch.xhtml,1620585801,14:43:21,20210509
3,2017-12-31,8106.HK,CNY,2017-12-31,2017-12-31,FY,173076000,159556000,13520000,0.07811597217407382,0.0,17020000,7180000.0,0.0,19706000.0,179262000,0.0,568000.0,-5618000.0,-0.032459728674108485,-6186000.0,-0.03574152395479443,0.0,-6186000.0,-0.03574152395479443,-1615000.0,-4392000.0,-0.025376135339388477,-0.0087,-0.0087,506546000,506546000,https://www1.hkexnews.hk/search/titlesearch.xhtml,https://www1.hkexnews.hk/search/titlesearch.xhtml,1620585801,14:43:21,20210509
4,2016-12-31,8106.HK,CNY,2016-12-31,2016-12-31,FY,140486000,125308000,15178000,0.10803923522628589,0.0,12388000,10675000.0,0.0,22646000.0,147954000,0.0,689000.0,-6779000.0,-0.04825391853992569,-7468000.0,-0.053158321825662345,0.0,-4073000.0,-0.028992212747177656,-140000.0,-3530000.0,-0.0251270589240209,-0.007,-0.007,506546000,506546000,https://www1.hkexnews.hk/search/titlesearch.xhtml,https://www1.hkexnews.hk/search/titlesearch.xhtml,1620585801,14:43:21,20210509
5,2015-12-31,8106.HK,CNY,2015-12-31,2015-12-31,FY,64654000,50432000,14222000,0.21997092213938813,0.0,14910000,10699000.0,0.0,24770000.0,75202000,0.0,695000.0,-9853000.0,-0.15239583011105268,-10548000.0,-0.1631453583691651,0.0,-10449000.0,-0.1616141306029016,0.0,-9381000.0,-0.14509543106381662,-0.0254,-0.0254,369286000,369286000,https://www1.hkexnews.hk/search/titlesearch.xhtml,https://www1.hkexnews.hk/search/titlesearch.xhtml,1620585801,14:43:21,20210509
6,2014-12-31,8106.HK,CNY,2014-12-31,2014-12-31,FY,48130000,29914000,18216000,0.37847496364014127,0.0,19855000,12352000.0,0.0,30194000.0,60108000,0.0,1236000.0,-10742000.0,-0.22318720132973197,-11978000.0,-0.24886765011427384,0.0,-11835000.0,-0.24589653023062538,0.0,-11237000.0,-0.23347184708082278,-0.0315,-0.0315,356546000,356546000,https://www1.hkexnews.hk/search/titlesearch.xhtml,https://www1.hkexnews.hk/search/titlesearch.xhtml,1620585801,14:43:21,20210509
7,2013-12-31,8106.HK,CNY,2013-12-31,2013-12-31,FY,61410000,30155000,31255000,0.5089561960592738,0.0,22904000,10334000.0,0.0,31972000.0,62127000,0.0,1422000.0,705000.0,0.011480214948705422,-717000.0,-0.011675622862725941,0.0,-717000.0,-0.011675622862725941,305000.0,-758000.0,-0.012343266568962709,-0.0021,-0.0021,356546000,356546000,https://www1.hkexnews.hk/search/titlesearch.xhtml,https://www1.hkexnews.hk/search/titlesearch.xhtml,1620585801,14:43:21,20210509
8,2012-12-31,8106.HK,CNY,2012-12-31,2012-12-31,FY,57421000,27418000,30003000,0.5225091865345431,0.0,26535000,8907000.0,0.0,21398000.0,48816000,0.0,1389000.0,9994000.0,0.17404782222531825,8605000.0,0.149858065864405,0.0,9338000.0,0.16262343045227357,317000.0,8327000.0,0.1450166315459501,0.0234,0.0234,356546000,356546000,https://www1.hkexnews.hk/search/titlesearch.xhtml,https://www1.hkexnews.hk/search/titlesearch.xhtml,1620585801,14:43:21,20210509
9,2011-12-31,8106.HK,CNY,2011-12-31,2011-12-31,FY,62918000,39767000,23151000,0.36795511618296833,0.0,27919000,7244000.0,0.0,27525000.0,67292000,0.0,1706000.0,-2668000.0,-0.04240439937696685,-4374000.0,-0.06951905654979497,0.0,-3948000.0,-0.06274833910804539,27000.0,-3582000.0,-0.056931243841190124,-0.01,-0.01,356546000,356546000,https://www1.hkexnews.hk/search/titlesearch.xhtml,https://www1.hkexnews.hk/search/titlesearch.xhtml,1620585801,14:43:21,20210509
10,2010-12-31,8106.HK,CNY,2010-12-31,2010-12-31,FY,141427000,111499000,29928000,0.2116144724840377,0.0,42368000,6139000.0,0.0,31292000.0,142791000,0.0,1847000.0,483000.0,0.0034151894617010896,-1364000.0,-0.009644551606128957,0.0,-872000.0,-0.006165725073712941,232000.0,-874000.0,-0.006179866644982924,-0.0025,-0.0025,356546000,356546000,https://www1.hkexnews.hk/search/titlesearch.xhtml,https://www1.hkexnews.hk/search/titlesearch.xhtml,1620585801,14:43:21,20210509
11,2009-12-31,8106.HK,CNY,2009-12-31,2009-12-31,FY,106066000,64511000,41555000,0.39178436068108535,0.0,37226000,11361000.0,0.0,46142000.0,110653000,0.0,2680000.0,-1907000.0,-0.017979371334829256,-4587000.0,-0.04324665774140629,0.0,-4620000.0,-0.04355778477551713,783000.0,-6085000.0,-0.05736993947164973,-0.017,-0.017,356546000,356546000,https://www1.hkexnews.hk/search/titlesearch.xhtml,https://www1.hkexnews.hk/search/titlesearch.xhtml,1620585801,14:43:21,20210509
12,2008-12-31,8106.HK,CNY,2008-12-31,2008-12-31,FY,121547000,76489000,45058000,0.3707043365940747,0.0,56655000,9926000.0,0.0,51068000.0,127557000,0.0,4467000.0,-1543000.0,-0.012694677778966162,-6010000.0,-0.04944589335812484,0.0,-6389000.0,-0.052564028729627225,515000.0,-7356000.0,-0.06051979892551852,-0.022,-0.022,340507000,340507000,https://www1.hkexnews.hk/search/titlesearch.xhtml,https://www1.hkexnews.hk/search/titlesearch.xhtml,1620585801,14:43:21,20210509
13,2007-12-31,8106.HK,CNY,2007-12-31,2007-12-31,FY,131442000,88964000,42478000,0.3231691544559578,0.0,51509000,12795000.0,0.0,53353000.0,142317000,0.0,7228000.0,-3647000.0,-0.027746078118105325,-10875000.0,-0.0827361117451043,0.0,-12755000.0,-0.09703899818931544,1232000.0,-12856000.0,-0.09780739793977572,-0.038,-0.038,339577000,339577000,https://www1.hkexnews.hk/search/titlesearch.xhtml,https://www1.hkexnews.hk/search/titlesearch.xhtml,1620585801,14:43:21,20210509
14,2006-12-31,8106.HK,CNY,2006-12-31,2006-12-31,FY,163752000,122070000,41682000,0.2545434559577898,0.0,61275000,12533000.0,0.0,61025000.0,183095000,0.0,9204000.0,-10139000.0,-0.061916801016170794,-19343000.0,-0.11812374810689336,0.0,-22087000.0,-0.13488079534906444,3002000.0,-21017000.0,-0.12834652401192045,-0.062,-0.062,339577000,339577000,https://www1.hkexnews.hk/search/titlesearch.xhtml,https://www1.hkexnews.hk/search/titlesearch.xhtml,1620585801,14:43:21,20210509
15,2005-12-31,8106.HK,CNY,2005-12-31,2005-12-31,FY,118208000,97241000,20967000,0.17737378180833785,0.0,45459000,11493000.0,0.0,45796000.0,143037000,0.0,8012000.0,-16817000.0,-0.14226617487818083,-24829000.0,-0.21004500541418517,0.0,-27288000.0,-0.23084731997834326,400000.0,-28348000.0,-0.2398145641580942,-0.083,-0.083,339577000,339577000,https://www1.hkexnews.hk/search/titlesearch.xhtml,https://www1.hkexnews.hk/search/titlesearch.xhtml,1620585801,14:43:21,20210509
