,date,symbol,reportedCurrency,fillingDate,acceptedDate,period,revenue,costOfRevenue,grossProfit,grossProfitRatio,researchAndDevelopmentExpenses,generalAndAdministrativeExpenses,sellingAndMarketingExpenses,otherExpenses,operatingExpenses,costAndExpenses,interestExpense,depreciationAndAmortization,ebitda,ebitdaratio,operatingIncome,operatingIncomeRatio,totalOtherIncomeExpensesNet,incomeBeforeTax,incomeBeforeTaxRatio,incomeTaxExpense,netIncome,netIncomeRatio,eps,epsdiluted,weightedAverageShsOut,weightedAverageShsOutDil,link,finalLink,timestamp,est_time,est_date
0,2020-12-31,DKL,USD,2021-03-01,2021-03-01 10:37:37,FY,563418000,358671000,204747000,0.36340159526319715,0.0,22587000.0,0.0,-133000.0,24954000,383625000,42874000.0,1994000.0,181787000,0.3226503235608376,179793000,0.31911121050445673,22560000.0,159479000,0.2830562743824301,223000.0,159256000.0,0.28266047588113974,6.523331099850761,6.523331099850761,36889761,36889761,https://www.sec.gov/Archives/edgar/data/1552797/000155279721000015/0001552797-21-000015-index.htm,https://www.sec.gov/Archives/edgar/data/1552797/000155279721000015/dkl-20201231.htm,1620591152,16:12:32,20210509
1,2019-12-31,DKL,USD,2020-02-28,2020-02-27 19:04:20,FY,583992000,432707000,151285000,0.25905320620830424,0.0,20815000.0,0.0,-600000.0,25473000,458180000,47328000.0,1808000.0,127620000,0.2185303908272716,125812000,0.21543445800627406,19232000.0,97716000,0.16732420992068384,967000.0,96749000.0,0.16566836532007287,3.96296378522292,3.9620960068989914,24413294,24418641,https://www.sec.gov/Archives/edgar/data/1552797/000155279720000009/0001552797-20-000009-index.htm,https://www.sec.gov/Archives/edgar/data/1552797/000155279720000009/dkl-10kx123119q4.htm,1620591152,16:12:32,20210509
2,2018-12-31,DKL,USD,2019-03-01,2019-03-01 16:55:55,FY,657609000,509093000,148516000,0.2258424078745881,0.0,17166000.0,0.0,-8000.0,21868000,530961000,41263000.0,1882000.0,128530000,0.19545048805597248,126648000,0.19258860508295964,5331000.0,90716000,0.13794823367685052,534000.0,90182000.0,0.13713620099481608,3.697455618191603,3.696456116665077,24390286,24396881,https://www.sec.gov/Archives/edgar/data/1552797/000155279719000011/0001552797-19-000011-index.htm,https://www.sec.gov/Archives/edgar/data/1552797/000155279719000011/dkl-10kx123118.htm,1620591152,16:12:32,20210509
3,2017-12-31,DKL,USD,2018-03-01,2018-02-28 21:21:25,FY,538075000,416164000,121911000,0.22656878687915252,0.0,11840000.0,0.0,1000.0,33754000,449918000,23944000.0,21914000.0,110071000,0.20456441945825396,88157000,0.16383775495981043,4974000.0,69187000,0.1285824466849417,-222000.0,69409000.0,0.12899502857408354,2.8506990473944476,2.8473183625923677,24348063,24376972,https://www.sec.gov/Archives/edgar/data/1552797/000155279718000019/0001552797-18-000019-index.htm,https://www.sec.gov/Archives/edgar/data/1552797/000155279718000019/dkl-10kx123117q417.htm,1620591152,16:12:32,20210509
4,2016-12-31,DKL,USD,2017-02-28,2017-02-27 20:59:04,FY,448059000,339356000,108703000,0.2426086743040537,0.0,10256000.0,0.0,0.0,31069000,370425000,13587000.0,20813000.0,98447000,0.2197188316717218,77634000,0.1732673598789445,-1162000.0,62885000,0.14034982000138374,81000.0,62804000.0,0.14016904023800436,2.08,2.07,24293431,24361884,https://www.sec.gov/Archives/edgar/data/1552797/000155279717000009/0001552797-17-000009-index.htm,https://www.sec.gov/Archives/edgar/data/1552797/000155279717000009/dkl-10kx123116q416.htm,1620591152,16:12:32,20210509
5,2015-12-31,DKL,USD,2016-02-29,2016-02-29 15:42:51,FY,589669000,481227000,108442000,0.18390317279694202,0.0,11384000.0,0.0,0.0,31076000,512303000,10658000.0,19692000.0,97058000,0.1645974266919238,77366000,0.13120242034090313,-692000.0,66016000,0.11195433370246698,-195000.0,66848000.0,0.11336529476706424,2.55,2.52,24236412,24356172,https://www.sec.gov/Archives/edgar/data/1552797/000155279716000106/0001552797-16-000106-index.htm,https://www.sec.gov/Archives/edgar/data/1552797/000155279716000106/dkl-10kx123115q415.htm,1620591152,16:12:32,20210509
6,2014-12-31,DKL,USD,2015-02-26,2015-02-26 17:09:22,FY,841253000,736007000,105246000,0.12510624033435838,0.0,10616000.0,0.0,0.0,25321000,761328000,8656000.0,14705000.0,94630000,0.11248696884290457,79925000,0.09500709061364417,-83000.0,71186000,0.0846190147315968,132000.0,71997000.0,0.08558305289847407,2.88,2.85,24170806,24301887,https://www.sec.gov/Archives/edgar/data/1552797/000155279715000008/0001552797-15-000008-index.htm,https://www.sec.gov/Archives/edgar/data/1552797/000155279715000008/dkl-10kx123114q414.htm,1620591152,16:12:32,20210509
7,2013-12-31,DKL,USD,2014-03-05,2014-03-04 19:46:59,FY,907428000,841666000,65762000,0.07247076352063193,0.0,6856000.0,0.0,0.0,19292000,860958000,4570000.0,12436000.0,58906000,0.06491534314568208,46470000,0.05121067456591597,-166000.0,41734000,0.04599152770247336,757000.0,47830000.0,0.05270941606386402,1.95,1.93,24024507,24148032,https://www.sec.gov/Archives/edgar/data/1552797/000155279714000007/0001552797-14-000007-index.htm,https://www.sec.gov/Archives/edgar/data/1552797/000155279714000007/logistics-123113x10k.htm,1620591152,16:12:32,20210509
8,2012-12-31,DKL,USD,2013-03-12,2013-03-11 17:48:08,FY,1022586000,982796000,39790000,0.03891115270500476,0.0,8389000.0,0.0,0.0,17064000,999860000,2682000.0,8675000.0,31401000,0.0307074417212831,22726000,0.022224047659561152,-9000.0,20035000,0.019592484152922102,-14024000.0,8410000.0,0.008224247153784621,0.34,0.34,23998516,23998516,https://www.sec.gov/Archives/edgar/data/1552797/000155279713000009/0001552797-13-000009-index.htm,https://www.sec.gov/Archives/edgar/data/1552797/000155279713000009/logistics-123112x10k.htm,1620591152,16:12:32,20210509
