,date,symbol,reportedCurrency,fillingDate,acceptedDate,period,revenue,costOfRevenue,grossProfit,grossProfitRatio,researchAndDevelopmentExpenses,generalAndAdministrativeExpenses,sellingAndMarketingExpenses,otherExpenses,operatingExpenses,costAndExpenses,interestExpense,depreciationAndAmortization,ebitda,ebitdaratio,operatingIncome,operatingIncomeRatio,totalOtherIncomeExpensesNet,incomeBeforeTax,incomeBeforeTaxRatio,incomeTaxExpense,netIncome,netIncomeRatio,eps,epsdiluted,weightedAverageShsOut,weightedAverageShsOutDil,link,finalLink,timestamp,est_time,est_date
0,2020-02-29,LOUP.PA,EUR,2020-02-29,2020-02-29,FY,4418842000,3036815000,1382027000,0.31275773155048314,0.0,0.0,0.0,0.0,1186582000,4223397000,2974000.0,162221000,357666000,0.08094111534198326,195445000,0.04422991362895528,0.0,200015000,0.045264121233572055,52080000,143705000,0.03252096363707958,8.467450150579257,8.467450150579257,16971461,16971461,https://www.infogreffe.com/recherche-entreprise-dirigeants/resultats-entreprise-dirigeants.html?ga_cat=globale&ga_q=L.O.U.P#phrase=L.O.U.P,https://www.infogreffe.com/recherche-entreprise-dirigeants/resultats-entreprise-dirigeants.html?ga_cat=globale&ga_q=L.O.U.P#phrase=L.O.U.P,1620594577,17:09:37,20210509
1,2019-02-28,LOUP.PA,EUR,2019-02-28,2019-02-28,FY,4123682000,2845896000,1277786000,0.30986530969167847,0.0,0.0,0.0,0.0,1096306000,3942202000,2174000.0,139960000,321440000,0.07794975461250407,181480000,0.04400921312555139,0.0,192963000,0.04679386043831702,41381000,148670000,0.03605273151518473,8.76,8.76,16971461,16971461,https://www.infogreffe.com/recherche-entreprise-dirigeants/resultats-entreprise-dirigeants.html?ga_cat=globale&ga_q=L.O.U.P#phrase=L.O.U.P,https://www.infogreffe.com/recherche-entreprise-dirigeants/resultats-entreprise-dirigeants.html?ga_cat=globale&ga_q=L.O.U.P#phrase=L.O.U.P,1620594577,17:09:37,20210509
2,2018-02-28,LOUP.PA,EUR,2018-02-28,2018-02-28,FY,3827375000,2629254000,1198121000,0.3130398772004311,0.0,0.0,0.0,0.0,1018084000,3647338000,1220000.0,119732000,299769000,0.07832234886834971,180037000,0.04703928933015448,0.0,188515000,0.04925438453247983,45746000,140724000,0.03676775858127307,8.4,8.4,16752857,16752857,https://www.infogreffe.com/recherche-entreprise-dirigeants/resultats-entreprise-dirigeants.html?ga_cat=globale&ga_q=L.O.U.P#phrase=L.O.U.P,https://www.infogreffe.com/recherche-entreprise-dirigeants/resultats-entreprise-dirigeants.html?ga_cat=globale&ga_q=L.O.U.P#phrase=L.O.U.P,1620594577,17:09:37,20210509
3,2017-02-28,LOUP.PA,EUR,2017-02-28,2017-02-28,FY,3580280000,2455342000,1124938000,0.3142039170120773,0.0,0.0,0.0,0.0,946546000,3401888000,1859000.0,108761000,287153000,0.08020406225211436,178392000,0.049826270571016795,0.0,178285000,0.04979638464030746,45895000,130252000,0.03638039482945468,7.8,7.8,16698974,16698974,https://www.infogreffe.com/recherche-entreprise-dirigeants/resultats-entreprise-dirigeants.html?ga_cat=globale&ga_q=L.O.U.P#phrase=L.O.U.P,https://www.infogreffe.com/recherche-entreprise-dirigeants/resultats-entreprise-dirigeants.html?ga_cat=globale&ga_q=L.O.U.P#phrase=L.O.U.P,1620594577,17:09:37,20210509
4,2016-02-29,LOUP.PA,EUR,2016-02-29,2016-02-29,FY,3478606000,2417100000,1061506000,0.3051526962237172,0.0,0.0,0.0,0.0,911749000,3328849000,1957000.0,95930000,245687000,0.07062800443625981,149757000,0.04305086577784319,0.0,162756000,0.046787707489724335,49255000,113808000,0.03271655369995912,6.85,6.85,16614307,16614307,https://www.infogreffe.com/recherche-entreprise-dirigeants/resultats-entreprise-dirigeants.html?ga_cat=globale&ga_q=L.O.U.P#phrase=L.O.U.P,https://www.infogreffe.com/recherche-entreprise-dirigeants/resultats-entreprise-dirigeants.html?ga_cat=globale&ga_q=L.O.U.P#phrase=L.O.U.P,1620594577,17:09:37,20210509
5,2015-02-28,LOUP.PA,EUR,2015-02-28,2015-02-28,FY,3027707000,2063677000,964030000,0.31840267238540587,0.0,0.0,0.0,0.0,809608000,2873285000,2228000.0,84848000,239270000,0.07902680147055181,154422000,0.051002953720422746,0.0,142792000,0.047161763010753685,47542000,96422000,0.031846542614592493,5.915,5.915,16301268,16301268,https://www.infogreffe.com/recherche-entreprise-dirigeants/resultats-entreprise-dirigeants.html?ga_cat=globale&ga_q=L.O.U.P#phrase=L.O.U.P,https://www.infogreffe.com/recherche-entreprise-dirigeants/resultats-entreprise-dirigeants.html?ga_cat=globale&ga_q=L.O.U.P#phrase=L.O.U.P,1620594577,17:09:37,20210509
6,2014-02-28,LOUP.PA,EUR,2014-02-28,2014-02-28,FY,3025777000,2122292000,903485000,0.2985960300445142,0.0,0.0,0.0,0.0,781717000,2904009000,1805000.0,82369000,204137000,0.06746597650785237,121768000,0.04024354735990127,0.0,115922000,0.038311481645871455,39324000,77508000,0.025615899651560574,4.8,4.8,16147500,16147500,https://www.infogreffe.com/recherche-entreprise-dirigeants/resultats-entreprise-dirigeants.html?ga_cat=globale&ga_q=L.O.U.P#phrase=L.O.U.P,https://www.infogreffe.com/recherche-entreprise-dirigeants/resultats-entreprise-dirigeants.html?ga_cat=globale&ga_q=L.O.U.P#phrase=L.O.U.P,1620594577,17:09:37,20210509
7,2013-02-28,LOUP.PA,EUR,2013-02-28,2013-02-28,FY,2923145000,2084785000,838360000,0.28680068898395394,0.0,0.0,0.0,0.0,753914000,2838699000,2118000.0,78995000,163441000,0.05591272413787205,84446000,0.028888748248889467,0.0,89651000,0.030669364674006935,29031000,60534000,0.020708517709521763,3.745,3.745,16163952,16163952,https://www.infogreffe.com/recherche-entreprise-dirigeants/resultats-entreprise-dirigeants.html?ga_cat=globale&ga_q=L.O.U.P#phrase=L.O.U.P,https://www.infogreffe.com/recherche-entreprise-dirigeants/resultats-entreprise-dirigeants.html?ga_cat=globale&ga_q=L.O.U.P#phrase=L.O.U.P,1620594577,17:09:37,20210509
8,2012-02-29,LOUP.PA,EUR,2012-02-29,2012-02-29,FY,2774352000,1957984000,816368000,0.29425537927415124,0.0,0.0,0.0,0.0,715144000,2673128000,0.0,75767000,176991000,0.06379543763732937,101224000,0.036485637006407265,0.0,96301000,0.034711168589998675,39626000,56426000,0.020338442994976846,3.485,3.485,16191105,16191105,https://www.infogreffe.com/recherche-entreprise-dirigeants/resultats-entreprise-dirigeants.html?ga_cat=globale&ga_q=L.O.U.P#phrase=L.O.U.P,https://www.infogreffe.com/recherche-entreprise-dirigeants/resultats-entreprise-dirigeants.html?ga_cat=globale&ga_q=L.O.U.P#phrase=L.O.U.P,1620594577,17:09:37,20210509
9,2011-02-28,LOUP.PA,EUR,2011-02-28,2011-02-28,FY,2554722000,1319370000,1235352000,0.4835563321566887,0.0,0.0,0.0,457000.0,1161763000,2481133000,2471000.0,71107000,144696000,0.056638647962478895,73589000,0.028805091121460572,0.0,74116000,0.029011375797444887,25410000,48706000,0.01906508809960536,2.95,2.95,16194237,16194237,https://www.infogreffe.com/recherche-entreprise-dirigeants/resultats-entreprise-dirigeants.html?ga_cat=globale&ga_q=L.O.U.P#phrase=L.O.U.P,https://www.infogreffe.com/recherche-entreprise-dirigeants/resultats-entreprise-dirigeants.html?ga_cat=globale&ga_q=L.O.U.P#phrase=L.O.U.P,1620594577,17:09:37,20210509
10,2010-02-28,LOUP.PA,EUR,2010-02-28,2010-02-28,FY,2065071000,1434680000,630391000,0.30526359626376043,0.0,0.0,0.0,0.0,536553000,1971233000,2587000.0,56037000,149875000,0.07257619713801608,93838000,0.04544056838723705,0.0,96040000,0.046506875550525864,32308000,63007000,0.030510815366638726,3.915,3.915,16093742,16093742,https://www.infogreffe.com/recherche-entreprise-dirigeants/resultats-entreprise-dirigeants.html?ga_cat=globale&ga_q=L.O.U.P#phrase=L.O.U.P,https://www.infogreffe.com/recherche-entreprise-dirigeants/resultats-entreprise-dirigeants.html?ga_cat=globale&ga_q=L.O.U.P#phrase=L.O.U.P,1620594577,17:09:37,20210509
11,2009-02-28,LOUP.PA,EUR,2009-02-28,2009-02-28,FY,1948511000,1409565000,538946000,0.27659376826715376,0.0,0.0,0.0,0.0,472062000,1881627000,6076000.0,49450000,116334000,0.05970405093940963,66884000,0.03432569793036837,0.0,65520000,0.033625676221484,22624000,42572000,0.021848478145619913,2.645,2.645,16095274,16095274,https://www.infogreffe.com/recherche-entreprise-dirigeants/resultats-entreprise-dirigeants.html?ga_cat=globale&ga_q=L.O.U.P#phrase=L.O.U.P,https://www.infogreffe.com/recherche-entreprise-dirigeants/resultats-entreprise-dirigeants.html?ga_cat=globale&ga_q=L.O.U.P#phrase=L.O.U.P,1620594577,17:09:37,20210509
12,2008-02-29,LOUP.PA,EUR,2008-02-29,2008-02-29,FY,1831262000,991260000,840002000,0.45870115799923766,0.0,301699000.0,0.0,0.0,763646000,1754906000,3383000.0,48401000,124757000,0.06812624299526775,76356000,0.04169583598633074,0.0,78514000,0.042874258298375656,24995000,53536000,0.02923448419723666,3.315,3.315,16149623,16149623,https://www.infogreffe.com/recherche-entreprise-dirigeants/resultats-entreprise-dirigeants.html?ga_cat=globale&ga_q=L.O.U.P#phrase=L.O.U.P,https://www.infogreffe.com/recherche-entreprise-dirigeants/resultats-entreprise-dirigeants.html?ga_cat=globale&ga_q=L.O.U.P#phrase=L.O.U.P,1620594577,17:09:37,20210509
13,2007-02-28,LOUP.PA,EUR,2007-02-28,2007-02-28,FY,1576729000,825150000,751579000,0.47666973842683175,0.0,271315000.0,0.0,0.0,685346000,1510496000,3004000.0,44621000,110854000,0.07030631135724655,66233000,0.04200658451769455,0.0,65582000,0.04159370443494095,22395000,43220000,0.027411178458695184,2.675,2.675,16157009,16157009,https://www.infogreffe.com/recherche-entreprise-dirigeants/resultats-entreprise-dirigeants.html?ga_cat=globale&ga_q=L.O.U.P#phrase=L.O.U.P,https://www.infogreffe.com/recherche-entreprise-dirigeants/resultats-entreprise-dirigeants.html?ga_cat=globale&ga_q=L.O.U.P#phrase=L.O.U.P,1620594577,17:09:37,20210509
14,2006-02-28,LOUP.PA,EUR,2006-02-28,2006-02-28,FY,1560020000,1136170000,423850000,0.2716952346764785,0.0,0.0,0.0,0.0,371768000,1507938000,3080000.0,41680000,93762000,0.06010307560159485,52082000,0.03338546941705876,0.0,68996000,0.04422763810720375,21942000,46502000,0.02980859219753593,2.88,2.88,16146528,16146528,https://www.infogreffe.com/recherche-entreprise-dirigeants/resultats-entreprise-dirigeants.html?ga_cat=globale&ga_q=L.O.U.P#phrase=L.O.U.P,https://www.infogreffe.com/recherche-entreprise-dirigeants/resultats-entreprise-dirigeants.html?ga_cat=globale&ga_q=L.O.U.P#phrase=L.O.U.P,1620594577,17:09:37,20210509
15,2005-02-28,LOUP.PA,EUR,2005-02-28,2005-02-28,FY,1375778000,1008402000,367376000,0.26703145420264024,0.0,0.0,0.0,0.0,307344000,1315746000,2899000.0,34183000,94215000,0.06848125206246938,60032000,0.043634946917307876,0.0,70962000,0.05157954262969752,26598000,44145000,0.03208729896829285,2.74,2.74,16111314,16111314,https://www.infogreffe.com/recherche-entreprise-dirigeants/resultats-entreprise-dirigeants.html?ga_cat=globale&ga_q=L.O.U.P#phrase=L.O.U.P,https://www.infogreffe.com/recherche-entreprise-dirigeants/resultats-entreprise-dirigeants.html?ga_cat=globale&ga_q=L.O.U.P#phrase=L.O.U.P,1620594577,17:09:37,20210509
