,date,symbol,reportedCurrency,fillingDate,acceptedDate,period,revenue,costOfRevenue,grossProfit,grossProfitRatio,researchAndDevelopmentExpenses,generalAndAdministrativeExpenses,sellingAndMarketingExpenses,otherExpenses,operatingExpenses,costAndExpenses,interestExpense,depreciationAndAmortization,ebitda,ebitdaratio,operatingIncome,operatingIncomeRatio,totalOtherIncomeExpensesNet,incomeBeforeTax,incomeBeforeTaxRatio,incomeTaxExpense,netIncome,netIncomeRatio,eps,epsdiluted,weightedAverageShsOut,weightedAverageShsOutDil,link,finalLink,timestamp,est_time,est_date
0,2020-12-31,8226.HK,HKD,2020-12-31,2020-12-31,FY,23372000,1686000.0,21686000.0,0.9278623994523362,0.0,16274000.0,748000.0,99000.0,0.0,17864000,1600000.0,3429000.0,8937000.0,0.3823806263905528,5508000.0,0.23566660961834673,0.0,5820000.0,0.24901591648125962,819000.0,4264000.0,0.18244052712647613,0.612,0.612,6958400.0,6958400.0,https://www1.hkexnews.hk/search/titlesearch.xhtml,https://www1.hkexnews.hk/search/titlesearch.xhtml,1620585850,14:44:10,20210509
1,2019-12-31,8226.HK,HKD,2019-12-31,2019-12-31,FY,38957000,2261000.0,36696000.0,0.9419616500243858,0.0,24782000.0,53000.0,236000.0,24835000.0,27096000,1057000.0,3636000.0,15497000.0,0.3977975716815977,11861000.0,0.3044638960905614,0.0,12383000.0,0.31786328516056167,2321000.0,9046000.0,0.23220473855789717,0.0033,0.00325,2783360000.0,2783360000.0,https://www1.hkexnews.hk/search/titlesearch.xhtml,https://www1.hkexnews.hk/search/titlesearch.xhtml,1620585850,14:44:10,20210509
2,2018-12-31,8226.HK,HKD,2018-12-31,2018-12-31,FY,41649000,2799000.0,38850000.0,0.9327955052942447,0.0,25016000.0,78000.0,378000.0,25094000.0,27893000,3350000.0,1627000.0,15383000.0,0.3693486038080146,13756000.0,0.33028404043314363,0.0,16125000.0,0.3871641576028236,2849000.0,11625000.0,0.2791183461787798,0.0044,0.004177,2649258000.0,2783360000.0,https://www1.hkexnews.hk/search/titlesearch.xhtml,https://www1.hkexnews.hk/search/titlesearch.xhtml,1620585850,14:44:10,20210509
3,2017-12-31,8226.HK,HKD,2017-12-31,2017-12-31,FY,15960000,3059000.0,12901000.0,0.8083333333333333,0.0,29022000.0,818000.0,264000.0,29611000.0,32670000,6467000.0,2409000.0,-14301000.0,-0.8960526315789473,-16710000.0,-1.0469924812030076,0.0,-15853000.0,-0.9932957393483709,-1330000.0,-9741000.0,-0.6103383458646616,-0.004153267996428726,-0.003645995917203217,2345382000.0,2671698000.0,https://www1.hkexnews.hk/search/titlesearch.xhtml,https://www1.hkexnews.hk/search/titlesearch.xhtml,1620585850,14:44:10,20210509
4,2016-12-31,8226.HK,HKD,2016-12-31,2016-12-31,FY,63906000,57691000.0,6215000.0,0.09725221418959096,0.0,31249000.0,0.0,247000.0,30688000.0,88379000,7100000.0,2662000.0,-21811000.0,-0.34129815666760555,-24473000.0,-0.382953087347041,0.0,-56880000.0,-0.8900572716176884,-875000.0,-71897000.0,-1.1250430319531812,-0.0558001414196015,-0.044503037452234114,1288473437.0,1615552648.0,https://www1.hkexnews.hk/search/titlesearch.xhtml,https://www1.hkexnews.hk/search/titlesearch.xhtml,1620585850,14:44:10,20210509
5,2015-12-31,8226.HK,HKD,2015-12-31,2015-12-31,FY,87011000,87178000.0,-167000.0,-0.0019192975600786108,0.0,42518000.0,0.0,75000.0,41546000.0,128724000,14999000.0,8202000.0,-33511000.0,-0.38513521278918755,-41713000.0,-0.47939915642849756,0.0,-264613000.0,-3.0411442231442,799000.0,-234190000.0,-2.6914987760168256,-0.32056436103821856,-0.23933263828589815,730555322.0,978512591.0,https://www1.hkexnews.hk/search/titlesearch.xhtml,https://www1.hkexnews.hk/search/titlesearch.xhtml,1620585850,14:44:10,20210509
6,2014-12-31,8226.HK,HKD,2014-12-31,2014-12-31,FY,49022000,47418000.0,1604000.0,0.032720003263840725,0.0,24695000.0,0.0,0.0,105815000.0,153233000,8146000.0,10731000.0,-93480000.0,-1.9068989433315655,-104211000.0,-2.1258006609277467,0.0,-54506000.0,-1.1118681408347273,4965000.0,-16695000.0,-0.3405613806046265,-0.038575443596286084,-0.03341584495062354,432788283.0,499613283.0,https://www1.hkexnews.hk/search/titlesearch.xhtml,https://www1.hkexnews.hk/search/titlesearch.xhtml,1620585850,14:44:10,20210509
7,2013-12-31,8226.HK,HKD,2013-12-31,2013-12-31,FY,61576000,50684000.0,10892000.0,0.17688709886968948,0.0,38844000.0,0.0,0.0,64228000.0,114912000,15191000.0,27008000.0,-26328000.0,-0.42756918279849293,-53336000.0,-0.8661816292061842,0.0,-84308000.0,-1.369169806418085,-4497000.0,-52169000.0,-0.8472294400415746,-0.120514,-0.120514,432788283.0,432788283.0,https://www1.hkexnews.hk/search/titlesearch.xhtml,https://www1.hkexnews.hk/search/titlesearch.xhtml,1620585850,14:44:10,20210509
8,2012-12-31,8226.HK,HKD,2012-12-31,2012-12-31,FY,875577000,689999000.0,185578000.0,0.21194937738200068,0.0,189841000.0,0.0,0.0,170869000.0,860868000,25820000.0,28198000.0,42907000.0,0.049004256621633505,14709000.0,0.016799207836660852,0.0,11401000.0,0.013021127782022598,7496000.0,-2971000.0,-0.0033931910043320003,-0.006884,-0.006884,432788283.0,432788283.0,https://www1.hkexnews.hk/search/titlesearch.xhtml,https://www1.hkexnews.hk/search/titlesearch.xhtml,1620585850,14:44:10,20210509
9,2011-12-31,8226.HK,HKD,2011-12-31,2011-12-31,FY,724008000,576142000.0,147866000.0,0.2042325499165755,0.0,130017000.0,23475000.0,0.0,157740000.0,733882000,10428000.0,22397000.0,12523000.0,0.017296770201434237,-9874000.0,-0.013637970851150816,0.0,-33481000.0,-0.04624396415509221,9162000.0,-49780000.0,-0.0687561463409244,-0.115825,-0.115825,429602751.0,429602751.0,https://www1.hkexnews.hk/search/titlesearch.xhtml,https://www1.hkexnews.hk/search/titlesearch.xhtml,1620585850,14:44:10,20210509
10,2010-12-31,8226.HK,HKD,2010-12-31,2010-12-31,FY,587562000,435318000.0,152244000.0,0.25911137888427094,0.0,105845000.0,16828000.0,0.0,187208000.0,622526000,6673000.0,19116000.0,-15848000.0,-0.02697247269224354,-34964000.0,-0.059506911611029986,0.0,-41637000.0,-0.07086401094692986,10207000.0,-77907000.0,-0.13259366671091732,-0.234644,-0.234644,332009000.0,332009000.0,https://www1.hkexnews.hk/search/titlesearch.xhtml,https://www1.hkexnews.hk/search/titlesearch.xhtml,1620585850,14:44:10,20210509
11,2009-12-31,8226.HK,HKD,2009-12-31,2009-12-31,FY,434766000,336876000.0,97890000.0,0.22515560094395606,0.0,60337000.0,13051000.0,0.0,73821000.0,410697000,10178000.0,19729000.0,43798000.0,0.10073924823928274,24069000.0,0.05536081478312471,0.0,13891000.0,0.03195052050988348,947000.0,-3213000.0,-0.00739018230496405,-0.009860048593867,-0.009565797837274037,325860463.0,335884163.0,https://www1.hkexnews.hk/search/titlesearch.xhtml,https://www1.hkexnews.hk/search/titlesearch.xhtml,1620585850,14:44:10,20210509
12,2008-12-31,8226.HK,HKD,2008-12-31,2008-12-31,FY,392305000,329293000.0,63012000.0,0.16061992582302034,0.0,64186000.0,13721000.0,0.0,60567000.0,389860000,11808000.0,21275000.0,23720000.0,0.0604631600412944,2445000.0,0.006232395712519595,0.0,-9363000.0,-0.023866634378863383,1549000.0,-10912000.0,-0.027815092848676413,-0.028832,-0.028832,325860463.0,325860463.0,https://www1.hkexnews.hk/search/titlesearch.xhtml,https://www1.hkexnews.hk/search/titlesearch.xhtml,1620585850,14:44:10,20210509
13,2007-12-31,8226.HK,HKD,2007-12-31,2007-12-31,FY,422204000,353702000.0,68502000.0,0.1622485812545594,0.0,50929000.0,16434000.0,0.0,64860000.0,418562000,11100000.0,25238000.0,28880000.0,0.0684029521274076,3642000.0,0.00862616176066546,0.0,-7266000.0,-0.017209690102414948,-1704000.0,-5696000.0,-0.013491108563632746,-0.017479874506898984,-0.017453299157060804,325860463.0,326356636.0,https://www1.hkexnews.hk/search/titlesearch.xhtml,https://www1.hkexnews.hk/search/titlesearch.xhtml,1620585850,14:44:10,20210509
14,2006-12-31,8226.HK,HKD,2006-12-31,2006-12-31,FY,369302000,306103000.0,63199000.0,0.17113094432199122,0.0,34024000.0,15403000.0,0.0,45567000.0,351670000,6711000.0,12257000.0,29889000.0,0.08093376152850512,17632000.0,0.047744122696329834,0.0,11866000.0,0.03213088475015028,3156000.0,3602000.0,0.009753535047197144,0.011074,0.011074,324449126.0,324449126.0,https://www1.hkexnews.hk/search/titlesearch.xhtml,https://www1.hkexnews.hk/search/titlesearch.xhtml,1620585850,14:44:10,20210509
15,2005-12-31,8226.HK,HKD,2005-12-31,2005-12-31,FY,234288000,189686000.0,44602000.0,0.19037253295089804,0.0,32886000.0,0.0,0.0,32319000.0,222005000,0.0,0.0,12283000.0,0.05242692754217032,12283000.0,0.05242692754217032,0.0,10735000.0,0.045819674930000685,5920000.0,4815000.0,0.02055162876459742,0.0001,0.0001,230545100.0,230545100.0,https://www1.hkexnews.hk/search/titlesearch.xhtml,https://www1.hkexnews.hk/search/titlesearch.xhtml,1620585850,14:44:10,20210509
16,2004-12-31,8226.HK,HKD,2004-12-31,2004-12-31,FY,205552000,152512000.0,53040000.0,0.2580368957733323,0.0,10602000.0,9440000.0,0.0,19776000.0,172288000,0.0,0.0,33264000.0,0.1618276640460808,33264000.0,0.1618276640460808,0.0,31973000.0,0.1555470148672842,9360000.0,22613000.0,0.11001109208375497,0.031426,0.031426,320949328.0,320949328.0,https://www1.hkexnews.hk/search/titlesearch.xhtml,https://www1.hkexnews.hk/search/titlesearch.xhtml,1620585850,14:44:10,20210509
17,2003-12-31,8226.HK,HKD,2003-12-31,2003-12-31,FY,115348000,81409000.0,33939000.0,0.2942313694212297,0.0,11361000.0,4922000.0,0.0,16052000.0,97461000,0.0,0.0,17887000.0,0.15506987550716095,17887000.0,0.15506987550716095,0.0,17203000.0,0.1491399937580192,1688000.0,15515000.0,0.13450601657592676,0.019853,0.019853,320506548.0,320506548.0,https://www1.hkexnews.hk/search/titlesearch.xhtml,https://www1.hkexnews.hk/search/titlesearch.xhtml,1620585850,14:44:10,20210509
18,2002-12-31,8226.HK,HKD,2002-12-31,2002-12-31,FY,76656000,50782000.0,25874000.0,0.3375339177624713,0.0,6867000.0,4123000.0,0.0,10746000.0,61528000,0.0,0.0,15128000.0,0.19734919640993528,15128000.0,0.19734919640993528,0.0,14592000.0,0.19035691922354414,2412000.0,12180000.0,0.15889167188478398,0.019354,0.019354,276375110.0,276375110.0,https://www1.hkexnews.hk/search/titlesearch.xhtml,https://www1.hkexnews.hk/search/titlesearch.xhtml,1620585850,14:44:10,20210509
19,2001-12-31,8226.HK,HKD,2001-12-31,2001-12-31,FY,60498000,42303000.0,18195000.0,0.30075374392541904,0.0,3967000.0,1569000.0,0.0,4801000.0,47104000,0.0,0.0,13394000.0,0.22139574861978908,13394000.0,0.22139574861978908,0.0,12859000.0,0.21255248107375452,1400000.0,11459000.0,0.18941122020562665,0.02514,0.02514,240608577.0,240608577.0,https://www1.hkexnews.hk/search/titlesearch.xhtml,https://www1.hkexnews.hk/search/titlesearch.xhtml,1620585850,14:44:10,20210509
