,date,symbol,reportedCurrency,fillingDate,acceptedDate,period,revenue,costOfRevenue,grossProfit,grossProfitRatio,researchAndDevelopmentExpenses,generalAndAdministrativeExpenses,sellingAndMarketingExpenses,otherExpenses,operatingExpenses,costAndExpenses,interestExpense,depreciationAndAmortization,ebitda,ebitdaratio,operatingIncome,operatingIncomeRatio,totalOtherIncomeExpensesNet,incomeBeforeTax,incomeBeforeTaxRatio,incomeTaxExpense,netIncome,netIncomeRatio,eps,epsdiluted,weightedAverageShsOut,weightedAverageShsOutDil,link,finalLink,timestamp,est_time,est_date
0,2020-12-31,8147.HK,HKD,2020-12-31,2020-12-31,FY,119337000,115253000,4084000.0,0.03422241216052021,0.0,18355000,52000.0,0.0,0.0,134324000,2360000.0,3044000.0,-11943000.0,-0.10007793056637924,-14987000.0,-0.1255855267016935,0.0,-14952000.0,-0.12529223962392216,0.0,-14880000.0,-0.12468890620679253,-0.019872274640733115,-0.019872274640733115,748781922,748781922,https://www1.hkexnews.hk/search/titlesearch.xhtml,https://www1.hkexnews.hk/search/titlesearch.xhtml,1620585817,14:43:37,20210509
1,2019-12-31,8147.HK,HKD,2019-12-31,2019-12-31,FY,301214000,289904000,11310000.0,0.037548055535267286,0.0,28879000,254000.0,0.0,26691000.0,316595000,1790000.0,3208000.0,-12173000.0,-0.04041312820785223,-15381000.0,-0.051063363588677815,0.0,-251000.0,-0.000833294601180556,2000.0,-1081000.0,-0.003588810613052514,-0.0014,-0.0014,748781922,748781922,https://www1.hkexnews.hk/search/titlesearch.xhtml,https://www1.hkexnews.hk/search/titlesearch.xhtml,1620585817,14:43:37,20210509
2,2018-12-31,8147.HK,HKD,2018-12-31,2018-12-31,FY,77433000,67258000,10175000.0,0.13140392339183551,0.0,46784000,225000.0,0.0,46043000.0,113301000,396000.0,595000.0,-35273000.0,-0.4555292962948614,-35868000.0,-0.4632133586455387,0.0,-34397000.0,-0.44421629021218345,733000.0,-36293000.0,-0.46870197461030827,-0.0528,-0.0528,689208582,689208582,https://www1.hkexnews.hk/search/titlesearch.xhtml,https://www1.hkexnews.hk/search/titlesearch.xhtml,1620585817,14:43:37,20210509
3,2017-12-31,8147.HK,HKD,2017-12-31,2017-12-31,FY,112984000,107419000,5565000.0,0.04925476173617503,0.0,41634000,640000.0,0.0,41598000.0,149017000,396000.0,1259000.0,-34774000.0,-0.30777809247327054,-36033000.0,-0.31892126318770797,0.0,-33649000.0,-0.2978209303972244,38000.0,-33665000.0,-0.2979625433689726,-0.0504,-0.0504,663461301,663461301,https://www1.hkexnews.hk/search/titlesearch.xhtml,https://www1.hkexnews.hk/search/titlesearch.xhtml,1620585817,14:43:37,20210509
4,2016-12-31,8147.HK,HKD,2016-12-31,2016-12-31,FY,51727000,46125000,5602000.0,0.10829934076981074,0.0,51366000,1957000.0,0.0,50635000.0,96760000,10000.0,1895000.0,-43138000.0,-0.833955187812941,-45033000.0,-0.8705898273628859,0.0,-44093000.0,-0.8524174995650241,1000.0,-44094000.0,-0.8524368318286388,-0.0672,-0.0672,653475000,653475000,https://www1.hkexnews.hk/search/titlesearch.xhtml,https://www1.hkexnews.hk/search/titlesearch.xhtml,1620585817,14:43:37,20210509
5,2015-12-31,8147.HK,HKD,2015-12-31,2015-12-31,FY,67098000,61054000,6044000.0,0.09007720051268295,0.0,20890000,3321000.0,0.0,23140000.0,84194000,424000.0,1475000.0,-15621000.0,-0.2328087275328624,-17096000.0,-0.25479149900146053,0.0,-17507000.0,-0.260916867864914,19000.0,-17526000.0,-0.2612000357685773,-0.0272,-0.0272,653475000,653475000,https://www1.hkexnews.hk/search/titlesearch.xhtml,https://www1.hkexnews.hk/search/titlesearch.xhtml,1620585817,14:43:37,20210509
6,2014-12-31,8147.HK,HKD,2014-12-31,2014-12-31,FY,237226000,210511000,26715000.0,0.1126141316719078,0.0,23422000,2967000.0,0.0,26058000.0,236569000,1065000.0,1420000.0,2077000.0,0.008755364083194928,657000.0,0.002769510930505088,0.0,-397000.0,-0.0016735096490266665,1216000.0,-1613000.0,-0.006799423334710361,-0.0030111360566631514,-0.002949942854961608,535678219,546790253,https://www1.hkexnews.hk/search/titlesearch.xhtml,https://www1.hkexnews.hk/search/titlesearch.xhtml,1620585817,14:43:37,20210509
7,2013-12-31,8147.HK,HKD,2013-12-31,2013-12-31,FY,348321000,308843000,39478000.0,0.11333798421570908,0.0,19765000,4615000.0,0.0,24126000.0,332969000,1754000.0,1425000.0,16777000.0,0.04816534173937259,15352000.0,0.04407428779774978,0.0,13616000.0,0.039090379276586824,3336000.0,10280000.0,0.029513006680619312,0.024,0.024,437500000,437500000,https://www1.hkexnews.hk/search/titlesearch.xhtml,https://www1.hkexnews.hk/search/titlesearch.xhtml,1620585817,14:43:37,20210509
