,date,symbol,reportedCurrency,fillingDate,acceptedDate,period,revenue,costOfRevenue,grossProfit,grossProfitRatio,researchAndDevelopmentExpenses,generalAndAdministrativeExpenses,sellingAndMarketingExpenses,otherExpenses,operatingExpenses,costAndExpenses,interestExpense,depreciationAndAmortization,ebitda,ebitdaratio,operatingIncome,operatingIncomeRatio,totalOtherIncomeExpensesNet,incomeBeforeTax,incomeBeforeTaxRatio,incomeTaxExpense,netIncome,netIncomeRatio,eps,epsdiluted,weightedAverageShsOut,weightedAverageShsOutDil,link,finalLink,timestamp,est_time,est_date
0,2020-12-31,HFWA,USD,2021-02-26,2021-02-26 16:37:13,FY,238226000,0.0,214320000.0,1.0,0.0,99291000.0,3100000.0,10830000.0,198000000.0,3100000.0,13323000.0,3525000.0,214745000.0,1.0019830160507652,211220000.0,0.22323340021660104,8429000.0,53180000.0,0.22323340021660104,6610000.0,46570000.0,0.1954866387380051,1.266927161617956,1.266927161617956,35910430.0,36100775.0,https://www.sec.gov/Archives/edgar/data/1046025/000104602521000012/0001046025-21-000012-index.htm,https://www.sec.gov/Archives/edgar/data/1046025/000104602521000012/hfwa-20201231.htm,1620593061,16:44:21,20210509
1,2019-12-31,HFWA,USD,2020-02-28,2020-02-28 13:59:32,FY,232144000,0.0,0.0,0.0,0.0,97269000.0,3481000.0,0.0,169000000.0,0.0,18168000.0,4001000.0,0.0,0.0,0.0,0.34911520435591703,0.0,81045000.0,0.34911520435591703,13488000.0,67557000.0,0.2910133365497278,1.84,1.83,36758230.0,36985766.0,https://www.sec.gov/Archives/edgar/data/1046025/000104602520000037/0001046025-20-000037-index.htm,https://www.sec.gov/Archives/edgar/data/1046025/000104602520000037/hfwa-2019123110k.htm,1620593061,16:44:21,20210509
2,2018-12-31,HFWA,USD,2019-03-01,2019-03-01 12:21:42,FY,218611000,0.0,0.0,0.0,0.0,98198000.0,3228000.0,0.0,167000000.0,0.0,12413000.0,3819000.0,0.0,0.0,0.0,0.2931554221882705,0.0,64087000.0,0.2931554221882705,11030000.0,53057000.0,0.24270050454917638,1.5075579779884658,1.4999891155585598,35194003.0,35371590.0,https://www.sec.gov/Archives/edgar/data/1046025/000104602519000013/0001046025-19-000013-index.htm,https://www.sec.gov/Archives/edgar/data/1046025/000104602519000013/hfwa-2018123110k.htm,1620593061,16:44:21,20210509
3,2017-12-31,HFWA,USD,2018-02-28,2018-02-28 17:21:40,FY,174942000,0.0,0.0,0.0,0.0,73879000.0,2943000.0,0.0,123000000.0,0.0,8346000.0,1286000.0,0.0,0.0,0.0,0.34381109167609836,0.0,60147000.0,0.34381109167609836,18356000.0,41791000.0,0.23888488756273507,1.4043703942147103,1.400064879176019,29757819.0,29849331.0,https://www.sec.gov/Archives/edgar/data/1046025/000104602518000014/0001046025-18-000014-index.htm,https://www.sec.gov/Archives/edgar/data/1046025/000104602518000014/hfwa-2017123110k.htm,1620593061,16:44:21,20210509
4,2016-12-31,HFWA,USD,2017-03-09,2017-03-09 17:00:01,FY,164125000,0.0,0.0,0.0,0.0,70337000.0,2835000.0,0.0,117000000.0,0.0,6006000.0,1415000.0,0.0,0.0,0.0,0.3212246763137852,0.0,52721000.0,0.3212246763137852,13803000.0,38918000.0,0.23712414318354913,1.3113283906875803,1.3107166731897144,29678302.0,29692153.0,https://www.sec.gov/Archives/edgar/data/1046025/000104602517000041/0001046025-17-000041-index.htm,https://www.sec.gov/Archives/edgar/data/1046025/000104602517000041/hfwa-2016123110k.htm,1620593061,16:44:21,20210509
5,2015-12-31,HFWA,USD,2016-03-10,2016-03-10 17:09:46,FY,161887000,0.0,0.0,0.0,0.0,67880000.0,3066000.0,0.0,117000000.0,0.0,6120000.0,2100000.0,0.0,0.0,0.0,0.31693094565962676,0.0,51307000.0,0.31693094565962676,13818000.0,37489000.0,0.23157511103423994,1.258458694414144,1.2574994113175952,29789615.0,29812340.0,https://www.sec.gov/Archives/edgar/data/1046025/000104602516000163/0001046025-16-000163-index.htm,https://www.sec.gov/Archives/edgar/data/1046025/000104602516000163/hfwa-2015123110k.htm,1620593061,16:44:21,20210509
6,2014-12-31,HFWA,USD,2015-03-11,2015-03-10 19:17:31,FY,131847000,0.0,0.0,0.0,0.0,63595000.0,2502000.0,0.0,110000000.0,0.0,5681000.0,1920000.0,0.0,0.0,0.0,0.2117530167542682,0.0,27919000.0,0.2117530167542682,6905000.0,21014000.0,0.1593817075853072,0.8263293200352537,0.824813032501221,25430539.0,25477289.0,https://www.sec.gov/Archives/edgar/data/1046025/000104602515000021/0001046025-15-000021-index.htm,https://www.sec.gov/Archives/edgar/data/1046025/000104602515000021/hfwa-2014123110k.htm,1620593061,16:44:21,20210509
7,2013-12-31,HFWA,USD,2014-03-11,2014-03-11 16:29:12,FY,76918000,0.0,0.0,0.0,0.0,37419000.0,1598000.0,0.0,67000000.0,0.0,3724000.0,5954000.0,0.0,0.0,0.0,0.18419615694635846,0.0,14168000.0,0.18419615694635846,4593000.0,9575000.0,0.1244832158922489,0.6186905277672509,0.6182319341490982,15476235.0,15487715.0,https://www.sec.gov/Archives/edgar/data/1046025/000104602514000003/0001046025-14-000003-index.htm,https://www.sec.gov/Archives/edgar/data/1046025/000104602514000003/hfwa-20131231x10k.htm,1620593061,16:44:21,20210509
8,2012-12-31,HFWA,USD,2013-03-06,2013-03-06 16:40:26,FY,71769000,0.0,0.0,0.0,0.0,32577000.0,1517000.0,0.0,57000000.0,0.0,4534000.0,4717000.0,0.0,0.0,0.0,0.2708551045716117,0.0,19439000.0,0.2708551045716117,6178000.0,13261000.0,0.18477337011801753,0.879367969109589,0.8785150955074629,15080149.0,15094789.0,https://www.sec.gov/Archives/edgar/data/1046025/000119312513093956/0001193125-13-093956-index.htm,https://www.sec.gov/Archives/edgar/data/1046025/000119312513093956/d442850d10k.htm,1620593061,16:44:21,20210509
9,2011-12-31,HFWA,USD,2012-03-02,2012-03-02 17:06:57,FY,75634000,0.0,0.0,0.0,0.0,31295000.0,1361000.0,0.0,71000000.0,0.0,6582000.0,2625000.0,0.0,0.0,0.0,0.12099055980114763,0.0,9151000.0,0.12099055980114763,2633000.0,6518000.0,0.08617817383716318,0.42238675735215736,0.4205859734384278,15431355.0,15497426.0,https://www.sec.gov/Archives/edgar/data/1046025/000119312512094695/0001193125-12-094695-index.htm,https://www.sec.gov/Archives/edgar/data/1046025/000119312512094695/d274728d10k.htm,1620593061,16:44:21,20210509
10,2010-12-31,HFWA,USD,2011-03-04,2011-03-04 17:12:55,FY,60679000,0.0,0.0,0.0,0.0,23799000.0,1171000.0,-11830000.0,58000000.0,0.0,8511000.0,2275000.0,0.0,0.0,0.0,0.32612600735015407,0.0,19789000.0,0.32612600735015407,6435000.0,13354000.0,0.22007613836747475,1.05,1.04,11121346.0,11173658.0,https://www.sec.gov/Archives/edgar/data/1046025/000119312511056414/0001193125-11-056414-index.htm,https://www.sec.gov/Archives/edgar/data/1046025/000119312511056414/d10k.htm,1620593061,16:44:21,20210509
11,2009-12-31,HFWA,USD,2010-03-02,2010-03-02 17:14:54,FY,50363000,0.0,0.0,0.0,0.0,17556000.0,990000.0,0.0,61000000.0,0.0,11645000.0,1218000.0,0.0,0.0,0.0,0.0015487560312133907,0.0,78000.0,0.0015487560312133907,-503000.0,581000.0,0.01153624684788436,-0.1,-0.1,7831614.0,7831614.0,https://www.sec.gov/Archives/edgar/data/1046025/000119312510046044/0001193125-10-046044-index.htm,https://www.sec.gov/Archives/edgar/data/1046025/000119312510046044/d10k.htm,1620593061,16:44:21,20210509
12,2008-12-31,HFWA,USD,2009-02-27,2009-02-27 16:55:38,FY,47166000,0.0,0.0,0.0,0.0,16633000.0,702000.0,0.0,55000000.0,0.0,18606000.0,1241000.0,0.0,0.0,0.0,0.19774837806894796,0.0,9327000.0,0.19774837806894796,2976000.0,6351000.0,0.13465207988805494,0.94,0.93,6598647.0,6647420.0,https://www.sec.gov/Archives/edgar/data/1046025/000119312509041122/0001193125-09-041122-index.htm,https://www.sec.gov/Archives/edgar/data/1046025/000119312509041122/d10k.htm,1620593061,16:44:21,20210509
13,2007-12-31,HFWA,USD,2008-03-05,2008-03-05 17:26:09,FY,45193000,0.0,0.0,0.0,0.0,14764000.0,500000.0,0.0,55000000.0,0.0,25770000.0,1616000.0,0.0,0.0,0.0,0.35613922510123247,0.0,16095000.0,0.35613922510123247,5387000.0,10708000.0,0.23693934901422786,1.63,1.61,6558448.0,6670422.0,https://www.sec.gov/Archives/edgar/data/1046025/000119312508047987/0001193125-08-047987-index.htm,https://www.sec.gov/Archives/edgar/data/1046025/000119312508047987/d10k.htm,1620593061,16:44:21,20210509
14,2006-12-31,HFWA,USD,2007-03-05,2007-03-05 16:37:39,FY,43726000,0.0,0.0,0.0,0.0,14398000.0,604000.0,0.0,47000000.0,0.0,19465000.0,1687000.0,0.0,0.0,0.0,0.36417691991035084,0.0,15924000.0,0.36417691991035084,5377000.0,10547000.0,0.24120660476604308,1.65,1.6,6375059.0,6589381.0,https://www.sec.gov/Archives/edgar/data/1046025/000119312507046427/0001193125-07-046427-index.htm,https://www.sec.gov/Archives/edgar/data/1046025/000119312507046427/d10k.htm,1620593061,16:44:21,20210509
15,2005-12-31,HFWA,USD,2006-03-03,2006-03-03 16:50:30,FY,40511000,0.0,0.0,0.0,0.0,12618000.0,494000.0,0.0,37000000.0,0.0,11547000.0,1770000.0,0.0,0.0,0.0,0.3830564538026709,0.0,15518000.0,0.3830564538026709,5042000.0,10476000.0,0.25859643059909654,1.69,1.65,6189497.0,6363002.0,https://www.sec.gov/Archives/edgar/data/1046025/000119312506045118/0001193125-06-045118-index.htm,https://www.sec.gov/Archives/edgar/data/1046025/000119312506045118/d10k.htm,1620593061,16:44:21,20210509
16,2004-12-31,HFWA,USD,2005-03-15,2005-03-15 16:17:29,FY,38225000,0.0,0.0,0.0,0.0,12222000.0,423000.0,0.0,0.0,0.0,7217000.0,1708000.0,0.0,0.0,0.0,0.37436232831916283,0.0,14310000.0,0.37436232831916283,4725000.0,9585000.0,0.25075212557226945,1.533333,1.495238,6248417.0,6429532.0,https://www.sec.gov/Archives/edgar/data/1046025/000119312505051068/0001193125-05-051068-index.htm,https://www.sec.gov/Archives/edgar/data/1046025/000119312505051068/d10k.htm,1620593061,16:44:21,20210509
17,2003-12-31,HFWA,USD,2004-03-08,2004-03-08 12:21:46,FY,36981000,0.0,0.0,0.0,0.0,11648000.0,415000.0,0.0,0.0,0.0,7334000.0,1863000.0,0.0,0.0,0.0,0.36864876558232607,0.0,13633000.0,0.36864876558232607,4729000.0,8904000.0,0.24077228847245882,1.304762,1.257143,6819060.0,7071736.0,https://www.sec.gov/Archives/edgar/data/1046025/000119312504036203/0001193125-04-036203-index.htm,https://www.sec.gov/Archives/edgar/data/1046025/000119312504036203/d10k.htm,1620593061,16:44:21,20210509
18,2002-12-31,HFWA,USD,2003-03-19,2003-03-19 15:01:41,FY,36384000,0.0,0.0,0.0,0.0,10519000.0,439000.0,0.0,0.0,0.0,10224000.0,1774000.0,0.0,0.0,0.0,0.3928924802110818,0.0,14295000.0,0.3928924802110818,4871000.0,9424000.0,0.2590149516270888,1.247619,1.209524,7569823.0,7791686.0,https://www.sec.gov/Archives/edgar/data/1046025/000103221003000350/0001032210-03-000350-index.htm,https://www.sec.gov/Archives/edgar/data/1046025/000103221003000350/d10k.htm,1620593061,16:44:21,20210509
19,2001-12-31,HFWA,USD,2002-03-20 00:00:00,2002-03-20 00:00:00,FY,32557000,0.0,0.0,0.0,0.0,10293000.0,392000.0,0.0,0.0,0.0,18558000.0,2303000.0,0.0,0.0,0.0,0.3298829744755352,0.0,10740000.0,0.3298829744755352,3778000.0,6962000.0,0.21384034155481157,0.828571,0.819048,8362747.0,8542108.0,https://www.sec.gov/Archives/edgar/data/1046025/000103221002000421/0001032210-02-000421-index.html,https://www.sec.gov/Archives/edgar/data/1046025/000103221002000421/d10k.txt,1620593061,16:44:21,20210509
20,2000-12-31,HFWA,USD,2001-03-20 00:00:00,2001-03-20 00:00:00,FY,29031000,0.0,0.0,0.0,0.0,10105000.0,401000.0,0.0,0.0,0.0,19401000.0,2256000.0,0.0,0.0,0.0,0.3072922048844339,0.0,8921000.0,0.3072922048844339,2947000.0,5974000.0,0.20578002824566843,0.628571,0.619048,9553534.0,9650308.0,https://www.sec.gov/Archives/edgar/data/1046025/000103221001500073/0001032210-01-500073-index.html,https://www.sec.gov/Archives/edgar/data/1046025/000103221001500073/d10k.txt,1620593061,16:44:21,20210509
21,1999-12-31,HFWA,USD,2000-03-17 00:00:00,2000-03-17 00:00:00,FY,27500000,0.0,0.0,0.0,0.0,9600000.0,500000.0,0.0,0.0,0.0,13100000.0,2300000.0,0.0,0.0,0.0,0.3054545454545455,0.0,8400000.0,0.3054545454545455,3000000.0,5400000.0,0.19636363636363635,0.47619,0.466667,11301219.0,11482166.0,https://www.sec.gov/Archives/edgar/data/1046025/000103221000000511/0001032210-00-000511-index.html,https://www.sec.gov/Archives/edgar/data/1046025/0001032210-00-000511.txt,1620593061,16:44:21,20210509
22,1998-12-31,HFWA,USD,1999-03-30 00:00:00,1999-03-30 00:00:00,FY,13900000,7200000.0,13900000.0,1.0,0.0,10500000.0,0.0,0.0,17700000.0,0.0,7200000.0,790000.0,4190000.0,0.3014388489208633,3400000.0,0.2446043165467626,0.0,3400000.0,0.2446043165467626,1300000.0,2200000.0,0.15827338129496402,0.18966,0.18966,11600000.0,11600000.0,https://www.sec.gov/Archives/edgar/data/1046025/000103221099000426/0001032210-99-000426-index.html,https://www.sec.gov/Archives/edgar/data/1046025/0001032210-99-000426.txt,1620593061,16:44:21,20210509
23,1998-06-30,HFWA,USD,1998-09-14 00:00:00,1998-09-14 00:00:00,FY,16800000,0.0,0.0,0.0,0.0,6000000.0,400000.0,0.0,0.0,0.0,10100000.0,1000000.0,0.0,0.0,0.0,0.3333333333333333,0.0,5600000.0,0.3333333333333333,2000000.0,3600000.0,0.21428571428571427,0.361905,0.352381,9947368.0,10216216.0,https://www.sec.gov/Archives/edgar/data/1046025/000103221098001012/0001032210-98-001012-index.html,https://www.sec.gov/Archives/edgar/data/1046025/0001032210-98-001012.txt,1620593061,16:44:21,20210509
