,date,symbol,reportedCurrency,fillingDate,acceptedDate,period,revenue,costOfRevenue,grossProfit,grossProfitRatio,researchAndDevelopmentExpenses,generalAndAdministrativeExpenses,sellingAndMarketingExpenses,otherExpenses,operatingExpenses,costAndExpenses,interestExpense,depreciationAndAmortization,ebitda,ebitdaratio,operatingIncome,operatingIncomeRatio,totalOtherIncomeExpensesNet,incomeBeforeTax,incomeBeforeTaxRatio,incomeTaxExpense,netIncome,netIncomeRatio,eps,epsdiluted,weightedAverageShsOut,weightedAverageShsOutDil,link,finalLink,timestamp,est_time,est_date
0,2020-06-30,WAA.AX,AUD,2020-06-30,2020-06-30,FY,3021.0,0.0,0.0,0.0,0.0,80000.0,0.0,0.0,0.0,0.0,0.0,0.0,0.0,0.0,0.0,-463.25289639192323,0.0,-1399487.0,-463.25289639192323,-632066.0,-767421.0,-254.02879841112215,-0.0165,-0.0165,46388834,46388834,,,1620599705,18:35:05,20210509
1,2019-06-30,WAA.AX,AUD,2019-06-30,2019-06-30,FY,1173560.0,0.0,0.0,0.0,0.0,80000.0,0.0,0.0,0.0,0.0,0.0,0.0,0.0,0.0,0.0,0.3345887726234705,0.0,392660.0,0.3345887726234705,-280473.0,673133.0,0.5735820920958451,0.0149,0.0149,45120777,45120777,,,1620599705,18:35:05,20210509
2,2018-06-30,WAA.AX,AUD,2018-06-30,2018-06-30,FY,5480832.0,0.0,0.0,0.0,0.0,90082.0,0.0,0.0,0.0,0.0,0.0,0.0,0.0,0.0,0.0,0.8070508273196478,0.0,4423310.0,0.8070508273196478,1007480.0,3415830.0,0.6232320202480207,0.0851,0.0851,40133397,40133397,,,1620599705,18:35:05,20210509
3,2017-06-30,WAA.AX,AUD,2017-06-30,2017-06-30,FY,3990312.0,0.0,0.0,0.0,0.0,90000.0,0.0,0.0,0.0,0.0,0.0,0.0,0.0,0.0,0.0,0.6730967403050188,0.0,2685866.0,0.6730967403050188,620006.0,2065860.0,0.517718915212645,0.057,0.057,36065124,36065124,,,1620599705,18:35:05,20210509
4,2016-06-30,WAA.AX,AUD,2016-06-30,2016-06-30,FY,5115410.0,0.0,0.0,0.0,0.0,117295.0,0.0,0.0,0.0,0.0,0.0,0.0,0.0,0.0,0.0,0.8145655968925267,0.0,4166837.0,0.8145655968925267,1027489.0,3139348.0,0.613704082370719,0.09,0.09,34883043,34883043,,,1620599705,18:35:05,20210509
5,2015-06-30,WAA.AX,AUD,2015-06-30,2015-06-30,FY,1838149.0,0.0,0.0,0.0,0.0,80000.0,0.0,0.0,0.0,0.0,0.0,0.0,0.0,0.0,0.0,0.4874887726729444,0.0,896077.0,0.4874887726729444,-1604.0,897681.0,0.48836138963707515,0.026,0.026,34590997,34590997,,,1620599705,18:35:05,20210509
6,2014-06-30,WAA.AX,AUD,2014-06-30,2014-06-30,FY,5769434.0,0.0,0.0,0.0,0.0,70000.0,0.0,0.0,0.0,0.0,0.0,0.0,0.0,0.0,0.0,0.7034696991073994,0.0,4058622.0,0.7034696991073994,887419.0,3171203.0,0.5496558241241688,0.097,0.097,32673032,32673032,,,1620599705,18:35:05,20210509
7,2013-06-30,WAA.AX,AUD,2013-06-30,2013-06-30,FY,2654606.0,0.0,0.0,0.0,0.0,47397.0,0.0,25587.0,0.0,0.0,0.0,0.0,0.0,0.0,0.0,0.66660890542702,0.0,1769584.0,0.66660890542702,270382.0,1499202.0,0.5647549956566059,0.073,0.072,20665647,20822250,,,1620599705,18:35:05,20210509
8,2012-06-30,WAA.AX,AUD,2012-06-30,2012-06-30,FY,1577094.0,0.0,0.0,0.0,0.0,71000.0,0.0,57904913.0,0.0,0.0,0.0,0.0,0.0,0.0,0.0,0.20436321487495354,0.0,322300.0,0.20436321487495354,-72235.0,394535.0,0.2501658112959659,0.0244,0.0244,16185458,16185458,,,1620599705,18:35:05,20210509
9,2011-06-30,WAA.AX,AUD,2011-06-30,2011-06-30,FY,1489723.0,0.0,0.0,0.0,0.0,92000.0,0.0,58487676.0,0.0,0.0,0.0,0.0,0.0,0.0,0.0,0.7674930171582234,0.0,1143352.0,0.7674930171582234,-62089.0,1205441.0,0.8091712351893607,0.0752,0.0752,16029455,16029455,,,1620599705,18:35:05,20210509
10,2010-06-30,WAA.AX,AUD,2010-06-30,2010-06-30,FY,5743040.0,0.0,0.0,0.0,0.0,92000.0,0.0,-1649829.0,0.0,0.0,0.0,0.0,0.0,0.0,0.0,0.4970975302278932,0.0,2854851.0,0.4970975302278932,733391.0,2121460.0,0.36939669582660056,0.1366,0.1366,15526798,15526798,,,1620599705,18:35:05,20210509
11,2009-06-30,WAA.AX,AUD,2009-06-30,2009-06-30,FY,1283681.0,0.0,0.0,0.0,0.0,108977.0,0.0,0.0,0.0,0.0,0.0,0.0,0.0,0.0,0.0,0.6431870534813555,0.0,825647.0,0.6431870534813555,184451.0,641196.0,0.49949792822360073,0.040736,0.040736,15726583,15726583,,,1620599705,18:35:05,20210509
12,2008-06-30,WAA.AX,AUD,2008-06-30,2008-06-30,FY,293004.0,0.0,0.0,0.0,0.0,48489.0,0.0,54952.0,0.0,0.0,0.0,0.0,0.0,0.0,0.0,0.4048613670803129,0.0,118626.0,0.4048613670803129,25953.0,92673.0,0.31628578449440964,0.005875,0.005875,15726583,15726583,,,1620599705,18:35:05,20210509
13,2007-06-30,WAA.AX,AUD,2007-06-30,2007-06-30,FY,0.0,0.0,0.0,0.0,0.0,0.0,0.0,0.0,0.0,0.0,0.0,0.0,0.0,0.0,0.0,0.0,0.0,0.0,0.0,0.0,0.0,0.0,0.0,0.0,25530000,25530000,,,1620599705,18:35:05,20210509
