,date,symbol,reportedCurrency,fillingDate,acceptedDate,period,revenue,costOfRevenue,grossProfit,grossProfitRatio,researchAndDevelopmentExpenses,generalAndAdministrativeExpenses,sellingAndMarketingExpenses,otherExpenses,operatingExpenses,costAndExpenses,interestExpense,depreciationAndAmortization,ebitda,ebitdaratio,operatingIncome,operatingIncomeRatio,totalOtherIncomeExpensesNet,incomeBeforeTax,incomeBeforeTaxRatio,incomeTaxExpense,netIncome,netIncomeRatio,eps,epsdiluted,weightedAverageShsOut,weightedAverageShsOutDil,link,finalLink,timestamp,est_time,est_date
0,2020-12-31,EFOI,USD,2021-03-25,2021-03-25 08:04:58,FY,16828000,11643000.0,5185000.0,0.30811742334204895,1415000.0,0.0,0.0,-73000.0,9315000.0,20958000,481000.0,184000.0,-3946000.0,-0.23449013548847158,-4130000.0,-0.2454242928452579,-1375000.0,-5986000.0,-0.35571666270501545,-5000.0,-5981000.0,-0.35541953886379846,-1.83,-1.83,3270000.0,3270000.0,https://www.sec.gov/Archives/edgar/data/924168/000092416821000014/0000924168-21-000014-index.htm,https://www.sec.gov/Archives/edgar/data/924168/000092416821000014/efoi-20201231.htm,1620591498,16:18:18,20210509
1,2019-12-31,EFOI,USD,2020-03-24,2020-03-24 17:19:57,FY,12705000,10731000.0,1974000.0,0.15537190082644628,1284000.0,7449000.0,0.0,-91000.0,8733000.0,19464000,317000.0,326000.0,-6433000.0,-0.50633608815427,-6759000.0,-0.5319952774498229,-287000.0,-7363000.0,-0.5795356158992523,10000.0,-7373000.0,-0.5803227075954349,-3.0,-3.0,2461800.0,2461800.0,https://www.sec.gov/Archives/edgar/data/924168/000092416820000013/0000924168-20-000013-index.htm,https://www.sec.gov/Archives/edgar/data/924168/000092416820000013/a2019123110kdocument.htm,1620591498,16:18:18,20210509
2,2018-12-31,EFOI,USD,2019-04-01,2019-04-01 16:44:14,FY,18107000,14695000.0,3412000.0,0.18843541171922462,2597000.0,9789000.0,0.0,-7000.0,12386000.0,27081000,8000.0,522000.0,-8452000.0,-0.466780803004363,-8974000.0,-0.495609432816038,-118000.0,-9100000.0,-0.5025680675981664,11000.0,-9111000.0,-0.5031755674600983,-3.8,-3.8,2399400.0,2399400.0,https://www.sec.gov/Archives/edgar/data/924168/000092416819000018/0000924168-19-000018-index.htm,https://www.sec.gov/Archives/edgar/data/924168/000092416819000018/a2018123110kdocument.htm,1620591498,16:18:18,20210509
3,2017-12-31,EFOI,USD,2018-02-22,2018-02-22 08:11:15,FY,19846000,15025000.0,4821000.0,0.24292048775571903,2940000.0,11315000.0,0.0,-99000.0,14255000.0,29280000,2000.0,681000.0,-8753000.0,-0.44104605462057844,-9434000.0,-0.475360274110652,-1946000.0,-11382000.0,-0.5735160737680137,-115000.0,-11267000.0,-0.5677214552050791,-4.75,-4.75,2361200.0,2361200.0,https://www.sec.gov/Archives/edgar/data/924168/000092416818000008/0000924168-18-000008-index.htm,https://www.sec.gov/Archives/edgar/data/924168/000092416818000008/a2017123110kdocument.htm,1620591498,16:18:18,20210509
4,2016-12-31,EFOI,USD,2017-02-23,2017-02-23 06:24:31,FY,30998000,23321000.0,7677000.0,0.24766113942835022,3537000.0,20113000.0,0.0,-18000.0,23650000.0,46971000,0.0,805000.0,-15168000.0,-0.48932189173495066,-15973000.0,-0.5152913091167172,-875000.0,-16848000.0,-0.5435189367055939,27000.0,-16887000.0,-0.5447770823924124,-7.25,-7.25,2334600.0,2334600.0,https://www.sec.gov/Archives/edgar/data/924168/000092416817000008/0000924168-17-000008-index.htm,https://www.sec.gov/Archives/edgar/data/924168/000092416817000008/a2016123110kdocument.htm,1620591498,16:18:18,20210509
5,2015-12-31,EFOI,USD,2016-03-10,2016-03-10 08:56:35,FY,64403000,35111000.0,29292000.0,0.4548235330652299,2810000.0,16830000.0,0.0,53000.0,19640000.0,54751000,85000.0,266000.0,9918000.0,0.15399903731192646,9652000.0,0.1498687949319131,53000.0,9620000.0,0.1493719236681521,149000.0,8780000.0,0.13632905299442571,4.2,4.1,2082600.0,2150400.0,https://www.sec.gov/Archives/edgar/data/924168/000092416816000015/0000924168-16-000015-index.htm,https://www.sec.gov/Archives/edgar/data/924168/000092416816000015/efoi2015123110k.htm,1620591498,16:18:18,20210509
6,2014-12-31,EFOI,USD,2015-03-12,2015-03-12 09:16:55,FY,28962000,19594000.0,9368000.0,0.3234583247013328,1035000.0,10910000.0,0.0,-531000.0,11945000.0,31539000,2689000.0,281000.0,-2296000.0,-0.07927629307368275,-2577000.0,-0.08897866169463435,-531000.0,-5797000.0,-0.20015882881016506,-2000.0,-5845000.0,-0.20181617291623508,-3.75,-3.75,1563200.0,1563200.0,https://www.sec.gov/Archives/edgar/data/924168/000143774915004808/0001437749-15-004808-index.htm,https://www.sec.gov/Archives/edgar/data/924168/000143774915004808/efoi20141231_10k.htm,1620591498,16:18:18,20210509
7,2013-12-31,EFOI,USD,2014-03-27,2014-03-27 16:29:48,FY,21533000,16954000.0,4579000.0,0.21265035062462267,597000.0,4815000.0,4899000.0,-240000.0,10323000.0,27277000,842000.0,888000.0,-4856000.0,-0.22551432684716483,-5744000.0,-0.26675335531509775,-361000.0,-6947000.0,-0.3226210932057772,0.0,-2361000.0,-0.10964566014953792,-2.5,-2.5,955840.0,955840.0,https://www.sec.gov/Archives/edgar/data/924168/000143774914005248/0001437749-14-005248-index.htm,https://www.sec.gov/Archives/edgar/data/924168/000143774914005248/efoi20131231_10k.htm,1620591498,16:18:18,20210509
8,2012-12-31,EFOI,USD,2013-03-27,2013-03-27 17:00:43,FY,29837000,23600000.0,6237000.0,0.20903576096792573,368000.0,4646000.0,5696000.0,-157000.0,10608000.0,34208000,511000.0,1056000.0,-3315000.0,-0.1111036632369206,-4371000.0,-0.1464959613902202,-829000.0,-5709000.0,-0.19133961189127593,0.0,-5709000.0,-0.19133961189127593,-7.0,-7.0,826440.0,826440.0,https://www.sec.gov/Archives/edgar/data/924168/000143774913003545/0001437749-13-003545-index.htm,https://www.sec.gov/Archives/edgar/data/924168/000143774913003545/efoi_10k-123112.htm,1620591498,16:18:18,20210509
9,2011-12-31,EFOI,USD,2012-03-30,2012-03-30 16:32:04,FY,25752000,20581000.0,5171000.0,0.20079993786890338,-515000.0,5062000.0,6200000.0,0.0,10392000.0,30973000,861000.0,1238000.0,-3983000.0,-0.15466759863311588,-5221000.0,-0.20274153463808636,21000.0,-6057000.0,-0.23520503261882572,-2000.0,-6055000.0,-0.2351273687480584,-12.5,-12.5,493380.0,493380.0,https://www.sec.gov/Archives/edgar/data/924168/000119312512143734/0001193125-12-143734-index.htm,https://www.sec.gov/Archives/edgar/data/924168/000119312512143734/d284778d10k.htm,1620591498,16:18:18,20210509
10,2010-12-31,EFOI,USD,2011-03-31,2011-03-31 16:14:40,FY,35129000,28726000.0,6403000.0,0.18227105810014518,-202000.0,6115000.0,6415000.0,0.0,14140000.0,42866000,573000.0,1863000.0,-5874000.0,-0.16721227475874634,-7737000.0,-0.2202453813088901,-207000.0,-8511000.0,-0.24227845939252468,6000.0,-8517000.0,-0.2424492584474366,-18.5,-18.5,455820.0,455820.0,https://www.sec.gov/Archives/edgar/data/924168/000095012311031477/0000950123-11-031477-index.htm,https://www.sec.gov/Archives/edgar/data/924168/000095012311031477/l42266e10vk.htm,1620591498,16:18:18,20210509
11,2009-12-31,EFOI,USD,2010-03-31,2010-03-31 16:31:38,FY,12489000,10449000.0,2040000.0,0.1633437424933942,319000.0,5333000.0,6044000.0,0.0,11696000.0,22145000,88000.0,987000.0,-8669000.0,-0.6941308351349187,-9656000.0,-0.7731603811353992,-78000.0,-9807000.0,-0.7852510208983906,7000.0,-11015000.0,-0.8819761390023221,-35.0,-35.0,315260.0,315260.0,https://www.sec.gov/Archives/edgar/data/924168/000095012310030874/0000950123-10-030874-index.htm,https://www.sec.gov/Archives/edgar/data/924168/000095012310030874/l39282e10vk.htm,1620591498,16:18:18,20210509
12,2008-12-31,EFOI,USD,2009-03-31,2009-03-31 12:56:28,FY,22950000,17447000.0,5503000.0,0.23978213507625273,2188000.0,5080000.0,8551000.0,0.0,15819000.0,33266000,198000.0,1233000.0,-9083000.0,-0.3957734204793028,-10316000.0,-0.4494989106753813,-4392000.0,-14698000.0,-0.6404357298474945,-250000.0,-14448000.0,-0.6295424836601308,-51.0,-51.0,283640.0,283640.0,https://www.sec.gov/Archives/edgar/data/924168/000114420409017501/0001144204-09-017501-index.htm,https://www.sec.gov/Archives/edgar/data/924168/000114420409017501/v143913_10k.htm,1620591498,16:18:18,20210509
13,2007-12-31,EFOI,USD,2008-03-17,2008-03-17 16:32:17,FY,22898000,16616000.0,6282000.0,0.2743471045506158,2907000.0,14440000.0,0.0,0.0,17347000.0,33963000,321000.0,1236000.0,-9829000.0,-0.4292514630098699,-11065000.0,-0.4832299764171543,-346000.0,-11127000.0,-0.4859376364748013,190000.0,-11317000.0,-0.4942353043933968,-49.0,-49.0,230000.0,230000.0,https://www.sec.gov/Archives/edgar/data/924168/000114420408015829/0001144204-08-015829-index.htm,https://www.sec.gov/Archives/edgar/data/924168/000114420408015829/v107137_10k.htm,1620591498,16:18:18,20210509
14,2006-12-31,EFOI,USD,2007-03-16,2007-03-16 16:15:02,FY,27036000,19251000.0,7785000.0,0.2879494007989348,2341000.0,14730000.0,0.0,0.0,17071000.0,36322000,277000.0,1197000.0,-8089000.0,-0.2991936677023228,-9286000.0,-0.34346796863441337,-734000.0,-9537000.0,-0.3527518863737239,113000.0,-9650000.0,-0.35693149874241753,-42.5,-42.5,227700.0,227700.0,https://www.sec.gov/Archives/edgar/data/924168/000114420407013156/0001144204-07-013156-index.htm,https://www.sec.gov/Archives/edgar/data/924168/000114420407013156/v068294_10-k.htm,1620591498,16:18:18,20210509
15,2005-12-31,EFOI,USD,2006-03-31,2006-03-31 16:17:11,FY,28337000,17711000.0,10626000.0,0.3749867664184635,2190000.0,12730000.0,0.0,0.0,14920000.0,32631000,39000.0,1145000.0,-3149000.0,-0.11112679535589512,-4294000.0,-0.15153333098069663,-3119000.0,-7314000.0,-0.25810777428803333,109000.0,-7423000.0,-0.26195433532131135,-45.0,-45.0,164460.0,164460.0,https://www.sec.gov/Archives/edgar/data/924168/000110465906021292/0001104659-06-021292-index.htm,https://www.sec.gov/Archives/edgar/data/924168/000110465906021292/a06-3144_110k.htm,1620591498,16:18:18,20210509
16,2004-12-31,EFOI,USD,2005-03-30,2005-03-30 10:50:10,FY,29731000,18220000.0,11511000.0,0.3871716390299687,1188000.0,11054000.0,0.0,0.0,12242000.0,30462000,17000.0,989000.0,258000.0,0.00867781103898288,-731000.0,-0.02458713127711816,-14000.0,-762000.0,-0.025629813998856412,-58000.0,-704000.0,-0.023678988261410648,-5.0,-5.0,140800.0,140800.0,https://www.sec.gov/Archives/edgar/data/924168/000114420405009124/0001144204-05-009124-index.htm,https://www.sec.gov/Archives/edgar/data/924168/000114420405009124/v014839_10k.htm,1620591498,16:18:18,20210509
17,2003-12-31,EFOI,USD,2004-03-30,2004-03-30 16:10:49,FY,27238000,16897000.0,10341000.0,0.37965342536162716,1279000.0,9623000.0,0.0,0.0,10902000.0,27799000,119000.0,961000.0,400000.0,0.014685366032748367,-561000.0,-0.020596225860929584,6000.0,-594000.0,-0.021807768558631323,14000.0,-608000.0,-0.022321756369777516,-5.0,-5.0,119860.0,119860.0,https://www.sec.gov/Archives/edgar/data/924168/000114420404003935/0001144204-04-003935-index.htm,https://www.sec.gov/Archives/edgar/data/924168/000114420404003935/form10k.htm,1620591498,16:18:18,20210509
18,2002-12-31,EFOI,USD,2003-03-27,2003-03-26 21:43:49,FY,30960000,19486000.0,11474000.0,0.37060723514211885,2290000.0,10616000.0,0.0,0.0,12906000.0,32392000,66000.0,1086000.0,-346000.0,-0.011175710594315245,-1432000.0,-0.046253229974160204,16000.0,-1441000.0,-0.046543927648578814,2078000.0,-3519000.0,-0.11366279069767442,-35.0,-35.0,100560.0,100560.0,https://www.sec.gov/Archives/edgar/data/924168/000104746903010420/0001047469-03-010420-index.htm,https://www.sec.gov/Archives/edgar/data/924168/000104746903010420/a2106484z10-k.htm,1620591498,16:18:18,20210509
19,2001-12-31,EFOI,USD,2002-04-01,2002-04-01 00:00:00,FY,29053000,17606000.0,11447000.0,0.39400406154269785,2764000.0,11998000.0,0.0,0.0,14762000.0,32368000,122000.0,1426000.0,-1889000.0,-0.06501910301862114,-3315000.0,-0.11410181392627268,15000.0,-3381000.0,-0.1163735242487867,-1253000.0,-2128000.0,-0.07324544797439163,-22.5,-22.5,95120.0,95120.0,https://www.sec.gov/Archives/edgar/data/924168/000091205702013088/0000912057-02-013088-index.htm,https://www.sec.gov/Archives/edgar/data/924168/000091205702013088/a2074989z10-k405.htm,1620591498,16:18:18,20210509
20,2000-12-31,EFOI,USD,2000-12-31,2000-12-31,FY,36921000,20389000.0,16532000.0,0.447766853552179,1673000.0,13061000.0,0.0,0.0,16247000.0,36636000,92000.0,1513000.0,1798000.0,0.04869857262804366,285000.0,0.007719184204111482,-934000.0,-711000.0,-0.019257333224993907,-257000.0,-454000.0,-0.012296525012865307,-5.0,-5.0,91440.0,91440.0,,,1620591498,16:18:18,20210509
21,1999-12-31,EFOI,USD,1999-12-31,1999-12-31,FY,33300000,18100000.0,15200000.0,0.45645645645645644,1500000.0,10600000.0,0.0,0.0,13000000.0,31100000,0.0,900000.0,3100000.0,0.09309309309309309,2200000.0,0.06606606606606606,0.0,2200000.0,0.06606606606606606,800000.0,1400000.0,0.042042042042042045,17.561465127947816,17.15686274509804,79720.0,81600.0,,,1620591498,16:18:18,20210509
22,1998-12-31,EFOI,USD,1998-12-31,1998-12-31,FY,22700000,13500000.0,9200000.0,0.4052863436123348,1300000.0,7100000.0,0.0,0.0,9000000.0,22500000,0.0,600000.0,800000.0,0.03524229074889868,200000.0,0.00881057268722467,1000000.0,1200000.0,0.05286343612334802,400000.0,800000.0,0.03524229074889868,11.040574109853713,10.825439783491204,72460.0,73900.0,,,1620591498,16:18:18,20210509
23,1997-12-31,EFOI,USD,1997-12-31,1997-12-31,FY,17900000,9600000.0,8300000.0,0.46368715083798884,1200000.0,5800000.0,0.0,0.0,7500000.0,17100000,0.0,500000.0,1300000.0,0.07262569832402235,800000.0,0.0446927374301676,200000.0,1000000.0,0.055865921787709494,400000.0,600000.0,0.0335195530726257,9.5,9.0,68920.0,71940.0,,,1620591498,16:18:18,20210509
24,1996-12-31,EFOI,USD,1997-03-31,1997-03-31,FY,15600000,8700000.0,6900000.0,0.4423076923076923,1000000.0,5000000.0,0.0,0.0,6300000.0,15000000,0.0,300000.0,900000.0,0.057692307692307696,600000.0,0.038461538461538464,300000.0,800000.0,0.05128205128205128,300000.0,500000.0,0.03205128205128205,7.5,7.5,69360.0,69360.0,https://www.sec.gov/Archives/edgar/data/924168/0001023363-97-000009-index.html,https://www.sec.gov/Archives/edgar/data/924168/,1620591498,16:18:18,20210509
