,date,symbol,reportedCurrency,fillingDate,acceptedDate,period,revenue,costOfRevenue,grossProfit,grossProfitRatio,researchAndDevelopmentExpenses,generalAndAdministrativeExpenses,sellingAndMarketingExpenses,otherExpenses,operatingExpenses,costAndExpenses,interestExpense,depreciationAndAmortization,ebitda,ebitdaratio,operatingIncome,operatingIncomeRatio,totalOtherIncomeExpensesNet,incomeBeforeTax,incomeBeforeTaxRatio,incomeTaxExpense,netIncome,netIncomeRatio,eps,epsdiluted,weightedAverageShsOut,weightedAverageShsOutDil,link,finalLink,timestamp,est_time,est_date
0,2020-12-31,WTT,USD,2021-03-19,2021-03-19 06:02:36,FY,41748000.0,20781000.0,20967000.0,0.5022276516240299,6389000.0,9907000.0,6955000.0,5815000.0,29066000.0,49847000.0,985000.0,2238.0,-8085762.0,-0.193680224202357,-8088000.0,-0.19373383156079332,187000.0,-8088000.0,-0.19373383156079332,0.0,-8088000.0,-0.19373383156079332,-0.37345892782933926,-0.37345892782933926,21657000,21657000,https://www.sec.gov/Archives/edgar/data/878828/000149315221006365/0001493152-21-006365-index.htm,https://www.sec.gov/Archives/edgar/data/878828/000149315221006365/form10-k.htm,1620599974,18:39:34,20210509
1,2019-12-31,WTT,USD,2020-03-19,2020-03-19 06:31:33,FY,48921000.0,26632000.0,22289000.0,0.45561210931910634,5917000.0,10174000.0,7677000.0,-2000.0,23768000.0,50400000.0,305000.0,2151000.0,672000.0,0.013736432207027657,-1479000.0,-0.03023241552707426,-2000.0,-1786000.0,-0.03650783916927291,-1372000.0,-414000.0,-0.00846262341325811,-0.02,-0.02,21111000,21111000,https://www.sec.gov/Archives/edgar/data/878828/000149315220004306/0001493152-20-004306-index.htm,https://www.sec.gov/Archives/edgar/data/878828/000149315220004306/form10-k.htm,1620599974,18:39:34,20210509
2,2018-12-31,WTT,USD,2019-03-12,2019-03-12 06:02:56,FY,52788000.0,28621000.0,24167000.0,0.4578123816018792,4909000.0,10306000.0,7595000.0,-121000.0,22810000.0,51431000.0,575000.0,2305000.0,3662000.0,0.06937182693036296,1357000.0,0.02570659998484504,-699000.0,83000.0,0.0015723270440251573,48000.0,35000.0,0.0006630294763961506,0.001678,0.001623,20858000,21566000,https://www.sec.gov/Archives/edgar/data/878828/000093041319000925/0000930413-19-000925-index.htm,https://www.sec.gov/Archives/edgar/data/878828/000093041319000925/c93127_10k.htm,1620599974,18:39:34,20210509
3,2017-12-31,WTT,USD,2018-03-12,2018-03-12 17:07:51,FY,46078000.0,26817000.0,19261000.0,0.41800859412300884,4395000.0,11104000.0,6960000.0,-5000.0,22459000.0,49276000.0,296000.0,1747000.0,-1451000.0,-0.03149008203481054,-3198000.0,-0.0694040539953991,248000.0,-3246000.0,-0.070445765875255,1247000.0,-4493000.0,-0.09750857242067798,-0.22,-0.22,19983747,19983747,https://www.sec.gov/Archives/edgar/data/878828/000093041318000952/0000930413-18-000952-index.htm,https://www.sec.gov/Archives/edgar/data/878828/000093041318000952/c90647_10k.htm,1620599974,18:39:34,20210509
4,2016-12-31,WTT,USD,2017-03-20,2017-03-20 17:21:48,FY,31326727.0,18164973.0,13161754.0,0.42014456218167956,4046106.0,6467426.0,5196331.0,363851.0,15709863.0,33874836.0,0.0,503060.0,-2045049.0,-0.06528128521054881,-2548109.0,-0.08133977737284843,363851.0,-2184258.0,-0.06972506256398889,-352234.0,-1832024.0,-0.05848118126097246,-0.09922128558988935,-0.09556563525641354,18464022,19170322,https://www.sec.gov/Archives/edgar/data/878828/000093041317001098/0000930413-17-001098-index.htm,https://www.sec.gov/Archives/edgar/data/878828/000093041317001098/c87779_10k.htm,1620599974,18:39:34,20210509
5,2015-12-31,WTT,USD,2016-03-29,2016-03-29 17:02:10,FY,33109106.0,18281232.0,14827874.0,0.4478488183885122,3957274.0,4963756.0,5159805.0,-24418.0,14080835.0,32362067.0,0.0,458633.0,1205672.0,0.036415117943685946,747039.0,0.02256294688234711,-24418.0,722621.0,0.021825445845623254,345940.0,376681.0,0.011376960767228207,0.019481046731632277,0.018484562379098388,19335768,20378140,https://www.sec.gov/Archives/edgar/data/878828/000093041316006253/0000930413-16-006253-index.htm,https://www.sec.gov/Archives/edgar/data/878828/000093041316006253/c84453_10k.htm,1620599974,18:39:34,20210509
6,2014-12-31,WTT,USD,2015-03-31,2015-03-31 08:52:59,FY,40337368.0,21293675.0,19043693.0,0.47211045103389,3379920.0,5497579.0,5487192.0,-90132.0,14364691.0,35658366.0,0.0,370271.0,5049273.0,0.12517606503230455,4679002.0,0.11599671054393038,-90132.0,4588870.0,0.1137622563772629,2164718.0,2424152.0,0.06009693046903804,0.12,0.11,20643470,21800700,https://www.sec.gov/Archives/edgar/data/878828/000093041315001568/0000930413-15-001568-index.htm,https://www.sec.gov/Archives/edgar/data/878828/000093041315001568/c80800_10k.htm,1620599974,18:39:34,20210509
7,2013-12-31,WTT,USD,2014-03-31,2014-03-31 08:30:08,FY,33825073.0,17696723.0,16128350.0,0.47681641367041544,2645070.0,6429278.0,4858239.0,484971.0,13932587.0,31629310.0,114193.0,344577.0,2540340.0,0.07510227694113181,2195763.0,0.06491524792865931,484971.0,2566541.0,0.07587687985181879,-1275659.0,3842200.0,0.11359029439493006,0.16052316631465097,0.15660612333121465,23935486,24534162,https://www.sec.gov/Archives/edgar/data/878828/000093041314001516/0000930413-14-001516-index.htm,https://www.sec.gov/Archives/edgar/data/878828/000093041314001516/c76954_10k.htm,1620599974,18:39:34,20210509
8,2012-12-31,WTT,USD,2013-04-01,2013-04-01 09:00:40,FY,29594544.0,14817747.0,14776797.0,0.49930814950215147,2524030.0,4891833.0,4603316.0,224611.0,12019179.0,26836926.0,201191.0,351356.0,3108974.0,0.10505226909392489,2757618.0,0.09317994560078371,224611.0,2781038.0,0.09397130768428126,-389763.0,3170801.0,0.10714140417233663,0.13070696293843737,0.12872295445637325,24258853,24632755,https://www.sec.gov/Archives/edgar/data/878828/000093041313001973/0000930413-13-001973-index.htm,https://www.sec.gov/Archives/edgar/data/878828/000093041313001973/c73032_10k.htm,1620599974,18:39:34,20210509
9,2011-12-31,WTT,USD,2012-03-30,2012-03-30 09:38:35,FY,26823440.0,14356736.0,12466704.0,0.4647690229142869,2260949.0,3859083.0,4496825.0,0.0,10616857.0,24973593.0,207188.0,473460.0,2323307.0,0.08661480406689075,1849847.0,0.06896382417765953,345033.0,1991133.0,0.074231082963259,-438515.0,2429648.0,0.0905792843870883,0.09732891174397779,0.09665226418850956,24963271,25138035,https://www.sec.gov/Archives/edgar/data/878828/000093041312001943/0000930413-12-001943-index.htm,https://www.sec.gov/Archives/edgar/data/878828/000093041312001943/c69025_10k.htm,1620599974,18:39:34,20210509
10,2010-12-31,WTT,USD,2011-03-30,2011-03-30 15:55:24,FY,24564226.0,13008747.0,11555479.0,0.47041901503430233,2174798.0,4217134.0,4358024.0,0.0,10749956.0,23758703.0,212149.0,635612.0,1441135.0,0.058668040263104564,805523.0,0.03279252519497256,307144.0,923173.0,0.037582010522130845,-91870.0,-727810.0,-0.02962885946416549,-0.028365587410778534,-0.02833567273970149,25658203,25685291,https://www.sec.gov/Archives/edgar/data/878828/000093041311002396/0000930413-11-002396-index.htm,https://www.sec.gov/Archives/edgar/data/878828/000093041311002396/c65013_10-k.htm,1620599974,18:39:34,20210509
11,2009-12-31,WTT,USD,2010-04-15,2010-04-15 15:26:56,FY,22828328.0,12199396.0,10628932.0,0.46560273709051314,2066018.0,5328027.0,4158836.0,0.0,11552881.0,23752277.0,277037.0,911199.0,-12750.0,-0.0005585165939441557,-923949.0,-0.040473792035930094,248588.0,-906529.0,-0.03971070505032169,-6366851.0,2032253.0,0.08902329596806213,0.08,0.08,25658203,25658203,https://www.sec.gov/Archives/edgar/data/878828/000093041310001933/0000930413-10-001933-index.htm,https://www.sec.gov/Archives/edgar/data/878828/000093041310001933/c60861_10k.htm,1620599974,18:39:34,20210509
12,2008-12-31,WTT,USD,2009-03-31,2009-03-31 16:03:40,FY,51031140.0,26496918.0,24534222.0,0.4807696241941685,7294817.0,8660841.0,10977490.0,0.0,26933148.0,53430066.0,221017.0,1872015.0,-526911.0,-0.010325283738517306,-2398926.0,-0.04700906152596238,-33109091.0,-35528351.0,-0.6962092361644282,-4263286.0,-31265065.0,-0.6126664032980647,-1.22,-1.22,25712424,25712424,https://www.sec.gov/Archives/edgar/data/878828/000093041309001740/0000930413-09-001740-index.htm,https://www.sec.gov/Archives/edgar/data/878828/000093041309001740/c57108_form10k.htm,1620599974,18:39:34,20210509
13,2007-12-31,WTT,USD,2008-03-28,2008-03-28 16:55:42,FY,56602050.0,25064409.0,31537641.0,0.5571819571905965,8758858.0,0.0,0.0,0.0,28374952.0,53439361.0,0.0,1888040.0,5050729.0,0.0892322627890686,3162689.0,0.05587587375368913,884148.0,4141639.0,0.07317118372921122,684983.0,3456656.0,0.06106944889805228,0.13347941715936104,0.1329106479713998,25896547,26007367,https://www.sec.gov/Archives/edgar/data/878828/000120677408000641/0001206774-08-000641-index.htm,https://www.sec.gov/Archives/edgar/data/878828/000120677408000641/wirelesstelecom_10k.htm,1620599974,18:39:34,20210509
14,2006-12-31,WTT,USD,2007-04-02,2007-04-02 16:41:07,FY,53763249.0,24493208.0,29270041.0,0.5444247054340038,0.0,0.0,0.0,0.0,25082645.0,49575853.0,0.0,1971491.0,6158887.0,0.11455570700349602,4187396.0,0.07788584354342126,114691.0,4412516.0,0.0820730904860307,888405.0,3524111.0,0.06554869851708553,0.1364828403213845,0.13596284025760674,25820909,25919663,https://www.sec.gov/Archives/edgar/data/878828/000120677407000875/0001206774-07-000875-index.htm,https://www.sec.gov/Archives/edgar/data/878828/000120677407000875/wireless_10k1.htm,1620599974,18:39:34,20210509
15,2005-12-31,WTT,USD,2005-12-31,2005-12-31,FY,38770644.0,17883574.0,20887070.0,0.5387341515400157,0.0,0.0,0.0,0.0,16527603.0,34411177.0,0.0,1504811.0,5864278.0,0.15125562526121566,4359467.0,0.11244247064866913,172978.0,4582198.0,0.1181873068706313,1038234.0,3543964.0,0.0914084377860734,0.16437165513734356,0.16333903781360182,21560676,21696981,,,1620599974,18:39:34,20210509
16,2004-12-31,WTT,USD,2004-12-31,2004-12-31,FY,22105207.0,10321916.0,11783291.0,0.5330549946897127,0.0,0.0,0.0,0.0,9461819.0,19783735.0,0.0,491257.0,2812729.0,0.12724282563832132,2321472.0,0.10501923822744569,116594.0,2620877.0,0.11856378454180501,289400.0,2331477.0,0.10547184652014342,0.14,0.13,17192728,17578185,,,1620599974,18:39:34,20210509
17,2003-12-31,WTT,USD,2003-12-31,2003-12-31,FY,19724240.0,9464878.0,10259362.0,0.5201397873885129,0.0,0.0,0.0,0.0,8125284.0,17590162.0,0.0,497599.0,2631677.0,0.13342349312318244,2134078.0,0.10819570234391794,0.0,2575577.0,0.1305792770722725,812582.0,1762995.0,0.08938215109935795,0.10429432355681212,0.10301796152177653,16904036,17113472,,,1620599974,18:39:34,20210509
18,2002-12-31,WTT,USD,2002-12-31,2002-12-31,FY,20747707.0,10863879.0,9883828.0,0.4763817032889466,0.0,0.0,0.0,0.0,7184913.0,18048792.0,0.0,592611.0,3291526.0,0.15864529029641686,2698915.0,0.13008256767844273,0.0,2590768.0,0.12487008805358588,823150.0,1767618.0,0.08519582429036616,0.10348658903339031,0.10193720234017198,17080648,17340264,,,1620599974,18:39:34,20210509
19,2001-12-31,WTT,USD,2001-12-31,2001-12-31,FY,19041838.0,8675257.0,10366581.0,0.5444107338797862,0.0,5598151.0,0.0,0.0,5598151.0,14273408.0,0.0,539743.0,5308173.0,0.2787636886733308,4768430.0,0.2504185782906041,-2032051.0,3279271.0,0.17221399530864615,2062000.0,1217271.0,0.06392612939990351,0.06859032176687649,0.06745192335931326,17746979,18046498,,,1620599974,18:39:34,20210509
20,2000-12-31,WTT,USD,2000-12-31,2000-12-31,FY,18450518.0,14893359.0,3557159.0,0.1927945329231407,0.0,0.0,0.0,0.0,489809.0,15383168.0,0.0,489809.0,3557159.0,0.1927945329231407,3067350.0,0.1662473649791296,-683845.0,3362702.0,0.18225515402873785,1231462.0,2131240.0,0.11551112006719812,0.11123396559755427,0.10805210333626915,19159975,19724188,,,1620599974,18:39:34,20210509
21,1999-12-31,WTT,USD,1999-12-31,1999-12-31,FY,6848557.0,1754677.0,5093880.0,0.7437888010569234,0.0,2384782.0,0.0,0.0,2651430.0,4406107.0,0.0,266648.0,2709098.0,0.3955720891276805,2442450.0,0.3566371718889103,0.0,3682962.0,0.5377719715262645,1260169.0,6638581.0,0.9693401106247638,0.38,0.38,17469950,17469950,,,1620599974,18:39:34,20210509
22,1998-12-31,WTT,USD,1998-12-31,1998-12-31,FY,6800000.0,2300000.0,4500000.0,0.6617647058823529,0.0,2700000.0,0.0,0.0,3200000.0,5500000.0,0.0,500000.0,1800000.0,0.2647058823529412,1300000.0,0.19117647058823528,400000.0,1800000.0,0.2647058823529412,300000.0,1300000.0,0.19117647058823528,0.07,0.07,18571429,18571429,,,1620599974,18:39:34,20210509
23,1997-12-31,WTT,USD,1997-12-31,1997-12-31,FY,27300000.0,7800000.0,19500000.0,0.7142857142857143,0.0,7100000.0,0.0,0.0,7400000.0,15200000.0,0.0,300000.0,12400000.0,0.4542124542124542,12100000.0,0.4432234432234432,400000.0,12400000.0,0.4542124542124542,4500000.0,7900000.0,0.2893772893772894,0.46,0.45,17173913,17555556,,,1620599974,18:39:34,20210509
24,1996-12-31,WTT,USD,1996-12-31,1996-12-31,FY,22500000.0,5600000.0,16900000.0,0.7511111111111111,0.0,5400000.0,0.0,0.0,5600000.0,11200000.0,0.0,200000.0,11500000.0,0.5111111111111111,11300000.0,0.5022222222222222,400000.0,11700000.0,0.52,4200000.0,7500000.0,0.3333333333333333,0.42,0.42,17857143,17857143,,,1620599974,18:39:34,20210509
