,date,symbol,reportedCurrency,fillingDate,acceptedDate,period,revenue,costOfRevenue,grossProfit,grossProfitRatio,researchAndDevelopmentExpenses,generalAndAdministrativeExpenses,sellingAndMarketingExpenses,otherExpenses,operatingExpenses,costAndExpenses,interestExpense,depreciationAndAmortization,ebitda,ebitdaratio,operatingIncome,operatingIncomeRatio,totalOtherIncomeExpensesNet,incomeBeforeTax,incomeBeforeTaxRatio,incomeTaxExpense,netIncome,netIncomeRatio,eps,epsdiluted,weightedAverageShsOut,weightedAverageShsOutDil,link,finalLink,timestamp,est_time,est_date
0,2020-12-31,1275.HK,CNY,2020-12-31,2020-12-31,FY,214328000,15938000,198390000,0.9256373408980628,0.0,25114000,0.0,445000.0,0.0,36199000,87852000,0.0,-513487000,-2.3957998954872903,178129000,-3.02959482662088,0.0,-649327000.0,-3.02959482662088,-101414000,-545541000,-2.5453557164719496,-0.5645563882697,-0.5645563882697,966318000,966318000,https://www1.hkexnews.hk/search/titlesearch.xhtml,https://www1.hkexnews.hk/search/titlesearch.xhtml,1620585160,14:32:40,20210509
1,2019-12-31,1275.HK,CNY,2019-12-31,2019-12-31,FY,254881000,18469000,236412000,0.9275387337620301,0.0,33013000,0.0,-1268000.0,34227000.0,52696000,85710000,0.0,15875000,0.06228396781243011,202185000,0.7932525374586572,0.0,-7900000.0,-0.030994856423193568,28784000,-37502000,-0.14713532982058294,-0.0388,-0.0388,966318000,966318000,https://www1.hkexnews.hk/search/titlesearch.xhtml,https://www1.hkexnews.hk/search/titlesearch.xhtml,1620585160,14:32:40,20210509
2,2018-12-31,1275.HK,CNY,2018-12-31,2018-12-31,FY,275956000,18981000,256975000,0.9312172955108785,0.0,31133000,0.0,330000.0,33998000.0,52979000,78160000,0.0,207564000,0.7521633883662613,222977000,0.808016495383322,0.0,117948000.0,0.4274159648639638,92259000,24258000,0.08790531823913958,0.0253,0.0253,959532000,959532000,https://www1.hkexnews.hk/search/titlesearch.xhtml,https://www1.hkexnews.hk/search/titlesearch.xhtml,1620585160,14:32:40,20210509
3,2017-12-31,1275.HK,CNY,2017-12-31,2017-12-31,FY,293407000,20211000,273196000,0.9311161628727331,0.0,36750000,0.0,-530000.0,29695000.0,49906000,82290000,0.0,423790000,1.4443759010521222,243501000,0.8299086252202572,0.0,308520000.0,1.051508655212725,135351000,170594000,0.5814244377264346,0.1786,0.1786,955384000,955384000,https://www1.hkexnews.hk/search/titlesearch.xhtml,https://www1.hkexnews.hk/search/titlesearch.xhtml,1620585160,14:32:40,20210509
4,2016-12-31,1275.HK,CNY,2016-12-31,2016-12-31,FY,316750000,23220000,293530000,0.9266929755327545,0.0,38873000,0.0,-177000.0,37594000.0,60814000,86035000,0.0,333467000,1.0527766377269139,255936000,0.8080063141278611,0.0,255447000.0,0.8064625098658248,132406000,119268000,0.3765367008681926,0.1263,0.1263,944495000,944495000,https://www1.hkexnews.hk/search/titlesearch.xhtml,https://www1.hkexnews.hk/search/titlesearch.xhtml,1620585160,14:32:40,20210509
5,2015-12-31,1275.HK,CNY,2015-12-31,2015-12-31,FY,307330000,23822000,283508000,0.9224872287118081,0.0,32269000,0.0,-156000.0,39608000.0,63430000,67742000,81000.0,243981000,0.7938730354993004,243900000,0.7936094751569973,0.0,2603000.0,0.008469723098949012,47333000,-45568000,-0.1482705886180978,-0.0487,-0.0487,934844000,934844000,https://www1.hkexnews.hk/search/titlesearch.xhtml,https://www1.hkexnews.hk/search/titlesearch.xhtml,1620585160,14:32:40,20210509
6,2014-12-31,1275.HK,CNY,2014-12-31,2014-12-31,FY,267793000,16999000,250794000,0.9365218657694563,0.0,29936000,0.0,383000.0,36506000.0,53505000,53580000,107000.0,214395000,0.8005997169455512,214288000,0.8002001545970209,0.0,-15925000.0,-0.05946757383501436,25994000,-43104000,-0.16096014458929098,-0.0513,-0.0513,839432000,839432000,https://www1.hkexnews.hk/search/titlesearch.xhtml,https://www1.hkexnews.hk/search/titlesearch.xhtml,1620585160,14:32:40,20210509
7,2013-12-31,1275.HK,CNY,2013-12-31,2013-12-31,FY,460875000,260687000,200188000,0.4343650664496881,0.0,97274000,0.0,3744000.0,83067000.0,343754000,52198000,45151000.0,162272000,0.35209547057228097,117121000,0.25412747491185245,0.0,-157519000.0,-0.3417824789802007,-26867000,-130888000,-0.28399891510713315,-0.169544,-0.169544,772000000,772000000,https://www1.hkexnews.hk/search/titlesearch.xhtml,https://www1.hkexnews.hk/search/titlesearch.xhtml,1620585160,14:32:40,20210509
8,2012-12-31,1275.HK,CNY,2012-12-31,2012-12-31,FY,795529000,553816000,241713000,0.30383933206708996,0.0,92399000,0.0,869000.0,84267000.0,638083000,104614000,93512000.0,250958000,0.31546053003724567,157446000,0.19791358957373018,0.0,113869000.0,0.14313620245145053,36499000,76424000,0.09606689385302107,0.013252,0.013252,5766968705,5766968705,https://www1.hkexnews.hk/search/titlesearch.xhtml,https://www1.hkexnews.hk/search/titlesearch.xhtml,1620585160,14:32:40,20210509
