,date,symbol,reportedCurrency,fillingDate,acceptedDate,period,revenue,costOfRevenue,grossProfit,grossProfitRatio,researchAndDevelopmentExpenses,generalAndAdministrativeExpenses,sellingAndMarketingExpenses,otherExpenses,operatingExpenses,costAndExpenses,interestExpense,depreciationAndAmortization,ebitda,ebitdaratio,operatingIncome,operatingIncomeRatio,totalOtherIncomeExpensesNet,incomeBeforeTax,incomeBeforeTaxRatio,incomeTaxExpense,netIncome,netIncomeRatio,eps,epsdiluted,weightedAverageShsOut,weightedAverageShsOutDil,link,finalLink,timestamp,est_time,est_date
0,2020-12-31,BOR.L,USD,2020-12-31,2020-12-31,FY,0.0,0.0,0.0,0.0,0.0,1046000.0,0.0,0.0,0.0,1046000.0,11000.0,95000.0,-896000.0,0.0,-1046000.0,0.0,0.0,-1002000.0,0.0,0.0,-1002000.0,0.0,-0.002069820285065069,-0.002069820285065069,484100000,484100000,https://find-and-update.company-information.service.gov.uk/search/companies?q=Borders+and+Southern+Petroleum+PLC,https://find-and-update.company-information.service.gov.uk/search/companies?q=Borders+and+Southern+Petroleum+PLC,1620589583,15:46:23,20210509
1,2019-12-31,BOR.L,USD,2019-12-31,2019-12-31,FY,0.0,0.0,0.0,0.0,0.0,1447000.0,0.0,0.0,1447000.0,1447000.0,11000.0,92000.0,-1355000.0,0.0,-1447000.0,0.0,0.0,-1370000.0,0.0,0.0,-1370000.0,0.0,-0.0028,-0.0028,484100000,484100000,https://find-and-update.company-information.service.gov.uk/search/companies?q=Borders+and+Southern+Petroleum+PLC,https://find-and-update.company-information.service.gov.uk/search/companies?q=Borders+and+Southern+Petroleum+PLC,1620589583,15:46:23,20210509
2,2018-12-31,BOR.L,USD,2018-12-31,2018-12-31,FY,0.0,0.0,0.0,0.0,0.0,1802000.0,0.0,0.0,1802000.0,1802000.0,193000.0,1000.0,-1801000.0,0.0,-1802000.0,0.0,0.0,-1966000.0,0.0,0.0,-1966000.0,0.0,-0.0041,-0.0041,484100000,484100000,https://find-and-update.company-information.service.gov.uk/search/companies?q=Borders+and+Southern+Petroleum+PLC,https://find-and-update.company-information.service.gov.uk/search/companies?q=Borders+and+Southern+Petroleum+PLC,1620589583,15:46:23,20210509
3,2017-12-31,BOR.L,USD,2017-12-31,2017-12-31,FY,0.0,0.0,0.0,0.0,0.0,1734000.0,0.0,0.0,1734000.0,1734000.0,0.0,1000.0,-1733000.0,0.0,-1734000.0,0.0,0.0,-1192000.0,0.0,0.0,-1192000.0,0.0,-0.0025,-0.0025,484100000,484100000,https://find-and-update.company-information.service.gov.uk/search/companies?q=Borders+and+Southern+Petroleum+PLC,https://find-and-update.company-information.service.gov.uk/search/companies?q=Borders+and+Southern+Petroleum+PLC,1620589583,15:46:23,20210509
4,2016-12-31,BOR.L,USD,2016-12-31,2016-12-31,FY,0.0,0.0,0.0,0.0,0.0,1744000.0,0.0,0.0,1744000.0,1744000.0,1890000.0,1000.0,-1743000.0,0.0,-1744000.0,0.0,0.0,-3604000.0,0.0,0.0,-3604000.0,0.0,-0.0074,-0.0074,484100000,484100000,https://find-and-update.company-information.service.gov.uk/search/companies?q=Borders+and+Southern+Petroleum+PLC,https://find-and-update.company-information.service.gov.uk/search/companies?q=Borders+and+Southern+Petroleum+PLC,1620589583,15:46:23,20210509
5,2015-12-31,BOR.L,USD,2015-12-31,2015-12-31,FY,0.0,0.0,0.0,0.0,0.0,1968000.0,0.0,0.0,1968000.0,1968000.0,679000.0,1000.0,-1967000.0,0.0,-1968000.0,0.0,0.0,-2600000.0,0.0,0.0,-2600000.0,0.0,-0.0054,-0.0054,484100000,484100000,https://find-and-update.company-information.service.gov.uk/search/companies?q=Borders+and+Southern+Petroleum+PLC,https://find-and-update.company-information.service.gov.uk/search/companies?q=Borders+and+Southern+Petroleum+PLC,1620589583,15:46:23,20210509
6,2014-12-31,BOR.L,USD,2014-12-31,2014-12-31,FY,0.0,0.0,0.0,0.0,0.0,3037000.0,0.0,0.0,3037000.0,3037000.0,910000.0,2000.0,-3035000.0,0.0,-3037000.0,0.0,0.0,-3888000.0,0.0,0.0,-3888000.0,0.0,-0.008,-0.008,484100000,484100000,https://find-and-update.company-information.service.gov.uk/search/companies?q=Borders+and+Southern+Petroleum+PLC,https://find-and-update.company-information.service.gov.uk/search/companies?q=Borders+and+Southern+Petroleum+PLC,1620589583,15:46:23,20210509
7,2013-12-31,BOR.L,USD,2013-12-31,2013-12-31,FY,0.0,0.0,0.0,0.0,0.0,2819593.0,0.0,0.0,2819593.0,2819593.0,0.0,9248.0,-2810345.0,0.0,-2819593.0,0.0,0.0,-2955526.0,0.0,0.0,-2955526.0,0.0,-0.006,-0.006,484098484,484098484,https://find-and-update.company-information.service.gov.uk/search/companies?q=Borders+and+Southern+Petroleum+PLC,https://find-and-update.company-information.service.gov.uk/search/companies?q=Borders+and+Southern+Petroleum+PLC,1620589583,15:46:23,20210509
8,2012-12-31,BOR.L,USD,2012-12-31,2012-12-31,FY,0.0,0.0,0.0,0.0,0.0,3125685.0,0.0,0.0,3125685.0,3125685.0,0.0,4000.0,-3121685.0,0.0,-3125685.0,0.0,0.0,-1102461.0,0.0,178043.0,-1280504.0,0.0,-0.003,-0.003,463145812,463145812,https://find-and-update.company-information.service.gov.uk/search/companies?q=Borders+and+Southern+Petroleum+PLC,https://find-and-update.company-information.service.gov.uk/search/companies?q=Borders+and+Southern+Petroleum+PLC,1620589583,15:46:23,20210509
9,2011-12-31,BOR.L,USD,2011-12-31,2011-12-31,FY,0.0,0.0,0.0,0.0,0.0,2082000.0,0.0,0.0,2070061.2,2070061.2,13000.0,13986.9,-2056074.3,0.0,-2070061.2,0.0,0.0,-1734375.6,0.0,6216.4,-1740592.0,0.0,-0.004,-0.004,428578404,428578404,https://find-and-update.company-information.service.gov.uk/search/companies?q=Borders+and+Southern+Petroleum+PLC,https://find-and-update.company-information.service.gov.uk/search/companies?q=Borders+and+Southern+Petroleum+PLC,1620589583,15:46:23,20210509
10,2010-12-31,BOR.L,USD,2010-12-31,2010-12-31,FY,0.0,0.0,0.0,0.0,0.0,1504000.0,0.0,0.0,2343852.9,2343852.9,20354.1,9394.2,-2334458.6999999997,0.0,-2343852.9,0.0,0.0,-164398.5,0.0,0.0,-164398.5,0.0,-0.001,-0.001,428578404,428578404,https://find-and-update.company-information.service.gov.uk/search/companies?q=Borders+and+Southern+Petroleum+PLC,https://find-and-update.company-information.service.gov.uk/search/companies?q=Borders+and+Southern+Petroleum+PLC,1620589583,15:46:23,20210509
11,2009-12-31,BOR.L,USD,2009-12-31,2009-12-31,FY,0.0,0.0,0.0,0.0,0.0,1210000.0,0.0,0.0,5348705.2,5348705.2,227000.0,9701.4,-5339003.8,0.0,-5348705.2,0.0,0.0,3151338.1,0.0,0.0,3151338.1,0.0,0.015,0.015,204611972,204611972,https://find-and-update.company-information.service.gov.uk/search/companies?q=Borders+and+Southern+Petroleum+PLC,https://find-and-update.company-information.service.gov.uk/search/companies?q=Borders+and+Southern+Petroleum+PLC,1620589583,15:46:23,20210509
12,2008-12-31,BOR.L,USD,2008-12-31,2008-12-31,FY,0.0,0.0,0.0,0.0,0.0,1288000.0,0.0,0.0,-3159919.4,-3159919.4,4426000.0,10207.4,3170126.8,0.0,3159919.4,0.0,0.0,-4727484.4,0.0,0.0,-4727484.4,0.0,-0.024,-0.024,194344170,194344170,https://find-and-update.company-information.service.gov.uk/search/companies?q=Borders+and+Southern+Petroleum+PLC,https://find-and-update.company-information.service.gov.uk/search/companies?q=Borders+and+Southern+Petroleum+PLC,1620589583,15:46:23,20210509
13,2007-12-31,BOR.L,USD,2007-12-31,2007-12-31,FY,0.0,0.0,0.0,0.0,236908.6,1699553.792762,0.0,0.0,1451567.1,1451567.1,0.0,16061.6,-1435505.5,0.0,-1451567.1,0.0,0.0,-335285.9,0.0,0.0,-335285.9,0.0,-0.002181,-0.002181,147182725,147182725,https://find-and-update.company-information.service.gov.uk/search/companies?q=Borders+and+Southern+Petroleum+PLC,https://find-and-update.company-information.service.gov.uk/search/companies?q=Borders+and+Southern+Petroleum+PLC,1620589583,15:46:23,20210509
14,2006-12-31,BOR.L,USD,2006-12-31,2006-12-31,FY,0.0,0.0,0.0,0.0,0.0,2304030.093454,0.0,0.0,2304030.093454,2304030.093454,0.0,21551.301895,-2282478.791559,0.0,-2304030.093454,0.0,0.0,-1032503.281676,0.0,0.0,-1032503.281676,0.0,-0.008033,-0.008033,127687500,127687500,https://find-and-update.company-information.service.gov.uk/search/companies?q=Borders+and+Southern+Petroleum+PLC,https://find-and-update.company-information.service.gov.uk/search/companies?q=Borders+and+Southern+Petroleum+PLC,1620589583,15:46:23,20210509
15,2006-06-30,BOR.L,USD,2006-06-30,2006-06-30,FY,0.0,0.0,0.0,0.0,0.0,821923.555411,0.0,0.0,821923.555411,821923.555411,0.0,10705.531722,-811218.023689,0.0,-821923.555411,0.0,0.0,-128097.873458,0.0,0.0,-128097.873458,0.0,-0.0002646103562445776,-0.0002646103562445776,484100000,484100000,https://find-and-update.company-information.service.gov.uk/search/companies?q=Borders+and+Southern+Petroleum+PLC,https://find-and-update.company-information.service.gov.uk/search/companies?q=Borders+and+Southern+Petroleum+PLC,1620589583,15:46:23,20210509
16,2005-06-30,BOR.L,USD,2005-06-30,2005-06-30,FY,0.0,0.0,0.0,0.0,0.0,366831.470335,0.0,0.0,367225.566065,367225.566065,0.0,7165.376899,-360060.189166,0.0,-367225.566065,0.0,0.0,-252579.535684,0.0,0.0,-252579.535684,0.0,-0.004657,-0.004657,55413437,55413437,https://find-and-update.company-information.service.gov.uk/search/companies?q=Borders+and+Southern+Petroleum+PLC,https://find-and-update.company-information.service.gov.uk/search/companies?q=Borders+and+Southern+Petroleum+PLC,1620589583,15:46:23,20210509
