,date,symbol,reportedCurrency,fillingDate,acceptedDate,period,revenue,costOfRevenue,grossProfit,grossProfitRatio,researchAndDevelopmentExpenses,generalAndAdministrativeExpenses,sellingAndMarketingExpenses,otherExpenses,operatingExpenses,costAndExpenses,interestExpense,depreciationAndAmortization,ebitda,ebitdaratio,operatingIncome,operatingIncomeRatio,totalOtherIncomeExpensesNet,incomeBeforeTax,incomeBeforeTaxRatio,incomeTaxExpense,netIncome,netIncomeRatio,eps,epsdiluted,weightedAverageShsOut,weightedAverageShsOutDil,link,finalLink,timestamp,est_time,est_date
0,2021-01-31,DSG.TO,USD,2021-01-31,2021-01-31,FY,348664000.0,89910000.0,258754000.0,0.7421299589289402,54066000.0,36267000.0,38785000.0,0.0,0.0,274933000.0,1186000.0,55905000.0,129636000.0,0.3718078149737283,73731000.0,0.21146720051396187,-2176000.0,70369000.0,0.201824679347452,18269000.0,52100000.0,0.1494275290824404,0.6380190793421423,0.6380190793421423,81659000.0,81659000,https://www.sedar.com/ModifyCompanyDocumentSearchForm.do?lang=EN&company_search=Descartes Systems Group Inc&document_selection=0&industry_group=A&FromDate=13&FromMonth=05&FromYear=2000&ToDate=13&ToMonth=11&ToYear=2020&Variable=Issuer,https://www.sedar.com/ModifyCompanyDocumentSearchForm.do?lang=EN&company_search=Descartes Systems Group Inc&document_selection=0&industry_group=A&FromDate=13&FromMonth=05&FromYear=2000&ToDate=13&ToMonth=11&ToYear=2020&Variable=Issuer,1620591287,16:14:47,20210509
1,2020-01-31,DSG.TO,USD,2020-01-31,2020-01-31,FY,325791000.0,85721000.0,240070000.0,0.7368834620968657,53513000.0,34628000.0,40389000.0,0.0,184015000.0,269736000.0,4416000.0,55485000.0,111540000.0,0.34236673204600493,56055000.0,0.1720581599860033,-3604000.0,48035000.0,0.14744115092191007,11038000.0,36997000.0,0.1135605342075134,0.4530670226184499,0.44646240361060496,81659000.0,82867000,https://www.sedar.com/ModifyCompanyDocumentSearchForm.do?lang=EN&company_search=Descartes Systems Group Inc&document_selection=0&industry_group=A&FromDate=13&FromMonth=05&FromYear=2000&ToDate=13&ToMonth=11&ToYear=2020&Variable=Issuer,https://www.sedar.com/ModifyCompanyDocumentSearchForm.do?lang=EN&company_search=Descartes Systems Group Inc&document_selection=0&industry_group=A&FromDate=13&FromMonth=05&FromYear=2000&ToDate=13&ToMonth=11&ToYear=2020&Variable=Issuer,1620591287,16:14:47,20210509
2,2019-01-31,DSG.TO,USD,2019-01-31,2019-01-31,FY,275171000.0,74994000.0,200177000.0,0.7274640132862839,47872000.0,30012000.0,36873000.0,0.0,154936000.0,229930000.0,2128000.0,40179000.0,85420000.0,0.31042515381344693,45241000.0,0.16441049383837686,-3603000.0,39510000.0,0.1435834444763438,8233000.0,31277000.0,0.11366386719530765,0.41,0.4,76832000.0,77791000,https://www.sedar.com/ModifyCompanyDocumentSearchForm.do?lang=EN&company_search=Descartes Systems Group Inc&document_selection=0&industry_group=A&FromDate=13&FromMonth=05&FromYear=2000&ToDate=13&ToMonth=11&ToYear=2020&Variable=Issuer,https://www.sedar.com/ModifyCompanyDocumentSearchForm.do?lang=EN&company_search=Descartes Systems Group Inc&document_selection=0&industry_group=A&FromDate=13&FromMonth=05&FromYear=2000&ToDate=13&ToMonth=11&ToYear=2020&Variable=Issuer,1620591287,16:14:47,20210509
3,2018-01-31,DSG.TO,USD,2018-01-31,2018-01-31,FY,237439000.0,63704000.0,173735000.0,0.7317037217980197,41804000.0,25448000.0,33128000.0,0.0,133857000.0,197561000.0,1297000.0,33477000.0,73355000.0,0.308942507338727,39878000.0,0.1679505051823837,-3833000.0,34748000.0,0.146344955967638,7869000.0,26879000.0,0.11320381234759243,0.3521696976049473,0.34857090984541966,76324000.0,77112000,https://www.sedar.com/ModifyCompanyDocumentSearchForm.do?lang=EN&company_search=Descartes Systems Group Inc&document_selection=0&industry_group=A&FromDate=13&FromMonth=05&FromYear=2000&ToDate=13&ToMonth=11&ToYear=2020&Variable=Issuer,https://www.sedar.com/ModifyCompanyDocumentSearchForm.do?lang=EN&company_search=Descartes Systems Group Inc&document_selection=0&industry_group=A&FromDate=13&FromMonth=05&FromYear=2000&ToDate=13&ToMonth=11&ToYear=2020&Variable=Issuer,1620591287,16:14:47,20210509
4,2017-01-31,DSG.TO,USD,2017-01-31,2017-01-31,FY,203779000.0,56051000.0,147728000.0,0.7249422168133125,35556000.0,23077000.0,24943000.0,0.0,113577000.0,169628000.0,611000.0,30001000.0,64152000.0,0.3148116341723141,34151000.0,0.16758841686336667,-2040000.0,31500000.0,0.1545792255335437,7662000.0,23838000.0,0.1169796691513846,0.31448548812664906,0.31154675553812977,75800000.0,76515000,https://www.sedar.com/ModifyCompanyDocumentSearchForm.do?lang=EN&company_search=Descartes Systems Group Inc&document_selection=0&industry_group=A&FromDate=13&FromMonth=05&FromYear=2000&ToDate=13&ToMonth=11&ToYear=2020&Variable=Issuer,https://www.sedar.com/ModifyCompanyDocumentSearchForm.do?lang=EN&company_search=Descartes Systems Group Inc&document_selection=0&industry_group=A&FromDate=13&FromMonth=05&FromYear=2000&ToDate=13&ToMonth=11&ToYear=2020&Variable=Issuer,1620591287,16:14:47,20210509
5,2016-01-31,DSG.TO,USD,2016-01-31,2016-01-31,FY,184993000.0,53859000.0,131134000.0,0.7088592541339402,31293000.0,21607000.0,22424000.0,0.0,101546000.0,155405000.0,522000.0,26222000.0,55810000.0,0.3016870908628975,29588000.0,0.15994118696383106,-1492000.0,27770000.0,0.15011378808927905,7208000.0,20562000.0,0.11115015162735888,0.2720021165420993,0.26910442487141567,75595000.0,76409000,https://www.sedar.com/ModifyCompanyDocumentSearchForm.do?lang=EN&company_search=Descartes Systems Group Inc&document_selection=0&industry_group=A&FromDate=13&FromMonth=05&FromYear=2000&ToDate=13&ToMonth=11&ToYear=2020&Variable=Issuer,https://www.sedar.com/ModifyCompanyDocumentSearchForm.do?lang=EN&company_search=Descartes Systems Group Inc&document_selection=0&industry_group=A&FromDate=13&FromMonth=05&FromYear=2000&ToDate=13&ToMonth=11&ToYear=2020&Variable=Issuer,1620591287,16:14:47,20210509
6,2015-01-31,DSG.TO,USD,2015-01-31,2015-01-31,FY,170860000.0,54879000.0,115981000.0,0.6788072105817629,28077000.0,20333000.0,20404000.0,0.0,90529000.0,145408000.0,1088000.0,21715000.0,47167000.0,0.27605642046119633,25452000.0,0.1489640641460845,-2543000.0,21821000.0,0.1277127472784736,6762000.0,15059000.0,0.0881364860119396,0.21342422653382276,0.21036823871256147,70559000.0,71584000,https://www.sedar.com/ModifyCompanyDocumentSearchForm.do?lang=EN&company_search=Descartes Systems Group Inc&document_selection=0&industry_group=A&FromDate=13&FromMonth=05&FromYear=2000&ToDate=13&ToMonth=11&ToYear=2020&Variable=Issuer,https://www.sedar.com/ModifyCompanyDocumentSearchForm.do?lang=EN&company_search=Descartes Systems Group Inc&document_selection=0&industry_group=A&FromDate=13&FromMonth=05&FromYear=2000&ToDate=13&ToMonth=11&ToYear=2020&Variable=Issuer,1620591287,16:14:47,20210509
7,2014-01-31,DSG.TO,USD,2014-01-31,2014-01-31,FY,151294000.0,49043000.0,102251000.0,0.6758430605311513,25881000.0,20509000.0,16681000.0,0.0,81070000.0,130113000.0,993000.0,17999000.0,39180000.0,0.2589659867542665,21181000.0,0.13999894245640937,-6455000.0,13733000.0,0.0907702883128214,4121000.0,9612000.0,0.06353193120678943,0.15295746407600133,0.14932421935684326,62841000.0,64370000,https://www.sedar.com/ModifyCompanyDocumentSearchForm.do?lang=EN&company_search=Descartes Systems Group Inc&document_selection=0&industry_group=A&FromDate=13&FromMonth=05&FromYear=2000&ToDate=13&ToMonth=11&ToYear=2020&Variable=Issuer,https://www.sedar.com/ModifyCompanyDocumentSearchForm.do?lang=EN&company_search=Descartes Systems Group Inc&document_selection=0&industry_group=A&FromDate=13&FromMonth=05&FromYear=2000&ToDate=13&ToMonth=11&ToYear=2020&Variable=Issuer,1620591287,16:14:47,20210509
8,2013-01-31,DSG.TO,USD,2013-01-31,2013-01-31,FY,126883000.0,42399000.0,84484000.0,0.6658417597314061,21269000.0,15691000.0,13765000.0,0.0,64927000.0,107326000.0,45000.0,14202000.0,33759000.0,0.26606401172733934,19557000.0,0.15413412356265221,-2291000.0,17221000.0,0.13572346177186856,1225000.0,15996000.0,0.1260688981187393,0.26,0.25,62556000.0,63860000,https://www.sedar.com/ModifyCompanyDocumentSearchForm.do?lang=EN&company_search=Descartes Systems Group Inc&document_selection=0&industry_group=A&FromDate=13&FromMonth=05&FromYear=2000&ToDate=13&ToMonth=11&ToYear=2020&Variable=Issuer,https://www.sedar.com/ModifyCompanyDocumentSearchForm.do?lang=EN&company_search=Descartes Systems Group Inc&document_selection=0&industry_group=A&FromDate=13&FromMonth=05&FromYear=2000&ToDate=13&ToMonth=11&ToYear=2020&Variable=Issuer,1620591287,16:14:47,20210509
9,2012-01-31,DSG.TO,USD,2012-01-31,2012-01-31,FY,113990000.0,38313000.0,75677000.0,0.6638915694359154,19044000.0,14272000.0,13009000.0,0.0,58321000.0,96634000.0,9000.0,11996000.0,29352000.0,0.25749627160277216,17356000.0,0.15225897008509517,-1957000.0,15390000.0,0.13501184314413545,3364000.0,12026000.0,0.10550048249846478,0.1932881159792986,0.1896845425867508,62218000.0,63400000,https://www.sedar.com/ModifyCompanyDocumentSearchForm.do?lang=EN&company_search=Descartes Systems Group Inc&document_selection=0&industry_group=A&FromDate=13&FromMonth=05&FromYear=2000&ToDate=13&ToMonth=11&ToYear=2020&Variable=Issuer,https://www.sedar.com/ModifyCompanyDocumentSearchForm.do?lang=EN&company_search=Descartes Systems Group Inc&document_selection=0&industry_group=A&FromDate=13&FromMonth=05&FromYear=2000&ToDate=13&ToMonth=11&ToYear=2020&Variable=Issuer,1620591287,16:14:47,20210509
10,2011-01-31,DSG.TO,USD,2011-01-31,2011-01-31,FY,99175000.0,33875000.0,65300000.0,0.6584320645323922,16971000.0,13633000.0,11492000.0,0.0,53567000.0,87442000.0,14000.0,11471000.0,23204000.0,0.23397025460045373,11733000.0,0.1183060247038064,-3786000.0,7933000.0,0.07998991681371313,-3606000.0,11539000.0,0.11634988656415428,0.19,0.18,61523000.0,62888000,https://www.sedar.com/ModifyCompanyDocumentSearchForm.do?lang=EN&company_search=Descartes Systems Group Inc&document_selection=0&industry_group=A&FromDate=13&FromMonth=05&FromYear=2000&ToDate=13&ToMonth=11&ToYear=2020&Variable=Issuer,https://www.sedar.com/ModifyCompanyDocumentSearchForm.do?lang=EN&company_search=Descartes Systems Group Inc&document_selection=0&industry_group=A&FromDate=13&FromMonth=05&FromYear=2000&ToDate=13&ToMonth=11&ToYear=2020&Variable=Issuer,1620591287,16:14:47,20210509
11,2010-01-31,DSG.TO,USD,2010-01-31,2010-01-31,FY,73768000.0,23172000.0,50596000.0,0.685880056393016,14499000.0,11991000.0,10794000.0,0.0,44213000.0,67385000.0,0.0,6929000.0,13312000.0,0.1804576510139898,6383000.0,0.08652803383580956,342000.0,6725000.0,0.09116419043487692,-7625000.0,14350000.0,0.19452879297256262,0.26,0.25,55389000.0,56437000,https://www.sedar.com/ModifyCompanyDocumentSearchForm.do?lang=EN&company_search=Descartes Systems Group Inc&document_selection=0&industry_group=A&FromDate=13&FromMonth=05&FromYear=2000&ToDate=13&ToMonth=11&ToYear=2020&Variable=Issuer,https://www.sedar.com/ModifyCompanyDocumentSearchForm.do?lang=EN&company_search=Descartes Systems Group Inc&document_selection=0&industry_group=A&FromDate=13&FromMonth=05&FromYear=2000&ToDate=13&ToMonth=11&ToYear=2020&Variable=Issuer,1620591287,16:14:47,20210509
12,2009-01-31,DSG.TO,USD,2009-01-31,2009-01-31,FY,66044000.0,22353000.0,43691000.0,0.6615438192720005,11458000.0,9288000.0,8992000.0,0.0,34871000.0,57224000.0,0.0,5133000.0,13953000.0,0.21126824541214947,8820000.0,0.13354733208164254,169000.0,8989000.0,0.13610623220883047,-11479000.0,20468000.0,0.30991460238628793,0.39,0.38,52961000.0,53659000,https://www.sedar.com/ModifyCompanyDocumentSearchForm.do?lang=EN&company_search=Descartes Systems Group Inc&document_selection=0&industry_group=A&FromDate=13&FromMonth=05&FromYear=2000&ToDate=13&ToMonth=11&ToYear=2020&Variable=Issuer,https://www.sedar.com/ModifyCompanyDocumentSearchForm.do?lang=EN&company_search=Descartes Systems Group Inc&document_selection=0&industry_group=A&FromDate=13&FromMonth=05&FromYear=2000&ToDate=13&ToMonth=11&ToYear=2020&Variable=Issuer,1620591287,16:14:47,20210509
13,2008-01-31,DSG.TO,USD,2008-01-31,2008-01-31,FY,59025000.0,20640000.0,38385000.0,0.6503176620076239,10540000.0,0.0,0.0,0.0,31137000.0,51777000.0,0.0,3644000.0,10892000.0,0.18453197797543414,7248000.0,0.12279542566709022,-2000000.0,6766000.0,0.11462939432443879,-15677000.0,22443000.0,0.3802287166454892,0.44,0.43,51225000.0,52290000,https://www.sedar.com/ModifyCompanyDocumentSearchForm.do?lang=EN&company_search=Descartes Systems Group Inc&document_selection=0&industry_group=A&FromDate=13&FromMonth=05&FromYear=2000&ToDate=13&ToMonth=11&ToYear=2020&Variable=Issuer,https://www.sedar.com/ModifyCompanyDocumentSearchForm.do?lang=EN&company_search=Descartes Systems Group Inc&document_selection=0&industry_group=A&FromDate=13&FromMonth=05&FromYear=2000&ToDate=13&ToMonth=11&ToYear=2020&Variable=Issuer,1620591287,16:14:47,20210509
14,2007-01-31,DSG.TO,USD,2007-01-31,2007-01-31,FY,51990000.0,17487000.0,34503000.0,0.6636468551644547,9033000.0,0.0,0.0,0.0,29036000.0,46523000.0,0.0,2718000.0,8185000.0,0.15743412194652817,5467000.0,0.10515483746874399,-1968000.0,4191000.0,0.08061165608770918,204000.0,3987000.0,0.07668782458165031,0.09,0.085788,45225000.0,46475000,https://www.sedar.com/ModifyCompanyDocumentSearchForm.do?lang=EN&company_search=Descartes Systems Group Inc&document_selection=0&industry_group=A&FromDate=13&FromMonth=05&FromYear=2000&ToDate=13&ToMonth=11&ToYear=2020&Variable=Issuer,https://www.sedar.com/ModifyCompanyDocumentSearchForm.do?lang=EN&company_search=Descartes Systems Group Inc&document_selection=0&industry_group=A&FromDate=13&FromMonth=05&FromYear=2000&ToDate=13&ToMonth=11&ToYear=2020&Variable=Issuer,1620591287,16:14:47,20210509
15,2006-01-31,DSG.TO,USD,2006-01-31,2006-01-31,FY,45729000.0,18127000.0,27602000.0,0.6035994664217454,6991000.0,0.0,0.0,0.0,1940000.0,20067000.0,0.0,2693000.0,28355000.0,0.6200660412429749,25662000.0,0.5611756215967986,1441000.0,3085000.0,0.06746266045616567,96000.0,2989000.0,0.0653633361761683,0.07341996020731498,0.07185787094912972,40711000.0,41596000,https://www.sedar.com/ModifyCompanyDocumentSearchForm.do?lang=EN&company_search=Descartes Systems Group Inc&document_selection=0&industry_group=A&FromDate=13&FromMonth=05&FromYear=2000&ToDate=13&ToMonth=11&ToYear=2020&Variable=Issuer,https://www.sedar.com/ModifyCompanyDocumentSearchForm.do?lang=EN&company_search=Descartes Systems Group Inc&document_selection=0&industry_group=A&FromDate=13&FromMonth=05&FromYear=2000&ToDate=13&ToMonth=11&ToYear=2020&Variable=Issuer,1620591287,16:14:47,20210509
16,2005-01-31,DSG.TO,USD,2005-01-31,2005-01-31,FY,46395000.0,21053000.0,25342000.0,0.5462226533031577,10419000.0,0.0,0.0,0.0,65096000.0,86149000.0,0.0,4142000.0,-35612000.0,-0.7675827136544886,-39754000.0,-0.8568595753852786,-32288000.0,-55006000.0,-1.185601896756116,325000.0,-55331000.0,-1.1926069619571074,-1.36,-1.36,40706000.0,40706000,https://www.sedar.com/ModifyCompanyDocumentSearchForm.do?lang=EN&company_search=Descartes Systems Group Inc&document_selection=0&industry_group=A&FromDate=13&FromMonth=05&FromYear=2000&ToDate=13&ToMonth=11&ToYear=2020&Variable=Issuer,https://www.sedar.com/ModifyCompanyDocumentSearchForm.do?lang=EN&company_search=Descartes Systems Group Inc&document_selection=0&industry_group=A&FromDate=13&FromMonth=05&FromYear=2000&ToDate=13&ToMonth=11&ToYear=2020&Variable=Issuer,1620591287,16:14:47,20210509
17,2004-01-31,DSG.TO,USD,2004-01-31,2004-01-31,FY,59785000.0,19387000.0,40398000.0,0.6757213347829724,9382000.0,0.0,0.0,0.0,58929000.0,78316000.0,0.0,5339000.0,-13192000.0,-0.22065735552396085,-18531000.0,-0.30996069248139163,-19102000.0,-42465000.0,-0.7102952245546542,287000.0,-42752000.0,-0.7150957598059714,-0.9303823638223325,-0.8955924250041897,45951000.0,47736000,https://www.sedar.com/ModifyCompanyDocumentSearchForm.do?lang=EN&company_search=Descartes Systems Group Inc&document_selection=0&industry_group=A&FromDate=13&FromMonth=05&FromYear=2000&ToDate=13&ToMonth=11&ToYear=2020&Variable=Issuer,https://www.sedar.com/ModifyCompanyDocumentSearchForm.do?lang=EN&company_search=Descartes Systems Group Inc&document_selection=0&industry_group=A&FromDate=13&FromMonth=05&FromYear=2000&ToDate=13&ToMonth=11&ToYear=2020&Variable=Issuer,1620591287,16:14:47,20210509
18,2003-01-31,DSG.TO,USD,2003-01-31,2003-01-31,FY,70383000.0,26631000.0,43752000.0,0.621627381612037,15223000.0,0.0,0.0,0.0,172830000.0,199461000.0,0.0,10100000.0,-118978000.0,-1.6904366111134792,-129078000.0,-1.8339371723285451,-109888000.0,-138916000.0,-1.9737152437378345,-362000.0,-138195000.0,-1.9634712927837688,-2.6456905463874105,-2.645538602905986,52234000.0,52237000,https://www.sedar.com/ModifyCompanyDocumentSearchForm.do?lang=EN&company_search=Descartes Systems Group Inc&document_selection=0&industry_group=A&FromDate=13&FromMonth=05&FromYear=2000&ToDate=13&ToMonth=11&ToYear=2020&Variable=Issuer,https://www.sedar.com/ModifyCompanyDocumentSearchForm.do?lang=EN&company_search=Descartes Systems Group Inc&document_selection=0&industry_group=A&FromDate=13&FromMonth=05&FromYear=2000&ToDate=13&ToMonth=11&ToYear=2020&Variable=Issuer,1620591287,16:14:47,20210509
19,2002-01-31,DSG.TO,USD,2002-01-31,2002-01-31,FY,79522000.0,27701000.0,51821000.0,0.6516561454691784,25385000.0,10751000.0,29543000.0,0.0,98239000.0,125940000.0,0.0,32560000.0,-13858000.0,-0.17426624078871256,-46418000.0,-0.5837126832826136,-18267000.0,-58992000.0,-0.7418324488820703,78000.0,-58718000.0,-0.7383868614974473,-1.15,-1.15,50858000.0,50858000,https://www.sedar.com/ModifyCompanyDocumentSearchForm.do?lang=EN&company_search=Descartes Systems Group Inc&document_selection=0&industry_group=A&FromDate=13&FromMonth=05&FromYear=2000&ToDate=13&ToMonth=11&ToYear=2020&Variable=Issuer,https://www.sedar.com/ModifyCompanyDocumentSearchForm.do?lang=EN&company_search=Descartes Systems Group Inc&document_selection=0&industry_group=A&FromDate=13&FromMonth=05&FromYear=2000&ToDate=13&ToMonth=11&ToYear=2020&Variable=Issuer,1620591287,16:14:47,20210509
20,2001-01-31,DSG.TO,USD,2001-01-31,2001-01-31,FY,66649000.0,22171000.0,44478000.0,0.6673468469144324,16189000.0,8618000.0,23008000.0,0.0,62030000.0,84201000.0,0.0,14215000.0,-3337000.0,-0.05006826809104413,-17552000.0,-0.26334978769373885,-19033000.0,-31316000.0,-0.4698645140962355,310000.0,-31626000.0,-0.47451574667286833,-0.72,-0.72,44218000.0,44218000,https://www.sedar.com/ModifyCompanyDocumentSearchForm.do?lang=EN&company_search=Descartes Systems Group Inc&document_selection=0&industry_group=A&FromDate=13&FromMonth=05&FromYear=2000&ToDate=13&ToMonth=11&ToYear=2020&Variable=Issuer,https://www.sedar.com/ModifyCompanyDocumentSearchForm.do?lang=EN&company_search=Descartes Systems Group Inc&document_selection=0&industry_group=A&FromDate=13&FromMonth=05&FromYear=2000&ToDate=13&ToMonth=11&ToYear=2020&Variable=Issuer,1620591287,16:14:47,20210509
21,2000-01-31,DSG.TO,USD,2000-01-31,2000-01-31,FY,43665167.0,21153784.0,22511383.0,0.515545560606696,15028429.0,26048491.0,0.0,0.0,45008208.0,66161992.0,0.0,3931288.0,-18565537.0,-0.4251795716251354,-22496825.0,-0.5152121598435659,0.0,0.0,0.0,0.0,-21769223.0,-0.49854894634892843,-0.59,-0.59,36711861.0,36711861,https://www.sedar.com/ModifyCompanyDocumentSearchForm.do?lang=EN&company_search=Descartes Systems Group Inc&document_selection=0&industry_group=A&FromDate=13&FromMonth=05&FromYear=2000&ToDate=13&ToMonth=11&ToYear=2020&Variable=Issuer,https://www.sedar.com/ModifyCompanyDocumentSearchForm.do?lang=EN&company_search=Descartes Systems Group Inc&document_selection=0&industry_group=A&FromDate=13&FromMonth=05&FromYear=2000&ToDate=13&ToMonth=11&ToYear=2020&Variable=Issuer,1620591287,16:14:47,20210509
22,1999-01-31,DSG.TO,USD,1999-01-31,1999-01-31,FY,48800000.0,4700000.0,44100000.0,0.9036885245901639,11300000.0,18800000.0,0.0,0.0,51700000.0,56400000.0,0.0,21600000.0,14000000.0,0.28688524590163933,-7600000.0,-0.1557377049180328,-18200000.0,0.0,0.0,0.0,-25900000.0,-0.5307377049180327,-0.79,-0.79,32932209.0,32932209,https://www.sedar.com/ModifyCompanyDocumentSearchForm.do?lang=EN&company_search=Descartes Systems Group Inc&document_selection=0&industry_group=A&FromDate=13&FromMonth=05&FromYear=2000&ToDate=13&ToMonth=11&ToYear=2020&Variable=Issuer,https://www.sedar.com/ModifyCompanyDocumentSearchForm.do?lang=EN&company_search=Descartes Systems Group Inc&document_selection=0&industry_group=A&FromDate=13&FromMonth=05&FromYear=2000&ToDate=13&ToMonth=11&ToYear=2020&Variable=Issuer,1620591287,16:14:47,20210509
23,1998-01-31,DSG.TO,USD,1998-01-31,1998-01-31,FY,20505057.455446,4472579.646322,16032477.809124,0.7818791946308781,3853299.387601,12179178.421523,0.0,0.0,27454758.136655,31927337.782977,0.0,11422280.32753,0.0,0.0,-11422280.32753,-0.5570469798657561,-275235.670543,0.0,0.0,0.0,-11697515.998073,-0.5704697986577073,-3.467969318281621,-1.127971751718015,3373016.0,10370398,https://www.sedar.com/ModifyCompanyDocumentSearchForm.do?lang=EN&company_search=Descartes Systems Group Inc&document_selection=0&industry_group=A&FromDate=13&FromMonth=05&FromYear=2000&ToDate=13&ToMonth=11&ToYear=2020&Variable=Issuer,https://www.sedar.com/ModifyCompanyDocumentSearchForm.do?lang=EN&company_search=Descartes Systems Group Inc&document_selection=0&industry_group=A&FromDate=13&FromMonth=05&FromYear=2000&ToDate=13&ToMonth=11&ToYear=2020&Variable=Issuer,1620591287,16:14:47,20210509
