,date,symbol,reportedCurrency,fillingDate,acceptedDate,period,revenue,costOfRevenue,grossProfit,grossProfitRatio,researchAndDevelopmentExpenses,generalAndAdministrativeExpenses,sellingAndMarketingExpenses,otherExpenses,operatingExpenses,costAndExpenses,interestExpense,depreciationAndAmortization,ebitda,ebitdaratio,operatingIncome,operatingIncomeRatio,totalOtherIncomeExpensesNet,incomeBeforeTax,incomeBeforeTaxRatio,incomeTaxExpense,netIncome,netIncomeRatio,eps,epsdiluted,weightedAverageShsOut,weightedAverageShsOutDil,link,finalLink,timestamp,est_time,est_date
0,2020-12-31,ROG,USD,2021-02-19,2021-02-18 20:16:25,FY,802583000,510763000,291820000,0.3636010231963548,29320000.0,182283000.0,0.0,3513000.0,211458000.0,722221000.0,7481000.0,71425000.0,151787000.0,0.18912311873039922,80362000.0,0.10012920782025037,-4693000.0,68534000.0,0.08539179125398869,18544000.0,49990000.0,0.06228639280921724,2.6915414849512733,2.6915414849512733,18681000,18706000,https://www.sec.gov/Archives/edgar/data/84748/000008474821000021/0000084748-21-000021-index.htm,https://www.sec.gov/Archives/edgar/data/84748/000008474821000021/rog-20201231.htm,1620597367,17:56:07,20210509
1,2019-12-31,ROG,USD,2020-02-21 00:00:00,2020-02-20 19:14:19,FY,898260000,583968000,314292000,0.34988978692138134,31685000.0,0.0,0.0,-52816000.0,202274000.0,786242000.0,7927000.0,1907000.0,113925000.0,0.12682853516799145,112018000.0,0.1247055418253067,-50023000.0,55126000.0,0.061369759312448514,7807000.0,47319000.0,0.05267851178945962,2.55,2.53,18573000,18713000,https://www.sec.gov/Archives/edgar/data/84748/000008474820000009/0000084748-20-000009-index.html,https://www.sec.gov/Archives/edgar/data/84748/000008474820000009/rog-20191231x10k.htm,1620597367,17:56:07,20210509
2,2018-12-31,ROG,USD,2019-02-21 00:00:00,2019-02-20 20:22:30,FY,879091000,568308000,310783000,0.3535276780219568,33075000.0,0.0,0.0,-46000.0,200077000.0,768385000.0,0.0,3512000.0,114218000.0,0.12992739090719846,110706000.0,0.12593235512591985,6512000.0,110589000.0,0.1257992631024547,22938000.0,87651000.0,0.09970640127131321,4.77,4.7,18374000,18659000,https://www.sec.gov/Archives/edgar/data/84748/000008474819000006/0000084748-19-000006-index.html,https://www.sec.gov/Archives/edgar/data/84748/000008474819000006/rog-20181231x10k.htm,1620597367,17:56:07,20210509
3,2017-12-31,ROG,USD,2018-02-28 00:00:00,2018-02-27 20:22:29,FY,821043000,502468000,318575000,0.3880125645063657,29547000.0,0.0,0.0,3379000.0,189558000.0,692026000.0,0.0,44099000.0,173116000.0,0.21084888367600724,129017000.0,0.15713793309242025,10039000.0,132925000.0,0.1618977325182725,52466000.0,80459000.0,0.09799608546690003,4.43,4.34,18154000,18547000,https://www.sec.gov/Archives/edgar/data/84748/000008474818000007/0000084748-18-000007-index.html,https://www.sec.gov/Archives/edgar/data/84748/000008474818000007/rog-20171231x10k.htm,1620597367,17:56:07,20210509
4,2016-12-31,ROG,USD,2017-02-21 00:00:00,2017-02-21 16:47:29,FY,656314000,406829000,249485000,0.38013054726853307,28582000.0,0.0,0.0,-1788000.0,164899000.0,571728000.0,0.0,37847000.0,122433000.0,0.18654637871506627,84586000.0,0.128880383474983,1624000.0,82280000.0,0.12536682136903982,33997000.0,48283000.0,0.0735669207117325,2.68,2.65,17991000,18223000,https://www.sec.gov/Archives/edgar/data/84748/000008474817000004/0000084748-17-000004-index.html,https://www.sec.gov/Archives/edgar/data/84748/000008474817000004/rog-20161231x10k.htm,1620597367,17:56:07,20210509
5,2015-12-31,ROG,USD,2016-02-23 00:00:00,2016-02-23 17:18:59,FY,641443000,406081000,235362000,0.366925821935854,27644000.0,0.0,0.0,-8492000.0,159107000.0,565188000.0,0.0,34054000.0,110309000.0,0.1719700737243995,76255000.0,0.11888039934959146,-5602000.0,66173000.0,0.10316271282093654,19853000.0,46320000.0,0.07221218409118191,2.52,2.48,18371000,18680000,https://www.sec.gov/Archives/edgar/data/84748/000008474816000013/0000084748-16-000013-index.html,https://www.sec.gov/Archives/edgar/data/84748/000008474816000013/rog-20151231x10k.htm,1620597367,17:56:07,20210509
6,2014-12-31,ROG,USD,2015-02-18,2015-02-18 16:53:23,FY,610911000,376972000,233939000,0.38293466642440555,22878000.0,0.0,0.0,-1194000.0,148122000.0,525094000.0,0.0,26268000.0,112085000.0,0.18347189688841747,85817000.0,0.14047381697170291,-2461000.0,80410000.0,0.1316231005825726,27527000.0,52883000.0,0.08656416401079699,2.91,2.83,18177178,18697778,https://www.sec.gov/Archives/edgar/data/84748/000008474815000003/rog-20141231x10k.htm,https://www.sec.gov/Archives/edgar/data/84748/000008474815000003/rog-20141231x10k.htm,1620597367,17:56:07,20210509
7,2013-12-31,ROG,USD,2014-02-24,2014-02-24 11:13:14,FY,537482000,349782000,187700000,0.34922099716827726,21646000.0,0.0,0.0,-1240000.0,128044000.0,477826000.0,0.0,26351000.0,86007000.0,0.16001838201093246,59656000.0,0.11099162390554475,-7290000.0,48885000.0,0.09095188303980413,11226000.0,37761000.0,0.07025537599398678,2.2,2.13,17197840,17768075,https://www.sec.gov/Archives/edgar/data/84748/000008474814000003/rog-20131231x10k.htm,https://www.sec.gov/Archives/edgar/data/84748/000008474814000003/rog-20131231x10k.htm,1620597367,17:56:07,20210509
8,2012-12-31,ROG,USD,2013-02-20 00:00:00,2013-02-20 16:41:35,FY,498761000,340015000,158746000,0.3182806995735432,19311000.0,0.0,0.0,-208000.0,119000000.0,459015000.0,0.0,27130000.0,66876000.0,0.13408426079825808,39746000.0,0.07968947050791862,-12792000.0,22650000.0,0.04541253225492771,-46484000.0,68685000.0,0.13771124847371788,4.18,4.04,16426209,16991158,https://www.sec.gov/Archives/edgar/data/84748/000008474813000004/0000084748-13-000004-index.html,https://www.sec.gov/Archives/edgar/data/84748/000008474813000004/rog-20121231x10k.htm,1620597367,17:56:07,20210509
9,2011-12-31,ROG,USD,2012-02-17 00:00:00,2012-02-17 11:46:17,FY,553150000,374070000,179080000,0.3237458193979933,21617000.0,0.0,0.0,0.0,125836000.0,499906000.0,0.0,26308000.0,79552000.0,0.1438163246858899,53244000.0,0.09625598842990148,6755000.0,55088000.0,0.09958962306788394,11282000.0,37055000.0,0.06698906264123655,2.31,2.21,16035882,16737711,https://www.sec.gov/Archives/edgar/data/84748/000115752312000876/0001157523-12-000876-index.html,https://www.sec.gov/Archives/edgar/data/84748/000115752312000876/a50166620.htm,1620597367,17:56:07,20210509
10,2010-12-31,ROG,USD,2011-02-18,2011-02-18 12:47:46,FY,379188000,242487000,136701000,0.3605098262603247,19789000.0,0.0,0.0,0.0,109343000.0,351830000.0,0.0,16111000.0,43469000.0,0.11463706657383672,27358000.0,0.07214890766585441,12644000.0,40186000.0,0.10597909216536389,5615000.0,34571000.0,0.09117113410761944,2.19,2.16,15800913,16005662,https://www.sec.gov/Archives/edgar/data/84748/000115752311000998/a6614574.htm,https://www.sec.gov/Archives/edgar/data/84748/000115752311000998/a6614574.htm,1620597367,17:56:07,20210509
11,2009-12-31,ROG,USD,2010-02-19 00:00:00,2010-02-19 16:19:09,FY,291821000,212546000,79275000,0.2716562550330511,17395000.0,0.0,0.0,0.0,85944000.0,298490000.0,0.0,17961000.0,11292000.0,0.03869495341322249,-6669000.0,-0.022853050328797447,-13857000.0,-20149000.0,-0.06904575064851398,42721000.0,-62870000.0,-0.2154402870252655,-4.01,-4.01,15691579,15691579,https://www.sec.gov/Archives/edgar/data/84748/000115752310001072/0001157523-10-001072-index.html,https://www.sec.gov/Archives/edgar/data/84748/000115752310001072/a6179760.htm,1620597367,17:56:07,20210509
12,2008-12-31,ROG,USD,2009-02-26 00:00:00,2009-02-26 17:21:33,FY,365362000,251399000,113963000,0.31191804292728853,21885000.0,0.0,0.0,0.0,104100000.0,355499000.0,0.0,18397000.0,28260000.0,0.07734794532545804,9863000.0,0.02699514454157794,12296000.0,25106000.0,0.06871541101701874,3489000.0,26515000.0,0.07257186023724416,1.69,1.67,15714884,15924172,https://www.sec.gov/Archives/edgar/data/84748/000115752309001682/0001157523-09-001682-index.html,https://www.sec.gov/Archives/edgar/data/84748/000115752309001682/a5904744.htm,1620597367,17:56:07,20210509
13,2007-12-30,ROG,USD,2008-02-27,2008-02-27 14:17:34,FY,431400000,315700000,115600000,0.267964765878535,24700000.0,15000.0,73185000.0,0.0,101400000.00000003,417100000.00000006,10200000.0,25700000.0,40000000.0,0.0927213722763097,14300000.0,0.03314789058878071,800000.0,25200000.0,0.0584144645340751,3317000.0,22100000.0,0.0512285581826611,1.32335,1.32335,16700000,16700000,https://www.sec.gov/Archives/edgar/data/84748/000115752308001787/a5620596.htm,https://www.sec.gov/Archives/edgar/data/84748/000115752308001787/a5620596.htm,1620597367,17:56:07,20210509
14,2006-12-31,ROG,USD,2007-02-27,2007-02-27 17:04:09,FY,454562000,311661000,142901000,0.31437075690444866,24364000.0,0.0,0.0,0.0,98642000.0,410303000.0,0.0,19529000.0,63788000.0,0.14032849204288964,44259000.0,0.0973662558682864,447000.0,58331000.0,0.12832352902354355,11875000.0,46456000.0,0.10219947993893022,2.77,2.69,16747444,17287837,https://www.sec.gov/Archives/edgar/data/84748/000115752307002100/a5341749.htm,https://www.sec.gov/Archives/edgar/data/84748/000115752307002100/a5341749.htm,1620597367,17:56:07,20210509
15,2006-01-01,ROG,USD,2006-01-01,2006-01-01,FY,356100000,253000000,103100000,0.28952541420949174,20000000.0,55800000.0,0.0,0.0,98399999.99999999,351400000.0,6200000.0,16900000.0,21600000.0,0.060657118786857624,4700000.0,0.013198539736029205,900000.0,11800000.0,0.033136759337264815,-4700000.0,16400000.0,0.046054479078910415,0.98204,0.98204,16700000,16700000,,,1620597367,17:56:07,20210509
16,2005-01-02,ROG,USD,2005-01-02,2005-01-02,FY,365000000,251800000,113200000,0.3101369863013699,20500000.0,58400000.0,0.0,0.0,78899999.99999999,330700000.0,6400000.0,18100000.0,52400000.0,0.14356164383561643,34300000.0,0.09397260273972603,6100000.0,46800000.0,0.12821917808219177,6700000.0,40100000.0,0.10986301369863014,2.34503,2.34503,17100000,17100000,,,1620597367,17:56:07,20210509
17,2003-12-28,ROG,USD,2003-12-28,2003-12-28,FY,243300000,164800000,78500000,0.3226469379367037,13700000.0,43300000.0,0.0,0.0,57000000.0,221800000.0,6900000.0,13600000.0,35200000.0,0.1446773530620633,21600000.0,0.08877928483353884,6600000.0,35000000.0,0.14385532264693793,8800000.0,26300000.0,0.10809699958898479,1.6135,1.6135,16300000,16300000,,,1620597367,17:56:07,20210509
18,2002-12-29,ROG,USD,2002-12-29,2002-12-29,FY,219400000,150200000,69300000,0.31586144029170465,13600000.0,39300000.0,0.0,0.0,55100000.00000002,205300000.00000003,8500000.0,13600000.0,27800000.0,0.1267092069279854,14200000.0,0.06472196900638104,2200000.0,24800000.0,0.11303555150410209,6200000.0,18600000.0,0.08477666362807658,1.1625,1.1625,16000000,16000000,,,1620597367,17:56:07,20210509
19,2001-12-30,ROG,USD,2001-12-30,2001-12-30,FY,216000000,149200000,66900000,0.30972222222222223,12600000.0,39200000.0,0.0,0.0,53800000.00000001,203000000.0,3100000.0,13700000.0,26700000.0,0.12361111111111112,13000000.0,0.06018518518518518,4800000.0,21000000.0,0.09722222222222222,5200000.0,15700000.0,0.07268518518518519,0.98125,0.98125,16000000,16000000,,,1620597367,17:56:07,20210509
20,2000-12-31,ROG,USD,2000-12-31,2000-12-31,FY,248215000,165710000,82505000,0.33239328807686885,12493000.0,40529000.0,0.0,0.0,53022000.0,218732000.0,0.0,12507000.0,41990000.0,0.16916785850975968,29483000.0,0.11878008984146808,7838000.0,37634000.0,0.15161855649336262,10914000.0,26720000.0,0.10764861108313357,1.79,1.69,14896227,15848736,,,1620597367,17:56:07,20210509
21,2000-01-02,ROG,USD,2000-01-02,2000-01-02,FY,247800000,176000000,71900000,0.29015334947538335,10800000.0,36700000.0,0.0,0.0,47500000.0,223500000.0,-100000.0,10400000.0,34700000.0,0.1400322841000807,24300000.0,0.09806295399515738,1600000.0,25900000.0,0.10451977401129943,7200000.0,18600000.0,0.07506053268765134,1.19231,1.19231,15600000,15600000,,,1620597367,17:56:07,20210509
22,1999-01-03,ROG,USD,1999-01-03,1999-01-03,FY,216600000,158500000,58100000,0.26823638042474607,10400000.0,28100000.0,0.0,0.0,38400000.00000001,196900000.0,500000.0,8400000.0,28000000.0,0.12927054478301014,19600000.0,0.0904893813481071,-1000000.0,19100000.0,0.08818097876269622,5400000.0,13800000.0,0.06371191135734072,0.87342,0.87342,15800000,15800000,,,1620597367,17:56:07,20210509
23,1997-12-28,ROG,USD,1997-12-28,1997-12-28,FY,189700000,133700000,56000000,0.2952029520295203,9600000.0,26100000.0,0.0,0.0,35600000.00000002,169300000.00000003,600000.0,6600000.0,26900000.0,0.14180284659989456,20300000.0,0.1070110701107011,1100000.0,22000000.0,0.11597258829731154,5500000.0,16500000.0,0.08697944122298366,1.05096,1.05096,15700000,15700000,,,1620597367,17:56:07,20210509
24,1996-12-29,ROG,USD,1996-12-29,1996-12-29,FY,141500000,97300000,44200000,0.31236749116607776,9200000.0,21300000.0,0.0,0.0,30400000.000000007,127700000.0,500000.0,5800000.0,19500000.0,0.13780918727915195,13700000.0,0.09681978798586573,3400000.0,17700000.0,0.12508833922261484,3700000.0,13900000.0,0.09823321554770319,0.9085,0.9085,15300000,15300000,,,1620597367,17:56:07,20210509
25,1995-12-31,ROG,USD,1996-03-29 00:00:00,1996-03-29 00:00:00,FY,140300000,90800000,49500000,0.3528153955808981,0.0,30800000.0,0.0,0.0,36500000.0,127300000.0,0.0,5700000.0,18700000.0,0.13328581610833928,13000000.0,0.09265858873841767,2400000.0,15400000.0,0.1097647897362794,2300000.0,13100000.0,0.09337134711332858,0.8485451790067591,0.8468600369205118,15438188,15468908,https://www.sec.gov/Archives/edgar/data/84748/000008474896000006/0000084748-96-000006-index.html,https://www.sec.gov/Archives/edgar/data/84748/0000084748-96-000006.txt,1620597367,17:56:07,20210509
26,1995-01-01,ROG,USD,1995-03-29 00:00:00,1995-03-29 00:00:00,FY,133900000,93700000,40200000,0.30022404779686335,9200000.0,20700000.0,0.0,0.0,29899999.99999999,123599999.99999999,-1100000.0,6700000.0,17000000.0,0.12696041822255413,10300000.0,0.07692307692307693,1600000.0,10700000.0,0.07991038088125467,600000.0,10100000.0,0.07542942494398805,0.69178,0.69178,14600000,14600000,https://www.sec.gov/Archives/edgar/data/84748/000008474895000008/0000084748-95-000008-index.html,https://www.sec.gov/Archives/edgar/data/84748/0000084748-95-000008.txt,1620597367,17:56:07,20210509
27,1993-12-31,ROG,USD,1993-12-31,1993-12-31,FY,123200000,82600000,40600000,0.32954545454545453,0.0,0.0,0.0,0.0,0.0,114800000.0,0.0,6700000.0,15100000.0,0.12256493506493507,8400000.0,0.06818181818181818,1000000.0,0.0,0.0,0.0,6700000.0,0.05438311688311688,0.135,0.1325,12888000,12888000,,,1620597367,17:56:07,20210509
28,1992-12-31,ROG,USD,1992-12-31,1992-12-31,FY,172400000,129900000,42500000,0.24651972157772623,0.0,0.0,0.0,0.0,0.0,197700000.0,0.0,10900000.0,-14400000.0,-0.08352668213457076,-25300000.0,-0.14675174013921113,500000.0,-28000000.0,-0.16241299303944315,-1600000.0,-32600000.0,-0.18909512761020883,-0.6625,-0.6625,12404000,12404000,,,1620597367,17:56:07,20210509
29,1991-12-31,ROG,USD,1991-12-31,1991-12-31,FY,182400000,134000000,48400000,0.26535087719298245,0.0,0.0,0.0,0.0,0.0,183400000.0,0.0,11700000.0,10700000.0,0.05866228070175439,-1000000.0,-0.005482456140350877,900000.0,-3400000.0,-0.01864035087719298,-1100000.0,-2300000.0,-0.012609649122807017,-0.0475,-0.0475,12340000,12340000,,,1620597367,17:56:07,20210509
30,1990-12-31,ROG,USD,1990-12-31,1990-12-31,FY,190300000,139400000,50900000,0.2674724119810825,0.0,0.0,0.0,0.0,0.0,192700000.0,0.0,11200000.0,8800000.0,0.046242774566473986,-2400000.0,-0.012611665790856543,1900000.0,-3600000.0,-0.018917498686284815,-1200000.0,-2400000.0,-0.012611665790856543,-0.05,-0.05,12300000,12300000,,,1620597367,17:56:07,20210509
31,1989-12-31,ROG,USD,1989-12-31,1989-12-31,FY,174900000,126700000,48200000,0.2755860491709548,0.0,0.0,0.0,0.0,0.0,169900000.0,0.0,10600000.0,15600000.0,0.08919382504288165,5000000.0,0.02858776443682104,1200000.0,2200000.0,0.012578616352201259,600000.0,1600000.0,0.009148084619782733,0.035,0.035,12252000,12252000,,,1620597367,17:56:07,20210509
32,1988-12-31,ROG,USD,1988-12-31,1988-12-31,FY,162500000,117900000,44600000,0.2744615384615385,0.0,0.0,0.0,0.0,0.0,159800000.0,0.0,9600000.0,12300000.0,0.0756923076923077,2700000.0,0.016615384615384615,1500000.0,1400000.0,0.008615384615384615,400000.0,1000000.0,0.006153846153846154,0.0225,0.0225,12000000,12000000,,,1620597367,17:56:07,20210509
33,1987-12-31,ROG,USD,1987-12-31,1987-12-31,FY,145300000,101100000,44200000,0.3041982105987612,0.0,0.0,0.0,0.0,0.0,139800000.0,0.0,8600000.0,14100000.0,0.09704060564349622,5500000.0,0.03785271851342051,1300000.0,4900000.0,0.03372333103922918,1500000.0,3400000.0,0.02339986235375086,0.0725,0.0725,11924000,11924000,,,1620597367,17:56:07,20210509
34,1986-12-31,ROG,USD,1986-12-31,1986-12-31,FY,128800000,90800000,38000000,0.2950310559006211,0.0,0.0,0.0,0.0,0.0,125200000.0,0.0,7300000.0,10900000.0,0.08462732919254658,3600000.0,0.027950310559006212,1000000.0,2600000.0,0.020186335403726708,300000.0,2300000.0,0.017857142857142856,0.05,0.05,11876000,11876000,,,1620597367,17:56:07,20210509
35,1985-12-31,ROG,USD,1985-12-31,1985-12-31,FY,125300000,91500000,33800000,0.26975259377494015,0.0,0.0,0.0,0.0,0.0,125100000.0,0.0,5900000.0,6100000.0,0.04868316041500399,200000.0,0.0015961691939345571,700000.0,-900000.0,-0.007182761372705506,-1700000.0,800000.0,0.006384676775738229,0.0175,0.0175,11832000,11832000,,,1620597367,17:56:07,20210509
