,date,symbol,reportedCurrency,fillingDate,acceptedDate,period,revenue,costOfRevenue,grossProfit,grossProfitRatio,researchAndDevelopmentExpenses,generalAndAdministrativeExpenses,sellingAndMarketingExpenses,otherExpenses,operatingExpenses,costAndExpenses,interestExpense,depreciationAndAmortization,ebitda,ebitdaratio,operatingIncome,operatingIncomeRatio,totalOtherIncomeExpensesNet,incomeBeforeTax,incomeBeforeTaxRatio,incomeTaxExpense,netIncome,netIncomeRatio,eps,epsdiluted,weightedAverageShsOut,weightedAverageShsOutDil,link,finalLink,timestamp,est_time,est_date
0,2020-12-31,VC,USD,2021-02-18,2021-02-18 07:14:28,FY,2548000000,2303000000,245000000,0.09615384615384616,0.0,-193000000.0,0.0,0.0,-193000000,2110000000,16000000.0,104000000.0,56000000,0.02197802197802198,-48000000,-0.018838304552590265,9000000.0,-20000000,-0.007849293563579277,-28000000,-48000000,-0.018838304552590265,-2.01000000125625,-2.01000000125625,23880597,23880597,https://www.sec.gov/Archives/edgar/data/1111335/000111133521000006/0001111335-21-000006-index.htm,https://www.sec.gov/Archives/edgar/data/1111335/000111133521000006/vc-20201231.htm,1620599440,18:30:40,20210509
1,2019-12-31,VC,USD,2020-02-20,2020-02-20 07:19:16,FY,2945000000,2621000000,324000000,0.1100169779286927,0.0,0.0,0.0,10000000.0,221000000,2842000000,13000000.0,100000000.0,203000000,0.06893039049235994,103000000,0.03497453310696095,12000000.0,106000000,0.03599320882852292,24000000,70000000,0.023769100169779286,2.49,2.48,28100000,28200000,https://www.sec.gov/Archives/edgar/data/1111335/000111133520000003/0001111335-20-000003-index.htm,https://www.sec.gov/Archives/edgar/data/1111335/000111133520000003/visteon201910-k.htm,1620599440,18:30:40,20210509
2,2018-12-31,VC,USD,2019-02-21,2019-02-21 16:42:11,FY,2984000000,2573000000,411000000,0.13773458445040215,0.0,0.0,0.0,13000000.0,193000000,2766000000,14000000.0,91000000.0,309000000,0.10355227882037533,218000000,0.07305630026809651,5000000.0,216000000,0.07238605898123325,43000000,164000000,0.054959785522788206,5.56,5.52,29500000,29700000,https://www.sec.gov/Archives/edgar/data/1111335/000111133519000003/visteon201810-k.htm,https://www.sec.gov/Archives/edgar/data/1111335/000111133519000003/visteon201810-k.htm,1620599440,18:30:40,20210509
3,2017-12-31,VC,USD,2018-02-22,2018-02-22 07:52:17,FY,3146000000,2647000000,499000000,0.1586141131595677,0.0,0.0,0.0,-2000000.0,222000000,2869000000,21000000.0,87000000.0,364000000,0.11570247933884298,277000000,0.0880483153210426,-38000000.0,223000000,0.0708836617927527,48000000,176000000,0.055944055944055944,5.57,5.47,31600000,32200000,https://www.sec.gov/Archives/edgar/data/1111335/000111133518000004/visteon201710-k.htm,https://www.sec.gov/Archives/edgar/data/1111335/000111133518000004/visteon201710-k.htm,1620599440,18:30:40,20210509
4,2016-12-31,VC,USD,2017-02-23,2017-02-23 07:56:59,FY,3161000000,2697000000,464000000,0.14678899082568808,0.0,0.0,0.0,-1000000.0,220000000,2917000000,18000000.0,84000000.0,328000000,0.10376463144574502,244000000,0.07719076241695666,-71000000.0,161000000,0.050933248971844355,30000000,75000000,0.023726668775703893,2.14,2.12,35000000,35400000,https://www.sec.gov/Archives/edgar/data/1111335/000111133517000003/visteon201610-k.htm,https://www.sec.gov/Archives/edgar/data/1111335/000111133517000003/visteon201610-k.htm,1620599440,18:30:40,20210509
5,2015-12-31,VC,USD,2016-02-25,2016-02-25 07:43:20,FY,3245000000,2815000000,430000000,0.1325115562403698,0.0,0.0,0.0,-25000000.0,245000000,3060000000,19000000.0,169000000.0,354000000,0.10909090909090909,185000000,0.05701078582434515,-102000000.0,69000000,0.021263482280431432,27000000,2284000000,0.7038520801232666,54.0,52.63,42300000,43400000,https://www.sec.gov/Archives/edgar/data/1111335/000111133516000018/visteon201510-k.htm,https://www.sec.gov/Archives/edgar/data/1111335/000111133516000018/visteon201510-k.htm,1620599440,18:30:40,20210509
6,2014-12-31,VC,USD,2015-02-26,2015-02-26 07:51:24,FY,7509000000,6711000000,798000000,0.10627247303236116,0.0,0.0,0.0,-3000000.0,385000000,7096000000,37000000.0,270000000.0,683000000,0.09095751764549208,413000000,0.05500066586762552,-124000000.0,261000000,0.034758290051937674,124000000,-295000000,-0.0392861899054468,-6.441048034934497,-6.25,45800000,47200000,https://www.sec.gov/Archives/edgar/data/1111335/000111133515000003/visteon201410-k.htm,https://www.sec.gov/Archives/edgar/data/1111335/000111133515000003/visteon201410-k.htm,1620599440,18:30:40,20210509
7,2013-12-31,VC,USD,2014-02-25,2014-02-25 07:38:46,FY,7439000000,6755000000,684000000,0.09194784245194247,0.0,0.0,0.0,-35000000.0,367000000,7122000000,47000000.0,262000000.0,579000000,0.0778330420755478,317000000,0.042613254469686786,604000000.0,882000000,0.11856432316171528,107000000,690000000,0.09275440247345074,13.8,13.5,50000000,51100000,https://www.sec.gov/Archives/edgar/data/1111335/000111133514000003/visteon201310-k.htm,https://www.sec.gov/Archives/edgar/data/1111335/000111133514000003/visteon201310-k.htm,1620599440,18:30:40,20210509
8,2012-12-31,VC,USD,2013-02-28,2013-02-28 07:15:11,FY,6857000000,6268000000,589000000,0.08589762286714306,0.0,0.0,0.0,-14000000.0,369000000,6637000000,49000000.0,259000000.0,479000000,0.06985562199212483,220000000,0.03208400175003646,106000000.0,291000000,0.04243838413300277,121000000,100000000,0.01458363715910748,1.89,1.88,52900000,53300000,https://www.sec.gov/Archives/edgar/data/1111335/000111133513000004/visteon201210-k.htm,https://www.sec.gov/Archives/edgar/data/1111335/000111133513000004/visteon201210-k.htm,1620599440,18:30:40,20210509
9,2011-12-31,VC,USD,2012-02-27,2012-02-27 07:45:12,FY,8047000000,7404000000,643000000,0.07990555486516715,0.0,0.0,0.0,0.0,398000000,7802000000,50000000.0,316000000.0,561000000,0.06971542189635889,245000000,0.030446128992170994,65000000.0,281000000,0.03491984590530633,127000000,80000000,0.009941593140300733,1.56,1.54,51200000,52000000,https://www.sec.gov/Archives/edgar/data/1111335/000144530512000456/visteon10kfromword.htm,https://www.sec.gov/Archives/edgar/data/1111335/000144530512000456/visteon10kfromword.htm,1620599440,18:30:40,20210509
10,2010-12-31,VC,USD,2011-03-09,2011-03-09 14:38:50,FY,7466000000,6657000000,809000000,0.10835788909724083,0.0,0.0,0.0,0.0,395000000,7052000000,186000000.0,280000000.0,694000000,0.09295472810072328,414000000,0.055451379587463163,1007000000.0,1251000000,0.16755960353603,150000000,1026000000,0.13742298419501742,9.304013,8.87,110275000,110650000,https://www.sec.gov/Archives/edgar/data/1111335/000095012311023581/k50155e10vk.htm,https://www.sec.gov/Archives/edgar/data/1111335/000095012311023581/k50155e10vk.htm,1620599440,18:30:40,20210509
11,2009-12-31,VC,USD,2010-02-26,2010-02-26 15:18:12,FY,6685000000,6088000000,597000000,0.08930441286462229,0.0,0.0,0.0,0.0,342000000,6430000000,117000000.0,352000000.0,607000000,0.09080029917726253,255000000,0.0381451009723261,-221000000.0,264000000,0.03949139865370232,80000000,128000000,0.019147344801795065,0.98,0.98,130400000,130400000,https://www.sec.gov/Archives/edgar/data/1111335/000095012310018036/k48891e10vk.htm,https://www.sec.gov/Archives/edgar/data/1111335/000095012310018036/k48891e10vk.htm,1620599440,18:30:40,20210509
12,2008-12-31,VC,USD,2009-03-31,2009-03-31 17:10:54,FY,9544000000,9085000000,459000000,0.04809304274937133,0.0,0.0,0.0,0.0,553000000,9638000000,215000000.0,416000000.0,322000000,0.0337384744341995,-94000000,-0.009849119865884326,-268000000.0,-531000000,-0.055637049455155074,116000000,-681000000,-0.07135373009220453,-5.12,-5.12,129400000,129400000,https://www.sec.gov/Archives/edgar/data/1111335/000095015209003368/k47622e10vk.htm,https://www.sec.gov/Archives/edgar/data/1111335/000095015209003368/k47622e10vk.htm,1620599440,18:30:40,20210509
13,2007-12-31,VC,USD,2008-02-22,2008-02-22 17:11:50,FY,11266000000,10693000000,573000000,0.05086099769217113,0.0,0.0,0.0,0.0,589000000,11282000000,0.0,472000000.0,456000000,0.04047576779691106,-16000000,-0.0014202023788389845,-58000000.0,-285000000,-0.025297354873069413,20000000,-372000000,-0.03301970530800639,-2.87,-2.87,129616725,129616725,https://www.sec.gov/Archives/edgar/data/1111335/000095012408000791/k23981e10vk.htm,https://www.sec.gov/Archives/edgar/data/1111335/000095012408000791/k23981e10vk.htm,1620599440,18:30:40,20210509
14,2006-12-31,VC,USD,2007-02-28,2007-02-28 15:03:39,FY,11418000000,10684000000,734000000,0.06428446312839377,0.0,0.0,0.0,0.0,632000000,11316000000,0.0,430000000.0,532000000,0.046593098616220005,102000000,0.008933263268523384,30000000.0,-111000000,-0.009721492380451918,25000000,-163000000,-0.014275705027150113,-1.28,-1.28,127343750,127343750,https://www.sec.gov/Archives/edgar/data/1111335/000095012407001192/k12710e10vk.htm,https://www.sec.gov/Archives/edgar/data/1111335/000095012407001192/k12710e10vk.htm,1620599440,18:30:40,20210509
15,2005-12-31,VC,USD,2006-03-16,2006-03-16 16:58:14,FY,16976000000,16422000000,554000000,0.03263430725730443,0.0,0.0,0.0,0.0,574000000,16996000000,0.0,595000000.0,575000000,0.03387134778510839,-20000000,-0.00117813383600377,351000000.0,-173000000,-0.010190857681432611,64000000,-270000000,-0.015904806786050895,-2.14,-2.14,126168224,126168224,https://www.sec.gov/Archives/edgar/data/1111335/000095012406001280/k02515e10vk.htm,https://www.sec.gov/Archives/edgar/data/1111335/000095012406001280/k02515e10vk.htm,1620599440,18:30:40,20210509
16,2004-12-31,VC,USD,2005-03-16,2005-03-16 17:17:28,FY,18657000000,18111000000,546000000,0.02926515516964142,0.0,0.0,0.0,0.0,994000000,19105000000,0.0,685000000.0,237000000,0.012703006914294903,-448000000,-0.024012435010987834,34000000.0,-534000000,-0.028621964946132818,965000000,-1499000000,-0.08034517875328295,-11.960000015319013,-11.795409867004354,125334448,127083333,https://www.sec.gov/Archives/edgar/data/1111335/000095012405001608/k91895e10vk.htm,https://www.sec.gov/Archives/edgar/data/1111335/000095012405001608/k91895e10vk.htm,1620599440,18:30:40,20210509
17,2003-12-31,VC,USD,2004-02-13,2004-02-13 14:39:18,FY,17660000000,17786000000,-126000000,-0.007134767836919592,0.0,0.0,0.0,0.0,1002000000,18788000000,0.0,674000000.0,-454000000,-0.025707814269535674,-1128000000,-0.06387315968289921,55000000.0,-1179000000,-0.06676104190260476,34000000,-1213000000,-0.0686862967157418,-9.65,-9.65,125699482,125699482,https://www.sec.gov/Archives/edgar/data/1111335/000095012404000444/k82535e10vk.htm,https://www.sec.gov/Archives/edgar/data/1111335/000095012404000444/k82535e10vk.htm,1620599440,18:30:40,20210509
18,2002-12-31,VC,USD,2003-02-14,2003-02-14 15:42:55,FY,18395000000,17588000000,807000000,0.04387061701549334,0.0,0.0,0.0,0.0,888000000,18476000000,0.0,631000000.0,550000000,0.02989942919271541,-81000000,-0.004403370481108997,44000000.0,-117000000,-0.0063604240282685515,-58000000,-352000000,-0.019135634683337864,-2.75,-2.75,128000000,128000000,https://www.sec.gov/Archives/edgar/data/1111335/000095012403000355/k74415e10vk.htm,https://www.sec.gov/Archives/edgar/data/1111335/000095012403000355/k74415e10vk.htm,1620599440,18:30:40,20210509
19,2001-12-31,VC,USD,2001-12-31,2001-12-31,FY,17843000000,17148000000,695000000,0.03895084907246539,0.0,813000000.0,0.0,0.0,812000000,17960000000,0.0,666000000.0,549000000,0.03076836854788993,-117000000,-0.006557193297091296,24000000.0,-169000000,-0.009471501429131873,-72000000,-118000000,-0.006613237684245923,-0.91,-0.91,131000000,131000000,,,1620599440,18:30:40,20210509
20,2000-12-31,VC,USD,2000-12-31,2000-12-31,FY,19467000000,17349000000,2118000000,0.10879950685775928,0.0,781000000.0,0.0,0.0,1457000000,18806000000,0.0,676000000.0,1337000000,0.06868033081625315,661000000,0.03395489803256794,-164000000.0,413000000,0.021215390147428983,143000000,270000000,0.013869625520110958,2.08,2.08,130000000,130000000,,,1620599440,18:30:40,20210509
21,1999-12-31,VC,USD,1999-12-31,1999-12-31,FY,19366000000,16852000000,2514000000,0.12981513993597027,0.0,674000000.0,0.0,0.0,1325000000,18177000000,0.0,651000000.0,1840000000,0.09501187648456057,1189000000,0.06139626148920789,47000000.0,1157000000,0.05974388102860684,422000000,735000000,0.03795311370443045,5.65,5.65,130000000,130000000,,,1620599440,18:30:40,20210509
22,1998-12-31,VC,USD,1998-12-31,1998-12-31,FY,17762000000,15969000000,1793000000,0.10094583943249634,0.0,659000000.0,0.0,0.0,659000000,16628000000,-18000000.0,565000000.0,1699000000,0.09565364260781443,1134000000,0.06384416169350299,0.0,1116000000,0.06283076230154262,416000000,703000000,0.03957887625267425,5.40769,5.40769,130000000,130000000,,,1620599440,18:30:40,20210509
23,1997-12-31,VC,USD,1997-12-31,1997-12-31,FY,17220000000,15794000000,1426000000,0.08281068524970964,0.0,575000000.0,0.0,0.0,575000000,16369000000,-36000000.0,590000000.0,1441000000,0.08368176538908247,851000000,0.049419279907084786,0.0,815000000,0.04732868757259001,305000000,511000000,0.02967479674796748,3.93077,3.93077,130000000,130000000,,,1620599440,18:30:40,20210509
24,1996-12-31,VC,USD,1996-12-31,1996-12-31,FY,16497000000,15392000000,1105000000,0.06698187549251379,0.0,485000000.0,0.0,0.0,485000000,15877000000,-16000000.0,0.0,591000000,0.035825,620000000,0.03758259077408013,0.0,604000000,0.036612717463781294,223000000,384000000,0.023276959447172212,2.95385,2.95385,130000000,130000000,,,1620599440,18:30:40,20210509
25,1995-12-31,VC,USD,1995-12-31,1995-12-31,FY,15115000000,14234000000,881000000,0.05828647039364869,0.0,483000000.0,0.0,0.0,483000000,14717000000,-28000000.0,0.0,347000000,0.022957,398000000,0.02633145881574595,0.0,370000000,0.02447899437644724,130000000,245000000,0.01620906384386371,1.88462,1.88462,130000000,130000000,,,1620599440,18:30:40,20210509
