,date,symbol,reportedCurrency,fillingDate,acceptedDate,period,revenue,costOfRevenue,grossProfit,grossProfitRatio,researchAndDevelopmentExpenses,generalAndAdministrativeExpenses,sellingAndMarketingExpenses,otherExpenses,operatingExpenses,costAndExpenses,interestExpense,depreciationAndAmortization,ebitda,ebitdaratio,operatingIncome,operatingIncomeRatio,totalOtherIncomeExpensesNet,incomeBeforeTax,incomeBeforeTaxRatio,incomeTaxExpense,netIncome,netIncomeRatio,eps,epsdiluted,weightedAverageShsOut,weightedAverageShsOutDil,link,finalLink,timestamp,est_time,est_date
0,2020-12-31,STL,USD,2021-02-26,2021-02-26,FY,990634000.0,0.0,0.0,0.0,0.0,262936000,7090000.0,0.0,0.0,0.0,149100000,29688000.0,35793000.0,0.03613140675567364,6105000.0,0.2580852262288595,0.0,255668000.0,0.2580852262288595,29899000.0,225769000.0,0.22790354459871154,1.0976718120704412,1.0976718120704412,193036678,193530930,https://www.sec.gov/Archives/edgar/data/1070154/000107015421000008/0001070154-21-000008-index.htm,https://www.sec.gov/Archives/edgar/data/1070154/000107015421000008/stl-20201231.htm,1620598367,18:12:47,20210509
1,2019-12-31,STL,USD,2020-02-28 00:00:00,2020-02-28 16:15:01,FY,1043862000.0,0.0,0.0,0.0,0.0,251730000,8458000.0,0.0,771000000.0,0.0,283617000,19181000.0,0.0,0.0,0.0,0.5172771879807867,0.0,539966000.0,0.5172771879807867,112925000.0,427041000.0,0.4090971795122344,2.04,2.03,205679874,206131628,https://www.sec.gov/Archives/edgar/data/1070154/000107015420000008/0001070154-20-000008-index.html,https://www.sec.gov/Archives/edgar/data/1070154/000107015420000008/stl10-k123119.htm,1620598367,18:12:47,20210509
2,2018-12-31,STL,USD,2019-03-01 00:00:00,2019-03-01 16:15:55,FY,1058800000.0,0.0,0.0,0.0,0.0,257447000,5930000.0,0.0,732000000.0,0.0,241070000,23646000.0,0.0,0.0,0.0,0.5347846618813752,0.0,566230000.0,0.5347846618813752,118976000.0,447254000.0,0.4224159425765017,1.96,1.95,224299488,224816996,https://www.sec.gov/Archives/edgar/data/1070154/000107015419000009/0001070154-19-000009-index.html,https://www.sec.gov/Archives/edgar/data/1070154/000107015419000009/a10-kfor2018.htm,1620598367,18:12:47,20210509
3,2017-12-31,STL,USD,2018-03-01 00:00:00,2018-02-28 19:28:08,FY,640345000.0,0.0,0.0,0.0,0.0,173345000,3682000.0,0.0,421000000.0,0.0,106306000,13008000.0,0.0,0.0,0.0,0.28261327877940795,0.0,180970000.0,0.28261327877940795,87939000.0,93031000.0,0.14528262108707024,0.5906218698940731,0.5883410560567331,157513639,158124270,https://www.sec.gov/Archives/edgar/data/1070154/000107015418000007/0001070154-18-000007-index.html,https://www.sec.gov/Archives/edgar/data/1070154/000107015418000007/stl12311710-k.htm,1620598367,18:12:47,20210509
4,2016-12-31,STL,USD,2017-02-27 00:00:00,2017-02-24 17:57:12,FY,475256000.0,0.0,0.0,0.0,0.0,143824000,2948000.0,0.0,320000000.0,0.0,57282000,12416000.0,0.0,0.0,0.0,0.4362995943239012,0.0,207354000.0,0.4362995943239012,67382000.0,139972000.0,0.2945191644082347,1.071695504334903,1.0665796001053442,130607994,131234462,https://www.sec.gov/Archives/edgar/data/1070154/000107015417000009/0001070154-17-000009-index.html,https://www.sec.gov/Archives/edgar/data/1070154/000107015417000009/stl12311610-k.htm,1620598367,18:12:47,20210509
5,2015-12-31,STL,USD,2016-02-29 00:00:00,2016-02-29 17:14:12,FY,373967000.0,0.0,0.0,0.0,0.0,133470000,2522000.0,0.0,267000000.0,0.0,36925000,10043000.0,0.0,0.0,0.0,0.26191883241034636,0.0,97949000.0,0.26191883241034636,31835000.0,66114000.0,0.17679100027542538,0.6015414123376039,0.5992421617844528,109907645,110329353,https://www.sec.gov/Archives/edgar/data/1070154/000107015416000038/0001070154-16-000038-index.html,https://www.sec.gov/Archives/edgar/data/1070154/000107015416000038/stl-2015x1231x10kdocument.htm,1620598367,18:12:47,20210509
6,2014-12-31,STL,USD,2015-03-06,2015-03-06 16:11:17,FY,284478000.0,0.0,0.0,0.0,0.0,107739000,2830000.0,0.0,247000000.0,0.0,29934000,9406000.0,0.0,0.0,0.0,0.29582603927192963,0.0,84156000.0,0.29582603927192963,25472000.0,58684000.0,0.2062866021274053,0.7310919773855327,0.7310919773855327,80268970,80268970,https://www.sec.gov/Archives/edgar/data/1070154/000107015415000010/stl-2014x1231xmaster10kt.htm,https://www.sec.gov/Archives/edgar/data/1070154/000107015415000010/stl-2014x1231xmaster10kt.htm,1620598367,18:12:47,20210509
7,2014-09-30,STL,USD,2014-11-28 00:00:00,2014-11-28 15:17:59,FY,265358000.0,0.0,0.0,0.0,0.0,106862000,2358000.0,0.0,247000000.0,0.0,28918000,9408000.0,0.0,0.0,0.0,0.14256212362167336,0.0,37830000.0,0.14256212362167336,10152000.0,27678000.0,0.10430437371400146,0.34481568655982503,0.34368074629011236,80268970,80534043,https://www.sec.gov/Archives/edgar/data/1070154/000107015414000047/0001070154-14-000047-index.html,https://www.sec.gov/Archives/edgar/data/1070154/000107015414000047/stl-2014x0930xmaster10k.htm,1620598367,18:12:47,20210509
8,2013-09-30,STL,USD,2013-12-09 00:00:00,2013-12-09 17:30:15,FY,139859000.0,0.0,0.0,0.0,0.0,53082000,1502000.0,0.0,120000000.0,0.0,19894000,1296000.0,0.0,0.0,0.0,0.26217833675344454,0.0,36668000.0,0.26217833675344454,11414000.0,25254000.0,0.18056757162570874,0.5775998172832256,0.5770982488173702,43722313,43760313,https://www.sec.gov/Archives/edgar/data/1070154/000144530513003139/0001445305-13-003139-index.html,https://www.sec.gov/Archives/edgar/data/1070154/000144530513003139/stl-2013x930xmaster10k.htm,1620598367,18:12:47,20210509
9,2012-09-30,STL,USD,2012-12-14 00:00:00,2012-12-14 16:45:14,FY,128798000.0,0.0,0.0,0.0,0.0,50321000,1849000.0,182000.0,115000000.0,0.0,18573000,1245000.0,0.0,0.0,0.0,0.20223140110871288,0.0,26047000.0,0.20223140110871288,6159000.0,19888000.0,0.15441233559527323,0.5202516618009482,0.5199742752871611,38227653,38248046,https://www.sec.gov/Archives/edgar/data/1070154/000107015412000012/0001070154-12-000012-index.html,https://www.sec.gov/Archives/edgar/data/1070154/000107015412000012/pbny-2012x930xmaster10k1.htm,1620598367,18:12:47,20210509
10,2011-09-30,STL,USD,2011-12-13 00:00:00,2011-12-13 16:11:48,FY,121519000.0,0.0,0.0,0.0,0.0,49506000,3328000.0,278000.0,128000000.0,0.0,21324000,1426000.0,0.0,0.0,0.0,0.11970144586443272,0.0,14546000.0,0.11970144586443272,2807000.0,11739000.0,0.09660217743727319,0.3134362168112459,0.3134283000523689,37452596,37453542,https://www.sec.gov/Archives/edgar/data/1070154/000119312511339506/0001193125-11-339506-index.html,https://www.sec.gov/Archives/edgar/data/1070154/000119312511339506/d234463d10k.htm,1620598367,18:12:47,20210509
11,2010-09-30,STL,USD,2010-12-13 00:00:00,2010-12-13 16:39:14,FY,120535000.0,0.0,0.0,0.0,0.0,48807000,3252000.0,0.0,120000000.0,0.0,26440000,1849000.0,0.0,0.0,0.0,0.22702949350810966,0.0,27365000.0,0.22702949350810966,6873000.0,20492000.0,0.1700087111627328,0.5369854915387836,0.5366488026409867,38161180,38185122,https://www.sec.gov/Archives/edgar/data/1070154/000114036110049370/0001140361-10-049370-index.html,https://www.sec.gov/Archives/edgar/data/1070154/000114036110049370/form10k.htm,1620598367,18:12:47,20210509
12,2009-09-30,STL,USD,2009-12-10 00:00:00,2009-12-10 14:38:09,FY,133823000.0,0.0,0.0,0.0,0.0,46719000,3093000.0,0.0,136000000.0,0.0,37720000,2185000.0,0.0,0.0,0.0,0.2692810652877308,0.0,36036000.0,0.2692810652877308,10175000.0,25861000.0,0.19324779746381415,0.6710540208476953,0.6681421202698704,38537881,38705837,https://www.sec.gov/Archives/edgar/data/1070154/000114036109028731/0001140361-09-028731-index.html,https://www.sec.gov/Archives/edgar/data/1070154/000114036109028731/form10k.htm,1620598367,18:12:47,20210509
13,2008-09-30,STL,USD,2008-12-15 00:00:00,2008-12-12 17:56:01,FY,116382000.0,0.0,0.0,0.0,0.0,40854000,3338000.0,0.0,136000000.0,0.0,53642000,7168000.0,0.0,0.0,0.0,0.2894090151397983,0.0,33682000.0,0.2894090151397983,9904000.0,23778000.0,0.20430994483683043,0.6111438212789083,0.606169669230664,38907372,39226641,https://www.sec.gov/Archives/edgar/data/1070154/000119312508252877/0001193125-08-252877-index.html,https://www.sec.gov/Archives/edgar/data/1070154/000119312508252877/d10k.htm,1620598367,18:12:47,20210509
14,2007-09-30,STL,USD,2007-12-13 00:00:00,2007-12-13 13:58:25,FY,104583000.0,0.0,0.0,0.0,0.0,39196000,4237000.0,0.0,143000000.0,0.0,66888000,8435000.0,0.0,0.0,0.0,0.2695753611963703,0.0,28193000.0,0.2695753611963703,8566000.0,19627000.0,0.18766912404501687,0.48,0.48,40889583,40889583,https://www.sec.gov/Archives/edgar/data/1070154/000119312507264607/0001193125-07-264607-index.html,https://www.sec.gov/Archives/edgar/data/1070154/000119312507264607/d10k.htm,1620598367,18:12:47,20210509
15,2006-09-30,STL,USD,2006-09-30,2006-09-30,FY,101909000.0,0.0,0.0,0.0,0.0,38008000,2445000.0,0.0,123000000.0,0.0,50859000,10294000.0,0.0,0.0,0.0,0.28901274666614335,0.0,29453000.0,0.28901274666614335,9258000.0,20195000.0,0.19816699212042116,0.49,0.49,41214286,41214286,,,1620598367,18:12:47,20210509
16,2005-09-30,STL,USD,2005-09-30,2005-09-30,FY,103778000.0,0.0,0.0,0.0,0.0,34533000,3102000.0,0.0,100000000.0,0.0,29400000,11564000.0,0.0,0.0,0.0,0.3126481527876814,0.0,32446000.0,0.3126481527876814,11204000.0,21242000.0,0.20468692786525083,0.49,0.49,43351020,43351020,,,1620598367,18:12:47,20210509
17,2004-09-30,STL,USD,2004-12-14 00:00:00,2004-12-14 14:38:00,FY,73099000.0,0.0,0.0,0.0,0.0,23001000,2050000.0,0.0,0.0,0.0,12982000,7105000.0,0.0,0.0,0.0,0.22097429513399636,0.0,16153000.0,0.22097429513399636,5136000.0,11017000.0,0.15071341605220318,0.3,0.29,36723333,37989655,https://www.sec.gov/Archives/edgar/data/1070154/000091431704004409/0000914317-04-004409-index.html,https://www.sec.gov/Archives/edgar/data/1070154/000091431704004409/form10k-64543_provident.txt,1620598367,18:12:47,20210509
18,2003-09-30,STL,USD,2003-12-29 00:00:00,2003-12-29 13:52:58,FY,55285000.0,0.0,0.0,0.0,0.0,20703000,1657000.0,0.0,0.0,0.0,12060000,3691000.0,0.0,0.0,0.0,0.3182599258388351,0.0,17595000.0,0.3182599258388351,6344000.0,11251000.0,0.2035090892647192,0.329422,0.32491,34153721,34628078,https://www.sec.gov/Archives/edgar/data/1070154/000091431703003816/0000914317-03-003816-index.html,https://www.sec.gov/Archives/edgar/data/1070154/000091431703003816/form10k-56206_provident.txt,1620598367,18:12:47,20210509
19,2002-09-30,STL,USD,2002-12-31 00:00:00,2002-12-31 13:37:14,FY,48151000.0,0.0,0.0,0.0,0.0,17246000,1470000.0,0.0,0.0,0.0,17201000,2545000.0,0.0,0.0,0.0,0.31338913002845215,0.0,15090000.0,0.31338913002845215,5563000.0,9527000.0,0.19785674233141576,0.279783,0.275271,34051342,34609561,https://www.sec.gov/Archives/edgar/data/1070154/000091431702001644/0000914317-02-001644-index.html,https://www.sec.gov/Archives/edgar/data/1070154/000091431702001644/form10k-47597_provident.txt,1620598367,18:12:47,20210509
20,2001-09-30,STL,USD,2001-12-31 00:00:00,2001-12-31 00:00:00,FY,39440000.0,0.0,0.0,0.0,0.0,14129000,1507000.0,0.0,0.0,0.0,26244000,2209000.0,0.0,0.0,0.0,0.2933316430020284,0.0,11569000.0,0.2933316430020284,4087000.0,7482000.0,0.18970588235294117,0.221119,0.218863,33836963,34185798,https://www.sec.gov/Archives/edgar/data/1070154/000091431701500555/0000914317-01-500555-index.html,https://www.sec.gov/Archives/edgar/data/1070154/000091431701500555/form10k-42053_122801.txt,1620598367,18:12:47,20210509
21,2000-09-30,STL,USD,2000-12-29 00:00:00,2000-12-29 00:00:00,FY,36256000.0,0.0,0.0,0.0,0.0,13509000,1096000.0,0.0,0.0,0.0,26034000,3335000.0,0.0,0.0,0.0,0.24100838481906442,0.0,8738000.0,0.24100838481906442,2866000.0,5872000.0,0.16195939982347748,0.17148,0.17148,34243032,34243032,https://www.sec.gov/Archives/edgar/data/1070154/000091431700000856/0000914317-00-000856-index.html,https://www.sec.gov/Archives/edgar/data/1070154/000091431700000856/0000914317-00-000856-0001.txt,1620598367,18:12:47,20210509
22,1999-09-30,STL,USD,1999-12-29 00:00:00,1999-12-29 00:00:00,FY,33800000.0,0.0,0.0,0.0,0.0,12300000,1200000.0,0.0,0.0,0.0,21600000,3400000.0,0.0,0.0,0.0,0.17455621301775148,0.0,5900000.0,0.17455621301775148,2000000.0,3900000.0,0.11538461538461539,0.090253,0.090253,43212000,43212000,https://www.sec.gov/Archives/edgar/data/1070154/000091431799000755/0000914317-99-000755-index.html,https://www.sec.gov/Archives/edgar/data/1070154/0000914317-99-000755.txt,1620598367,18:12:47,20210509
23,1998-09-30,STL,USD,1998-09-30,1998-09-30,FY,4817000.0,0.0,0.0,0.0,0.0,10506000,0.0,0.0,0.0,0.0,20880000,1390000.0,0.0,0.0,0.0,1.3676562175627984,0.0,6588000.0,1.3676562175627984,2346000.0,4242000.0,0.8806310981938966,0.115595,0.115595,36696960,36696960,,,1620598367,18:12:47,20210509
