,date,symbol,reportedCurrency,fillingDate,acceptedDate,period,revenue,costOfRevenue,grossProfit,grossProfitRatio,researchAndDevelopmentExpenses,generalAndAdministrativeExpenses,sellingAndMarketingExpenses,otherExpenses,operatingExpenses,costAndExpenses,interestExpense,depreciationAndAmortization,ebitda,ebitdaratio,operatingIncome,operatingIncomeRatio,totalOtherIncomeExpensesNet,incomeBeforeTax,incomeBeforeTaxRatio,incomeTaxExpense,netIncome,netIncomeRatio,eps,epsdiluted,weightedAverageShsOut,weightedAverageShsOutDil,link,finalLink,timestamp,est_time,est_date
0,2020-08-01,UNFI,USD,2020-09-29,2020-09-29 17:13:07,FY,26514267000,22639475000,3874792000,0.14613988763106292,0.0,438762000.0,0.0,3029477000.0,4059104000.000003,26698579000.000004,-191607000.0,281535000.0,97223000,0.0036668183208685345,-184312000.0,-0.0069514273202423435,31465000.0,-344454000.0,-0.012991269945346783,-50948000.0,-274140000.0,-0.010339339194253418,-5.09762,-5.09762,53778000,53778000,https://www.sec.gov/Archives/edgar/data/1020859/000102085920000064/0001020859-20-000064-index.htm,https://www.sec.gov/Archives/edgar/data/1020859/000102085920000064/f2010-k.htm,1620599287,18:28:07,20210509
1,2019-08-03,UNFI,USD,2019-10-01,2019-10-01 17:28:21,FY,21387068000,18602058000,2785010000,0.13021934563447407,0.0,0.0,0.0,2629713000.0,3076022000.000001,21678080000.0,179963000.0,246825000.0,-44187000,-0.0020660616032080695,-291012000.0,-0.013606914234340116,35683000.0,-435292000.0,-0.02035304699082642,-84609000.0,-284990000.0,-0.01332534221147097,-5.561323055907893,-5.5298135320255355,51245000,51537000,https://www.sec.gov/Archives/edgar/data/1020859/000102085919000116/0001020859-19-000116-index.htm,https://www.sec.gov/Archives/edgar/data/1020859/000102085919000116/f1910-k.htm,1620599287,18:28:07,20210509
2,2018-07-28,UNFI,USD,2018-09-24,2018-09-24 17:26:20,FY,10226683000,8703916000,1522767000,0.14890135931660345,0.0,0.0,0.0,1279529000.0,1295542000.0000012,9999458000.000002,16471000.0,87631000.0,314856000,0.030787695286927343,227225000.0,0.022218836743057354,1545000.0,212745000.0,0.020802932876671742,47075000.0,165670000.0,0.016199778559675703,3.25885,3.25885,50530000,50530000,https://www.sec.gov/Archives/edgar/data/1020859/000102085918000095/0001020859-18-000095-index.htm,https://www.sec.gov/Archives/edgar/data/1020859/000102085918000095/unfi10-k72818.htm,1620599287,18:28:07,20210509
3,2017-07-29,UNFI,USD,2017-09-26,2017-09-26 17:24:08,FY,9274471000,7845550000,1428921000,0.1540703507510024,0.0,0.0,0.0,1196032000.0,1202895999.9999998,9048446000.0,17114000.0,86051000.0,312076000,0.033648927254179783,226025000.0,0.024370662218901756,5152000.0,214423000.0,0.02311970138242925,84268000.0,130155000.0,0.014033684508798399,2.56337,2.56337,50570000,50570000,https://www.sec.gov/Archives/edgar/data/1020859/000102085917000109/0001020859-17-000109-index.htm,https://www.sec.gov/Archives/edgar/data/1020859/000102085917000109/unfi10-k72917.htm,1620599287,18:28:07,20210509
4,2016-07-30,UNFI,USD,2016-09-28,2016-09-28 15:44:33,FY,8470286000,7190935000,1279351000,0.151039882242465,0.0,0.0,0.0,1049690000.0,1055241999.9999993,8246176999.999999,16259000.0,71006000.0,295115000,0.03484120843145084,224109000.0,0.026458256545292567,-743000.0,208222000.0,0.02458264101117719,82456000.0,125766000.0,0.01484790478149144,2.49541,2.49541,50313000,50313000,https://www.sec.gov/Archives/edgar/data/1020859/000102085916000356/0001020859-16-000356-index.htm,https://www.sec.gov/Archives/edgar/data/1020859/000102085916000356/unfi10-k73016.htm,1620599287,18:28:07,20210509
5,2015-08-01,UNFI,USD,2015-09-30,2015-09-30 16:00:34,FY,8184978000,6924463000,1260515000,0.15400346830498507,0.0,0.0,0.0,1017755000.0,1018558000.0,7943021000.0,14498000.0,63800000.0,305757000,0.03735587316178492,241957000.0,0.029561105723191927,1954000.0,229769000.0,0.028072036357336575,91035000.0,138734000.0,0.016949831752754864,2.75994,2.75994,50021000,50021000,https://www.sec.gov/Archives/edgar/data/1020859/000102085915000165/0001020859-15-000165-index.htm,https://www.sec.gov/Archives/edgar/data/1020859/000102085915000165/unfi10-k8115.htm,1620599287,18:28:07,20210509
6,2014-08-02,UNFI,USD,2014-10-01,2014-10-01 14:56:26,FY,6794000000,5667000000,1127000000,0.16588166028848986,0.0,0.0,0.0,917000000.0,917000000.0,6584000000.0,7753000.0,48800000.0,259800000,0.03823962319693847,211000000.0,0.03105681483662055,4000000.0,207000000.0,0.03046806005298793,81926000.0,125000000.0,0.018398586988519282,2.5,2.5,49602000,49602000,https://www.sec.gov/Archives/edgar/data/1020859/000102085914000183/0001020859-14-000183-index.htm,https://www.sec.gov/Archives/edgar/data/1020859/000102085914000183/unfi10-k8214.htm,1620599287,18:28:07,20210509
7,2013-08-03,UNFI,USD,2013-10-01,2013-10-01 17:22:28,FY,6064000000,5039000000,1025000000,0.16903034300791556,0.0,0.0,0.0,838000000.0,840000000.0,5879000000.0,5897000.0,42400000.0,227400000,0.0375,185000000.0,0.030507915567282322,-6000000.0,174000000.0,0.028693931398416885,66262000.0,108000000.0,0.017810026385224276,2.16,2.16,49217000,49217000,https://www.sec.gov/Archives/edgar/data/1020859/000102085913000178/0001020859-13-000178-index.htm,https://www.sec.gov/Archives/edgar/data/1020859/000102085913000178/unfi10-k8313.htm,1620599287,18:28:07,20210509
8,2012-07-28,UNFI,USD,2012-09-26,2012-09-26 17:20:19,FY,5236000000,4320000000,916000000,0.17494270435446907,0.0,0.0,0.0,756000000.0,761000000.0,5081000000.0,4734000.0,39600000.0,194600000,0.037165775401069516,155000000.0,0.029602750190985485,0.0,151000000.0,0.028838808250572955,59441000.0,91000000.0,0.017379679144385027,1.85714,1.85714,48766000,48766000,https://www.sec.gov/Archives/edgar/data/1020859/000104746912009112/0001047469-12-009112-index.htm,https://www.sec.gov/Archives/edgar/data/1020859/000104746912009112/a2211104z10-k.htm,1620599287,18:28:07,20210509
9,2011-07-30,UNFI,USD,2011-09-28,2011-09-28 16:59:56,FY,4530000000,3705000000,825000000,0.18211920529801323,0.0,0.0,0.0,689000000.0,695000000.0,4400000000.0,5000000.0,35300000.0,165300000,0.03649006622516556,130000000.0,0.02869757174392936,1000000.0,126000000.0,0.02781456953642384,49762000.0,77000000.0,0.016997792494481235,1.60417,1.60417,47459000,47459000,https://www.sec.gov/Archives/edgar/data/1020859/000104746911008270/0001047469-11-008270-index.htm,https://www.sec.gov/Archives/edgar/data/1020859/000104746911008270/a2205722z10-k.htm,1620599287,18:28:07,20210509
10,2010-07-31,UNFI,USD,2010-09-27,2010-09-27 06:03:36,FY,3757139000,3060208000,696931000,0.1854951333980457,0.0,0.0,0.0,0.0,582029000.0,3642237000.0,5845000.0,27483000.0,142385000,0.03789718719483096,114902000.0,0.030582312765111964,2698000.0,112002000.0,0.029810448854833426,43681000.0,68321000.0,0.018184315246255196,1.58,1.57,43184000,43425000,https://www.sec.gov/Archives/edgar/data/1020859/000104746910008276/0001047469-10-008276-index.htm,https://www.sec.gov/Archives/edgar/data/1020859/000104746910008276/a2200215z10-k.htm,1620599287,18:28:07,20210509
11,2009-08-01,UNFI,USD,2009-09-30,2009-09-30 17:02:12,FY,3455000000,2794000000,661000000,0.19131693198263386,0.0,0.0,0.0,551000000.0,551000000.0,3345000000.0,-9914000.0,27000000.0,137000000,0.039652677279305354,110000000.0,0.03183791606367583,0.0,100000000.0,0.02894356005788712,40998000.0,59000000.0,0.0170767004341534,1.37209,1.37209,42849000,42849000,https://www.sec.gov/Archives/edgar/data/1020859/000104746909008652/0001047469-09-008652-index.htm,https://www.sec.gov/Archives/edgar/data/1020859/000104746909008652/a2194742z10-k.htm,1620599287,18:28:07,20210509
12,2008-08-02,UNFI,USD,2008-10-01,2008-10-01 16:58:24,FY,3366000000,2732000000,634000000,0.18835412953060013,0.0,0.0,0.0,541000000.0,541000000.0,3273000000.0,-16133000.0,22500000.0,114500000,0.03401663695781343,92000000.0,0.027332144979203804,0.0,77000000.0,0.02287581699346405,28717000.0,48000000.0,0.0142602495543672,1.11628,1.11628,42690000,42690000,https://www.sec.gov/Archives/edgar/data/1020859/000104746908010540/0001047469-08-010540-index.htm,https://www.sec.gov/Archives/edgar/data/1020859/000104746908010540/a2188139z10-k.htm,1620599287,18:28:07,20210509
13,2007-07-28,UNFI,USD,2007-09-26,2007-09-26 16:32:14,FY,2754000000,2245000000,509000000,0.18482207697893974,0.0,0.0,0.0,415000000.0,416000000.0,2661000000.0,-12089000.0,18400000.0,111400000,0.04045025417574437,93000000.0,0.03376906318082789,0.0,82000000.0,0.029774872912127815,32062000.0,50000000.0,0.01815541031227306,1.16279,1.16279,42445000,42445000,https://www.sec.gov/Archives/edgar/data/1020859/000110465907071415/0001104659-07-071415-index.htm,https://www.sec.gov/Archives/edgar/data/1020859/000110465907071415/a07-24436_110k.htm,1620599287,18:28:07,20210509
14,2006-07-29,UNFI,USD,2006-10-11,2006-10-11 17:14:03,FY,2434000000,1968000000,466000000,0.1914543960558751,0.0,0.0,0.0,385000000.0,386000000.0,2354000000.0,-11210000.0,17100000.0,97100000,0.03989317995069844,80000000.0,0.03286770747740345,0.0,69000000.0,0.028348397699260477,26119000.0,43000000.0,0.017666392769104356,1.02381,1.02381,41682000,41682000,https://www.sec.gov/Archives/edgar/data/1020859/000110465906066124/0001104659-06-066124-index.htm,https://www.sec.gov/Archives/edgar/data/1020859/000110465906066124/a06-20963_110k.htm,1620599287,18:28:07,20210509
15,2005-07-31,UNFI,USD,2005-10-13,2005-10-13 15:31:22,FY,2059568000,1664523000,395045000,0.1918096416335853,0.0,321685000.0,0.0,0.0,322345000.0,1986868000.0,0.0,660000.0,73360000,0.035619120126162376,72700000.0,0.035298664574318496,920000.0,67052000.0,0.032556341912478734,25480000.0,41572000.0,0.020184815456445234,1.02,1.0,40639000,41607000,https://www.sec.gov/Archives/edgar/data/1020859/000110465905048369/0001104659-05-048369-index.htm,https://www.sec.gov/Archives/edgar/data/1020859/000110465905048369/a05-17478_110k.htm,1620599287,18:28:07,20210509
16,2004-07-31,UNFI,USD,2004-10-14,2004-10-14 15:48:55,FY,1669952000,1339496000,330456000,0.19788353198175757,0.0,270666000.0,0.0,0.0,271972000.0,1611468000.0,0.0,1306000.0,59790000,0.03580342429003947,58484000.0,0.035021365883570306,1217000.0,52436000.0,0.03139970490169777,20450000.0,31986000.0,0.019153843942819913,0.81,0.78,39471000,41025000,https://www.sec.gov/Archives/edgar/data/1020859/000104746904031159/0001047469-04-031159-index.htm,https://www.sec.gov/Archives/edgar/data/1020859/000104746904031159/a2144721z10-k.htm,1620599287,18:28:07,20210509
17,2003-07-31,UNFI,USD,2003-10-22 00:00:00,2003-10-21 19:07:53,FY,1379893000,1099704000,280189000,0.20305125107526453,0.0,236784000.0,0.0,0.0,238600000.0,1338304000.0,0.0,463000.0,42052000,0.03047482667134336,41589000.0,0.03013929340898171,-1740000.0,33407000.0,0.02420984815489317,13187000.0,20220000.0,0.01465331007549136,0.525,0.51,38470000,39454000,https://www.sec.gov/Archives/edgar/data/1020859/000104746903033901/0001047469-03-033901-index.html,https://www.sec.gov/Archives/edgar/data/1020859/000104746903033901/a2120606z10-k.htm,1620599287,18:28:07,20210509
18,2002-07-31,UNFI,USD,2002-10-28 00:00:00,2002-10-28 16:13:42,FY,1175393000,944777000,230616000,0.1962033124240148,0.0,190047000.0,0.0,0.0,190227000.0,1135004000.0,0.0,180000.0,40569000,0.03451526425629555,40389000.0,0.03436212398746632,-4474000.0,28682000.0,0.024402051058667187,11473000.0,17209000.0,0.014641060479346057,0.455,0.445,37866000,38668000,https://www.sec.gov/Archives/edgar/data/1020859/000117152002000116/0001171520-02-000116-index.html,https://www.sec.gov/Archives/edgar/data/1020859/000117152002000116/d02-1054.txt,1620599287,18:28:07,20210509
19,2001-07-31,UNFI,USD,2001-10-23 00:00:00,2001-10-23 00:00:00,FY,1016834000,818040000,198794000,0.19550290411217564,0.0,167325000.0,0.0,0.0,168361000.0,986401000.0,0.0,1036000.0,31469000,0.03094802101424618,30433000.0,0.029929172313278275,-1230000.0,22264000.0,0.021895412623889447,8906000.0,13358000.0,0.013136854196456845,0.36,0.355,36964000,37636000,https://www.sec.gov/Archives/edgar/data/1020859/000100547701501457/0001005477-01-501457-index.html,https://www.sec.gov/Archives/edgar/data/1020859/000100547701501457/d01-34883.txt,1620599287,18:28:07,20210509
20,2000-07-31,UNFI,USD,2000-10-27 00:00:00,2000-10-27 00:00:00,FY,908688000,728142000,180546000,0.1986886588135862,0.0,166673000.0,0.0,0.0,174274000.0,902416000.0,0.0,7601000.0,13873000,0.015267066363812441,6272000.0,0.006902259081224799,-1893000.0,-2033000.0,-0.0022372915676227706,-802000.0,-1231000.0,-0.0013547004032187066,-0.035,-0.035,36528000,36528000,https://www.sec.gov/Archives/edgar/data/1020859/000100547700007422/0001005477-00-007422-index.html,https://www.sec.gov/Archives/edgar/data/1020859/000100547700007422/0001005477-00-007422-0001.txt,1620599287,18:28:07,20210509
21,1999-07-31,UNFI,USD,1999-10-29 00:00:00,1999-10-29 00:00:00,FY,857000000,672200000,184800000,0.21563593932322053,0.0,144900000.0,0.0,0.0,154100000.0,826300000.0,0.0,9200000.0,39900000,0.04655775962660443,30700000.0,0.035822637106184364,-1400000.0,23600000.0,0.027537922987164527,10100000.0,13500000.0,0.01575262543757293,0.37,0.365,36392000,37074000,https://www.sec.gov/Archives/edgar/data/1020859/000100547799004921/0001005477-99-004921-index.html,https://www.sec.gov/Archives/edgar/data/1020859/0001005477-99-004921.txt,1620599287,18:28:07,20210509
22,1998-07-31,UNFI,USD,1998-10-29 00:00:00,1998-10-29 00:00:00,FY,728900000,573700000,155200000,0.2129235834819591,0.0,116000000.0,0.0,0.0,122100000.0,695800000.0,0.0,6100000.0,39200000,0.05377966799286596,33100000.0,0.045410893126629166,-3300000.0,24700000.0,0.03388667855672932,11600000.0,13100000.0,0.01797228700782,0.375,0.37,34934000,35596000,https://www.sec.gov/Archives/edgar/data/1020859/000092701698003739/0000927016-98-003739-index.html,https://www.sec.gov/Archives/edgar/data/1020859/0000927016-98-003739.txt,1620599287,18:28:07,20210509
23,1997-07-31,UNFI,USD,1997-10-29 00:00:00,1997-10-29 00:00:00,FY,421700000,331200000,90500000,0.21460754090585724,0.0,67600000.0,0.0,0.0,72000000.0,403200000.0,0.0,4400000.0,22900000,0.05430400758833294,18500000.0,0.04387004979843491,300000.0,15700000.0,0.037230258477590705,6400000.0,8400000.0,0.019919373962532606,0.355,0.355,23395174,23395174,https://www.sec.gov/Archives/edgar/data/1020859/000092701697002768/0000927016-97-002768-index.html,https://www.sec.gov/Archives/edgar/data/1020859/0000927016-97-002768.txt,1620599287,18:28:07,20210509
