,date,symbol,reportedCurrency,fillingDate,acceptedDate,period,revenue,costOfRevenue,grossProfit,grossProfitRatio,researchAndDevelopmentExpenses,generalAndAdministrativeExpenses,sellingAndMarketingExpenses,otherExpenses,operatingExpenses,costAndExpenses,interestExpense,depreciationAndAmortization,ebitda,ebitdaratio,operatingIncome,operatingIncomeRatio,totalOtherIncomeExpensesNet,incomeBeforeTax,incomeBeforeTaxRatio,incomeTaxExpense,netIncome,netIncomeRatio,eps,epsdiluted,weightedAverageShsOut,weightedAverageShsOutDil,link,finalLink,timestamp,est_time,est_date
0,2020-12-31,1030.HK,CNY,2020-12-31,2020-12-31,FY,144920342000,113332079000,31588263000,0.21796983476619175,0.0,4728207000,5560285000,294400000.0,0.0,123288883000,1630687000,901060000,22532519000,0.1554820992625038,21631459000,0.14926447661847222,0.0,26385564000,0.1820694295628974,10267182000,10178247000,0.070233390699561,1.65,1.65,6186533000,6186558000,https://www1.hkexnews.hk/search/titlesearch.xhtml,https://www1.hkexnews.hk/search/titlesearch.xhtml,1620585040,14:30:40,20210509
1,2019-12-31,1030.HK,CNY,2019-12-31,2019-12-31,FY,86493323000,60147896000,26345427000,0.3045949223155642,0.0,4301454000,4422306000,328548000.0,8593895000.0,68741791000,1584770000,683729000,18435261000,0.21314085712720277,17751532000,0.20523586543206346,0.0,21625171000,0.25002127620880055,9018982000,7812268000,0.09032220903340712,1.32,1.32,5899000000,5899000000,https://www1.hkexnews.hk/search/titlesearch.xhtml,https://www1.hkexnews.hk/search/titlesearch.xhtml,1620585040,14:30:40,20210509
2,2018-12-31,1030.HK,CNY,2018-12-31,2018-12-31,FY,54453633000,35396226000,19057407000,0.34997494106591565,0.0,2650816000,2374416000,43059000.0,4933756000.0,40329982000,535312000,444577000,14568228000,0.2675345463175983,14123651000,0.25937022420524264,0.0,18647500000,0.34244730741840496,6599934000,6761004000,0.12416075158842019,1.15,1.12,5903687000,6109620000,https://www1.hkexnews.hk/search/titlesearch.xhtml,https://www1.hkexnews.hk/search/titlesearch.xhtml,1620585040,14:30:40,20210509
3,2017-12-31,1030.HK,CNY,2017-12-31,2017-12-31,FY,40214537000,26633414000,13581123000,0.33771675650524086,0.0,2266887000,1831870000,-11269000.0,4081629000.0,30715043000,827925000,341522000,9841016000,0.24471290071050675,9499494000,0.23622039960325789,0.0,10742410000,0.26712753151926133,4728785000,3793998000,0.09434394333571465,0.67,0.67,5658000000,5658000000,https://www1.hkexnews.hk/search/titlesearch.xhtml,https://www1.hkexnews.hk/search/titlesearch.xhtml,1620585040,14:30:40,20210509
4,2016-12-31,1030.HK,CNY,2016-12-31,2016-12-31,FY,27044083000,20437111000,6606972000,0.24430379096233362,0.0,1607694000,1097915000,24668000.0,2688614000.0,23125725000,669086000,227144000,4145502000,0.153286839121149,3918358000,0.14488781150390642,0.0,4135368000,0.15291211759703593,1668208000,1383953000,0.05117396659372773,0.24,0.24,5658000000,5658000000,https://www1.hkexnews.hk/search/titlesearch.xhtml,https://www1.hkexnews.hk/search/titlesearch.xhtml,1620585040,14:30:40,20210509
5,2015-12-31,1030.HK,CNY,2015-12-31,2015-12-31,FY,22507395000,17651189000,4856206000,0.21576046450511044,0.0,1035500000,828126000,4328000.0,1851213000.0,19502402000,367440000,108301000,3113294000,0.13832316001029885,3004993000,0.1335113637095719,0.0,3363954000,0.14945994416501776,1507717000,1030890000,0.045802279650754785,0.18,0.18,5666411000,5666411000,https://www1.hkexnews.hk/search/titlesearch.xhtml,https://www1.hkexnews.hk/search/titlesearch.xhtml,1620585040,14:30:40,20210509
6,2014-12-31,1030.HK,CNY,2014-12-31,2014-12-31,FY,19549112000,15675069000,3874043000,0.1981697685296396,0.0,701787000,613387000,-4197000.0,1284824000.0,16959893000,247691000,36696000,2625915000,0.13432400407752537,2589219000,0.13244688556697615,0.0,2921848000,0.14946192952395995,1242561000,1025721000,0.05246893055807343,0.18,0.18,5668000000,5668000000,https://www1.hkexnews.hk/search/titlesearch.xhtml,https://www1.hkexnews.hk/search/titlesearch.xhtml,1620585040,14:30:40,20210509
7,2013-12-31,1030.HK,CNY,2013-12-31,2013-12-31,FY,19604949000,14921732000,4683217000,0.23887932582737145,0.0,680028000,592032000,-9080000.0,1126991000.0,16048723000,526812000,21871000,3578097000,0.1825098856416306,3556226000,0.18139429998007137,0.0,3236466000,0.16508413258305338,1519329000,981262000,0.050051749688305745,0.17,0.17,5668000000,5668000000,https://www1.hkexnews.hk/search/titlesearch.xhtml,https://www1.hkexnews.hk/search/titlesearch.xhtml,1620585040,14:30:40,20210509
8,2012-12-31,1030.HK,CNY,2012-12-31,2012-12-31,FY,16539286000,12609391000,3929895000,0.2376097130190505,0.0,569883000,474921000,-5000.0,1040371000.0,13649762000,159712000,21508000,2911032000,0.17600711421279008,2889524000,0.1747066953192538,0.0,2818161000,0.17039193832188404,1232777000,930819000,0.05627927348254332,0.21,0.21,4368167000,4368167000,https://www1.hkexnews.hk/search/titlesearch.xhtml,https://www1.hkexnews.hk/search/titlesearch.xhtml,1620585040,14:30:40,20210509
9,2011-12-31,1030.HK,CNY,2011-12-31,2011-12-31,FY,10166739000,7143172000,3023567000,0.2973979168738373,0.0,465941000,388091000,-14732000.0,848289000.0,7991461000,154548000,17942000,2193220000,0.2157250225465609,2175278000,0.21396024821725038,0.0,2385215000,0.23460964228549588,941284000,886886000,0.08723406787564823,0.156472,0.156472,5668000000,5668000000,https://www1.hkexnews.hk/search/titlesearch.xhtml,https://www1.hkexnews.hk/search/titlesearch.xhtml,1620585040,14:30:40,20210509
