,date,symbol,reportedCurrency,fillingDate,acceptedDate,period,revenue,costOfRevenue,grossProfit,grossProfitRatio,researchAndDevelopmentExpenses,generalAndAdministrativeExpenses,sellingAndMarketingExpenses,otherExpenses,operatingExpenses,costAndExpenses,interestExpense,depreciationAndAmortization,ebitda,ebitdaratio,operatingIncome,operatingIncomeRatio,totalOtherIncomeExpensesNet,incomeBeforeTax,incomeBeforeTaxRatio,incomeTaxExpense,netIncome,netIncomeRatio,eps,epsdiluted,weightedAverageShsOut,weightedAverageShsOutDil,link,finalLink,timestamp,est_time,est_date
0,2020-12-31,LINK,USD,2021-03-17,2021-03-16 21:14:55,FY,6888000.0,2986000.0,3902000.0,0.5664924506387921,918000.0,2874000.0,0.0,-92000.0,3792000.0,6778000.0,0.0,506000.0,616000.0,0.08943089430894309,110000.0,0.01596980255516841,-92000.0,18000.0,0.002613240418118467,-95000.0,113000.0,0.01640534262485482,0.02,0.02,6586000.0,6586000.0,https://www.sec.gov/Archives/edgar/data/828146/000110465921037332/0001104659-21-037332-index.htm,https://www.sec.gov/Archives/edgar/data/828146/000110465921037332/tm216828d1_10k.htm,1620594451,17:07:31,20210509
1,2019-12-31,LINK,USD,2019-12-31,2019-12-31,FY,7305000.0,3995000.0,3310000.0,0.4531143052703628,916000.0,2608000.0,0.0,39000.0,0.0,7519000.0,0.0,443000.0,229000.0,0.03134839151266256,-214000.0,-0.029295003422313483,39000.0,-175000.0,-0.023956194387405885,282000.0,-457000.0,-0.06255989048596851,-0.07,-0.07,6543000.0,6581000.0,,,1620594451,17:07:31,20210509
2,2018-12-31,LINK,USD,2018-12-31,2018-12-31,FY,8904000.0,4000000.0,4904000.0,0.550763701707098,908000.0,3246000.0,0.0,0.0,4154000.0,0.0,0.0,155000.0,905000.0,0.10163971248876909,750000.0,0.08423180592991913,60000.0,810000.0,0.09097035040431267,0.0,622000.0,0.06985624438454627,0.08897,0.08897,6991000.0,6991000.0,,,1620594451,17:07:31,20210509
3,2017-12-31,LINK,USD,2017-12-31,2017-12-31,FY,11153000.0,4297000.0,6856000.0,0.6147224961893661,829000.0,3888000.0,0.0,-5000.0,0.0,9014000.0,0.0,190000.0,2329000.0,0.20882273827669684,2139000.0,0.19178696314892854,-5000.0,2134000.0,0.19133865327714517,874000.0,1260000.0,0.11297408768941092,0.17,0.17,7333000.0,7421000.0,,,1620594451,17:07:31,20210509
4,2016-12-31,LINK,USD,2017-03-02,2017-03-02,FY,11886000.0,4880000.0,7006000.0,0.5894329463234057,623000.0,3536000.0,0.0,40000.0,0.0,9039000.0,0.0,65000.0,2912000.0,0.24499411071849234,2847000.0,0.23952549217566885,40000.0,2887000.0,0.24289079589432946,-6000.0,2893000.0,0.24339559145212855,0.39,0.39,7327000.0,7407000.0,https://www.sec.gov/Archives/edgar/data/828146/000155837017001292/0001558370-17-001292-index.htm,https://www.sec.gov/Archives/edgar/data/828146/000155837017001292/link-20161231x10k.htm,1620594451,17:07:31,20210509
5,2015-12-31,LINK,USD,2015-12-31,2015-12-31,FY,10514000.0,4869000.0,5645000.0,0.5369031767167586,841000.0,3122000.0,0.0,3000.0,0.0,8832000.0,0.0,56000.0,1738000.0,0.1653034049838311,1682000.0,0.15997717329275252,3000.0,1686000.0,0.16035761841354385,-11000.0,1731000.0,0.16463762602244625,0.232,0.232,7325000.0,7380000.0,,,1620594451,17:07:31,20210509
6,2014-12-31,LINK,USD,2014-12-31,2014-12-31,FY,10278000.0,5200000.0,5078000.0,0.49406499318933644,811000.0,2719000.0,0.0,-16000.0,0.0,8730000.0,0.0,80000.0,1628000.0,0.15839657520918465,1548000.0,0.15061295971978983,-16000.0,1534000.0,0.14925082700914574,13000.0,1555000.0,0.1512940260751119,0.27,0.27,5852000.0,5852000.0,,,1620594451,17:07:31,20210509
7,2013-12-31,LINK,USD,2013-12-31,2013-12-31,FY,7551000.0,4360000.0,3191000.0,0.42259303403522713,660000.0,2595000.0,0.0,39000.0,0.0,7615000.0,0.0,124000.0,60000.0,0.007945967421533572,-64000.0,-0.008475698582969144,39000.0,-21000.0,-0.0027810885975367503,1000.0,12000.0,0.0015891934843067143,0.002049,0.002049,5856000.0,5856000.0,,,1620594451,17:07:31,20210509
8,2012-12-31,LINK,USD,2012-12-31,2012-12-31,FY,6413000.0,3238000.0,3175000.0,0.49508810229221895,968000.0,2280000.0,0.0,170000.0,0.0,6486000.0,0.0,143000.0,70000.0,0.010915328239513489,-73000.0,-0.011383128021206923,170000.0,104000.0,0.016217059098705754,2000.0,136000.0,0.021206923436769064,0.02,0.02,5848000.0,5848000.0,,,1620594451,17:07:31,20210509
9,2011-12-31,LINK,USD,2011-12-31,2011-12-31,FY,4990000.0,2900000.0,2090000.0,0.4188376753507014,1310000.0,2070000.0,0.0,0.0,3380000.0000000005,0.0,0.0,180000.0,-1110000.0,-0.22244488977955912,-1290000.0,-0.25851703406813625,120000.0,-1640000.0,-0.3286573146292585,0.0,-1610000.0,-0.3226452905811623,-0.2233,-0.2233,7210000.0,7210000.0,,,1620594451,17:07:31,20210509
10,2010-12-31,LINK,USD,2010-12-31,2010-12-31,FY,8030000.0,3530000.0,4510000.0,0.5616438356164384,1470000.0,4420000.0,0.0,0.0,5880000.000000001,0.0,0.0,300000.0,-1080000.0,-0.13449564134495642,-1380000.0,-0.1718555417185554,190000.0,-1190000.0,-0.14819427148194272,0.0,-1060000.0,-0.1320049813200498,-0.15252,-0.15252,6950000.0,6950000.0,,,1620594451,17:07:31,20210509
11,2009-12-31,LINK,USD,2009-12-31,2009-12-31,FY,9700000.0,5260000.0,4430000.0,0.45670103092783504,1790000.0,5540000.0,0.0,0.0,7330000.0,0.0,0.0,570000.0,-2320000.0,-0.23917525773195877,-2890000.0,-0.2979381443298969,-1270000.0,-4180000.0,-0.4309278350515464,0.0,-7810000.0,-0.8051546391752578,-1.13353,-1.13353,6890000.0,6890000.0,,,1620594451,17:07:31,20210509
12,2008-12-31,LINK,USD,2008-12-31,2008-12-31,FY,25600000.0,15390000.0,10200000.0,0.3984375,4100000.0,10630000.0,0.0,0.0,14730000.0,0.0,0.0,560000.0,-3970000.0,-0.155078125,-4530000.0,-0.176953125,1880000.0,-3310000.0,-0.129296875,0.0,-3310000.0,-0.129296875,-0.4811,-0.4811,6880000.0,6880000.0,,,1620594451,17:07:31,20210509
13,2007-12-31,LINK,USD,2007-12-31,2007-12-31,FY,19315000.0,13556000.0,5759000.0,0.2981620502200362,2970000.0,11259000.0,0.0,0.0,0.0,27785000.0,342000.0,627000.0,-7843000.0,-0.40605746828889466,-8470000.0,-0.4385192855293813,-775000.0,-9587000.0,-0.4963499870566917,39000.0,-5669000.0,-0.2935024592285788,-0.82,-0.82,6874500.0,6874500.0,,,1620594451,17:07:31,20210509
14,2006-12-31,LINK,USD,2006-12-31,2006-12-31,FY,36238000.0,25966000.0,10272000.0,0.283459352061372,5547000.0,16622000.0,0.0,0.0,0.0,48135000.0,0.0,555000.0,-11342000.0,-0.3129863679010983,-11897000.0,-0.32830178265908716,-14000.0,-11630000.0,-0.3209338263701087,126000.0,-11756000.0,-0.3244108394503008,-1.7,-1.7,6880500.0,6880500.0,,,1620594451,17:07:31,20210509
15,2005-12-31,LINK,USD,2005-12-31,2005-12-31,FY,38239000.0,30181000.0,8058000.0,0.2107272679724888,4586000.0,11733000.0,0.0,0.0,0.0,46500000.0,162000.0,989000.0,-7272000.0,-0.1901723371427077,-8261000.0,-0.21603598420460787,95000.0,-8194000.0,-0.2142838463348937,111000.0,-8305000.0,-0.2171866419100918,-1.22,-1.22,6860500.0,6860500.0,,,1620594451,17:07:31,20210509
16,2004-12-31,LINK,USD,2004-12-31,2004-12-31,FY,35407000.0,23548000.0,11859000.0,0.3349337701584432,4158000.0,10017000.0,0.0,0.0,0.0,37723000.0,0.0,609000.0,-1707000.0,-0.04821080577286977,-2316000.0,-0.06541079447566865,17000.0,-2284000.0,-0.06450701838619483,0.0,-2284000.0,-0.06450701838619483,-0.38,-0.38,5986000.0,5986000.0,,,1620594451,17:07:31,20210509
17,2003-12-31,LINK,USD,2003-12-31,2003-12-31,FY,31042000.0,18362000.0,12680000.0,0.40847883512660266,3418000.0,8172000.0,0.0,0.0,0.0,29952000.0,44000.0,593000.0,1683000.0,0.05421686746987952,1090000.0,0.035113716899684295,48000.0,1094000.0,0.03524257457638039,28000.0,1066000.0,0.03434057083950776,0.2,0.18,5169500.0,5681000.0,,,1620594451,17:07:31,20210509
18,2002-12-31,LINK,USD,2002-12-31,2002-12-31,FY,25043000.0,17127000.0,7916000.0,0.3160963143393363,3337000.0,7456000.0,0.0,0.0,0.0,27920000.0,132000.0,805000.0,-2072000.0,-0.08273769117118555,-2877000.0,-0.11488240226809887,-22000.0,-2963000.0,-0.11831649562752067,1301000.0,-4264000.0,-0.17026714051830852,-0.88,-0.88,4883000.0,4883000.0,,,1620594451,17:07:31,20210509
19,2001-12-31,LINK,USD,2001-12-31,2001-12-31,FY,25265000.0,16454000.0,8811000.0,0.348743320799525,3518000.0,8278000.0,0.0,0.0,0.0,28250000.0,0.0,773000.0,-2212000.0,-0.08755194933702751,-2985000.0,-0.11814763506827627,45000.0,-2778000.0,-0.1099544824856521,-764000.0,-2014000.0,-0.07971502077973482,-0.42,-0.42,4822500.0,4822500.0,,,1620594451,17:07:31,20210509
20,2000-12-31,LINK,USD,2000-12-31,2000-12-31,FY,33870000.0,18765000.0,15105000.0,0.44596988485385297,3222000.0,7612000.0,0.0,0.0,0.0,30287000.0,0.0,688000.0,4271000.0,0.1260997933274284,3583000.0,0.10578683200472394,-818000.0,2834000.0,0.08367286684381459,-274000.0,3108000.0,0.09176262178919398,0.7,0.56,4446000.0,5565000.0,,,1620594451,17:07:31,20210509
21,1999-12-31,LINK,USD,1999-12-31,1999-12-31,FY,28106000.0,17010000.0,11096000.0,0.3947911477976233,2225000.0,5799000.0,0.0,0.0,0.0,25664000.0,0.0,630000.0,3072000.0,0.10930050523019996,2442000.0,0.08688536255603786,-86000.0,2360000.0,0.08396783604924216,252000.0,2108000.0,0.07500177897957731,0.52,0.42,4008000.0,5007000.0,,,1620594451,17:07:31,20210509
22,1998-12-31,LINK,USD,1998-12-31,1998-12-31,FY,22100000.0,13500000.0,8600000.0,0.3891402714932127,1400000.0,5800000.0,0.0,0.0,0.0,21200000.0,100000.0,500000.0,1400000.0,0.06334841628959276,900000.0,0.04072398190045249,-400000.0,0.0,0.0,0.0,400000.0,0.01809954751131222,0.106667,0.106667,3909000.0,3909000.0,,,1620594451,17:07:31,20210509
23,1997-12-31,LINK,USD,1997-12-31,1997-12-31,FY,19200000.0,11100000.0,8100000.0,0.421875,0.0,7200000.0,0.0,0.0,0.0,19000000.0,0.0,700000.0,900000.0,0.046875,200000.0,0.010416666666666666,0.0,0.0,0.0,0.0,0.0,0.0,0.013333,0.013333,3573000.0,3765000.0,,,1620594451,17:07:31,20210509
24,1996-12-31,LINK,USD,1996-12-31,1996-12-31,FY,13500000.0,6400000.0,7100000.0,0.5259259259259259,1200000.0,4600000.0,0.0,0.0,0.0,12800000.0,100000.0,600000.0,1300000.0,0.0962962962962963,700000.0,0.05185185185185185,0.0,0.0,0.0,0.0,500000.0,0.037037037037037035,0.16,0.16,3290250.0,3290250.0,,,1620594451,17:07:31,20210509
25,1995-12-31,LINK,USD,1995-12-31,1995-12-31,FY,10700000.0,4900000.0,5800000.0,0.5420560747663551,0.0,5400000.0,0.0,0.0,0.0,10700000.0,100000.0,400000.0,300000.0,0.028037383177570093,0.0,0.0,100000.0,0.0,0.0,0.0,200000.0,0.018691588785046728,0.06,0.04,3333333.0,3333333.0,,,1620594451,17:07:31,20210509
26,1994-12-31,LINK,USD,1994-12-31,1994-12-31,FY,7800000.0,3800000.0,4000000.0,0.5128205128205128,0.0,4900000.0,0.0,0.0,0.0,9000000.0,0.0,300000.0,-900000.0,-0.11538461538461539,-1200000.0,-0.15384615384615385,0.0,0.0,0.0,0.0,2300000.0,0.2948717948717949,0.64,0.64,3593750.0,3593750.0,,,1620594451,17:07:31,20210509
27,1993-12-31,LINK,USD,1993-12-31,1993-12-31,FY,4400000.0,2500000.0,1900000.0,0.4318181818181818,0.0,4800000.0,0.0,0.0,0.0,7500000.0,1200000.0,200000.0,-2900000.0,-0.6590909090909091,-3100000.0,-0.7045454545454546,200000.0,0.0,0.0,0.0,-3900000.0,-0.8863636363636364,-2.4,-2.4,2818500.0,2818500.0,,,1620594451,17:07:31,20210509
