,date,symbol,reportedCurrency,fillingDate,acceptedDate,period,revenue,costOfRevenue,grossProfit,grossProfitRatio,researchAndDevelopmentExpenses,generalAndAdministrativeExpenses,sellingAndMarketingExpenses,otherExpenses,operatingExpenses,costAndExpenses,interestExpense,depreciationAndAmortization,ebitda,ebitdaratio,operatingIncome,operatingIncomeRatio,totalOtherIncomeExpensesNet,incomeBeforeTax,incomeBeforeTaxRatio,incomeTaxExpense,netIncome,netIncomeRatio,eps,epsdiluted,weightedAverageShsOut,weightedAverageShsOutDil,link,finalLink,timestamp,est_time,est_date
0,2019-12-31,HGM.L,USD,2019-12-31,2019-12-31,FY,395386000.0,214283000.0,181103000.0,0.4580410029692503,0.0,16604000.0,304000.0,0.0,37166000.0,251449000.0,365000.0,48848000.0,192785000.0,0.4875868138983171,143937000.0,0.36404172125467266,0.0,158731000.0,0.4014583217412857,-19063000.0,177190000.0,0.44814434501980344,0.487,0.487,363839836,363839836,https://find-and-update.company-information.service.gov.uk/search/companies?q=Highland+Gold+Mining+Ltd,https://find-and-update.company-information.service.gov.uk/search/companies?q=Highland+Gold+Mining+Ltd,1620593068,16:44:28,20210509
1,2018-12-31,HGM.L,USD,2018-12-31,2018-12-31,FY,311153000.0,178222000.0,132931000.0,0.4272206920711033,0.0,14313000.0,237000.0,0.0,23149000.0,201371000.0,623000.0,42304000.0,152086000.0,0.48878204613164583,109782000.0,0.3528232091607666,0.0,108248000.0,0.34789315867113607,52164000.0,56040000.0,0.18010432166811827,0.154,0.154,363896103,363896103,https://find-and-update.company-information.service.gov.uk/search/companies?q=Highland+Gold+Mining+Ltd,https://find-and-update.company-information.service.gov.uk/search/companies?q=Highland+Gold+Mining+Ltd,1620593068,16:44:28,20210509
2,2017-12-31,HGM.L,USD,2017-12-31,2017-12-31,FY,316682000.0,189096000.0,127586000.0,0.40288364984432334,0.0,12497000.0,278000.0,0.0,24908000.0,214004000.0,1121000.0,49476000.0,152154000.0,0.48046305126278094,102678000.0,0.3242306162017418,0.0,100316000.0,0.31677202998591647,34461000.0,65275000.0,0.20612159832260754,0.201,0.201,324751244,324751244,https://find-and-update.company-information.service.gov.uk/search/companies?q=Highland+Gold+Mining+Ltd,https://find-and-update.company-information.service.gov.uk/search/companies?q=Highland+Gold+Mining+Ltd,1620593068,16:44:28,20210509
3,2016-12-31,HGM.L,USD,2016-12-31,2016-12-31,FY,305901000.0,183995000.0,121906000.0,0.3985145520936512,0.0,10967000.0,351000.0,0.0,28894000.0,212889000.0,2500000.0,60212000.0,153224000.0,0.5008940801108855,93012000.0,0.3040591563937352,0.0,66228000.0,0.21650141712514834,18319000.0,47235000.0,0.1544127021487344,0.145,0.145,325758621,325758621,https://find-and-update.company-information.service.gov.uk/search/companies?q=Highland+Gold+Mining+Ltd,https://find-and-update.company-information.service.gov.uk/search/companies?q=Highland+Gold+Mining+Ltd,1620593068,16:44:28,20210509
4,2015-12-31,HGM.L,USD,2015-12-31,2015-12-31,FY,276175000.0,199365000.0,76810000.0,0.27812075676654296,0.0,10240000.0,359000.0,0.0,18095000.0,217460000.0,3412000.0,72583000.0,131298000.0,0.4754159500316828,58715000.0,0.21260070607404724,0.0,13894000.0,0.05030868108988866,23913000.0,-10316000.0,-0.03735312754594007,-0.032,-0.032,322375000,322375000,https://find-and-update.company-information.service.gov.uk/search/companies?q=Highland+Gold+Mining+Ltd,https://find-and-update.company-information.service.gov.uk/search/companies?q=Highland+Gold+Mining+Ltd,1620593068,16:44:28,20210509
5,2014-12-31,HGM.L,USD,2014-12-31,2014-12-31,FY,304230000.0,228518000.0,75712000.0,0.2488643460539723,0.0,12731000.0,192000.0,0.0,21379000.0,249897000.0,1871000.0,59392000.0,113725000.0,0.3738125760115702,54333000.0,0.17859185484666207,0.0,45487000.0,0.14951516944417054,70330000.0,-24942000.0,-0.08198402524405878,-0.077,-0.077,323922078,323922078,https://find-and-update.company-information.service.gov.uk/search/companies?q=Highland+Gold+Mining+Ltd,https://find-and-update.company-information.service.gov.uk/search/companies?q=Highland+Gold+Mining+Ltd,1620593068,16:44:28,20210509
6,2013-12-31,HGM.L,USD,2013-12-31,2013-12-31,FY,304206000.0,203609000.0,100597000.0,0.3306871001886879,0.0,14504000.0,1560000.0,0.0,25024000.0,228633000.0,1620000.0,54645000.0,130218000.0,0.42805861817321156,75573000.0,0.24842705272085364,0.0,82061000.0,0.26975470569285287,27364000.0,54463000.0,0.1790332866544381,0.167,0.167,326125749,326125749,https://find-and-update.company-information.service.gov.uk/search/companies?q=Highland+Gold+Mining+Ltd,https://find-and-update.company-information.service.gov.uk/search/companies?q=Highland+Gold+Mining+Ltd,1620593068,16:44:28,20210509
7,2012-12-31,HGM.L,USD,2012-12-31,2012-12-31,FY,351828000.0,205570000.0,146258000.0,0.4157088122605364,0.0,12226000.0,2954000.0,0.0,20276000.0,225846000.0,0.0,36810000.0,162792000.0,0.4627033664176814,125982000.0,0.3580783792080221,0.0,153655000.0,0.43673329013040463,30673000.0,122902000.0,0.34932410154962085,0.378,0.378,325137566,325137566,https://find-and-update.company-information.service.gov.uk/search/companies?q=Highland+Gold+Mining+Ltd,https://find-and-update.company-information.service.gov.uk/search/companies?q=Highland+Gold+Mining+Ltd,1620593068,16:44:28,20210509
8,2011-12-31,HGM.L,USD,2011-12-31,2011-12-31,FY,300180631.4,145685996.3,154494635.1,0.5146722304482434,0.0,0.0,3262055.9,0.0,26185030.9,171871027.2,2427504.2,26820657.8,155130262.0,0.5167897118361515,128309604.2,0.4274413162554232,0.0,132092283.6,0.44004266026072464,28270633.1,103821650.5,0.3458639220518343,0.319,0.318,325197098,326487421,https://find-and-update.company-information.service.gov.uk/search/companies?q=Highland+Gold+Mining+Ltd,https://find-and-update.company-information.service.gov.uk/search/companies?q=Highland+Gold+Mining+Ltd,1620593068,16:44:28,20210509
9,2010-12-31,HGM.L,USD,2010-12-31,2010-12-31,FY,243629182.8,124263346.2,119365836.6,0.489948844502712,0.0,0.0,2046369.9,0.0,-41146596.0,83116750.2,2884019.4,20040960.0,180553392.6,0.7410992005346906,160512432.6,0.6588391043932033,0.0,144330923.1,0.5924205033289632,22002782.1,122328141.0,0.5021079149636256,0.376,0.374,325197000,326645000,https://find-and-update.company-information.service.gov.uk/search/companies?q=Highland+Gold+Mining+Ltd,https://find-and-update.company-information.service.gov.uk/search/companies?q=Highland+Gold+Mining+Ltd,1620593068,16:44:28,20210509
10,2009-12-31,HGM.L,USD,2009-12-31,2009-12-31,FY,164747557.9,101242193.5,63505364.4,0.38547074815243737,0.0,0.0,1453593.1,0.0,14209317.2,115451510.7,464050.3,15816515.8,65112563.0,0.39522627121139253,49296047.2,0.2992217173253771,0.0,87445185.8,0.5307828954470953,7049684.0,78843277.8,0.4785702368217016,0.242,0.241,325197000,327338000,https://find-and-update.company-information.service.gov.uk/search/companies?q=Highland+Gold+Mining+Ltd,https://find-and-update.company-information.service.gov.uk/search/companies?q=Highland+Gold+Mining+Ltd,1620593068,16:44:28,20210509
11,2008-12-31,HGM.L,USD,2008-12-31,2008-12-31,FY,149147612.4,104504819.4,44642793.0,0.29931952836276177,0.0,0.0,2150845.0,0.0,18656210.8,123161030.2,609527.6,13930184.6,39916766.8,0.267632623531022,25986582.2,0.17423398056354,0.0,-110719667.8,-0.7423495825267398,2881403.2,-232422498.0,-1.55833871062357,-0.72,-0.72,322691000,322691000,https://find-and-update.company-information.service.gov.uk/search/companies?q=Highland+Gold+Mining+Ltd,https://find-and-update.company-information.service.gov.uk/search/companies?q=Highland+Gold+Mining+Ltd,1620593068,16:44:28,20210509
12,2007-12-31,HGM.L,USD,2007-12-31,2007-12-31,FY,112099929.5,77328573.2,34771356.3,0.3101817856183397,0.0,0.0,2511632.7,0.0,14993503.6,92322076.8,1076127.2,11753075.8,31530928.5,0.28127518581534877,19777852.7,0.1764305543118116,0.0,16270400.8,0.1451419360616101,4704041.1,17448920.7,0.15565505507298288,0.088,0.086,198660000,202238000,https://find-and-update.company-information.service.gov.uk/search/companies?q=Highland+Gold+Mining+Ltd,https://find-and-update.company-information.service.gov.uk/search/companies?q=Highland+Gold+Mining+Ltd,1620593068,16:44:28,20210509
13,2006-12-31,HGM.L,USD,2006-12-31,2006-12-31,FY,91980605.0,66186769.6,25793835.4,0.2804268943436499,0.0,0.0,1843538.7,666000.0,14795428.8,80982198.4,4215205.1,8283162.7,19281569.3,0.2096264674493063,10998406.6,0.11957310565635004,0.0,25140056.5,0.2733191035218783,11510827.9,-96655222.3,-1.050821771611526,-0.597,-0.597,161586100,161586100,https://find-and-update.company-information.service.gov.uk/search/companies?q=Highland+Gold+Mining+Ltd,https://find-and-update.company-information.service.gov.uk/search/companies?q=Highland+Gold+Mining+Ltd,1620593068,16:44:28,20210509
14,2005-12-31,HGM.L,USD,2005-12-31,2005-12-31,FY,75954685.6,70038573.9,5916111.7,0.07789001630730205,0.0,13670000.0,0.0,0.0,13669503.8,83708077.7,6803786.5,8639346.6,885954.5,0.011664250770067042,-7753392.1,-0.10207918101105273,0.0,-14063452.5,-0.18515582533067587,-2232949.4,-11830503.1,-0.1557573835839826,-0.077,-0.077,153012018,153012018,https://find-and-update.company-information.service.gov.uk/search/companies?q=Highland+Gold+Mining+Ltd,https://find-and-update.company-information.service.gov.uk/search/companies?q=Highland+Gold+Mining+Ltd,1620593068,16:44:28,20210509
15,2004-12-31,HGM.L,USD,2004-12-31,2004-12-31,FY,81300482.8,51330066.5,29970416.3,0.3686376177338027,0.0,11468000.0,0.0,0.0,11360487.5,62690554.0,5789497.8,6762148.9,25372077.700000003,0.31207782323280375,18609928.8,0.22890305394348778,0.0,14096673.0,0.17338978213300352,9132865.1,4963807.9,0.061055085148891644,4.2,4.2,120351004,120351004,https://find-and-update.company-information.service.gov.uk/search/companies?q=Highland+Gold+Mining+Ltd,https://find-and-update.company-information.service.gov.uk/search/companies?q=Highland+Gold+Mining+Ltd,1620593068,16:44:28,20210509
16,2003-12-31,HGM.L,USD,2003-12-31,2003-12-31,FY,71577178.2,35399524.5,36177653.7,0.5054355956714707,0.0,8286000.0,0.0,3260000.0,8286362.1,43685886.6,3846028.5,4372515.0,32263806.6,0.4507554979304842,27891291.6,0.38966738143918617,0.0,24632429.4,0.3441380342093452,6583758.3,18048671.1,0.2521567845210193,16.33,16.33,110525821,110525821,https://find-and-update.company-information.service.gov.uk/search/companies?q=Highland+Gold+Mining+Ltd,https://find-and-update.company-information.service.gov.uk/search/companies?q=Highland+Gold+Mining+Ltd,1620593068,16:44:28,20210509
17,2002-12-31,HGM.L,USD,2002-12-31,2002-12-31,FY,27419816.8,15329467.8,12090349.0,0.44093471113198685,0.0,0.0,0.0,0.0,3478993.9,18808461.7,1250892.3,1730642.5,10341997.6,0.37717238139971815,8611355.1,0.3140558947862846,0.0,9434014.0,0.34405824330671675,2337574.8,7096439.2,0.2588069516204791,0.069,0.069,102117000,102117000,https://find-and-update.company-information.service.gov.uk/search/companies?q=Highland+Gold+Mining+Ltd,https://find-and-update.company-information.service.gov.uk/search/companies?q=Highland+Gold+Mining+Ltd,1620593068,16:44:28,20210509
