,date,symbol,reportedCurrency,fillingDate,acceptedDate,period,revenue,costOfRevenue,grossProfit,grossProfitRatio,researchAndDevelopmentExpenses,generalAndAdministrativeExpenses,sellingAndMarketingExpenses,otherExpenses,operatingExpenses,costAndExpenses,interestExpense,depreciationAndAmortization,ebitda,ebitdaratio,operatingIncome,operatingIncomeRatio,totalOtherIncomeExpensesNet,incomeBeforeTax,incomeBeforeTaxRatio,incomeTaxExpense,netIncome,netIncomeRatio,eps,epsdiluted,weightedAverageShsOut,weightedAverageShsOutDil,link,finalLink,timestamp,est_time,est_date
0,2020-06-30,M7T.AX,AUD,2020-06-30,2020-06-30,FY,18862201.0,0.0,18862201.0,1.0,0.0,11439396.0,360452.0,212655.0,19765995.0,0.0,43695.0,3865446.0,2961652.0,0.1570151860856535,-903794.0,-0.0479156170586879,190616.0,-594687.0,-0.03152797491660703,-763980.0,169293.0,0.008975251615651852,0.001188020977598675,0.001188020977598675,142500009.0,142500009.0,,,1620594699,17:11:39,20210509
1,2019-06-30,M7T.AX,AUD,2019-06-30,2019-06-30,FY,9347146.0,0.0,9347146.0,1.0,0.0,9906874.0,526425.0,31714.0,16851062.0,0.0,45246.0,3707228.0,-3796688.0,-0.4061868724421337,-7503916.0,-0.8028029090376891,-301209.0,-7822709.0,-0.836908827571539,-763980.0,-7058729.0,-0.7551747881117937,-0.04958,-0.04958,142500009.0,142500009.0,,,1620594699,17:11:39,20210509
2,2018-06-30,M7T.AX,AUD,2018-06-30,2018-06-30,FY,8644345.0,0.0,8644345.0,1.0,0.0,10772979.0,499029.0,446982.0,16432956.0,0.0,11348.0,3700467.0,-4088144.0,-0.4729269829003817,-7788611.0,-0.9010064961544223,446982.0,-7316206.0,-0.8463574741637452,-2362810.0,-4953396.0,-0.5730215533970474,-0.037914,-0.037914,129985751.0,129985751.0,,,1620594699,17:11:39,20210509
3,2017-06-30,M7T.AX,AUD,2017-06-30,2017-06-30,FY,10268931.0,0.0,10268931.0,1.0,0.0,11552103.0,847724.0,-169912.0,21210466.0,0.0,239578.0,6262660.0,-4678875.0,-0.4556340869366052,-10941535.0,-1.065498930706614,-11714970.0,-22854395.0,-2.225586577609685,-5195297.0,-17659098.0,-1.7196627380201503,-0.158461,-0.158461,111590251.0,111590251.0,,,1620594699,17:11:39,20210509
4,2016-06-30,M7T.AX,AUD,2016-06-30,2016-06-30,FY,1858855.0,472603.0,1386252.0,0.7457558550828333,0.0,3550600.0,499386.0,-128917.0,7239209.0,0.0,164657.0,1815939.0,-4037018.0,-2.1717767120081986,-5852957.0,-3.1486893813664865,-8567691.0,-14563297.0,-7.834552452988533,0.0,-14563297.0,-7.834552452988533,-0.272202,-0.272202,53933537.0,53933537.0,,,1620594699,17:11:39,20210509
5,2015-06-30,M7T.AX,AUD,2015-06-30,2015-06-30,FY,143878.0,133889.0,9989.0,0.06942687554733872,0.0,361811.0,9425.0,-595361.0,1522394.0,0.0,887.0,7624.0,-1504781.0,-10.458728923115418,-1512405.0,-10.511718261304717,-5419720.0,-6909809.0,-48.02547297015527,0.0,-6909809.0,-48.02547297015527,-0.349975,-0.349975,19743742.0,19743742.0,,,1620594699,17:11:39,20210509
6,2014-06-30,M7T.AX,AUD,2014-06-30,2014-06-30,FY,0.0,0.0,0.0,0.0,0.0,89136.0,0.0,0.0,304765.0,0.0,727.0,0.0,-301545.0,0.0,-304765.0,0.0,0.0,-302272.0,0.0,0.0,-302272.0,0.0,-0.048608,-0.048608,5759910.0,5759910.0,,,1620594699,17:11:39,20210509
7,2013-06-30,M7T.AX,AUD,2013-06-30,2013-06-30,FY,0.0,0.0,0.0,0.0,0.0,53707.0,0.0,2492.0,954306.0,0.0,447.0,0.0,-938366.0,0.0,-954306.0,0.0,2492.0,-938813.0,0.0,0.0,-938813.0,0.0,-0.233316,-0.233316,4078123.0,4078123.0,,,1620594699,17:11:39,20210509
8,2012-06-30,M7T.AX,AUD,2012-06-30,2012-06-30,FY,0.0,0.0,0.0,0.0,0.0,75045.0,0.0,0.0,495599.0,0.0,529.0,0.0,-423145.0,0.0,-495599.0,0.0,0.0,-423674.0,0.0,0.0,-423674.0,0.0,-0.106937,-0.106937,4078123.0,4078123.0,,,1620594699,17:11:39,20210509
9,2011-06-30,M7T.AX,AUD,2011-06-30,2011-06-30,FY,15766.0,5755.0,10011.0,0.6349739946720792,0.0,214237.0,0.0,1834689.0,371887.0,0.0,1851.0,0.0,1501559.0,95.24032728656603,-361876.0,-22.952936699226182,1702547.0,1367566.0,86.74146898388938,0.0,1367566.0,86.74146898388938,0.680506,0.680506,2009630.0,2009630.0,,,1620594699,17:11:39,20210509
10,2010-06-30,M7T.AX,AUD,2010-06-30,2010-06-30,FY,55735.0,43548.0,12187.0,0.21865972907508746,0.0,806994.0,0.0,0.0,845408.0,0.0,145757.0,0.0,-833221.0,-14.949690499686014,-833221.0,-14.949690499686014,-2028409.0,-3007387.0,-53.958679465326995,0.0,-3781263.0,-67.84359917466583,-23.720502,-23.720502,159298.0,159298.0,,,1620594699,17:11:39,20210509
11,2009-06-30,M7T.AX,AUD,2009-06-30,2009-06-30,FY,2132626.0,2066161.0,66465.0,0.0311658021612791,0.0,1637576.0,860218.0,189226.0,2497794.0,0.0,211970.0,0.0,-2238074.0,-1.0494451441556092,-2431329.0,-1.1400634710446182,-961180.0,-3600450.0,-1.6882707047555454,-64703.0,-3160205.0,-1.481837415468066,-20.366579,-20.366579,155173.0,155173.0,,,1620594699,17:11:39,20210509
12,2008-06-30,M7T.AX,AUD,2008-06-30,2008-06-30,FY,4777000.0,3494000.0,1283000.0,0.268578605819552,0.0,2718000.0,131000.0,38000.0,2849000.0,0.0,90000.0,0.0,-1516000.0,-0.3173539878584886,-1566000.0,-0.3278208080385179,-2806000.0,-4450000.0,-0.9315469960226084,-32000.0,-4418000.0,-0.9248482311073896,-21.873414,-21.873414,195886.0,195886.0,,,1620594699,17:11:39,20210509
13,2007-06-30,M7T.AX,AUD,2007-06-30,2007-06-30,FY,857000.0,358000.0,499000.0,0.5822637106184364,33000.0,1751000.0,0.0,245000.0,2259000.0,0.0,178000.0,0.0,-1470000.0,-1.7152858809801634,-1760000.0,-2.0536756126021003,245000.0,-1648000.0,-1.9229871645274212,-129000.0,-1519000.0,-1.7724620770128354,-12.885664,-12.885664,120112.0,120112.0,,,1620594699,17:11:39,20210509
14,2006-06-30,M7T.AX,AUD,2006-06-30,2006-06-30,FY,69000.0,0.0,69000.0,1.0,56698.0,324000.0,0.0,0.0,1695000.0,0.0,1000.0,8000.0,-1618000.0,-23.44927536231884,-1626000.0,-23.565217391304348,0.0,-1627000.0,-23.579710144927535,-104000.0,-1523000.0,-22.07246376811594,-16.532377,-16.532377,92111.0,92111.0,,,1620594699,17:11:39,20210509
15,2005-06-30,M7T.AX,AUD,2005-06-30,2005-06-30,FY,0.0,0.0,0.0,0.0,0.0,0.0,0.0,0.0,0.0,0.0,0.0,0.0,0.0,0.0,0.0,0.0,0.0,0.0,0.0,0.0,0.0,0.0,0.0,0.0,113885.0,113885.0,,,1620594699,17:11:39,20210509
