,date,symbol,reportedCurrency,fillingDate,acceptedDate,period,revenue,costOfRevenue,grossProfit,grossProfitRatio,researchAndDevelopmentExpenses,generalAndAdministrativeExpenses,sellingAndMarketingExpenses,otherExpenses,operatingExpenses,costAndExpenses,interestExpense,depreciationAndAmortization,ebitda,ebitdaratio,operatingIncome,operatingIncomeRatio,totalOtherIncomeExpensesNet,incomeBeforeTax,incomeBeforeTaxRatio,incomeTaxExpense,netIncome,netIncomeRatio,eps,epsdiluted,weightedAverageShsOut,weightedAverageShsOutDil,link,finalLink,timestamp,est_time,est_date
0,2020-12-31,FPI,USD,2021-03-19,2021-03-19 10:34:49,FY,50689000.0,10737000.0,39952000.0,0.7881788948292529,0.0,9638000.0,0.0,-111000.0,17612000.0,28349000.0,17677000.0,7972000.0,30312000.0,0.5979995659807847,22340000.0,0.44072678490402256,2867000.0,7530000.0,0.14855294048018308,0.0,7119000.0,0.14044467241413325,-0.18,-0.18,29376000.0,29376000.0,https://www.sec.gov/Archives/edgar/data/1591670/000155837021003254/0001558370-21-003254-index.htm,https://www.sec.gov/Archives/edgar/data/1591670/000155837021003254/fpi-20201231x10k.htm,1620592218,16:30:18,20210509
1,2019-12-31,FPI,USD,2020-03-13,2020-03-13 09:30:22,FY,53564000.0,8824000.0,44740000.0,0.8352624897319095,0.0,10073000.0,0.0,260000.0,18397000.0,27221000.0,19588000.0,0.0,34923000.0,0.6519864087820177,26343000.0,0.4918041968486297,8095000.0,14850000.0,0.27723844373086404,0.0,13886000.0,0.2592412814576955,0.04,0.04,30169000.0,30169000.0,https://www.sec.gov/Archives/edgar/data/1591670/000155837020002626/0001558370-20-002626-index.htm,https://www.sec.gov/Archives/edgar/data/1591670/000155837020002626/fpi-20191231x10k.htm,1620592218,16:30:18,20210509
2,2018-12-31,FPI,USD,2019-03-15,2019-03-14 18:19:51,FY,56069000.0,7834000.0,48235000.0,0.8602792987212184,0.0,9807000.0,0.0,264000.0,18362000.0,26196000.0,18799000.0,0.0,38681000.0,0.6898821095435981,29873000.0,0.5327899552337299,2966000.0,14040000.0,0.2504057500579643,0.0,12254000.0,0.21855214111184434,-0.01,-0.01,32162000.0,32162000.0,https://www.sec.gov/Archives/edgar/data/1591670/000155837019002049/0001558370-19-002049-index.htm,https://www.sec.gov/Archives/edgar/data/1591670/000155837019002049/fpi-20181231x10k.htm,1620592218,16:30:18,20210509
3,2017-12-31,FPI,USD,2018-03-05,2018-03-02 17:42:14,FY,46219000.0,5897000.0,40322000.0,0.8724117787057271,0.0,8711000.0,0.0,391000.0,16864000.0,22761000.0,13561000.0,0.0,31641000.0,0.6845885891083754,23458000.0,0.5075401890997209,-739000.0,9158000.0,0.19814362058893528,0.0,7914000.0,0.17122828274086416,0.03,0.03,31046000.0,31046000.0,https://www.sec.gov/Archives/edgar/data/1591670/000155837018001471/0001558370-18-001471-index.htm,https://www.sec.gov/Archives/edgar/data/1591670/000155837018001471/fpi-20171231x10k.htm,1620592218,16:30:18,20210509
4,2016-12-31,FPI,USD,2017-02-23,2017-02-23 16:09:36,FY,31001000.0,2379000.0,28622000.0,0.9232605399825812,0.0,8470000.0,0.0,337000.0,10469000.0,12848000.0,9959000.0,0.0,20044000.0,0.6465597883939228,18153000.0,0.5855617560723848,-2184000.0,6010000.0,0.19386471404148253,11000.0,4302000.0,0.1387697171058998,0.09,0.09,13204000.0,13204000.0,https://www.sec.gov/Archives/edgar/data/1591670/000155837017000878/0001558370-17-000878-index.htm,https://www.sec.gov/Archives/edgar/data/1591670/000155837017000878/fpi-20161231x10k.htm,1620592218,16:30:18,20210509
5,2015-12-31,FPI,USD,2016-03-15,2016-03-15 16:55:17,FY,13756147.0,1103658.0,12652489.0,0.9197698308981432,0.0,5282465.0,0.0,98366.0,6175774.0,7279432.0,4616434.0,0.0,7468390.0,0.5429129246728753,6476715.0,0.47082333447003727,-161612.0,1698669.0,0.12348435939220481,9951.0,1227214.0,0.08921204462266942,0.12758607855478393,0.1274544066453338,9618714.0,9628651.0,https://www.sec.gov/Archives/edgar/data/1591670/000155837016004168/0001558370-16-004168-index.htm,https://www.sec.gov/Archives/edgar/data/1591670/000155837016004168/fpi-20151231x10k.htm,1620592218,16:30:18,20210509
6,2014-12-31,FPI,USD,2015-03-03,2015-03-02 21:36:52,FY,4218125.0,248643.0,3969482.0,0.941053667209957,0.0,2890765.0,0.0,144020.0,3219341.0,3467984.0,1372162.0,0.0,1078717.0,0.2557337679656245,750141.0,0.177837546303156,-49276.0,-671297.0,-0.15914582901170543,0.0,-568192.0,-0.13470250407467774,-0.15,-0.15,4264906.0,4264906.0,https://www.sec.gov/Archives/edgar/data/1591670/000155837015000260/0001558370-15-000260-index.htm,https://www.sec.gov/Archives/edgar/data/1591670/000155837015000260/fpi-20141231x10k.htm,1620592218,16:30:18,20210509
7,2013-12-31,FPI,USD,2013-12-31,2013-12-31,FY,2350025.0,26802.0,2323223.0,0.9885950149466495,0.0,793448.0,0.0,0.0,0.0,973302.0,1342294.0,148547.0,1525270.0,0.6490441591046904,1376723.0,0.5858333421984873,-257.0,34172.0,0.01454112190295848,0.0,34172.0,0.01454112190295848,0.008513,0.008513,4014283.0,4014283.0,,,1620592218,16:30:18,20210509
8,2012-12-31,FPI,USD,2012-12-31,2012-12-31,FY,2123116.0,185621.0,1937495.0,0.9125714280331362,0.0,50050.0,0.0,0.0,0.0,360247.0,1161978.0,0.0,1887445.0,0.8889975865661603,1762869.0,0.8303215650958309,-14539.0,586352.0,0.2761752066302548,0.0,586352.0,0.2761752066302548,0.146066,0.146066,4014283.0,4014283.0,,,1620592218,16:30:18,20210509
