,date,symbol,reportedCurrency,fillingDate,acceptedDate,period,revenue,costOfRevenue,grossProfit,grossProfitRatio,researchAndDevelopmentExpenses,generalAndAdministrativeExpenses,sellingAndMarketingExpenses,otherExpenses,operatingExpenses,costAndExpenses,interestExpense,depreciationAndAmortization,ebitda,ebitdaratio,operatingIncome,operatingIncomeRatio,totalOtherIncomeExpensesNet,incomeBeforeTax,incomeBeforeTaxRatio,incomeTaxExpense,netIncome,netIncomeRatio,eps,epsdiluted,weightedAverageShsOut,weightedAverageShsOutDil,link,finalLink,timestamp,est_time,est_date
0,2017-12-31,NSM,USD,2018-03-02 00:00:00,2018-03-02 17:09:48,FY,1516000000,0.0,0.0,0.0,0.0,1475000000,0.0,3000000.0,0.0,0.0,731000000,489000000.0,0.0,0.0,0.0,0.029023746701846966,0.0,44000000.0,0.029023746701846966,13000000.0,30000000.0,0.01978891820580475,0.31,0.3,97696000,98803000,https://www.sec.gov/Archives/edgar/data/1520566/000152056618000004/0001520566-18-000004-index.html,https://www.sec.gov/Archives/edgar/data/1520566/000152056618000004/nsmhinc1231201710-k.htm,1620595840,17:30:40,20210509
1,2016-12-31,NSM,USD,2017-03-09 00:00:00,2017-03-09 14:14:25,FY,1675000000,0.0,0.0,0.0,0.0,1644000000,0.0,-2000000.0,0.0,0.0,665000000,547000000.0,576000000.0,0.34388059701492535,29000000.0,0.017313432835820895,0.0,29000000.0,0.017313432835820895,13000000.0,19000000.0,0.011343283582089553,0.19044755174660452,0.1887823538178747,99765000,100645000,https://www.sec.gov/Archives/edgar/data/1520566/000152056617000025/0001520566-17-000025-index.html,https://www.sec.gov/Archives/edgar/data/1520566/000152056617000025/nsmhinc201610-k.htm,1620595840,17:30:40,20210509
2,2015-12-31,NSM,USD,2016-03-01 00:00:00,2016-03-01 17:30:01,FY,1733517000,0.0,0.0,0.0,0.0,1687579000,0.0,8237000.0,0.0,0.0,605223000,513300000.0,567478000.0,0.3273564666513221,54178000.0,0.031253226821542565,0.0,54175000.0,0.031251496235687334,11012000.0,38779000.0,0.022370129626649176,0.37602,0.26,103138250,103505750,https://www.sec.gov/Archives/edgar/data/1520566/000162828016012098/0001628280-16-012098-index.html,https://www.sec.gov/Archives/edgar/data/1520566/000162828016012098/nsmhinc-1231201510xk.htm,1620595840,17:30:40,20210509
3,2014-12-31,NSM,USD,2015-02-27,2015-02-27 17:31:32,FY,1638677000,0.0,0.0,0.0,0.0,1325438000,0.0,0.0,0.0,0.0,516387000,40166000.0,326050000.0,0.198971487364502,285884000.0,0.1744602505557837,0.0,285884000.0,0.1744602505557837,64860000.0,220718000.0,0.134692804012017,2.47,2.45,89521000,90020000,https://www.sec.gov/Archives/edgar/data/1520566/000152056615000009/0001520566-15-000009-index.htm,https://www.sec.gov/Archives/edgar/data/1520566/000152056615000009/nsmhinc-1231201410xk.htm,1620595840,17:30:40,20210509
4,2013-12-31,NSM,USD,2014-02-28,2014-02-27 21:53:50,FY,1735216000,0.0,0.0,0.0,0.0,1358117000,0.0,0.0,0.0,0.0,538805000,26615000.0,372869000.0,0.21488333440908797,346254000.0,0.19954518630533605,0.0,346254000.0,0.19954518630533605,129200000.0,217054000.0,0.12508759716369605,2.43,2.4,89415000,90268000,https://www.sec.gov/Archives/edgar/data/1520566/000152056614000006/0001520566-14-000006-index.htm,https://www.sec.gov/Archives/edgar/data/1520566/000152056614000006/nsmhinc-1231201310xk.htm,1620595840,17:30:40,20210509
5,2012-12-31,NSM,USD,2013-03-15 00:00:00,2013-03-15 16:33:50,FY,870335000,0.0,0.0,0.0,0.0,547220000,12822000.0,0.0,0.0,0.0,197308000,9620000.0,286203000.0,0.32884234231646436,276583000.0,0.31778912717516816,0.0,276583000.0,0.31778912717516816,71296000.0,205287000.0,0.23587124498038112,2.41,2.4,85328000,85524000,https://www.sec.gov/Archives/edgar/data/1520566/000152056613000021/0001520566-13-000021-index.html,https://www.sec.gov/Archives/edgar/data/1520566/000152056613000021/nsmhinc-1231201210xk.htm,1620595840,17:30:40,20210509
6,2011-12-31,NSM,USD,2011-12-31,2011-12-31,FY,327070000,0.0,0.0,0.0,0.0,240569000,10127000.0,0.0,0.0,0.0,105375000,4063000.0,24950000.0,0.07628336441740301,20887000.0,0.06386094719784756,0.0,0.0,0.0,0.0,20887000.0,0.06386094719784756,0.0,0.0,86666667,86666667,,,1620595840,17:30:40,20210509
7,2010-12-31,NSM,USD,2010-12-31,2010-12-31,FY,244160000,0.0,0.0,0.0,0.0,208028000,0.0,0.0,0.0,0.0,116163000,2117000.0,25301000.0,0.10362467234600262,23184000.0,0.09495412844036698,0.0,0.0,0.0,0.0,-9914000.0,-0.04060452162516383,0.0,0.0,89293000,89942000,,,1620595840,17:30:40,20210509
8,2009-12-31,NSM,USD,2009-12-31,2009-12-31,FY,61504000,0.0,0.0,0.0,0.0,121183000,0.0,0.0,0.0,0.0,69883000,1767000.0,-79096000.0,-1.2860301768990634,-80863000.0,-1.314760015608741,0.0,0.0,0.0,0.0,-80877000.0,-1.3149876430801248,0.0,0.0,89293000,89942000,,,1620595840,17:30:40,20210509
