,date,symbol,reportedCurrency,fillingDate,acceptedDate,period,revenue,costOfRevenue,grossProfit,grossProfitRatio,researchAndDevelopmentExpenses,generalAndAdministrativeExpenses,sellingAndMarketingExpenses,otherExpenses,operatingExpenses,costAndExpenses,interestExpense,depreciationAndAmortization,ebitda,ebitdaratio,operatingIncome,operatingIncomeRatio,totalOtherIncomeExpensesNet,incomeBeforeTax,incomeBeforeTaxRatio,incomeTaxExpense,netIncome,netIncomeRatio,eps,epsdiluted,weightedAverageShsOut,weightedAverageShsOutDil,link,finalLink,timestamp,est_time,est_date
0,2020-12-31,OBCI,USD,2021-03-29,2021-03-29 16:06:15,FY,55561169.0,32059747.0,23501422.0,0.42298285696616644,0.0,0.0,11337860.0,0.0,11337860.0,43397607.0,132466.0,1373337.0,13536899.0,0.243639564171157,12163562.0,0.21892199568371212,201210.0,12232306.0,0.22015926266778152,2615623.0,9616683.0,0.1730828053671801,1.0240030521982983,1.0240030521982983,9391264.0,9391264.0,https://www.sec.gov/Archives/edgar/data/350737/000121390021018281/0001213900-21-018281-index.htm,https://www.sec.gov/Archives/edgar/data/350737/000121390021018281/f10k2020_oceanbiochem.htm,1620596005,17:33:25,20210509
1,2019-12-31,OBCI,USD,2020-03-30,2020-03-27 17:39:48,FY,42259487.0,26659427.0,15600060.0,0.369149298949133,0.0,0.0,10986700.0,0.0,10986700.0,37646127.0,0.0,1289531.0,5902891.0,0.13968203163469542,4613360.0,0.10916743972779414,0.0,4494718.0,0.1063599754535591,996004.0,3498714.0,0.08279120851609012,0.37254985058454326,0.372226029780091,9391264.0,9399434.0,https://www.sec.gov/Archives/edgar/data/350737/000121390020007739/0001213900-20-007739-index.htm,https://www.sec.gov/Archives/edgar/data/350737/000121390020007739/f10k2019_oceanbiochem.htm,1620596005,17:33:25,20210509
2,2018-12-31,OBCI,USD,2019-03-29,2019-03-29 11:36:02,FY,41799545.0,27402356.0,14397189.0,0.3444341080746214,0.0,0.0,10689016.0,0.0,10689016.0,38091372.0,0.0,1175267.0,4883440.0,0.11682997984786676,3708173.0,0.08871323838572884,0.0,3586279.0,0.08579708224096698,791030.0,2795249.0,0.06687271356661896,0.3012163314321577,0.29994828901451137,9279872.0,9319103.0,https://www.sec.gov/Archives/edgar/data/350737/000121390019005188/0001213900-19-005188-index.htm,https://www.sec.gov/Archives/edgar/data/350737/000121390019005188/f10k2018_oceanbiochem.htm,1620596005,17:33:25,20210509
3,2017-12-31,OBCI,USD,2018-03-30,2018-03-30 15:19:46,FY,38933458.0,24436780.0,14496678.0,0.3723449892377913,0.0,7297538.0,10821248.0,0.0,10821248.0,35258028.0,2065.0,955161.0,4630591.0,0.1189360318315419,3675430.0,0.094402865525071,0.0,3677495.0,0.09445590473879818,1073961.0,2603534.0,0.0668713783399358,0.2832875375023299,0.2813474937112335,9190429.0,9253802.0,https://www.sec.gov/Archives/edgar/data/350737/000121390018003739/0001213900-18-003739-index.htm,https://www.sec.gov/Archives/edgar/data/350737/000121390018003739/f10k2017_oceanbiochem.htm,1620596005,17:33:25,20210509
4,2016-12-31,OBCI,USD,2017-03-31,2017-03-31 16:28:35,FY,36205444.0,22331761.0,13873683.0,0.3831932844132501,0.0,7660377.0,10777541.0,0.0,10777541.0,33109302.0,17820.0,974587.0,4070729.0,0.11243416873992762,3096142.0,0.08551592406931952,0.0,3078322.0,0.08502373289497568,983151.0,2095171.0,0.0578689492110634,0.2312559451106108,0.22982145810965504,9059966.0,9116516.0,https://www.sec.gov/Archives/edgar/data/350737/000121390017003152/0001213900-17-003152-index.htm,https://www.sec.gov/Archives/edgar/data/350737/000121390017003152/f10k2016_oceanbiochem.htm,1620596005,17:33:25,20210509
5,2015-12-31,OBCI,USD,2016-03-30,2016-03-30 14:20:55,FY,33987487.0,22647516.0,11339971.0,0.3336513523344636,0.0,7579682.0,10590440.0,-12522.0,10590440.0,33237956.0,33639.0,916317.0,1665848.0,0.04901356784630767,749531.0,0.02205314561797405,-12522.0,703370.0,0.020694969298553904,242676.0,460694.0,0.013554812098935116,0.051528349405906296,0.0510345175962263,8940593.0,9027106.0,https://www.sec.gov/Archives/edgar/data/350737/000121390016012017/0001213900-16-012017-index.htm,https://www.sec.gov/Archives/edgar/data/350737/000121390016012017/f10k2015_oceanbiochem.htm,1620596005,17:33:25,20210509
6,2014-12-31,OBCI,USD,2015-03-31,2015-03-31 13:22:53,FY,33926988.0,21797093.0,12129895.0,0.3575293804448541,0.0,6540961.0,9106639.0,0.0,9106639.0,30903732.0,43454.0,843116.0,3866372.0,0.11396154589378815,3023256.0,0.08911065137877845,0.0,2979802.0,0.08782984213040072,948874.0,2048077.0,0.06036719204192249,0.231815320764088,0.2289325682563394,8834951.0,8946202.0,https://www.sec.gov/Archives/edgar/data/350737/000121390015002276/0001213900-15-002276-index.htm,https://www.sec.gov/Archives/edgar/data/350737/000121390015002276/f10k2014_oceanbio.htm,1620596005,17:33:25,20210509
7,2013-12-31,OBCI,USD,2014-03-31,2014-03-31 12:20:48,FY,32703478.0,21814739.0,10888739.0,0.3329535470202894,0.0,5928830.0,8576798.0,6319.0,8576798.0,30391537.0,67180.0,782962.0,3094903.0,0.09463528619188455,2311941.0,0.07069404055434104,6319.0,2251080.0,0.0688330458307829,815812.0,1460992.0,0.044673902879687595,0.17102255660573268,0.16625480161517253,8542686.0,8787668.0,https://www.sec.gov/Archives/edgar/data/350737/000121390014001908/0001213900-14-001908-index.htm,https://www.sec.gov/Archives/edgar/data/350737/000121390014001908/f10k2013_oceanbiochem.htm,1620596005,17:33:25,20210509
8,2012-12-31,OBCI,USD,2013-04-01,2013-04-01 09:23:19,FY,31038894.0,20412022.0,10626872.0,0.3423727662461169,0.0,5126467.0,7544212.0,4489.0,7544212.0,27956234.0,97964.0,701569.0,3784229.0,0.1219189382198992,3082660.0,0.09931603877380425,4489.0,2989185.0,0.09630449461246912,1055078.0,1962288.0,0.06322029386742968,0.24,0.23,8229720.0,8556107.0,https://www.sec.gov/Archives/edgar/data/350737/000121390013001468/0001213900-13-001468-index.htm,https://www.sec.gov/Archives/edgar/data/350737/000121390013001468/f10k2012_oceanbio.htm,1620596005,17:33:25,20210509
9,2011-12-31,OBCI,USD,2012-03-30,2012-03-30 15:26:04,FY,31681063.0,20996824.0,10684239.0,0.3372437029653961,0.0,4989846.0,1979800.0,0.0,6969646.0,27966470.0,150142.0,754854.0,4469447.0,0.14107629532506533,3714593.0,0.11724963269067076,50499.0,3614950.0,0.1141044415081653,1279892.0,2392637.0,0.07552262372004374,0.3,0.28,7953329.0,8395347.0,https://www.sec.gov/Archives/edgar/data/350737/000114420412018741/0001144204-12-018741-index.htm,https://www.sec.gov/Archives/edgar/data/350737/000114420412018741/v305475_10k.htm,1620596005,17:33:25,20210509
10,2010-12-31,OBCI,USD,2011-03-31,2011-03-31 15:56:06,FY,27403733.0,18022215.0,9381518.0,0.34234452656504866,0.0,4497059.0,1635163.0,0.0,6132222.0,24154437.0,115592.0,689379.0,3938675.0,0.14372768118854465,3249296.0,0.1185712909989307,54879.0,3188583.0,0.1163557899210301,1247420.0,2018124.0,0.07364412724354014,0.26,0.24,7789699.0,8443797.0,https://www.sec.gov/Archives/edgar/data/350737/000114036111019676/0001140361-11-019676-index.htm,https://www.sec.gov/Archives/edgar/data/350737/000114036111019676/form10-k.htm,1620596005,17:33:25,20210509
11,2009-12-31,OBCI,USD,2010-03-30 00:00:00,2010-03-30 11:14:03,FY,24632890.0,16763401.0,7869489.0,0.3194707969710416,0.0,4216824.0,1661948.0,0.0,5878772.0,22642173.0,205626.0,709855.0,2700572.0,0.10963277146936475,1990717.0,0.0808154057441088,23705.0,1808796.0,0.0734301172132056,755318.0,1053478.0,0.04276712963846305,0.13728891795307396,0.13686687193878214,7673438.0,7697100.0,https://www.sec.gov/Archives/edgar/data/350737/000035073710000008/0000350737-10-000008-index.html,https://www.sec.gov/Archives/edgar/data/350737/000035073710000008/form10k.htm,1620596005,17:33:25,20210509
12,2008-12-31,OBCI,USD,2009-03-31 00:00:00,2009-03-31 11:35:11,FY,20918067.0,14918333.0,5999734.0,0.2868206703802985,0.0,3988028.0,1331568.0,0.0,5576616.0,20494949.0,257020.0,787460.0,1210578.0,0.05787236459277045,423118.0,0.020227394816165374,21932.0,445050.0,0.02127586645553817,291132.0,153918.0,0.00735813686800028,0.02,0.02,7814466.0,7814466.0,https://www.sec.gov/Archives/edgar/data/350737/000035073709000011/0000350737-09-000011-index.html,https://www.sec.gov/Archives/edgar/data/350737/000035073709000011/form10k2008jb.txt,1620596005,17:33:25,20210509
13,2007-12-31,OBCI,USD,2007-12-31,2007-12-31,FY,21312256.0,14470397.0,6841859.0,0.3210293175907797,0.0,4018150.0,1562423.0,0.0,5935195.0,20405592.0,354622.0,785064.0,1691728.0,0.07937817563752989,906664.0,0.04254190640352668,0.0,925261.0,0.04341450290386902,200260.0,725001.0,0.03401803169031003,0.09,0.08,7690191.0,8826259.0,,,1620596005,17:33:25,20210509
14,2006-12-31,OBCI,USD,2006-12-31,2006-12-31,FY,20427132.0,14719006.0,5708126.0,0.2794384449074887,0.0,3510715.0,1143420.0,0.0,5334707.0,20053713.0,680572.0,780753.0,1154172.0,0.056501911281524986,373419.0,0.018280539823211598,0.0,392057.0,0.019192953763651207,0.0,392057.0,0.019192953763651207,0.06,0.05,6534283.0,7841140.0,,,1620596005,17:33:25,20210509
15,2005-12-31,OBCI,USD,2005-12-31,2005-12-31,FY,17651905.0,14640883.0,3011022.0,0.1705777365105919,0.0,3775848.0,1110258.0,0.0,5385539.0,20026422.0,499433.0,762943.0,-1611574.0,-0.09129745486393678,-2374517.0,-0.13451902216786232,0.0,-2347693.0,-0.13299941281125183,-534500.0,-1813193.0,-0.1027193948755106,-0.32000000705937,-0.3099999829030896,5666228.0,5849010.0,,,1620596005,17:33:25,20210509
16,2004-12-31,OBCI,USD,2004-12-31,2004-12-31,FY,21657083.0,16675780.0,4981303.0,0.23000803016731292,0.0,3428873.0,942991.0,0.0,4679704.0,21355484.0,307840.0,735103.0,1036702.0,0.04786895816024716,301599.0,0.01392611368760973,0.0,302554.0,0.013970210115554342,168000.0,134554.0,0.006212932738910406,0.03,0.02,4485133.0,6727700.0,,,1620596005,17:33:25,20210509
17,2003-12-31,OBCI,USD,2003-12-31,2003-12-31,FY,19997702.0,15131775.0,4865927.0,0.24332430796298496,0.0,3329904.0,742167.0,0.0,4362927.0,19494702.0,290856.0,674955.0,1177955.0,0.05890451812913304,503000.0,0.025152890067068705,0.0,522871.0,0.02614655423908207,177800.0,345071.0,0.017255532660702715,0.07,0.07,4929586.0,4929586.0,,,1620596005,17:33:25,20210509
18,2002-12-31,OBCI,USD,2002-12-31,2002-12-31,FY,20585898.0,15961692.0,4624206.0,0.22462979268623598,0.0,3284652.0,769275.0,0.0,4440036.0,20401728.0,386109.0,601064.0,785234.0,0.03814426749807077,184170.0,0.008946415648226761,0.0,193018.0,0.009376224442577148,58500.0,134518.0,0.006534473259315673,0.03,0.03,4483933.0,4483933.0,,,1620596005,17:33:25,20210509
19,2001-12-31,OBCI,USD,2002-03-27 00:00:00,2002-03-27 00:00:00,FY,19876095.0,13744703.0,6131392.0,0.3084807151505364,0.0,2947489.0,663922.0,0.0,4122793.0,17867496.0,511292.0,494901.0,2503500.0,0.1259553247255057,2008599.0,0.10105601729112283,0.0,146884.0,0.007389982790885232,40500.0,52849.0,0.00265892269080018,0.027273,0.027273,4325915.0,4325915.0,https://www.sec.gov/Archives/edgar/data/350737/000035073702000026/0000350737-02-000026-index.html,https://www.sec.gov/Archives/edgar/data/350737/000035073702000026/form10k-1201.txt,1620596005,17:33:25,20210509
20,2000-12-31,OBCI,USD,2001-03-29 00:00:00,2001-03-29 00:00:00,FY,16139256.0,11441580.0,4697676.0,0.2910714099832111,0.0,4112107.0,0.0,0.0,4522962.0,15964542.0,573882.0,410855.0,585569.0,0.03628227967881543,174714.0,0.0108254060781984,0.0,-384823.0,-0.023843912011805253,-140000.0,-244823.0,-0.015169410535405102,-0.054545,-0.054545,4488422.0,4488422.0,https://www.sec.gov/Archives/edgar/data/350737/000035073701000015/0000350737-01-000015-index.html,https://www.sec.gov/Archives/edgar/data/350737/000035073701000015/0000350737-01-000015-0001.txt,1620596005,17:33:25,20210509
21,1999-12-31,OBCI,USD,1999-12-31,1999-12-31,FY,14300000.0,9600000.0,4700000.0,0.32867132867132864,0.0,3400000.0,0.0,0.0,3700000.0,13300000.0,0.0,300000.0,1300000.0,0.09090909090909091,1000000.0,0.06993006993006994,0.0,700000.0,0.04895104895104895,300000.0,400000.0,0.027972027972027972,0.1,0.1,4000000.0,4000000.0,,,1620596005,17:33:25,20210509
22,1998-12-31,OBCI,USD,1998-12-31,1998-12-31,FY,12700000.0,8700000.0,4000000.0,0.31496062992125984,0.0,3300000.0,0.0,0.0,3600000.0,12300000.0,400000.0,300000.0,700000.0,0.05511811023622047,400000.0,0.031496062992125984,100000.0,0.0,0.0,0.0,100000.0,0.007874015748031496,0.017316,0.017316,2750275.0,2750275.0,,,1620596005,17:33:25,20210509
23,1997-12-31,OBCI,USD,1998-03-30 00:00:00,1998-03-30 00:00:00,FY,12800000.0,9400000.0,3400000.0,0.265625,0.0,3300000.0,0.0,0.0,3500000.0,12900000.0,0.0,200000.0,100000.0,0.0078125,-100000.0,-0.0078125,200000.0,-300000.0,-0.0234375,-100000.0,-200000.0,-0.015625,-0.04329,-0.04329,4620000.0,4620000.0,https://www.sec.gov/Archives/edgar/data/350737/000035073798000002/0000350737-98-000002-index.html,https://www.sec.gov/Archives/edgar/data/350737/0000350737-98-000002.txt,1620596005,17:33:25,20210509
24,1996-12-31,OBCI,USD,1997-03-27 00:00:00,1997-03-27 00:00:00,FY,12400000.0,8200000.0,4200000.0,0.3387096774193548,0.0,3300000.0,0.0,0.0,3500000.0,11700000.0,300000.0,200000.0,900000.0,0.07258064516129033,700000.0,0.056451612903225805,0.0,600000.0,0.04838709677419355,200000.0,400000.0,0.03225806451612903,0.077922,0.077922,5133333.0,5133333.0,https://www.sec.gov/Archives/edgar/data/350737/000035073797000002/0000350737-97-000002-index.html,https://www.sec.gov/Archives/edgar/data/350737/0000350737-97-000002.txt,1620596005,17:33:25,20210509
25,1995-12-31,OBCI,USD,1996-05-03,1996-05-03,FY,9700000.0,5900000.0,3800000.0,0.3917525773195876,0.0,2900000.0,0.0,0.0,3000000.0,8900000.0,100000.0,100000.0,900000.0,0.09278350515463918,800000.0,0.08247422680412371,0.0,800000.0,0.08247422680412371,300000.0,500000.0,0.05154639175257732,0.1319315518000213,0.12726001052694808,3789844.0,3928964.0,https://www.sec.gov/Archives/edgar/data/350737/0000350737-96-000007-index.html,https://www.sec.gov/Archives/edgar/data/350737/,1620596005,17:33:25,20210509
