,date,symbol,reportedCurrency,fillingDate,acceptedDate,period,revenue,costOfRevenue,grossProfit,grossProfitRatio,researchAndDevelopmentExpenses,generalAndAdministrativeExpenses,sellingAndMarketingExpenses,otherExpenses,operatingExpenses,costAndExpenses,interestExpense,depreciationAndAmortization,ebitda,ebitdaratio,operatingIncome,operatingIncomeRatio,totalOtherIncomeExpensesNet,incomeBeforeTax,incomeBeforeTaxRatio,incomeTaxExpense,netIncome,netIncomeRatio,eps,epsdiluted,weightedAverageShsOut,weightedAverageShsOutDil,link,finalLink,timestamp,est_time,est_date
0,2020-12-31,PMP.L,GBP,2020-12-31,2020-12-31,FY,87854000.0,0.0,0.0,0.0,0.0,0.0,0.0,0.0,0.0,85661000.0,740000.0,4519000.0,6712000.0,0.07639948095704237,2193000.0,0.024961868554647482,0.0,-232000.0,-0.0026407448721742894,503000.0,-735000.0,-0.008366152935552167,-0.06897603434724976,-0.06897603434724976,10655875.0,10655875.0,https://find-and-update.company-information.service.gov.uk/search/companies?q=Portmeirion+Group+PLC,https://find-and-update.company-information.service.gov.uk/search/companies?q=Portmeirion+Group+PLC,1620596657,17:44:17,20210509
1,2019-12-31,PMP.L,GBP,2019-12-31,2019-12-31,FY,92816000.0,39044000.0,53772000.0,0.5793397690053439,412000.0,14650000.0,0.0,0.0,45900000.0,84944000.0,625000.0,3926000.0,11798000.0,0.12711170487846923,7872000.0,0.08481296328219272,0.0,7100000.0,0.07649543182209964,1286000.0,5814000.0,0.06264006205826582,0.545635,0.544836,10655875.0,10671839.0,https://find-and-update.company-information.service.gov.uk/search/companies?q=Portmeirion+Group+PLC,https://find-and-update.company-information.service.gov.uk/search/companies?q=Portmeirion+Group+PLC,1620596657,17:44:17,20210509
2,2018-12-31,PMP.L,GBP,2018-12-31,2018-12-31,FY,89594000.0,38811000.0,50783000.0,0.566812509766279,303000.0,14548000.0,0.0,0.0,40927000.0,79738000.0,289000.0,1917000.0,11773000.0,0.13140388865325803,9856000.0,0.11000736656472532,0.0,9714000.0,0.10842243900261178,2023000.0,7691000.0,0.08584280197334643,0.719926,0.71773,10683396.0,10716200.0,https://find-and-update.company-information.service.gov.uk/search/companies?q=Portmeirion+Group+PLC,https://find-and-update.company-information.service.gov.uk/search/companies?q=Portmeirion+Group+PLC,1620596657,17:44:17,20210509
3,2017-12-31,PMP.L,GBP,2017-12-31,2017-12-31,FY,84769000.0,37539000.0,47230000.0,0.5571612263917234,194000.0,13214000.0,0.0,0.0,38001000.0,75540000.0,483000.0,1917000.0,11146000.0,0.13148674633415516,9229000.0,0.10887234720239711,0.0,8822000.0,0.10407106371432953,1944000.0,6878000.0,0.08113815191874388,0.649551,0.646756,10589641.0,10635181.0,https://find-and-update.company-information.service.gov.uk/search/companies?q=Portmeirion+Group+PLC,https://find-and-update.company-information.service.gov.uk/search/companies?q=Portmeirion+Group+PLC,1620596657,17:44:17,20210509
4,2016-12-31,PMP.L,GBP,2016-12-31,2016-12-31,FY,76677000.0,32304000.0,44373000.0,0.5787002621385813,265000.0,12920000.0,0.0,0.0,36458000.0,68762000.0,369000.0,1782000.0,9697000.0,0.12646556333711542,7915000.0,0.10322521747068873,0.0,7806000.0,0.10180366994013851,1581000.0,6225000.0,0.08118470988692829,0.594948,0.589956,10463617.0,10551289.0,https://find-and-update.company-information.service.gov.uk/search/companies?q=Portmeirion+Group+PLC,https://find-and-update.company-information.service.gov.uk/search/companies?q=Portmeirion+Group+PLC,1620596657,17:44:17,20210509
5,2015-12-31,PMP.L,GBP,2015-12-31,2015-12-31,FY,68669000.0,28439000.0,40230000.0,0.5858538787516929,214000.0,10691000.0,0.0,0.0,31644000.0,60083000.0,150000.0,1170000.0,9756000.0,0.1420728421849743,8586000.0,0.12503458620338143,0.0,8649000.0,0.12595203075623643,1752000.0,6897000.0,0.1004383346196974,0.659034,0.653644,10464962.0,10552211.0,https://find-and-update.company-information.service.gov.uk/search/companies?q=Portmeirion+Group+PLC,https://find-and-update.company-information.service.gov.uk/search/companies?q=Portmeirion+Group+PLC,1620596657,17:44:17,20210509
6,2014-12-31,PMP.L,GBP,2014-12-31,2014-12-31,FY,61370000.0,24281000.0,37089000.0,0.6043506599315627,261000.0,10045000.0,0.0,0.0,29495000.0,53776000.0,137000.0,1312000.0,8906000.0,0.1451197653576666,7594000.0,0.12374124164901418,0.0,7611000.0,0.12401824995926349,1538000.0,6073000.0,0.09895714518494378,0.575382,0.571988,10554588.0,10617006.0,https://find-and-update.company-information.service.gov.uk/search/companies?q=Portmeirion+Group+PLC,https://find-and-update.company-information.service.gov.uk/search/companies?q=Portmeirion+Group+PLC,1620596657,17:44:17,20210509
7,2013-12-31,PMP.L,GBP,2013-12-31,2013-12-31,FY,58295000.0,23677000.0,34618000.0,0.5938416673814221,265000.0,9794000.0,0.0,0.0,27365000.0,51042000.0,239000.0,1195000.0,8448000.0,0.14491808902993394,7253000.0,0.12441890385110216,0.0,7009000.0,0.12023329616605198,1400000.0,5609000.0,0.09621751436658375,0.531659,0.527467,10550345.0,10632863.0,https://find-and-update.company-information.service.gov.uk/search/companies?q=Portmeirion+Group+PLC,https://find-and-update.company-information.service.gov.uk/search/companies?q=Portmeirion+Group+PLC,1620596657,17:44:17,20210509
8,2012-12-31,PMP.L,GBP,2012-12-31,2012-12-31,FY,55525000.0,22451000.0,33074000.0,0.5956596127870328,232000.0,10037000.0,0.0,0.0,26500000.0,48951000.0,81000.0,1148000.0,7722000.0,0.1390724898694282,6574000.0,0.11839711841512832,0.0,6750000.0,0.12156686177397569,1745000.0,5005000.0,0.09013957676722197,0.483445,0.476457,10352886.0,10504237.0,https://find-and-update.company-information.service.gov.uk/search/companies?q=Portmeirion+Group+PLC,https://find-and-update.company-information.service.gov.uk/search/companies?q=Portmeirion+Group+PLC,1620596657,17:44:17,20210509
9,2011-12-31,PMP.L,GBP,2011-12-31,2011-12-31,FY,53610000.0,0.0,0.0,0.0,219000.0,0.0,0.0,-222000.0,47325000.0,47325000.0,37000.0,1130000.0,7415000.0,0.13831374743518,6285000.0,0.11723559037493005,0.0,6330000.0,0.11807498601007274,1861000.0,4469000.0,0.08336131318783808,0.438624,0.430439,10188213.0,10381340.0,https://find-and-update.company-information.service.gov.uk/search/companies?q=Portmeirion+Group+PLC,https://find-and-update.company-information.service.gov.uk/search/companies?q=Portmeirion+Group+PLC,1620596657,17:44:17,20210509
10,2010-12-31,PMP.L,GBP,2010-12-31,2010-12-31,FY,51243000.0,0.0,0.0,0.0,298000.0,0.0,0.0,-230000.0,45651000.0,45651000.0,182000.0,1129000.0,6721000.0,0.13115937786624515,5592000.0,0.10912710028686845,0.0,5249000.0,0.10243350311262026,1774000.0,3475000.0,0.06781414046796636,0.348484,0.343293,9972960.0,10123071.0,https://find-and-update.company-information.service.gov.uk/search/companies?q=Portmeirion+Group+PLC,https://find-and-update.company-information.service.gov.uk/search/companies?q=Portmeirion+Group+PLC,1620596657,17:44:17,20210509
11,2009-12-31,PMP.L,GBP,2009-12-31,2009-12-31,FY,43165000.0,0.0,0.0,0.0,198000.0,0.0,0.0,-28000.0,38594000.0,38594000.0,681000.0,959000.0,5530000.0,0.12811305455809105,4571000.0,0.10589598053978919,0.0,3718000.0,0.08613459979149773,1265000.0,2453000.0,0.056828448974863895,0.246863,0.246165,9937504.0,9966687.0,https://find-and-update.company-information.service.gov.uk/search/companies?q=Portmeirion+Group+PLC,https://find-and-update.company-information.service.gov.uk/search/companies?q=Portmeirion+Group+PLC,1620596657,17:44:17,20210509
12,2008-12-31,PMP.L,GBP,2008-12-31,2008-12-31,FY,31838000.0,0.0,0.0,0.0,288000.0,0.0,0.0,-114000.0,30594000.0,30594000.0,174000.0,1022000.0,2266000.0,0.07117281236258559,1244000.0,0.03907280608078397,0.0,1090000.0,0.034235818832841255,515000.0,575000.0,0.018060179659526353,0.057997,0.057898,9922523.0,9939768.0,https://find-and-update.company-information.service.gov.uk/search/companies?q=Portmeirion+Group+PLC,https://find-and-update.company-information.service.gov.uk/search/companies?q=Portmeirion+Group+PLC,1620596657,17:44:17,20210509
13,2007-12-31,PMP.L,GBP,2007-12-31,2007-12-31,FY,32017000.0,0.0,0.0,0.0,206000.0,0.0,0.0,-602000.0,28781000.0,28781000.0,131000.0,825000.0,4061000.0,0.1268388668519849,3236000.0,0.10107130586875722,0.0,4419000.0,0.13802042664834308,1393000.0,3026000.0,0.09451229034575381,0.307157,0.294978,9850198.0,10259383.0,https://find-and-update.company-information.service.gov.uk/search/companies?q=Portmeirion+Group+PLC,https://find-and-update.company-information.service.gov.uk/search/companies?q=Portmeirion+Group+PLC,1620596657,17:44:17,20210509
14,2006-12-31,PMP.L,GBP,2006-12-31,2006-12-31,FY,28422000.0,0.0,0.0,0.0,188000.0,0.0,0.0,-578000.0,25802000.0,25802000.0,65000.0,766000.0,3386000.0,0.1191330659348392,2620000.0,0.09218211244810358,0.0,2687000.0,0.09453944127788333,938000.0,1749000.0,0.061536837660966855,0.177785,0.17549,9836359.0,9968293.0,https://find-and-update.company-information.service.gov.uk/search/companies?q=Portmeirion+Group+PLC,https://find-and-update.company-information.service.gov.uk/search/companies?q=Portmeirion+Group+PLC,1620596657,17:44:17,20210509
15,2005-12-31,PMP.L,GBP,2005-12-31,2005-12-31,FY,27552000.0,26045000.0,1507000.0,0.0546965737514518,163000.0,0.0,0.0,-136000.0,26262000.0,26262000.0,83000.0,952000.0,2242000.0,0.08137340301974448,1290000.0,0.046820557491289196,0.0,1380000.0,0.05008710801393728,317000.0,1063000.0,0.03858159117305459,0.105513,0.105214,10075258.0,10098936.0,https://find-and-update.company-information.service.gov.uk/search/companies?q=Portmeirion+Group+PLC,https://find-and-update.company-information.service.gov.uk/search/companies?q=Portmeirion+Group+PLC,1620596657,17:44:17,20210509
16,2004-12-31,PMP.L,GBP,2004-12-31,2004-12-31,FY,27686000.0,28070000.0,-384000.0,-0.013869825904789424,198000.0,0.0,0.0,-290000.0,28073000.0,28073000.0,44000.0,1964000.0,1577000.0,0.05696019648920032,-387000.0,-0.013978183919670591,0.0,-1265000.0,-0.04569096294155891,-454000.0,-811000.0,-0.029292783356208916,-0.078262,-0.078262,10368501.0,10368501.0,https://find-and-update.company-information.service.gov.uk/search/companies?q=Portmeirion+Group+PLC,https://find-and-update.company-information.service.gov.uk/search/companies?q=Portmeirion+Group+PLC,1620596657,17:44:17,20210509
17,2003-12-31,PMP.L,GBP,2003-12-31,2003-12-31,FY,28512000.0,0.0,0.0,0.0,335000.0,0.0,0.0,-606000.0,26396000.0,26396000.0,0.0,950000.0,3066000.0,0.10753367003367004,2116000.0,0.07421436588103254,0.0,2003000.0,0.07025112233445567,697000.0,1306000.0,0.04580527497194164,0.125179,0.125079,10433341.0,10441423.0,https://find-and-update.company-information.service.gov.uk/search/companies?q=Portmeirion+Group+PLC,https://find-and-update.company-information.service.gov.uk/search/companies?q=Portmeirion+Group+PLC,1620596657,17:44:17,20210509
18,2002-12-31,PMP.L,GBP,2002-12-31,2002-12-31,FY,30712000.0,0.0,0.0,0.0,223000.0,0.0,0.0,-615000.0,28165000.0,28165000.0,0.0,1231000.0,3778000.0,0.12301380567856213,2547000.0,0.08293175306069289,0.0,2923000.0,0.09517452461578536,870000.0,2053000.0,0.06684683511331076,0.197151,0.196752,10413119.0,10436252.0,https://find-and-update.company-information.service.gov.uk/search/companies?q=Portmeirion+Group+PLC,https://find-and-update.company-information.service.gov.uk/search/companies?q=Portmeirion+Group+PLC,1620596657,17:44:17,20210509
19,2001-12-31,PMP.L,GBP,2001-12-31,2001-12-31,FY,29626000.0,0.0,0.0,0.0,243000.0,0.0,0.0,0.0,28508000.0,28508000.0,0.0,1217000.0,2335000.0,0.07881590494835618,1118000.0,0.037737122797542696,0.0,1623000.0,0.05478296091271181,623000.0,1000000.0,0.033754134881522985,0.09593793046150174,0.09579063386003495,10423406.0,10439434.0,https://find-and-update.company-information.service.gov.uk/search/companies?q=Portmeirion+Group+PLC,https://find-and-update.company-information.service.gov.uk/search/companies?q=Portmeirion+Group+PLC,1620596657,17:44:17,20210509
20,2000-12-31,PMP.L,GBP,2000-12-31,2000-12-31,FY,30727000.0,0.0,0.0,0.0,288000.0,0.0,0.0,0.0,27983000.0,27983000.0,0.0,1234000.0,3978000.0,0.1294626875386468,2744000.0,0.08930256777427019,0.0,3351000.0,0.10905718098089628,943000.0,2408000.0,0.07836755947537996,0.23115183786349658,0.11900919899593401,10417395.0,20233730.0,https://find-and-update.company-information.service.gov.uk/search/companies?q=Portmeirion+Group+PLC,https://find-and-update.company-information.service.gov.uk/search/companies?q=Portmeirion+Group+PLC,1620596657,17:44:17,20210509
21,1999-12-31,PMP.L,GBP,1999-12-31,1999-12-31,FY,27469000.0,0.0,0.0,0.0,264000.0,0.0,0.0,0.0,25071000.0,25071000.0,1000.0,1182000.0,3580000.0,0.1303287342094725,2398000.0,0.08729840911573046,0.0,2823000.0,0.10277039571881029,901000.0,1922000.0,0.06996978412028104,0.18455233575850338,0.11161824562251185,10414390.0,17219407.0,https://find-and-update.company-information.service.gov.uk/search/companies?q=Portmeirion+Group+PLC,https://find-and-update.company-information.service.gov.uk/search/companies?q=Portmeirion+Group+PLC,1620596657,17:44:17,20210509
22,1998-12-31,PMP.L,GBP,1998-12-31,1998-12-31,FY,26013000.0,0.0,0.0,0.0,158000.0,0.0,0.0,0.0,23965000.0,23965000.0,3000.0,1097000.0,3145000.0,0.12090108791757967,2048000.0,0.07872986583631261,0.0,1004000.0,0.038596086572098565,656000.0,348000.0,0.013377926421404682,0.03394,0.03394,10407378.0,10407378.0,https://find-and-update.company-information.service.gov.uk/search/companies?q=Portmeirion+Group+PLC,https://find-and-update.company-information.service.gov.uk/search/companies?q=Portmeirion+Group+PLC,1620596657,17:44:17,20210509
23,1997-12-31,PMP.L,GBP,1997-12-31,1997-12-31,FY,30785000.0,0.0,0.0,0.0,164000.0,0.0,0.0,0.0,25898000.0,25898000.0,3000.0,1129000.0,6016000.0,0.19541984732824427,4887000.0,0.15874614260191652,0.0,5516000.0,0.17917817118726653,1878000.0,3638000.0,0.1181744356017541,0.349382,0.349382,10402369.0,10402369.0,https://find-and-update.company-information.service.gov.uk/search/companies?q=Portmeirion+Group+PLC,https://find-and-update.company-information.service.gov.uk/search/companies?q=Portmeirion+Group+PLC,1620596657,17:44:17,20210509
24,1996-12-31,PMP.L,GBP,1996-12-31,1996-12-31,FY,31668000.0,0.0,0.0,0.0,176000.0,0.0,0.0,0.0,25696000.0,25696000.0,1000.0,1177000.0,7149000.0,0.22574838954149298,5972000.0,0.18858153340911962,0.0,6423000.0,0.2028230390299356,2192000.0,4231000.0,0.13360490084628016,0.408278,0.408278,10364302.0,10364302.0,https://find-and-update.company-information.service.gov.uk/search/companies?q=Portmeirion+Group+PLC,https://find-and-update.company-information.service.gov.uk/search/companies?q=Portmeirion+Group+PLC,1620596657,17:44:17,20210509
25,1995-12-31,PMP.L,GBP,1995-12-31,1995-12-31,FY,30743000.0,0.0,0.0,0.0,106000.0,0.0,0.0,0.0,25689000.0,25689000.0,6000.0,1140000.0,6194000.0,0.2014767589369938,5054000.0,0.16439514686270046,0.0,5406000.0,0.17584490778388576,1790000.0,3616000.0,0.11762027128126729,0.349382,0.349382,10338256.0,10338256.0,https://find-and-update.company-information.service.gov.uk/search/companies?q=Portmeirion+Group+PLC,https://find-and-update.company-information.service.gov.uk/search/companies?q=Portmeirion+Group+PLC,1620596657,17:44:17,20210509
26,1994-12-31,PMP.L,GBP,1994-12-31,1994-12-31,FY,27461000.0,0.0,0.0,0.0,188000.0,0.0,0.0,0.0,22976000.0,22976000.0,36000.0,1068000.0,5553000.0,0.20221404901496667,4485000.0,0.1633225301336441,0.0,4734000.0,0.17238993481664908,1571000.0,3163000.0,0.11518153017005936,0.306458,0.306458,10331243.0,10331243.0,https://find-and-update.company-information.service.gov.uk/search/companies?q=Portmeirion+Group+PLC,https://find-and-update.company-information.service.gov.uk/search/companies?q=Portmeirion+Group+PLC,1620596657,17:44:17,20210509
27,1993-12-31,PMP.L,GBP,1993-12-31,1993-12-31,FY,24633000.0,0.0,0.0,0.0,162000.0,0.0,0.0,0.0,20394000.0,20394000.0,107000.0,967000.0,5206000.0,0.21134250801769983,4239000.0,0.1720862257946657,0.0,4179000.0,0.16965046888320545,1278000.0,2901000.0,0.11776884666910242,0.283498,0.283498,10227059.0,10227059.0,https://find-and-update.company-information.service.gov.uk/search/companies?q=Portmeirion+Group+PLC,https://find-and-update.company-information.service.gov.uk/search/companies?q=Portmeirion+Group+PLC,1620596657,17:44:17,20210509
28,1992-12-31,PMP.L,GBP,1992-12-31,1992-12-31,FY,22476000.0,0.0,0.0,0.0,148000.0,0.0,0.0,0.0,18782000.0,18782000.0,251000.0,911000.0,4605000.0,0.20488521089161774,3694000.0,0.16435308773803167,0.0,3665000.0,0.16306282256629293,1407000.0,2258000.0,0.10046271578572699,0.226599,0.226599,9976617.0,9976617.0,https://find-and-update.company-information.service.gov.uk/search/companies?q=Portmeirion+Group+PLC,https://find-and-update.company-information.service.gov.uk/search/companies?q=Portmeirion+Group+PLC,1620596657,17:44:17,20210509
29,1991-12-31,PMP.L,GBP,1991-12-31,1991-12-31,FY,20388000.0,0.0,0.0,0.0,165000.0,0.0,0.0,0.0,20388000.0,20388000.0,320000.0,833000.0,3761000.0,0.1844712576025113,0.0,0.1279183833627624,0.0,2608000.0,0.1279183833627624,968000.0,1640000.0,0.0804394742005101,0.166705,0.166705,9848391.0,9848391.0,https://find-and-update.company-information.service.gov.uk/search/companies?q=Portmeirion+Group+PLC,https://find-and-update.company-information.service.gov.uk/search/companies?q=Portmeirion+Group+PLC,1620596657,17:44:17,20210509
30,1990-12-31,PMP.L,GBP,1990-12-31,1990-12-31,FY,19454000.0,0.0,0.0,0.0,71000.0,0.0,0.0,0.0,19454000.0,19454000.0,356000.0,606000.0,4379000.0,0.2250950961241904,0.0,0.1756451115451835,0.0,3417000.0,0.1756451115451835,1164000.0,2253000.0,0.11581165827079264,0.233587,0.233587,9645031.0,9645031.0,https://find-and-update.company-information.service.gov.uk/search/companies?q=Portmeirion+Group+PLC,https://find-and-update.company-information.service.gov.uk/search/companies?q=Portmeirion+Group+PLC,1620596657,17:44:17,20210509
31,1989-12-31,PMP.L,GBP,1989-12-31,1989-12-31,FY,12954000.0,0.0,0.0,0.0,92000.0,0.0,0.0,0.0,12954000.0,12954000.0,83000.0,402000.0,3260000.0,0.25165971900571255,0.0,0.21421954608615099,0.0,2775000.0,0.21421954608615099,1022000.0,1753000.0,0.13532499614018836,0.182677,0.182677,9598950.0,9598950.0,https://find-and-update.company-information.service.gov.uk/search/companies?q=Portmeirion+Group+PLC,https://find-and-update.company-information.service.gov.uk/search/companies?q=Portmeirion+Group+PLC,1620596657,17:44:17,20210509
32,1988-12-31,PMP.L,GBP,1988-12-31,1988-12-31,FY,9808000.0,0.0,0.0,0.0,27000.0,0.0,0.0,0.0,9808000.0,9808000.0,227000.0,274000.0,2219000.0,0.22624388254486133,0.0,0.175163132137031,0.0,1718000.0,0.175163132137031,587000.0,1131000.0,0.11531402936378467,0.188481,0.188481,6000596.0,6000596.0,https://find-and-update.company-information.service.gov.uk/search/companies?q=Portmeirion+Group+PLC,https://find-and-update.company-information.service.gov.uk/search/companies?q=Portmeirion+Group+PLC,1620596657,17:44:17,20210509
33,1987-12-31,PMP.L,GBP,1987-12-31,1987-12-31,FY,7389000.0,0.0,0.0,0.0,14000.0,0.0,0.0,0.0,7389000.0,7389000.0,145000.0,183000.0,1422000.0,0.19244823386114496,0.0,0.14805792394099337,0.0,1094000.0,0.14805792394099337,377000.0,717000.0,0.09703613479496549,0.298223,0.298223,2404245.0,2404245.0,https://find-and-update.company-information.service.gov.uk/search/companies?q=Portmeirion+Group+PLC,https://find-and-update.company-information.service.gov.uk/search/companies?q=Portmeirion+Group+PLC,1620596657,17:44:17,20210509
34,1986-12-31,PMP.L,GBP,1986-12-31,1986-12-31,FY,5124000.0,0.0,0.0,0.0,0.0,0.0,0.0,0.0,5124000.0,5124000.0,96000.0,139000.0,864000.0,0.1686182669789227,0.0,0.12275565964090554,0.0,629000.0,0.12275565964090554,104000.0,525000.0,0.10245901639344263,0.218364,0.218364,2404245.0,2404245.0,https://find-and-update.company-information.service.gov.uk/search/companies?q=Portmeirion+Group+PLC,https://find-and-update.company-information.service.gov.uk/search/companies?q=Portmeirion+Group+PLC,1620596657,17:44:17,20210509
35,1985-12-31,PMP.L,GBP,1985-12-31,1985-12-31,FY,4008000.0,0.0,0.0,0.0,0.0,0.0,0.0,0.0,4008000.0,4008000.0,52000.0,94000.0,531000.0,0.13248502994011976,0.0,0.09605788423153692,0.0,385000.0,0.09605788423153692,123000.0,262000.0,0.06536926147704591,0.11322,0.11322,2314086.0,2314086.0,https://find-and-update.company-information.service.gov.uk/search/companies?q=Portmeirion+Group+PLC,https://find-and-update.company-information.service.gov.uk/search/companies?q=Portmeirion+Group+PLC,1620596657,17:44:17,20210509
