,date,symbol,reportedCurrency,fillingDate,acceptedDate,period,revenue,costOfRevenue,grossProfit,grossProfitRatio,researchAndDevelopmentExpenses,generalAndAdministrativeExpenses,sellingAndMarketingExpenses,otherExpenses,operatingExpenses,costAndExpenses,interestExpense,depreciationAndAmortization,ebitda,ebitdaratio,operatingIncome,operatingIncomeRatio,totalOtherIncomeExpensesNet,incomeBeforeTax,incomeBeforeTaxRatio,incomeTaxExpense,netIncome,netIncomeRatio,eps,epsdiluted,weightedAverageShsOut,weightedAverageShsOutDil,link,finalLink,timestamp,est_time,est_date
0,2021-01-30,IMBI,USD,2021-04-23,2021-04-23 17:20:02,FY,454171000,287118000,167053000,0.36781960979454875,0.0,20336000,129920000.0,24737000.0,174993000.0,462111000.0,5237000.0,27978000.0,14804000.0,0.03259565229836339,-13174000.0,-0.029006695715930782,0.0,-13174000.0,-0.029006695715930782,-60000.0,-13234000.0,-0.02913880454718597,-1.0867146384583992,-1.0867146384583992,12177990.0,12177990.0,https://www.sec.gov/Archives/edgar/data/870826/000155837021004743/0001558370-21-004743-index.htm,https://www.sec.gov/Archives/edgar/data/870826/000155837021004743/imbi-20210130x10k.htm,1620593540,16:52:20,20210509
1,2020-02-01,IMBI,USD,2020-04-30 00:00:00,2020-04-30 17:02:30,FY,501822000,338185000,163637000,0.32608574355050196,0.0,25611000,170587000.0,19964000.0,216161999.99999997,554347000.0,3777000.0,12014000.0,-40511000.0,-0.08072782779551314,-52525000.0,-0.10466858766654312,0.0,-56285000.0,-0.11216128428008337,11000.0,-56296000.0,-0.1121832044031549,-7.54397,-7.54397,7462380.0,7462380.0,https://www.sec.gov/Archives/edgar/data/870826/000087082620000003/0000870826-20-000003-index.html,https://www.sec.gov/Archives/edgar/data/870826/000087082620000003/imbi10k02012020.htm,1620593540,16:52:20,20210509
2,2019-02-02,IMBI,USD,2019-03-29 00:00:00,2019-03-29 16:43:19,FY,596637000,389790000,206847000,0.3466881872897591,0.0,25883000,191917000.0,7671000.0,225470999.99999994,615261000.0,3502000.0,10164000.0,-8460000.0,-0.014179475962771334,-18624000.0,-0.03121495984995902,0.0,-22092000.0,-0.037027539358102164,65000.0,-22157000.0,-0.037136483322355134,-3.3534,-3.3534,6607320.0,6607320.0,https://www.sec.gov/Archives/edgar/data/870826/000087082619000003/0000870826-19-000003-index.html,https://www.sec.gov/Archives/edgar/data/870826/000087082619000003/evlv10k02022019.htm,1620593540,16:52:20,20210509
3,2018-02-03,IMBI,USD,2018-04-10 00:00:00,2018-04-09 19:11:15,FY,648220000,413108000,235112000,0.36270402024004195,0.0,24442000,199484000.0,7964000.0,233347000.00000003,646455000.0,5084000.0,10307000.0,12072000.0,0.018623306901977724,1765000.0,0.002722841010767949,0.0,-3302000.0,-0.0050939495850174325,-2062700.0,143000.0,0.00022060411588658172,0.02235,0.02235,6396830.0,6396830.0,https://www.sec.gov/Archives/edgar/data/870826/000087082618000004/0000870826-18-000004-index.html,https://www.sec.gov/Archives/edgar/data/870826/000087082618000004/evlv10k02032018.htm,1620593540,16:52:20,20210509
4,2017-01-28,IMBI,USD,2017-03-30 00:00:00,2017-03-29 18:48:02,FY,666213000,424686000,241527000,0.36253720656907024,0.0,24063000,207030000.0,13129000.0,243545000.00000003,668231000.0,5937000.0,11209000.0,9191000.0,0.013795888101853311,-2018000.0,-0.003029061276198453,0.0,-7944000.0,-0.01192411435982186,801000.0,-8745000.0,-0.013126432537341661,-1.46275,-1.46275,5978460.0,5978460.0,https://www.sec.gov/Archives/edgar/data/870826/000087082617000002/0000870826-17-000002-index.html,https://www.sec.gov/Archives/edgar/data/870826/000087082617000002/evlv10k01282017.htm,1620593540,16:52:20,20210509
5,2016-01-30,IMBI,USD,2016-04-01 00:00:00,2016-03-31 20:41:13,FY,693312000,454832000,238480000,0.3439721222191452,0.0,25867000,209328000.0,13370000.0,247217999.99999997,702050000.0,2720000.0,10327000.0,1589000.0,0.002291897442998246,-8738000.0,-0.012603272408381796,0.0,-11450000.0,-0.01651493122865319,834000.0,-12284000.0,-0.017717852857010986,-2.15493,-2.15493,5700430.0,5700430.0,https://www.sec.gov/Archives/edgar/data/870826/000087082616000013/0000870826-16-000013-index.html,https://www.sec.gov/Archives/edgar/data/870826/000087082616000013/evlv10k01302016.htm,1620593540,16:52:20,20210509
6,2015-01-31,IMBI,USD,2015-03-26,2015-03-26 16:12:47,FY,674618000,429570000,245048000,0.3632396408041291,0.0,33021000,202579000.0,0.0,244045000.0,673615000.0,1572000.0,8445000.0,9448000.0,0.014004962808582043,1003000.0,0.0014867673261015864,0.0,-559000.0,-0.0008286170840386708,819000.0,-1378000.0,-0.0020426374629790487,-0.3,-0.3,5345866.0,5345866.0,https://www.sec.gov/Archives/edgar/data/870826/000087082615000003/evlv10k01312015.htm,https://www.sec.gov/Archives/edgar/data/870826/000087082615000003/evlv10k01312015.htm,1620593540,16:52:20,20210509
7,2014-02-01,IMBI,USD,2014-03-31,2014-03-28 17:39:53,FY,640500000,410500000,230000000,0.3590944574551132,0.0,23805000,191695000.0,12320000.0,229899999.99999997,640400000.0,1437000.0,12590000.0,12690000.0,0.019812646370023418,100000.0,0.000156128024980484,0.0,-1300000.0,-0.002029664324746292,1200000.0,-2500000.0,-0.0039032006245121,-0.5,-0.5,5000000.0,5000000.0,https://www.sec.gov/Archives/edgar/data/870826/000087082614000003/vvtv10k02012014.htm,https://www.sec.gov/Archives/edgar/data/870826/000087082614000003/vvtv10k02012014.htm,1620593540,16:52:20,20210509
8,2013-02-02,IMBI,USD,2013-03-28 00:00:00,2013-03-28 16:37:21,FY,586800000,374400000,212400000,0.3619631901840491,0.0,18263000,193037000.0,24335000.0,236200000.00000006,610600000.0,3970000.0,13420000.0,-10380000.0,-0.01768916155419223,-23800000.0,-0.040558963871847306,0.0,-27700000.0,-0.04720518064076346,0.0,-27700000.0,-0.04720518064076346,-5.65306,-5.65306,4900000.0,4900000.0,https://www.sec.gov/Archives/edgar/data/870826/000087082613000002/0000870826-13-000002-index.html,https://www.sec.gov/Archives/edgar/data/870826/000087082613000002/vvtv10k02022013.htm,1620593540,16:52:20,20210509
9,2012-01-28,IMBI,USD,2012-04-05,2012-04-05 17:15:37,FY,558400000,354300000,204100000,0.3655085959885387,0.0,19587000,188813000.0,12578000.0,246599999.99999997,600900000.0,5527000.0,12830000.0,-29670000.0,-0.0531339541547278,-42500000.0,-0.07611031518624642,0.0,-48000000.0,-0.08595988538681948,100000.0,-48100000.0,-0.08613896848137535,-10.45652,-10.45652,4600000.0,4600000.0,https://www.sec.gov/Archives/edgar/data/870826/000087082612000004/vvtv10k01282012.htm,https://www.sec.gov/Archives/edgar/data/870826/000087082612000004/vvtv10k01282012.htm,1620593540,16:52:20,20210509
10,2011-01-29,IMBI,USD,2011-03-22,2011-03-22 17:30:39,FY,562300000,362700000,199500000,0.35479281522319045,0.0,19164000,181536000.0,14288000.0,216300000.0,579000000.0,9795000.0,13340000.0,-3360000.0,-0.005975457940601102,-16700000.0,-0.029699448692868575,0.0,-26400000.0,-0.04695002667615152,-600000.0,-25900000.0,-0.04606082162546683,-7.84848,-7.84848,3300000.0,3300000.0,https://www.sec.gov/Archives/edgar/data/870826/000095012311027830/c62337e10vk.htm,https://www.sec.gov/Archives/edgar/data/870826/000095012311027830/c62337e10vk.htm,1620593540,16:52:20,20210509
11,2010-01-30,IMBI,USD,2010-04-15 00:00:00,2010-04-15 17:24:55,FY,527900000,354100000,173800000,0.32922902064785,0.0,18385000,178015000.0,18555000.0,214899999.99999997,569000000.0,4928000.0,14320000.0,-26880000.0,-0.050918734608827426,-41200000.0,-0.07804508429626823,3600000.0,-42100000.0,-0.07974995264254593,-100000.0,-42000000.0,-0.07956052282629286,-12.72727,-12.72727,3300000.0,3300000.0,https://www.sec.gov/Archives/edgar/data/870826/000095012310035271/0000950123-10-035271-index.html,https://www.sec.gov/Archives/edgar/data/870826/000095012310035271/c57448e10vk.htm,1620593540,16:52:20,20210509
12,2009-01-31,IMBI,USD,2009-04-16 00:00:00,2009-04-16 17:07:36,FY,567510000,384761000,182749000,0.32201899525999544,0.0,238098000,0.0,0.0,264227000.0,648988000.0,0.0,17297000.0,-64181000.0,-0.1130922803122412,-81478000.0,-0.14357103839579918,-27853000.0,-97760000.0,-0.17226128173952882,33000.0,-97793000.0,-0.17231943049461684,-29.2,-29.2,3359817.0,3359817.0,https://www.sec.gov/Archives/edgar/data/870826/000095013709003043/0000950137-09-003043-index.html,https://www.sec.gov/Archives/edgar/data/870826/000095013709003043/c50585e10vk.htm,1620593540,16:52:20,20210509
13,2008-02-02,IMBI,USD,2008-04-29 00:00:00,2008-04-28 20:33:17,FY,781600000,510500000,271000000,0.3467246673490276,0.0,24919000,241681000.0,27487000.0,294100000.0,804600000.0,46500000.0,19990000.0,-3110000.0,-0.003979017400204708,-23100000.0,-0.029554759467758443,-200000.0,23300000.0,0.02981064483111566,800000.0,22500000.0,0.028787103377686796,5.35714,5.35714,4200000.0,4200000.0,https://www.sec.gov/Archives/edgar/data/870826/000095013708006189/0000950137-08-006189-index.html,https://www.sec.gov/Archives/edgar/data/870826/000095013708006189/c23312e10vk.htm,1620593540,16:52:20,20210509
14,2007-02-03,IMBI,USD,2007-04-17 00:00:00,2007-04-17 17:25:07,FY,767300000,500100000,267200000,0.34823406750944874,0.0,254400000,0.0,0.0,276699999.99999994,776799999.9999999,6800000.0,22240000.0,12740000.0,0.016603675224814284,-9500000.0,-0.012381076502020071,400000.0,-2300000.0,-0.002997523784699596,100000.0,-2400000.0,-0.0031278509057734915,-0.63158,-0.63158,3800000.0,3800000.0,https://www.sec.gov/Archives/edgar/data/870826/000095013707005617/0000950137-07-005617-index.html,https://www.sec.gov/Archives/edgar/data/870826/000095013707005617/c14147e10vk.txt,1620593540,16:52:20,20210509
15,2006-02-04,IMBI,USD,2006-02-04,2006-02-04,FY,691900000,452900000,238900000,0.34528110998699235,0.0,237200000,0.0,0.0,257600000.0,710500000.0,4400000.0,20870000.0,2270000.0,0.0032808209278797516,-18600000.0,-0.026882497470732764,0.0,-14200000.0,-0.020523196993785228,-800000.0,-15800000.0,-0.022835669894493423,-4.27027,-4.27027,3700000.0,3700000.0,,,1620593540,16:52:20,20210509
16,2005-01-31,IMBI,USD,2005-01-31,2005-01-31,FY,649416000,435176000,214240000,0.32989639922638186,0.0,240002000,0.0,0.0,273324000.0,708500000.0,0.0,20120000.0,-38964000.0,-0.059998521748771204,-59084000.0,-0.09098020375229438,-13252000.0,-57576000.0,-0.08865811744706013,25000.0,-57601000.0,-0.08869661357281003,-15.7,-15.7,3681504.0,3681504.0,,,1620593540,16:52:20,20210509
17,2004-01-31,IMBI,USD,2004-01-31,2004-01-31,FY,616795000,395562000,221233000,0.35868157167292214,0.0,214103000,0.0,0.0,232157000.0,627719000.0,0.0,17846000.0,6922000.0,0.01122252936551042,-10924000.0,-0.017710908810869088,-1858000.0,-11212000.0,-0.018177838666007345,180000.0,-11392000.0,-0.018469669825468753,-3.2,-3.2,3593360.0,3593360.0,,,1620593540,16:52:20,20210509
18,2003-01-31,IMBI,USD,2003-01-31,2003-01-31,FY,554926000,355579000,199347000,0.35923168134129596,0.0,193897000,0.0,0.0,209834000.0,565413000.0,0.0,15937000.0,5450000.0,0.009821129303726984,-10487000.0,-0.01889801523085961,-37329000.0,-44649000.0,-0.08045937656552406,-5539000.0,-39110000.0,-0.0704778655172041,-10.6,-10.6,3717345.0,3717345.0,,,1620593540,16:52:20,20210509
19,2002-01-31,IMBI,USD,2002-01-31,2002-01-31,FY,462322000,290349000,171973000,0.3719766742659878,0.0,165107000,0.0,0.0,177448000.0,467797000.0,0.0,12341000.0,6866000.0,0.014851121080112994,-5475000.0,-0.011842395559804639,-16128000.0,-13018000.0,-0.028157863999550097,-3858000.0,-9489000.0,-0.020524655975705245,-2.5,-2.5,3833637.0,3833637.0,,,1620593540,16:52:20,20210509
20,2001-01-31,IMBI,USD,2001-04-30,2001-04-30,FY,385940000,241420000,144520000,0.37446235166087993,0.0,125031000,0.0,0.0,133274000.0,374694000.0,0.0,8243000.0,19489000.0,0.05049748665595689,11246000.0,0.029139244442141266,-63667000.0,-36998000.0,-0.09586464217235839,-7104000.0,-29894000.0,-0.07745763590195368,-7.8,-7.8,3855975.0,3855975.0,https://www.sec.gov/Archives/edgar/data/870826/000095012401500611/0000950124-01-500611-index.htm,https://www.sec.gov/Archives/edgar/data/870826/000095012401500611/c60247e10-k.txt,1620593540,16:52:20,20210509
21,2000-01-31,IMBI,USD,2000-01-31,2000-01-31,FY,274927000,168399000,106528000,0.38747740309245726,0.0,97566000,0.0,0.0,102532000.0,270931000.0,0.0,4966000.0,8962000.0,0.03259774412844137,3996000.0,0.014534767410985461,32646000.0,46771000.0,0.17012152316796822,17441000.0,29330000.0,0.10668286490595685,8.9,7.3,3260253.0,4042692.0,,,1620593540,16:52:20,20210509
22,1999-01-31,IMBI,USD,1999-01-31,1999-01-31,FY,203700000,117800000,85900000,0.4216985763377516,0.0,86600000,0.0,0.0,91600000.0,209400000.0,0.0,5000000.0,-700000.0,-0.003436426116838488,-5700000.0,-0.027982326951399118,13100000.0,7500000.0,0.036818851251840944,2900000.0,4600000.0,0.022582228767795778,1.7717289069896247,1.7512594791678167,2596334.0,2626681.0,,,1620593540,16:52:20,20210509
23,1998-01-31,IMBI,USD,1998-01-31,1998-01-31,FY,218000000,122800000,95200000,0.43669724770642204,0.0,99200000,0.0,0.0,106200000.0,229000000.0,0.0,7000000.0,-4000000.0,-0.01834862385321101,-11000000.0,-0.05045871559633028,40600000.0,29600000.0,0.13577981651376148,11500000.0,18100000.0,0.08302752293577982,5.701608073981042,5.676077247334596,3174543.0,3188822.0,,,1620593540,16:52:20,20210509
24,1997-01-31,IMBI,USD,1997-01-31,1997-01-31,FY,159500000,92100000,67400000,0.4225705329153605,0.0,64000000,0.0,0.0,70000000.0,162100000.0,0.0,6000000.0,3400000.0,0.021316614420062698,-2600000.0,-0.016300940438871474,32400000.0,29700000.0,0.18620689655172415,11600000.0,18100000.0,0.11347962382445141,6.103488868888629,5.658998150977069,2965517.0,3198446.0,,,1620593540,16:52:20,20210509
