,date,symbol,reportedCurrency,fillingDate,acceptedDate,period,revenue,costOfRevenue,grossProfit,grossProfitRatio,researchAndDevelopmentExpenses,generalAndAdministrativeExpenses,sellingAndMarketingExpenses,otherExpenses,operatingExpenses,costAndExpenses,interestExpense,depreciationAndAmortization,ebitda,ebitdaratio,operatingIncome,operatingIncomeRatio,totalOtherIncomeExpensesNet,incomeBeforeTax,incomeBeforeTaxRatio,incomeTaxExpense,netIncome,netIncomeRatio,eps,epsdiluted,weightedAverageShsOut,weightedAverageShsOutDil,link,finalLink,timestamp,est_time,est_date
0,2020-12-31,ASP.TO,USD,2020-12-31,2020-12-31,FY,1085000.0,2014000.0,-929000.0,-0.8562211981566821,2526000.0,5611000.0,12270000.0,75000.0,0.0,22341000.0,1551000.0,91000.0,-21165000.0,-19.506912442396313,-21256000.0,-19.59078341013825,-1296000.0,-24424000.0,-22.510599078341013,0.0,-24424000.0,-22.510599078341013,-0.0834784094256831,-0.0834784094256831,292578646.0,292578646.0,https://www.sedar.com/ModifyCompanyDocumentSearchForm.do?lang=EN&company_search=Acerus Pharmaceuticals Corporation&document_selection=0&industry_group=A&FromDate=13&FromMonth=05&FromYear=2000&ToDate=13&ToMonth=11&ToYear=2020&Variable=Issuer,https://www.sedar.com/ModifyCompanyDocumentSearchForm.do?lang=EN&company_search=Acerus Pharmaceuticals Corporation&document_selection=0&industry_group=A&FromDate=13&FromMonth=05&FromYear=2000&ToDate=13&ToMonth=11&ToYear=2020&Variable=Issuer,1620588813,15:33:33,20210509
1,2019-12-31,ASP.TO,USD,2019-12-31,2019-12-31,FY,3768000.0,2199000.0,1569000.0,0.4164012738853503,2829000.0,5351000.0,4781000.0,0.0,13069000.0,15268000.0,1694000.0,108000.0,-11392000.0,-3.023354564755839,-11500000.0,-3.052016985138004,-2114000.0,-16129000.0,-4.28052016985138,0.0,-16129000.0,-4.28052016985138,-0.052294,-0.052294,292578646.0,292578646.0,https://www.sedar.com/ModifyCompanyDocumentSearchForm.do?lang=EN&company_search=Acerus Pharmaceuticals Corporation&document_selection=0&industry_group=A&FromDate=13&FromMonth=05&FromYear=2000&ToDate=13&ToMonth=11&ToYear=2020&Variable=Issuer,https://www.sedar.com/ModifyCompanyDocumentSearchForm.do?lang=EN&company_search=Acerus Pharmaceuticals Corporation&document_selection=0&industry_group=A&FromDate=13&FromMonth=05&FromYear=2000&ToDate=13&ToMonth=11&ToYear=2020&Variable=Issuer,1620588813,15:33:33,20210509
2,2018-12-31,ASP.TO,USD,2018-12-31,2018-12-31,FY,7377000.0,10324000.0,-2947000.0,-0.39948488545479194,2398000.0,6213000.0,2247000.0,195000.0,10954000.0,21278000.0,1063000.0,96000.0,-13805000.0,-1.8713569201572455,-13901000.0,-1.8843703402467127,-3095000.0,-18757000.0,-2.542632506438932,29000.0,-18786000.0,-2.546563643757625,-0.069725,-0.069725,257509179.0,257509179.0,https://www.sedar.com/ModifyCompanyDocumentSearchForm.do?lang=EN&company_search=Acerus Pharmaceuticals Corporation&document_selection=0&industry_group=A&FromDate=13&FromMonth=05&FromYear=2000&ToDate=13&ToMonth=11&ToYear=2020&Variable=Issuer,https://www.sedar.com/ModifyCompanyDocumentSearchForm.do?lang=EN&company_search=Acerus Pharmaceuticals Corporation&document_selection=0&industry_group=A&FromDate=13&FromMonth=05&FromYear=2000&ToDate=13&ToMonth=11&ToYear=2020&Variable=Issuer,1620588813,15:33:33,20210509
3,2017-12-31,ASP.TO,USD,2017-12-31,2017-12-31,FY,6444000.0,3263000.0,3181000.0,0.4936374922408442,2166000.0,0.0,0.0,0.0,10133000.0,13396000.0,370000.0,2045000.0,-4907000.0,-0.7614835505896959,-6952000.0,-1.0788330229671013,-1356000.0,-8667000.0,-1.344972067039106,47000.0,-8714000.0,-1.3522656734947238,-0.034863,-0.034863,244523169.0,244523169.0,https://www.sedar.com/ModifyCompanyDocumentSearchForm.do?lang=EN&company_search=Acerus Pharmaceuticals Corporation&document_selection=0&industry_group=A&FromDate=13&FromMonth=05&FromYear=2000&ToDate=13&ToMonth=11&ToYear=2020&Variable=Issuer,https://www.sedar.com/ModifyCompanyDocumentSearchForm.do?lang=EN&company_search=Acerus Pharmaceuticals Corporation&document_selection=0&industry_group=A&FromDate=13&FromMonth=05&FromYear=2000&ToDate=13&ToMonth=11&ToYear=2020&Variable=Issuer,1620588813,15:33:33,20210509
4,2016-12-31,ASP.TO,USD,2016-12-31,2016-12-31,FY,24486000.0,4453000.0,20033000.0,0.818140978518337,1596000.0,0.0,0.0,0.0,7074000.0,11527000.0,755000.0,2208000.0,15167000.0,0.6194151760189496,12959000.0,0.5292411990525198,-378000.0,11419000.0,0.46634811729151354,300000.0,11119000.0,0.4540962182471616,0.04632539963958598,0.04604239067711777,240019516.0,241494845.0,https://www.sedar.com/ModifyCompanyDocumentSearchForm.do?lang=EN&company_search=Acerus Pharmaceuticals Corporation&document_selection=0&industry_group=A&FromDate=13&FromMonth=05&FromYear=2000&ToDate=13&ToMonth=11&ToYear=2020&Variable=Issuer,https://www.sedar.com/ModifyCompanyDocumentSearchForm.do?lang=EN&company_search=Acerus Pharmaceuticals Corporation&document_selection=0&industry_group=A&FromDate=13&FromMonth=05&FromYear=2000&ToDate=13&ToMonth=11&ToYear=2020&Variable=Issuer,1620588813,15:33:33,20210509
5,2015-12-31,ASP.TO,USD,2015-12-31,2015-12-31,FY,16915000.0,5108000.0,11807000.0,0.6980195093112622,2874000.0,0.0,0.0,0.0,8655000.0,13763000.0,2590000.0,2407000.0,5559000.0,0.32864321608040203,3152000.0,0.18634348211646468,-8910000.0,-9421000.0,-0.5569612769731008,-390000.0,-9031000.0,-0.5339048182086905,-0.034863,-0.034863,230473311.0,230473311.0,https://www.sedar.com/ModifyCompanyDocumentSearchForm.do?lang=EN&company_search=Acerus Pharmaceuticals Corporation&document_selection=0&industry_group=A&FromDate=13&FromMonth=05&FromYear=2000&ToDate=13&ToMonth=11&ToYear=2020&Variable=Issuer,https://www.sedar.com/ModifyCompanyDocumentSearchForm.do?lang=EN&company_search=Acerus Pharmaceuticals Corporation&document_selection=0&industry_group=A&FromDate=13&FromMonth=05&FromYear=2000&ToDate=13&ToMonth=11&ToYear=2020&Variable=Issuer,1620588813,15:33:33,20210509
6,2014-12-31,ASP.TO,USD,2014-12-31,2014-12-31,FY,4313000.0,9189000.0,-4876000.0,-1.1305355900765128,9054000.0,0.0,0.0,0.0,14513000.0,23702000.0,1629000.0,2565000.0,-16824000.0,-3.9007651286807326,-19389000.0,-4.495478785068398,-3895000.0,-22645000.0,-5.250405750057964,0.0,-22645000.0,-5.250405750057964,-0.113304,-0.113304,202454809.0,202454809.0,https://www.sedar.com/ModifyCompanyDocumentSearchForm.do?lang=EN&company_search=Acerus Pharmaceuticals Corporation&document_selection=0&industry_group=A&FromDate=13&FromMonth=05&FromYear=2000&ToDate=13&ToMonth=11&ToYear=2020&Variable=Issuer,https://www.sedar.com/ModifyCompanyDocumentSearchForm.do?lang=EN&company_search=Acerus Pharmaceuticals Corporation&document_selection=0&industry_group=A&FromDate=13&FromMonth=05&FromYear=2000&ToDate=13&ToMonth=11&ToYear=2020&Variable=Issuer,1620588813,15:33:33,20210509
7,2013-12-31,ASP.TO,USD,2013-12-31,2013-12-31,FY,0.0,0.0,0.0,0.0,22680609.0,9896688.0,0.0,0.0,32577297.0,32577297.0,1112912.0,1166505.0,-31410792.0,0.0,-32577297.0,0.0,1298992.0,-32274928.0,0.0,-320000.0,-31954928.0,0.0,-0.217892,-0.217892,149559771.0,149559771.0,https://www.sedar.com/ModifyCompanyDocumentSearchForm.do?lang=EN&company_search=Acerus Pharmaceuticals Corporation&document_selection=0&industry_group=A&FromDate=13&FromMonth=05&FromYear=2000&ToDate=13&ToMonth=11&ToYear=2020&Variable=Issuer,https://www.sedar.com/ModifyCompanyDocumentSearchForm.do?lang=EN&company_search=Acerus Pharmaceuticals Corporation&document_selection=0&industry_group=A&FromDate=13&FromMonth=05&FromYear=2000&ToDate=13&ToMonth=11&ToYear=2020&Variable=Issuer,1620588813,15:33:33,20210509
8,2012-12-31,ASP.TO,USD,2012-12-31,2012-12-31,FY,0.0,0.0,0.0,0.0,16522603.0,10896746.0,0.0,0.0,27419349.0,27419349.0,606674.0,983690.0,-26435659.0,0.0,-27419349.0,0.0,-122731.0,-28134694.0,0.0,-110981.0,-28023713.0,0.0,-0.278902,-0.278902,99399073.0,99399073.0,https://www.sedar.com/ModifyCompanyDocumentSearchForm.do?lang=EN&company_search=Acerus Pharmaceuticals Corporation&document_selection=0&industry_group=A&FromDate=13&FromMonth=05&FromYear=2000&ToDate=13&ToMonth=11&ToYear=2020&Variable=Issuer,https://www.sedar.com/ModifyCompanyDocumentSearchForm.do?lang=EN&company_search=Acerus Pharmaceuticals Corporation&document_selection=0&industry_group=A&FromDate=13&FromMonth=05&FromYear=2000&ToDate=13&ToMonth=11&ToYear=2020&Variable=Issuer,1620588813,15:33:33,20210509
9,2011-12-31,ASP.TO,USD,2011-12-31,2011-12-31,FY,0.0,0.0,0.0,0.0,13163594.0,0.0,0.0,-2085751.0,21670727.0,21670727.0,2410266.0,851020.0,-20819707.0,0.0,-21670727.0,0.0,-2085751.0,-26006417.0,0.0,371907.0,-26378324.0,0.0,-0.339912,-0.339912,76895370.0,76895370.0,https://www.sedar.com/ModifyCompanyDocumentSearchForm.do?lang=EN&company_search=Acerus Pharmaceuticals Corporation&document_selection=0&industry_group=A&FromDate=13&FromMonth=05&FromYear=2000&ToDate=13&ToMonth=11&ToYear=2020&Variable=Issuer,https://www.sedar.com/ModifyCompanyDocumentSearchForm.do?lang=EN&company_search=Acerus Pharmaceuticals Corporation&document_selection=0&industry_group=A&FromDate=13&FromMonth=05&FromYear=2000&ToDate=13&ToMonth=11&ToYear=2020&Variable=Issuer,1620588813,15:33:33,20210509
10,2010-12-31,ASP.TO,USD,2010-12-31,2010-12-31,FY,0.0,0.0,0.0,0.0,0.0,137582.986722,0.0,0.0,137582.986722,137582.986722,0.0,0.0,-137582.986722,0.0,-137582.986722,0.0,0.0,0.0,0.0,0.0,-137582.986722,0.0,-0.697125,-0.799399,172108.0,172108.0,https://www.sedar.com/ModifyCompanyDocumentSearchForm.do?lang=EN&company_search=Acerus Pharmaceuticals Corporation&document_selection=0&industry_group=A&FromDate=13&FromMonth=05&FromYear=2000&ToDate=13&ToMonth=11&ToYear=2020&Variable=Issuer,https://www.sedar.com/ModifyCompanyDocumentSearchForm.do?lang=EN&company_search=Acerus Pharmaceuticals Corporation&document_selection=0&industry_group=A&FromDate=13&FromMonth=05&FromYear=2000&ToDate=13&ToMonth=11&ToYear=2020&Variable=Issuer,1620588813,15:33:33,20210509
11,2009-12-31,ASP.TO,USD,2009-12-31,2009-12-31,FY,0.0,0.0,0.0,0.0,0.0,226901.919587,0.0,0.0,226901.919587,226901.919587,0.0,0.0,-226901.919587,0.0,-226901.919587,0.0,0.0,0.0,0.0,0.0,-226901.919587,0.0,-1.331747,-1.331747,172108.0,172108.0,https://www.sedar.com/ModifyCompanyDocumentSearchForm.do?lang=EN&company_search=Acerus Pharmaceuticals Corporation&document_selection=0&industry_group=A&FromDate=13&FromMonth=05&FromYear=2000&ToDate=13&ToMonth=11&ToYear=2020&Variable=Issuer,https://www.sedar.com/ModifyCompanyDocumentSearchForm.do?lang=EN&company_search=Acerus Pharmaceuticals Corporation&document_selection=0&industry_group=A&FromDate=13&FromMonth=05&FromYear=2000&ToDate=13&ToMonth=11&ToYear=2020&Variable=Issuer,1620588813,15:33:33,20210509
