,date,symbol,reportedCurrency,fillingDate,acceptedDate,period,revenue,costOfRevenue,grossProfit,grossProfitRatio,researchAndDevelopmentExpenses,generalAndAdministrativeExpenses,sellingAndMarketingExpenses,otherExpenses,operatingExpenses,costAndExpenses,interestExpense,depreciationAndAmortization,ebitda,ebitdaratio,operatingIncome,operatingIncomeRatio,totalOtherIncomeExpensesNet,incomeBeforeTax,incomeBeforeTaxRatio,incomeTaxExpense,netIncome,netIncomeRatio,eps,epsdiluted,weightedAverageShsOut,weightedAverageShsOutDil,link,finalLink,timestamp,est_time,est_date
0,2020-12-31,ASY.L,GBP,2020-12-31,2020-12-31,FY,67259000.0,28184000.0,39075000.0,0.5809631424790734,0.0,12183000.0,12136000.0,0.0,0.0,52503000.0,669000.0,0.0,14872000.0,0.22111538976196493,14756000.0,0.23540344043176378,0.0,15833000.0,0.23540344043176378,2813000.0,13020000.0,0.19358004133275844,0.3087,0.3087,42176871,42176871,https://find-and-update.company-information.service.gov.uk/search/companies?q=Andrews+Sykes+Group+PLC,https://find-and-update.company-information.service.gov.uk/search/companies?q=Andrews+Sykes+Group+PLC,1620588836,15:33:56,20210509
1,2019-12-31,ASY.L,GBP,2019-12-31,2019-12-31,FY,77246000.0,32244000.0,45002000.0,0.582580327783963,0.0,13708000.0,11996000.0,0.0,25704000.0,57948000.0,614000.0,9741000.0,29039000.0,0.3759288506848251,19298000.0,0.2498252336690573,0.0,18560000.0,0.24027134091085622,3541000.0,15019000.0,0.19443077958729255,0.3561,0.3561,42176355,42176355,https://find-and-update.company-information.service.gov.uk/search/companies?q=Andrews+Sykes+Group+PLC,https://find-and-update.company-information.service.gov.uk/search/companies?q=Andrews+Sykes+Group+PLC,1620588836,15:33:56,20210509
2,2018-12-31,ASY.L,GBP,2018-12-31,2018-12-31,FY,78563000.0,31908000.0,46655000.0,0.5938546134949022,0.0,13901000.0,12073000.0,0.0,25974000.0,57882000.0,97000.0,6666000.0,27347000.0,0.3480900678436414,20681000.0,0.2632409658490638,0.0,21045000.0,0.2678741901403969,3999000.0,17046000.0,0.21697236612654813,0.4039,0.4039,42203515,42203515,https://find-and-update.company-information.service.gov.uk/search/companies?q=Andrews+Sykes+Group+PLC,https://find-and-update.company-information.service.gov.uk/search/companies?q=Andrews+Sykes+Group+PLC,1620588836,15:33:56,20210509
3,2017-12-31,ASY.L,GBP,2017-12-31,2017-12-31,FY,71300000.0,30086000.0,41214000.0,0.5780364656381487,0.0,12054000.0,11571000.0,0.0,23625000.0,53711000.0,93000.0,5917000.0,23506000.0,0.3296774193548387,17589000.0,0.24669004207573633,0.0,17285000.0,0.24242636746143056,3184000.0,14101000.0,0.19776998597475456,0.3337,0.3337,42256517,42256517,https://find-and-update.company-information.service.gov.uk/search/companies?q=Andrews+Sykes+Group+PLC,https://find-and-update.company-information.service.gov.uk/search/companies?q=Andrews+Sykes+Group+PLC,1620588836,15:33:56,20210509
4,2016-12-31,ASY.L,GBP,2016-12-31,2016-12-31,FY,65389000.0,26677000.0,38712000.0,0.5920261817736928,0.0,11384000.0,11512000.0,0.0,22896000.0,49573000.0,150000.0,5310000.0,21126000.0,0.3230818639220664,15816000.0,0.24187554481640644,0.0,17541000.0,0.2682561287066632,3068000.0,14473000.0,0.22133692211228187,0.3425,0.3425,42256934,42256934,https://find-and-update.company-information.service.gov.uk/search/companies?q=Andrews+Sykes+Group+PLC,https://find-and-update.company-information.service.gov.uk/search/companies?q=Andrews+Sykes+Group+PLC,1620588836,15:33:56,20210509
5,2015-12-31,ASY.L,GBP,2015-12-31,2015-12-31,FY,60058000.0,25284000.0,34774000.0,0.5790069599387259,0.0,10738000.0,10828000.0,0.0,21566000.0,46850000.0,164000.0,4959000.0,18167000.0,0.30249092543874256,13208000.0,0.21992074328149455,0.0,13367000.0,0.22256818408871423,2567000.0,10800000.0,0.17982616803756368,0.2555,0.2555,42270059,42270059,https://find-and-update.company-information.service.gov.uk/search/companies?q=Andrews+Sykes+Group+PLC,https://find-and-update.company-information.service.gov.uk/search/companies?q=Andrews+Sykes+Group+PLC,1620588836,15:33:56,20210509
6,2014-12-31,ASY.L,GBP,2014-12-31,2014-12-31,FY,56400000.0,24101000.0,32299000.0,0.5726773049645391,0.0,10578000.0,10410000.0,0.0,20988000.0,45089000.0,192000.0,4563000.0,15874000.0,0.2814539007092199,11311000.0,0.20054964539007092,0.0,11756000.0,0.20843971631205674,2445000.0,9311000.0,0.1650886524822695,0.2203,0.2203,42265093,42265093,https://find-and-update.company-information.service.gov.uk/search/companies?q=Andrews+Sykes+Group+PLC,https://find-and-update.company-information.service.gov.uk/search/companies?q=Andrews+Sykes+Group+PLC,1620588836,15:33:56,20210509
7,2013-12-31,ASY.L,GBP,2013-12-31,2013-12-31,FY,61072000.0,25318000.0,35754000.0,0.5854401362326435,0.0,10077000.0,10994000.0,0.0,21071000.0,46389000.0,1550000.0,4459000.0,19142000.0,0.3134333246004716,14683000.0,0.24042114225831804,0.0,14964000.0,0.24502226879748493,3446000.0,11518000.0,0.18859706575844903,0.2725,0.2725,42267890,42267890,https://find-and-update.company-information.service.gov.uk/search/companies?q=Andrews+Sykes+Group+PLC,https://find-and-update.company-information.service.gov.uk/search/companies?q=Andrews+Sykes+Group+PLC,1620588836,15:33:56,20210509
8,2012-12-31,ASY.L,GBP,2012-12-31,2012-12-31,FY,58380000.0,25455000.0,32925000.0,0.5639773895169579,0.0,8525000.0,10088000.0,0.0,18613000.0,44068000.0,1701000.0,4006000.0,18318000.0,0.31377183967112027,14312000.0,0.24515244946899623,0.0,14872000.0,0.25474477560808495,3714000.0,11158000.0,0.19112709832134292,0.2639,0.2639,42281167,42281167,https://find-and-update.company-information.service.gov.uk/search/companies?q=Andrews+Sykes+Group+PLC,https://find-and-update.company-information.service.gov.uk/search/companies?q=Andrews+Sykes+Group+PLC,1620588836,15:33:56,20210509
9,2011-12-31,ASY.L,GBP,2011-12-31,2011-12-31,FY,53838000.0,23873000.0,29965000.0,0.556577138823879,0.0,-4056000.0,9317000.0,0.0,18393000.0,42266000.0,377000.0,3911000.0,15483000.0,0.28758497715368325,11572000.0,0.21494111965526208,0.0,14903000.0,0.27681191723318105,3337000.0,11566000.0,0.2148296742078086,0.2705,0.2705,42688588,42688588,https://find-and-update.company-information.service.gov.uk/search/companies?q=Andrews+Sykes+Group+PLC,https://find-and-update.company-information.service.gov.uk/search/companies?q=Andrews+Sykes+Group+PLC,1620588836,15:33:56,20210509
10,2010-12-31,ASY.L,GBP,2010-12-31,2010-12-31,FY,55951000.0,24015000.0,31936000.0,0.5707851512930957,0.0,-4223000.0,9219000.0,-800000.0,18547000.0,42562000.0,598000.0,4239000.0,17628000.0,0.3150613930045933,13389000.0,0.23929867205233152,0.0,14374000.0,0.25690336187020785,3812000.0,10562000.0,0.18877231863594932,0.2419,0.2418,43670777,43673825,https://find-and-update.company-information.service.gov.uk/search/companies?q=Andrews+Sykes+Group+PLC,https://find-and-update.company-information.service.gov.uk/search/companies?q=Andrews+Sykes+Group+PLC,1620588836,15:33:56,20210509
11,2009-12-31,ASY.L,GBP,2009-12-31,2009-12-31,FY,54358000.0,23218000.0,31140000.0,0.5728687589683211,0.0,-4962000.0,9367000.0,-1960000.0,19153000.0,42371000.0,1505000.0,4964000.0,16951000.0,0.3118400235475919,11987000.0,0.22051951874609074,0.0,13291000.0,0.24450862798484124,1648000.0,11643000.0,0.21419110342543876,0.263,0.263,44268365,44268365,https://find-and-update.company-information.service.gov.uk/search/companies?q=Andrews+Sykes+Group+PLC,https://find-and-update.company-information.service.gov.uk/search/companies?q=Andrews+Sykes+Group+PLC,1620588836,15:33:56,20210509
12,2008-12-31,ASY.L,GBP,2008-12-31,2008-12-31,FY,67394000.0,30523000.0,36871000.0,0.5470961806689023,0.0,-5419000.0,10144000.0,0.0,18349000.0,48872000.0,2396000.0,4827000.0,23349000.0,0.3464551740511025,18522000.0,0.274831587381666,0.0,15377000.0,0.22816571208119418,4321000.0,11056000.0,0.164050212185061,0.2485,0.2485,44268365,44268365,https://find-and-update.company-information.service.gov.uk/search/companies?q=Andrews+Sykes+Group+PLC,https://find-and-update.company-information.service.gov.uk/search/companies?q=Andrews+Sykes+Group+PLC,1620588836,15:33:56,20210509
13,2007-12-31,ASY.L,GBP,2007-12-31,2007-12-31,FY,57846000.0,25816000.0,32030000.0,0.553711579020157,0.0,-6060000.0,9751000.0,-418000.0,17261000.0,43077000.0,1680000.0,4432000.0,19201000.0,0.33193306365176506,14769000.0,0.25531583860595375,0.0,12378000.0,0.21398195207965978,3829000.0,8549000.0,0.14778895688552363,0.1919,0.1919,44553000,44553000,https://find-and-update.company-information.service.gov.uk/search/companies?q=Andrews+Sykes+Group+PLC,https://find-and-update.company-information.service.gov.uk/search/companies?q=Andrews+Sykes+Group+PLC,1620588836,15:33:56,20210509
14,2006-12-31,ASY.L,GBP,2006-12-31,2006-12-31,FY,59768000.0,26918000.0,32850000.0,0.5496252175076964,0.0,-4979000.0,9471000.0,0.0,17955000.0,44873000.0,1823000.0,4153000.0,19048000.0,0.3186989693481462,14895000.0,0.24921362602061303,0.0,14000000.0,0.23423905768973363,4150000.0,9708000.0,0.16242805514656672,0.2179,0.2179,44553000,44553000,https://find-and-update.company-information.service.gov.uk/search/companies?q=Andrews+Sykes+Group+PLC,https://find-and-update.company-information.service.gov.uk/search/companies?q=Andrews+Sykes+Group+PLC,1620588836,15:33:56,20210509
15,2005-12-31,ASY.L,GBP,2005-12-31,2005-12-31,FY,55088000.0,26089000.0,28999000.0,0.5264122857972698,0.0,-3837000.0,8737000.0,0.0,24663000.0,50752000.0,1222000.0,4280000.0,8616000.0,0.15640429857682253,4336000.0,0.07871042695323846,0.0,17070000.0,0.30986784780714494,2943000.0,14127000.0,0.25644423467905897,0.281658364254545,0.28159317673441175,50156508,50168119,https://find-and-update.company-information.service.gov.uk/search/companies?q=Andrews+Sykes+Group+PLC,https://find-and-update.company-information.service.gov.uk/search/companies?q=Andrews+Sykes+Group+PLC,1620588836,15:33:56,20210509
16,2004-12-31,ASY.L,GBP,2004-12-31,2004-12-31,FY,62680000.0,30286000.0,32394000.0,0.5168155711550734,0.0,-4236000.0,9682000.0,-608000.0,21139000.0,51425000.0,1106000.0,5489000.0,16744000.0,0.2671346522016592,11255000.0,0.1795628589661774,0.0,7170000.0,0.11439055520102107,2236000.0,4934000.0,0.07871729419272495,0.0851,0.0818,57967089,60300966,https://find-and-update.company-information.service.gov.uk/search/companies?q=Andrews+Sykes+Group+PLC,https://find-and-update.company-information.service.gov.uk/search/companies?q=Andrews+Sykes+Group+PLC,1620588836,15:33:56,20210509
17,2003-12-31,ASY.L,GBP,2003-12-31,2003-12-31,FY,68252000.0,34084000.0,34168000.0,0.5006153665826643,0.0,433000.0,9647000.0,470000.0,20675000.0,54759000.0,830000.0,5575000.0,19068000.0,0.2793764285295669,13493000.0,0.19769384047353925,0.0,14574000.0,0.21353220418449276,4617000.0,9957000.0,0.14588583484733048,0.16823,0.16823,59186675,59186675,https://find-and-update.company-information.service.gov.uk/search/companies?q=Andrews+Sykes+Group+PLC,https://find-and-update.company-information.service.gov.uk/search/companies?q=Andrews+Sykes+Group+PLC,1620588836,15:33:56,20210509
18,2002-12-31,ASY.L,GBP,2002-12-31,2002-12-31,FY,70544000.0,37342000.0,33202000.0,0.47065661147652527,0.0,1768000.0,6133000.0,364000.0,20661000.0,58003000.0,661000.0,6841000.0,19382000.0,0.2747505103198004,12541000.0,0.17777557269222047,0.0,12167000.0,0.17247391698797912,3850000.0,8317000.0,0.11789804944431843,0.115,0.1136,71949134,72815175,https://find-and-update.company-information.service.gov.uk/search/companies?q=Andrews+Sykes+Group+PLC,https://find-and-update.company-information.service.gov.uk/search/companies?q=Andrews+Sykes+Group+PLC,1620588836,15:33:56,20210509
19,2001-12-31,ASY.L,GBP,2001-12-31,2001-12-31,FY,84184000.0,46449000.0,37735000.0,0.44824432196141784,0.0,0.0,0.0,0.0,24940000.0,71389000.0,1746000.0,9638000.0,22433000.0,0.26647581488168776,12795000.0,0.15198850137793404,0.0,12252000.0,0.14553834457854223,3914000.0,8338000.0,0.09904494915898508,0.10524854207164676,0.10513706403046427,79222000,79306000,https://find-and-update.company-information.service.gov.uk/search/companies?q=Andrews+Sykes+Group+PLC,https://find-and-update.company-information.service.gov.uk/search/companies?q=Andrews+Sykes+Group+PLC,1620588836,15:33:56,20210509
20,2000-12-31,ASY.L,GBP,2000-12-31,2000-12-31,FY,86869000.0,59687000.0,27182000.0,0.31290794184346543,0.0,0.0,0.0,0.0,14214000.0,73901000.0,2450000.0,11120000.0,24088000.0,0.2772910934855933,12968000.0,0.14928225258722905,0.0,500000.0,0.0057557932058617,3635000.0,-3135000.0,-0.03608882340075286,-0.035,-0.035,90157000,90157000,https://find-and-update.company-information.service.gov.uk/search/companies?q=Andrews+Sykes+Group+PLC,https://find-and-update.company-information.service.gov.uk/search/companies?q=Andrews+Sykes+Group+PLC,1620588836,15:33:56,20210509
21,1999-12-31,ASY.L,GBP,1999-12-31,1999-12-31,FY,94673000.0,56179000.0,38494000.0,0.40659955848024254,0.0,0.0,0.0,0.0,22961000.0,79140000.0,2946000.0,12660000.0,28193000.0,0.29779345747995734,15533000.0,0.16407000940077954,0.0,7998000.0,0.08448026364433366,2674000.0,5324000.0,0.05623567437389752,0.06,0.057,85497000,92976000,https://find-and-update.company-information.service.gov.uk/search/companies?q=Andrews+Sykes+Group+PLC,https://find-and-update.company-information.service.gov.uk/search/companies?q=Andrews+Sykes+Group+PLC,1620588836,15:33:56,20210509
22,1998-12-31,ASY.L,GBP,1998-12-31,1998-12-31,FY,83814000.0,48178000.0,35636000.0,0.42517956427327175,0.0,0.0,0.0,0.0,21933000.0,70111000.0,2274000.0,9379000.0,23082000.0,0.2753955186484358,13703000.0,0.16349297253442147,0.0,12050000.0,0.14377073042689764,3810000.0,8240000.0,0.09831293101391175,0.097,0.091,80458000,90228000,https://find-and-update.company-information.service.gov.uk/search/companies?q=Andrews+Sykes+Group+PLC,https://find-and-update.company-information.service.gov.uk/search/companies?q=Andrews+Sykes+Group+PLC,1620588836,15:33:56,20210509
23,1997-12-31,ASY.L,GBP,1997-12-31,1997-12-31,FY,59915000.0,0.0,0.0,0.0,0.0,0.0,0.0,0.0,48264000.0,48264000.0,289000.0,3603000.0,15254000.0,0.2545940081782525,11651000.0,0.19445881665693066,0.0,11703000.0,0.19532671284319453,3752000.0,7951000.0,0.13270466494200117,0.099235,0.088936,74683939,89799448,https://find-and-update.company-information.service.gov.uk/search/companies?q=Andrews+Sykes+Group+PLC,https://find-and-update.company-information.service.gov.uk/search/companies?q=Andrews+Sykes+Group+PLC,1620588836,15:33:56,20210509
24,1996-12-31,ASY.L,GBP,1996-12-31,1996-12-31,FY,53504000.0,0.0,0.0,0.0,0.0,0.0,0.0,0.0,45368000.0,45368000.0,422000.0,4554000.0,12690000.0,0.23717852870813397,8136000.0,0.1520633971291866,0.0,7905000.0,0.1477459629186603,2350000.0,5555000.0,0.10382401315789473,0.066949,0.063186,73335963,78803597,https://find-and-update.company-information.service.gov.uk/search/companies?q=Andrews+Sykes+Group+PLC,https://find-and-update.company-information.service.gov.uk/search/companies?q=Andrews+Sykes+Group+PLC,1620588836,15:33:56,20210509
25,1995-12-31,ASY.L,GBP,1995-12-31,1995-12-31,FY,37015000.0,0.0,0.0,0.0,0.0,0.0,0.0,0.0,31825000.0,31825000.0,547000.0,3686000.0,8876000.0,0.23979467783331082,5190000.0,0.14021342698905848,0.0,4672000.0,0.126219100364717,1399000.0,3233000.0,0.08734296906659463,0.03803,0.035852,72194980,78147279,https://find-and-update.company-information.service.gov.uk/search/companies?q=Andrews+Sykes+Group+PLC,https://find-and-update.company-information.service.gov.uk/search/companies?q=Andrews+Sykes+Group+PLC,1620588836,15:33:56,20210509
26,1995-03-31,ASY.L,GBP,1995-03-31,1995-03-31,FY,51392000.0,0.0,0.0,0.0,0.0,0.0,0.0,0.0,50956000.0,50956000.0,1517000.0,4973000.0,5409000.0,0.10524984433374844,436000.0,0.008483810709838106,0.0,-1961000.0,-0.0381576899128269,191000.0,-2222000.0,-0.04323630136986301,-0.039813,-0.039813,72073813,72073813,https://find-and-update.company-information.service.gov.uk/search/companies?q=Andrews+Sykes+Group+PLC,https://find-and-update.company-information.service.gov.uk/search/companies?q=Andrews+Sykes+Group+PLC,1620588836,15:33:56,20210509
27,1994-03-31,ASY.L,GBP,1994-03-31,1994-03-31,FY,52929000.0,0.0,0.0,0.0,0.0,0.0,0.0,0.0,50241000.0,50241000.0,1686000.0,4653000.0,7341000.0,0.13869523323697783,2688000.0,0.05078501388652724,0.0,-4749000.0,-0.08972396984639801,335000.0,-5154000.0,-0.0973757297511761,-0.080418,-0.080418,72068765,72068765,https://find-and-update.company-information.service.gov.uk/search/companies?q=Andrews+Sykes+Group+PLC,https://find-and-update.company-information.service.gov.uk/search/companies?q=Andrews+Sykes+Group+PLC,1620588836,15:33:56,20210509
28,1993-03-31,ASY.L,GBP,1993-03-31,1993-03-31,FY,56177000.0,0.0,0.0,0.0,0.0,0.0,0.0,0.0,51916000.0,51916000.0,1971000.0,3849000.0,8110000.0,0.1443651316375029,4261000.0,0.0758495469676202,0.0,1275000.0,0.022696121188386705,634000.0,571000.0,0.010164302116524556,-0.00099,-0.00099,72068765,72068765,https://find-and-update.company-information.service.gov.uk/search/companies?q=Andrews+Sykes+Group+PLC,https://find-and-update.company-information.service.gov.uk/search/companies?q=Andrews+Sykes+Group+PLC,1620588836,15:33:56,20210509
29,1992-03-31,ASY.L,GBP,1992-03-31,1992-03-31,FY,56812000.0,0.0,0.0,0.0,0.0,0.0,0.0,0.0,53167000.0,53167000.0,2292000.0,3670000.0,7315000.0,0.1287580088713652,3645000.0,0.06415898049707808,0.0,1201000.0,0.021139900021122298,310000.0,821000.0,0.014451172287544885,0.002377,0.002377,72068765,72068765,https://find-and-update.company-information.service.gov.uk/search/companies?q=Andrews+Sykes+Group+PLC,https://find-and-update.company-information.service.gov.uk/search/companies?q=Andrews+Sykes+Group+PLC,1620588836,15:33:56,20210509
30,1991-03-31,ASY.L,GBP,1991-03-31,1991-03-31,FY,62617000.0,0.0,0.0,0.0,0.0,0.0,0.0,0.0,61676000.0,61676000.0,3014000.0,3808000.0,4749000.0,0.07584202373157449,941000.0,0.015027867831419583,0.0,1315000.0,0.02100068671447051,147000.0,1098000.0,0.017535174153983743,0.015237,0.015237,72063716,72063716,https://find-and-update.company-information.service.gov.uk/search/companies?q=Andrews+Sykes+Group+PLC,https://find-and-update.company-information.service.gov.uk/search/companies?q=Andrews+Sykes+Group+PLC,1620588836,15:33:56,20210509
31,1990-03-31,ASY.L,GBP,1990-03-31,1990-03-31,FY,65518000.0,0.0,0.0,0.0,0.0,0.0,0.0,0.0,63756000.0,63756000.0,3184000.0,3235000.0,4997000.0,0.07626911688390976,1762000.0,0.026893372813577947,0.0,2299000.0,0.035089593699441375,774000.0,1455000.0,0.022207637595775206,0.020192,0.020192,72058667,72058667,https://find-and-update.company-information.service.gov.uk/search/companies?q=Andrews+Sykes+Group+PLC,https://find-and-update.company-information.service.gov.uk/search/companies?q=Andrews+Sykes+Group+PLC,1620588836,15:33:56,20210509
32,1989-03-31,ASY.L,GBP,1989-03-31,1989-03-31,FY,59264000.0,0.0,0.0,0.0,0.0,0.0,0.0,0.0,59264000.0,59264000.0,2278000.0,3044000.0,11850000.0,0.19995275377969762,0.0,0.1101511879049676,0.0,6528000.0,0.1101511879049676,2152000.0,4183000.0,0.07058247840172786,0.073911,0.073911,56594806,56594806,https://find-and-update.company-information.service.gov.uk/search/companies?q=Andrews+Sykes+Group+PLC,https://find-and-update.company-information.service.gov.uk/search/companies?q=Andrews+Sykes+Group+PLC,1620588836,15:33:56,20210509
33,1988-03-31,ASY.L,GBP,1988-03-31,1988-03-31,FY,30293000.0,0.0,0.0,0.0,0.0,0.0,0.0,0.0,30293000.0,30293000.0,415000.0,1378000.0,5514000.0,0.18202224936453967,0.0,0.1228336579407784,0.0,3721000.0,0.1228336579407784,1323000.0,2020000.0,0.06668207176575447,0.072867,0.072867,27721862,27721862,https://find-and-update.company-information.service.gov.uk/search/companies?q=Andrews+Sykes+Group+PLC,https://find-and-update.company-information.service.gov.uk/search/companies?q=Andrews+Sykes+Group+PLC,1620588836,15:33:56,20210509
34,1987-03-31,ASY.L,GBP,1987-03-31,1987-03-31,FY,8185000.0,0.0,0.0,0.0,0.0,0.0,0.0,0.0,8173000.0,8173000.0,216000.0,342000.0,354000.0,0.043249847281612706,12000.0,0.0014660965180207698,0.0,-248000.0,-0.030299328039095907,-1000.0,-247000.0,-0.030177153329260843,-0.017263,-0.017263,14307732,14307732,https://find-and-update.company-information.service.gov.uk/search/companies?q=Andrews+Sykes+Group+PLC,https://find-and-update.company-information.service.gov.uk/search/companies?q=Andrews+Sykes+Group+PLC,1620588836,15:33:56,20210509
35,1986-03-31,ASY.L,GBP,1986-03-31,1986-03-31,FY,9974000.0,0.0,0.0,0.0,0.0,0.0,0.0,0.0,9456000.0,9456000.0,260000.0,396000.0,914000.0,0.09163825947463405,518000.0,0.05193503108081011,0.0,-1020000.0,-0.1022658913174253,-446000.0,-1401000.0,-0.14046520954481653,-0.097919,-0.097919,14307732,14307732,https://find-and-update.company-information.service.gov.uk/search/companies?q=Andrews+Sykes+Group+PLC,https://find-and-update.company-information.service.gov.uk/search/companies?q=Andrews+Sykes+Group+PLC,1620588836,15:33:56,20210509
