,date,symbol,reportedCurrency,fillingDate,acceptedDate,period,revenue,costOfRevenue,grossProfit,grossProfitRatio,researchAndDevelopmentExpenses,generalAndAdministrativeExpenses,sellingAndMarketingExpenses,otherExpenses,operatingExpenses,costAndExpenses,interestExpense,depreciationAndAmortization,ebitda,ebitdaratio,operatingIncome,operatingIncomeRatio,totalOtherIncomeExpensesNet,incomeBeforeTax,incomeBeforeTaxRatio,incomeTaxExpense,netIncome,netIncomeRatio,eps,epsdiluted,weightedAverageShsOut,weightedAverageShsOutDil,link,finalLink,timestamp,est_time,est_date
0,2019-12-31,NAWLE,USD,2020-03-31,2020-03-31 12:25:15,FY,2130735.0,791783.0,1338952.0,0.6283991204912859,347.0,672192.0,309232.0,381813.0,1672816.0,2464599.0,0.0,6533.0,-327331.0,-0.15362351489040166,-333864.0,-0.15668959302775803,32122000.0,-301742.0,-0.14161404398012892,0.0,-301742.0,-0.14161404398012892,-0.005687666862286125,-0.005750916997782784,53051982.0,52468502,https://www.sec.gov/Archives/edgar/data/945617/000172186820000167/0001721868-20-000167-index.htm,https://www.sec.gov/Archives/edgar/data/945617/000172186820000167/f2sacc10k033020.htm,1620595529,17:25:29,20210509
1,2018-12-31,NAWLE,USD,2019-04-15,2019-04-15 11:46:56,FY,982349.0,523847.0,458502.0,0.46674043542569904,590.0,575053.0,293241.0,20984.0,1183109.0,1706956.0,0.0,3745.0,-946946.0,-0.963960873375959,-950691.0,-0.96777316411988,55481000.0,-950691.0,-0.96777316411988,0.0,-950691.0,-0.96777316411988,-0.017919990246547245,-0.01847250611423007,53051982.0,51465188,https://www.sec.gov/Archives/edgar/data/945617/000172186819000182/0001721868-19-000182-index.htm,https://www.sec.gov/Archives/edgar/data/945617/000172186819000182/f2sammj10k041119.htm,1620595529,17:25:29,20210509
2,2017-12-31,NAWLE,USD,2018-12-26,2018-12-26 17:18:57,FY,2443054.0,805820.0,1637234.0,0.6701587439327988,2403.0,764347.0,278542.0,34554.0,1358388.0,2164208.0,0.0,4487.0,-1483987.0,-0.6074311087679601,-1488474.0,-0.6092677443887855,41844000.0,-1488474.0,-0.6092677443887855,0.0,-1488474.0,-0.6092677443887855,-0.028056897101412723,-0.02899444570865163,53051982.0,51336522,https://www.sec.gov/Archives/edgar/data/945617/000172186818000768/0001721868-18-000768-index.htm,https://www.sec.gov/Archives/edgar/data/945617/000172186818000768/f2ssammj10k122218.htm,1620595529,17:25:29,20210509
3,2016-12-31,NAWLE,USD,2017-04-10,2017-04-10 13:49:08,FY,1560866.0,691581.0,869285.0,0.5569248096889804,2553.0,1185702.0,88047.0,37919.0,1402268.0,2093849.0,0.0,46751.0,-556931.0,-0.3568089765553225,-603682.0,-0.38676093911969384,9806000.0,-603682.0,-0.38676093911969384,0.0,-603682.0,-0.38676093911969384,-0.011379065913126488,-0.013013340052098888,53051982.0,46389474,https://www.sec.gov/Archives/edgar/data/945617/000072174817000224/0000721748-17-000224-index.htm,https://www.sec.gov/Archives/edgar/data/945617/000072174817000224/ammj10k040717.htm,1620595529,17:25:29,20210509
4,2015-12-31,NAWLE,USD,2016-04-13,2016-04-13 17:27:29,FY,2799887.0,2000113.0,799774.0,0.2856450992486482,51115.0,379608.0,307474.0,307069.0,1352740.0,3352853.0,0.0,39276.0,-476377.0,-0.1701415092823389,-515653.0,-0.18416921825773683,37313000.0,-515653.0,-0.18416921825773683,0.0,-515653.0,-0.18416921825773683,-0.01155,-0.01155,44637046.0,44637046,https://www.sec.gov/Archives/edgar/data/945617/000072174816001171/0000721748-16-001171-index.htm,https://www.sec.gov/Archives/edgar/data/945617/000072174816001171/ammj10k041416.htm,1620595529,17:25:29,20210509
5,2014-12-31,NAWLE,USD,2015-04-13,2015-04-13 17:22:02,FY,1259012.0,771476.0,487536.0,0.38723697629569853,12863.0,3485149.0,190164.0,-228388000.0,3878340.0,4649816.0,-263388.0,264292.0,-3354900.0,-2.6647085174724308,-3619192.0,-2.8746286770896545,-228388000.0,-3619192.0,-2.8746286770896545,0.0,-3619192.0,-2.8746286770896545,-0.1112,-0.1112,32545546.0,32545546,https://www.sec.gov/Archives/edgar/data/945617/000072174815000244/0000721748-15-000244-index.htm,https://www.sec.gov/Archives/edgar/data/945617/000072174815000244/ammj10k033115.htm,1620595529,17:25:29,20210509
6,2013-12-31,NAWLE,USD,2014-04-15,2014-04-15 14:07:02,FY,7767779.0,6667446.0,1100333.0,0.14165348936935512,0.0,1289606000.0,0.0,3870454000.0,5160060000.0,6667446.0,-99340.0,90097.0,-3969630.0,-0.5110379685106902,-4059727.0,-0.5226367794449353,-409091000.0,5160060.0,0.6642902688142904,31476.0,-4500294.0,-0.5793540212717174,-0.2361127054964496,-0.15535998890318836,19059940.0,28966879,https://www.sec.gov/Archives/edgar/data/945617/000072174814000366/0000721748-14-000366-index.htm,https://www.sec.gov/Archives/edgar/data/945617/000072174814000366/bimi10k2013.htm,1620595529,17:25:29,20210509
7,2012-12-31,NAWLE,USD,2013-04-18,2013-04-18 16:35:23,FY,0.0,0.0,0.0,0.0,0.0,3250000.0,0.0,3855000.0,3250000.0,3250000.0,121247000.0,0.0,-3250000.0,0.0,-3250000.0,0.0,125102000.0,605000.0,0.0,0.0,605000.0,0.0,2.079209281865171,0.020885922850024677,290976.0,28966879,https://www.sec.gov/Archives/edgar/data/945617/000139160913000273/0001391609-13-000273-index.htm,https://www.sec.gov/Archives/edgar/data/945617/000139160913000273/f10k_naturewell.htm,1620595529,17:25:29,20210509
8,2012-06-30,NAWLE,USD,2013-02-27,2013-02-26 20:08:03,FY,0.0,0.0,0.0,0.0,0.0,4350.0,0.0,-223854000.0,4350.0,4350.0,-228673.0,0.0,-4350.0,0.0,-4350.0,0.0,-223854.0,-228204.0,0.0,0.0,-228204.0,0.0,-9e-05,-9e-05,2448665750.0,2448665750,https://www.sec.gov/Archives/edgar/data/945617/000108638013000006/0001086380-13-000006-index.htm,https://www.sec.gov/Archives/edgar/data/945617/000108638013000006/nawlk061226.htm,1620595529,17:25:29,20210509
9,2011-06-30,NAWLE,USD,2011-10-13,2011-10-13 16:28:53,FY,0.0,0.0,0.0,0.0,0.0,18737000.0,0.0,-195851000.0,18737000.0,18737000.0,211412000.0,0.0,-18737000.0,0.0,-18737000.0,0.0,15561000.0,-214588000.0,0.0,0.0,-214588000.0,0.0,-0.08763,-0.08763,2448665750.0,2448665750,https://www.sec.gov/Archives/edgar/data/945617/000108638011000019/0001086380-11-000019-index.htm,https://www.sec.gov/Archives/edgar/data/945617/000108638011000019/nawlk063011.htm,1620595529,17:25:29,20210509
10,2010-06-30,NAWLE,USD,2010-10-13,2010-10-13 17:20:51,FY,9061000.0,0.0,9061000.0,1.0,0.0,25219000.0,0.0,-83470000.0,25219000.0,34280000.0,209377000.0,0.0,-34280000.0,-3.783246882242578,-34280000.0,-3.783246882242578,18575000.0,102718000.0,11.33627634918883,0.0,102718000.0,11.33627634918883,0.04195,0.04195,2448665750.0,2448665750,https://www.sec.gov/Archives/edgar/data/945617/000108638010000042/0001086380-10-000042-index.htm,https://www.sec.gov/Archives/edgar/data/945617/000108638010000042/nawl063010.htm,1620595529,17:25:29,20210509
11,2009-06-30,NAWLE,USD,2009-12-04,2009-12-04 10:33:05,FY,8150000.0,49385000.0,-41235000.0,-5.059509202453988,0.0,1504274000.0,0.0,832194000.0,1504274000.0,1854060000.0,818937000.0,51695000.0,-1463109000.0,-179.52257668711655,-1514804000.0,-185.86552147239263,41229000.0,-682610000.0,-83.7558282208589,0.0,-682610000.0,-83.7558282208589,-0.27877,-0.27877,2448665750.0,2448665750,https://www.sec.gov/Archives/edgar/data/945617/000108638009000063/0001086380-09-000063-index.htm,https://www.sec.gov/Archives/edgar/data/945617/000108638009000063/nawlk063009.htm,1620595529,17:25:29,20210509
12,2008-06-30,NAWLE,USD,2008-10-20,2008-10-20 16:29:28,FY,8150000.0,49385000.0,-41235000.0,-5.059509202453988,0.0,1504274000.0,0.0,832194000.0,1504274000.0,1854060000.0,818937000.0,8150000.0,-1506654000.0,-184.86552147239263,-1514804000.0,-185.86552147239263,41229000.0,-682610000.0,-83.7558282208589,0.0,-682610000.0,-83.7558282208589,-0.83918,-0.83918,813426800.0,813426800,https://www.sec.gov/Archives/edgar/data/945617/000108638008000045/0001086380-08-000045-index.htm,https://www.sec.gov/Archives/edgar/data/945617/000108638008000045/nawlk063008.htm,1620595529,17:25:29,20210509
13,2007-06-30,NAWLE,USD,2007-10-15,2007-10-15 14:26:57,FY,8011000.0,39992000.0,-31981000.0,-3.992135813256772,0.0,1111905000.0,0.0,-562000.0,1111905000.0,1740871000.0,912301000.0,8011000.0,-1447626000.0,-180.70478092622645,-1455637000.0,-181.70478092622645,66299000.0,-2300308000.0,-287.1436774435152,0.0,-2300308000.0,-287.1436774435152,-0.00711,-0.00711,323305714000.0,323305714000,https://www.sec.gov/Archives/edgar/data/945617/000108638007000040/0001086380-07-000040-index.htm,https://www.sec.gov/Archives/edgar/data/945617/000108638007000040/nawlk063007.htm,1620595529,17:25:29,20210509
14,2006-06-30,NAWLE,USD,2006-10-12,2006-10-12 16:20:40,FY,51402000.0,5978000.0,45424000.0,0.8837010233064861,0.0,588272000.0,0.0,-41107000.0,588272000.0,711962000.0,252083000.0,7032000.0,-653528000.0,-12.714057818761916,-660560000.0,-12.850861834169876,161528000.0,-787282000.0,-15.316174467919536,-1000000.0,-788282000.0,-15.335628963853546,-0.0064,-0.0064,123083020000.0,123083020000,https://www.sec.gov/Archives/edgar/data/945617/000108638006000045/0001086380-06-000045-index.htm,https://www.sec.gov/Archives/edgar/data/945617/000108638006000045/nawlk063006.htm,1620595529,17:25:29,20210509
15,2005-06-30,NAWLE,USD,2006-02-10,2006-02-10 16:22:31,FY,352000.0,13124000.0,-12772000.0,-36.28409090909091,352000.0,634360000.0,0.0,-7709000.0,634712000.0,761899000.0,219374000.0,6465000.0,-684079000.0,-1943.40625,-690544000.0,-1961.7727272727273,606194000.0,-362972000.0,-1031.1704545454545,-1000000.0,-363972000.0,-1034.0113636363637,-3.0763,-3.0763,118314881.0,118314881,https://www.sec.gov/Archives/edgar/data/945617/000108638006000008/0001086380-06-000008-index.htm,https://www.sec.gov/Archives/edgar/data/945617/000108638006000008/nawlka063005.htm,1620595529,17:25:29,20210509
16,2004-06-30,NAWLE,USD,2004-10-13,2004-10-13 15:36:26,FY,2677000.0,195559000.0,-192882000.0,-72.05155024280911,2677000.0,779553000.0,0.0,-40098000.0,782230000.0,1088121000.0,248026000.0,6894000.0,-989335000.0,-369.5685468808368,-996229000.0,-372.1438177063877,951409000.0,-312421000.0,-116.70564064251028,-1000000.0,-313421000.0,-117.0791931266343,-2.76666,-2.76666,113284803.0,113284803,https://www.sec.gov/Archives/edgar/data/945617/000108638004000045/0001086380-04-000045-index.htm,https://www.sec.gov/Archives/edgar/data/945617/000108638004000045/nawlk063004.htm,1620595529,17:25:29,20210509
