,date,symbol,reportedCurrency,fillingDate,acceptedDate,period,revenue,costOfRevenue,grossProfit,grossProfitRatio,researchAndDevelopmentExpenses,generalAndAdministrativeExpenses,sellingAndMarketingExpenses,otherExpenses,operatingExpenses,costAndExpenses,interestExpense,depreciationAndAmortization,ebitda,ebitdaratio,operatingIncome,operatingIncomeRatio,totalOtherIncomeExpensesNet,incomeBeforeTax,incomeBeforeTaxRatio,incomeTaxExpense,netIncome,netIncomeRatio,eps,epsdiluted,weightedAverageShsOut,weightedAverageShsOutDil,link,finalLink,timestamp,est_time,est_date
0,2019-12-31,BC,USD,2020-02-18 00:00:00,2020-02-18 15:51:48,FY,4108400000,2987400000,1121000000,0.272855612890663,121600000.0,509600000,0.0,-2100000.0,631200000,3618600000,76000000.0,138700000,628500000,0.15297926199980527,489800000.0,0.11921916074384188,-306400000.0,110700000,0.026944796027650667,80300000.0,-131000000,-0.03188589231817739,-1.607361963190184,-1.5995115995115996,81500000,81900000,https://www.sec.gov/Archives/edgar/data/14930/000001493020000027/0000014930-20-000027-index.html,https://www.sec.gov/Archives/edgar/data/14930/000001493020000027/bc2019123110k.htm,1620589192,15:39:52,20210509
1,2018-12-31,BC,USD,2019-02-19 00:00:00,2019-02-19 16:59:41,FY,5159200000,3838200000,1321000000,0.25604744921693284,148800000.0,724300000,0.0,-4300000.0,873100000,4711300000,46000000.0,149600000,597500000,0.11581252907427508,447900000.0,0.0868157853930842,-77500000.0,322200000,0.06245154287486432,59100000.0,265300000,0.05142270119398357,3.03,3.01,87600000,88200000,https://www.sec.gov/Archives/edgar/data/14930/000001493019000054/0000014930-19-000054-index.html,https://www.sec.gov/Archives/edgar/data/14930/000001493019000054/bc2018123110knew.htm,1620589192,15:39:52,20210509
2,2017-12-31,BC,USD,2018-02-20 00:00:00,2018-02-20 15:33:43,FY,4510000000,3275300000,1234700000,0.2737694013303769,138500000.0,704700000,0.0,6100000.0,843200000,4118500000,26400000.0,98200000,489700000,0.1085809312638581,391500000.0,0.08680709534368071,-24400000.0,343300000,0.07611973392461198,156000000.0,146400000,0.03246119733924612,1.64,1.62,89400000,90100000,https://www.sec.gov/Archives/edgar/data/14930/000001493018000056/0000014930-18-000056-index.html,https://www.sec.gov/Archives/edgar/data/14930/000001493018000056/bc2017123110k.htm,1620589192,15:39:52,20210509
3,2016-12-31,BC,USD,2017-01-13 00:00:00,2017-01-13 13:49:10,FY,4488500000,3263400000,1225100000,0.2729419627938064,139200000.0,661300000,0.0,2100000.0,800500000,4063900000,27500000.0,103900000,528500000,0.11774534922579927,424600000.0,0.09459730422190041,-9200000.0,389700000,0.08682187813300657,115300000.0,276000000,0.06149047566002005,3.03,3.0,91200000,92000000,https://www.sec.gov/Archives/edgar/data/1657250/000169082417000004/0001690824-17-000004-index.html,https://www.sec.gov/Archives/edgar/data/1657250/000169082417000004/bc_10k.htm,1620589192,15:39:52,20210509
4,2015-12-31,BC,USD,2016-02-17 00:00:00,2016-02-17 16:12:34,FY,4105700000,2991100000,1114600000,0.2714762403487834,125900000.0,644600000,0.0,5400000.0,770500000,3761600000,27800000.0,88900000,433000000,0.10546313661494995,344100000.0,0.08381031249238863,-3300000.0,315200000,0.07677131792386195,87800000.0,241400000,0.05879630757239935,2.6,2.56,93000000,94300000,https://www.sec.gov/Archives/edgar/data/14930/000162828016011325/0001628280-16-011325-index.html,https://www.sec.gov/Archives/edgar/data/14930/000162828016011325/bc2015123110k.htm,1620589192,15:39:52,20210509
5,2014-12-31,BC,USD,2015-02-20,2015-02-20 16:32:52,FY,3838700000,2801900000,1036800000,0.2700914372053039,119600000.0,584500000,0.0,6500000.0,704100000,3506000000,29800000.0,81200000,413900000,0.10782296089822076,332700000.0,0.08666996639487326,-16200000.0,287900000,0.07499934873785397,93000000.0,245700000,0.06400604371271525,2.63,2.58,93600000,95100000,https://www.sec.gov/Archives/edgar/data/14930/000001493015000050/bc2014123110k.htm,https://www.sec.gov/Archives/edgar/data/14930/000001493015000050/bc2014123110k.htm,1620589192,15:39:52,20210509
6,2013-12-31,BC,USD,2014-02-14,2014-02-14 11:51:25,FY,3887500000,2872300000,1015200000,0.26114469453376205,119500000.0,570100000,0.0,2500000.0,689600000,3561900000,43900000.0,87500000,413100000,0.10626366559485531,325600000.0,0.0837556270096463,-53600000.0,229600000,0.059061093247588424,-545600000.0,769200000,0.19786495176848876,8.43,8.2,91200000,93800000,https://www.sec.gov/Archives/edgar/data/14930/000001493014000039/bc2013123110k.htm,https://www.sec.gov/Archives/edgar/data/14930/000001493014000039/bc2013123110k.htm,1620589192,15:39:52,20210509
7,2012-12-31,BC,USD,2013-02-21 00:00:00,2013-02-21 10:50:47,FY,3717600000,2773600000,944000000,0.2539272649020874,105300000.0,548800000,0.0,2200000.0,654100000,3427700000,68100000.0,90000000,379900000,0.10218958467828707,289900000.0,0.0779804174736389,-43700000.0,181000000,0.048687325156014635,33600000.0,50000000,0.013449537335915645,0.56,0.54,89800000,92400000,https://www.sec.gov/Archives/edgar/data/14930/000001493013000059/0000014930-13-000059-index.html,https://www.sec.gov/Archives/edgar/data/14930/000001493013000059/bc2012123110k.htm,1620589192,15:39:52,20210509
8,2011-12-31,BC,USD,2012-02-23 00:00:00,2012-02-23 12:01:15,FY,3748000000,2872600000,875400000,0.23356456776947707,97900000.0,562400000,0.0,0.0,660300000,3532900000,81800000.0,104500000,319600000,0.08527214514407684,215100000.0,0.0573906083244397,-47900000.0,89300000,0.02382604055496265,17400000.0,71900000,0.019183564567769477,0.81,0.78,89300000,92200000,https://www.sec.gov/Archives/edgar/data/14930/000001493012000028/0000014930-12-000028-index.html,https://www.sec.gov/Archives/edgar/data/14930/000001493012000028/form10_k.htm,1620589192,15:39:52,20210509
9,2010-12-31,BC,USD,2011-02-18,2011-02-18 17:21:58,FY,3403300000,2683300000,720000000,0.21155936884788293,92000000.0,549400000,0.0,0.0,641400000,3324700000,94400000.0,129300000,207900000,0.061087767754826196,78600000.0,0.02309523109922722,-72500000.0,-84700000,-0.02488760908529956,25900000.0,-110600000,-0.03249786971468868,-1.25,-1.25,88700000,88700000,https://www.sec.gov/Archives/edgar/data/14930/000001493011000033/form10_k.htm,https://www.sec.gov/Archives/edgar/data/14930/000001493011000033/form10_k.htm,1620589192,15:39:52,20210509
10,2009-12-31,BC,USD,2010-02-23 00:00:00,2010-02-22 20:11:30,FY,2776100000,2460500000,315600000,0.11368466553798494,88500000.0,625100000,0.0,0.0,713600000,3174100000,86100000.0,157300000,-240700000,-0.08670436943914124,-398000000.0,-0.14336659342242714,-203800000.0,-684700000,-0.24664097114657252,-98500000.0,-586200000,-0.21115954036237888,-6.63,-6.63,88400000,88400000,https://www.sec.gov/Archives/edgar/data/14930/000001493010000041/0000014930-10-000041-index.html,https://www.sec.gov/Archives/edgar/data/14930/000001493010000041/form10_k.htm,1620589192,15:39:52,20210509
11,2008-12-31,BC,USD,2009-02-24 00:00:00,2009-02-24 14:35:26,FY,4708700000,3841300000,867400000,0.18421220294348759,122200000.0,668400000,0.0,0.0,790600000,4631900000,54200000.0,177200000,254000000,0.05394270180729288,76800000.0,0.01631023424724446,-661500000.0,-632200000,-0.1342621105613014,155900000.0,-788100000,-0.16737103659184063,-8.93,-8.93,88300000,88300000,https://www.sec.gov/Archives/edgar/data/14930/000001493009000051/0000014930-09-000051-index.html,https://www.sec.gov/Archives/edgar/data/14930/000001493009000051/form10_k.htm,1620589192,15:39:52,20210509
12,2007-12-31,BC,USD,2008-02-22,2008-02-22 17:14:02,FY,5671200000,4528100000,1143100000,0.20156227958809422,134500000.0,835000000,0.0,0.0,1035900000,5564000000,0.0,180100000,287300000,0.05065947242206235,107200000.0,0.018902525038792497,-37300000.0,92700000,0.016345746931866273,13100000.0,111600000,0.019678374947101143,1.242761692650334,1.237250554323725,89800000,90200000,https://www.sec.gov/Archives/edgar/data/14930/000001493008000028/form10_k.htm,https://www.sec.gov/Archives/edgar/data/14930/000001493008000028/form10_k.htm,1620589192,15:39:52,20210509
13,2006-12-31,BC,USD,2007-02-23,2007-02-23 17:17:19,FY,5665000000,4439300000,1225700000,0.21636363636363637,132200000.0,752300000,0.0,0.0,884500000,5323800000,0.0,167300000,508500000,0.08976169461606355,341200000.0,0.06022947925860547,13000000.0,309700000,0.05466902030008826,46500000.0,133900000,0.023636363636363636,1.42,1.41,94000000,94700000,https://www.sec.gov/Archives/edgar/data/14930/000001493007000052/form10_k.htm,https://www.sec.gov/Archives/edgar/data/14930/000001493007000052/form10_k.htm,1620589192,15:39:52,20210509
14,2005-12-31,BC,USD,2006-03-01,2006-02-28 17:40:59,FY,5923800000,4499200000,1424600000,0.24048752489955771,144700000.0,801300000,0.0,0.0,946000000,5445200000,0.0,162200000,640800000,0.10817380735338802,478600000.0,0.08079273439346366,55400000.0,495800000,0.083696276039029,110400000.0,385400000,0.06505959012795841,3.95,3.9,97600000,98800000,https://www.sec.gov/Archives/edgar/data/14930/000001493006000041/form10_k.htm,https://www.sec.gov/Archives/edgar/data/14930/000001493006000041/form10_k.htm,1620589192,15:39:52,20210509
15,2004-12-31,BC,USD,2005-03-04,2005-03-04 14:17:27,FY,5229300000,3915100000,1314200000,0.25131470751343393,131100000.0,782400000,0.0,0.0,913500000,4828600000,0.0,157500000,558200000,0.10674468858164572,400700000.0,0.07662593463752318,23000000.0,378500000,0.0723806245577802,108700000.0,269800000,0.05159390358174134,2.82,2.77,95600000,97300000,https://www.sec.gov/Archives/edgar/data/14930/000001493005000066/form10k2004.htm,https://www.sec.gov/Archives/edgar/data/14930/000001493005000066/form10k2004.htm,1620589192,15:39:52,20210509
16,2003-12-31,BC,USD,2004-03-03,2004-03-03 17:25:12,FY,4128700000,3131600000,997100000,0.24150458982246228,118200000.0,632500000,0.0,0.0,775700000,3907300000,0.0,150600000,372000000,0.09010100031486909,221400000.0,0.05362462760675273,-4300000.0,201100000,0.04870782570784993,65900000.0,135200000,0.03274638506067285,1.48,1.47,91200000,91900000,https://www.sec.gov/Archives/edgar/data/14930/000095013704001426/c83280e10vk.htm,https://www.sec.gov/Archives/edgar/data/14930/000095013704001426/c83280e10vk.htm,1620589192,15:39:52,20210509
17,2002-12-31,BC,USD,2002-12-31,2002-12-31,FY,3711900000,2852000000,859900000,0.23166033567714647,102800000.0,560500000,0.0,0.0,663300000,3515300000,0.0,148400000,345000000,0.09294431423260324,196600000.0,0.05296478892211536,8300000.0,161600000,0.0435356555941701,58100000.0,78400000,0.021121258654597377,0.87,0.86,90000000,90700000,,,1620589192,15:39:52,20210509
18,2001-12-31,BC,USD,2001-12-31,2001-12-31,FY,3370800000,2587400000,783400000,0.23240773703571851,95900000.0,496400000,0.0,0.0,592300000,3179700000,0.0,160400000,351500000,0.10427791622166845,191100000.0,0.05669277322890708,-6000000.0,132200000,0.03921917645662751,47500000.0,81800000,0.024267236264388276,0.9316628701594533,0.9284903518728718,87800000,88100000,,,1620589192,15:39:52,20210509
19,2000-12-31,BC,USD,2001-03-09 00:00:00,2001-03-09 00:00:00,FY,3811900000,2574500000,1237400000,0.324615021380414,102200000.0,534200000,0.0,0.0,785200000,3359700000,0.0,148800000,601000000,0.15766415698208242,452200000.0,0.11862850546971326,-61300000.0,323300000,0.0848133476743881,121100000.0,-95800000,-0.025131824024764552,-1.08,-1.08,88700000,88700000,https://www.sec.gov/Archives/edgar/data/14930/000095013101001498/0000950131-01-001498-index.html,https://www.sec.gov/Archives/edgar/data/14930/000095013101001498/0000950131-01-001498-0001.txt,1620589192,15:39:52,20210509
20,1999-12-31,BC,USD,1999-12-31,1999-12-31,FY,4283800000,2983800000,1300000000,0.3034688827676362,93400000.0,662700000,0.0,0.0,921700000,3905500000,0.0,165600000,543900000,0.12696671179793642,378300000.0,0.08830944488538214,-262300000.0,55000000,0.012839068117092301,17100000.0,37900000,0.00884728512068724,0.41195652173913044,0.40928725701943847,92000000,92600000,,,1620589192,15:39:52,20210509
21,1998-12-31,BC,USD,1999-03-24 00:00:00,1999-03-24 00:00:00,FY,3945200000,2699400000,1245800000,0.315776133022407,87500000.0,598400000,0.0,0.0,845600000,3545000000,0.0,159700000,559900000,0.14191929433235323,400200000.0,0.1014397242218392,-53700000.0,283800000,0.07193551657710635,105200000.0,186300000,0.04722194058602859,1.9,1.88,98300000,99000000,https://www.sec.gov/Archives/edgar/data/14930/000095013199001700/0000950131-99-001700-index.html,https://www.sec.gov/Archives/edgar/data/14930/0000950131-99-001700.txt,1620589192,15:39:52,20210509
22,1997-12-31,BC,USD,1997-12-31,1997-12-31,FY,3657400000,2465500000,1191900000,0.32588724230327554,89400000.0,576300000,0.0,0.0,822600000,3288100000,0.0,156900000,526200000,0.1438726964510308,369300000.0,0.10097336905998797,-81800000.0,236200000,0.06458139662055012,85000000.0,150500000,0.04114945042926669,1.52,1.5,99200000,100300000,,,1620589192,15:39:52,20210509
23,1996-12-31,BC,USD,1997-03-28 00:00:00,1997-03-28 00:00:00,FY,3160300000,2155300000,1005000000,0.3180077840711325,0.0,570500000,0.0,0.0,700200000,2855500000,0.0,129700000,434500000,0.13748694744169856,304800000.0,0.09644653988545392,18900000.0,290300000,0.09185836787646742,104500000.0,185800000,0.05879188684618549,1.88,1.88,98829787,98829787,https://www.sec.gov/Archives/edgar/data/14930/000095013197002142/0000950131-97-002142-index.html,https://www.sec.gov/Archives/edgar/data/14930/0000950131-97-002142.txt,1620589192,15:39:52,20210509
24,1995-12-31,BC,USD,1996-03-28 00:00:00,1996-03-28 00:00:00,FY,3041400000,2087400000,954000000,0.3136713355691458,0.0,573900000,0.0,0.0,694400000,2781800000,0.0,120500000,380100000,0.12497534030380746,259600000.0,0.08535542842112186,-19000000.0,208100000,0.06842243703557573,73900000.0,127200000,0.041822844742552774,1.32,1.32,96363636,96363636,https://www.sec.gov/Archives/edgar/data/14930/000001493096000002/0000014930-96-000002-index.html,https://www.sec.gov/Archives/edgar/data/14930/0000014930-96-000002.txt,1620589192,15:39:52,20210509
25,1994-12-31,BC,USD,1995-03-23 00:00:00,1995-03-23 00:00:00,FY,2700100000,1831900000,868200000,0.32154364653160994,0.0,538400000,0.0,0.0,658200000,2490100000,0.0,119800000,329800000,0.12214362431021074,210000000.0,0.07777489722602866,16900000.0,198400000,0.07347876004592423,69400000.0,129000000,0.04777600829598904,1.3499999937209302,1.3481081105371318,95555556,95689655,https://www.sec.gov/Archives/edgar/data/14930/000001493095000003/0000014930-95-000003-index.html,https://www.sec.gov/Archives/edgar/data/14930/0000014930-95-000003.txt,1620589192,15:39:52,20210509
26,1993-12-31,BC,USD,1993-12-31,1993-12-31,FY,2206800000,1518800000,688000000,0.3117636396592351,0.0,470400000,0.0,0.0,588200000,2107000000,0.0,117800000,217600000,0.09860431393873482,99800000.0,0.04522385354359253,13900000.0,86500000,0.039197027369947436,32000000.0,23100000,0.010467645459488853,0.25,0.24,92400000,96250000,,,1620589192,15:39:52,20210509
27,1992-12-31,BC,USD,1992-12-31,1992-12-31,FY,2059400000,1438200000,621200000,0.30164125473438863,0.0,425500000,0.0,0.0,541400000,1979600000,0.0,115900000,195700000,0.09502767796445567,79800000.0,0.03874915023793338,12100000.0,62000000,0.03010585607458483,22300000.0,-26300000,-0.012770709915509371,-0.28,-0.28,93928571,93928571,,,1620589192,15:39:52,20210509
28,1991-12-31,BC,USD,1991-12-31,1991-12-31,FY,2088300000,1494000000,594300000,0.2845855480534406,0.0,461000000,0.0,0.0,594400000,2088400000,0.0,133400000,133300000,0.06383182492936838,-100000.0,-4.7885840157065554e-05,9900000.0,-22200000,-0.010630656514868553,1500000.0,-23700000,-0.011348944117224537,-0.27,-0.27,87777778,87777778,,,1620589192,15:39:52,20210509
29,1990-12-31,BC,USD,1990-12-31,1990-12-31,FY,2477600000,1768500000,709100000,0.2862043913464643,0.0,490200000,0.0,0.0,635800000,2404300000,0.0,145600000,218900000,0.088351630610268,73300000.0,0.029585082337746205,95700000.0,122700000,0.049523732644494674,51800000.0,70900000,0.028616402970616725,0.8,0.8,88625000,88625000,,,1620589192,15:39:52,20210509
30,1989-12-31,BC,USD,1989-12-31,1989-12-31,FY,2826100000,2050000000,776100000,0.27461873252892677,0.0,640300000,0.0,0.0,800100000,2850100000,0.0,159800000,135800000,0.04805208591344963,-24000000.0,-0.008492268497222321,3300000.0,-77400000,-0.027387565903541983,-6100000.0,-71300000,-0.025229114327164643,-0.81,-0.81,88024691,88024691,,,1620589192,15:39:52,20210509
31,1988-12-31,BC,USD,1988-12-31,1988-12-31,FY,3282000000,2270400000,1011600000,0.30822669104204753,0.0,539400000,0.0,0.0,687300000,2957700000,0.0,147900000,472200000,0.14387568555758684,324300000.0,0.09881170018281536,32700000.0,316500000,0.09643510054844608,123400000.0,193100000,0.05883607556368068,2.2,2.2,87772727,87772727,,,1620589192,15:39:52,20210509
32,1987-12-31,BC,USD,1987-12-31,1987-12-31,FY,3086400000,2068700000,1017700000,0.32973691031622604,0.0,536600000,0.0,0.0,678000000,2746700000,0.0,141400000,481100000,0.15587739761534475,339700000.0,0.1100635044064282,9500000.0,302600000,0.09804302747537584,133800000.0,168800000,0.05469155002592017,1.9,1.9,88842105,88842105,,,1620589192,15:39:52,20210509
33,1986-12-31,BC,USD,1986-12-31,1986-12-31,FY,1717400000,1176600000,540800000,0.31489460812856646,0.0,291700000,0.0,0.0,353200000,1529800000,0.0,61500000,249100000,0.1450448352160242,187600000.0,0.10923488994992431,14100000.0,185400000,0.10795388377780366,75100000.0,110300000,0.064224991265867,1.32,1.32,83560606,83560606,,,1620589192,15:39:52,20210509
34,1985-12-31,BC,USD,1985-12-31,1985-12-31,FY,1538500000,1070500000,468000000,0.30419239519012026,0.0,254700000,0.0,0.0,304300000,1374800000,0.0,49600000,213300000,0.13864153396165096,163700000.0,0.10640233994150146,16400000.0,163100000,0.10601234969125772,62800000.0,100300000,0.06519337016574586,1.17,1.17,85726496,85726496,,,1620589192,15:39:52,20210509
