,date,symbol,reportedCurrency,fillingDate,acceptedDate,period,revenue,costOfRevenue,grossProfit,grossProfitRatio,researchAndDevelopmentExpenses,generalAndAdministrativeExpenses,sellingAndMarketingExpenses,otherExpenses,operatingExpenses,costAndExpenses,interestExpense,depreciationAndAmortization,ebitda,ebitdaratio,operatingIncome,operatingIncomeRatio,totalOtherIncomeExpensesNet,incomeBeforeTax,incomeBeforeTaxRatio,incomeTaxExpense,netIncome,netIncomeRatio,eps,epsdiluted,weightedAverageShsOut,weightedAverageShsOutDil,link,finalLink,timestamp,est_time,est_date
0,2020-12-31,1518.HK,CNY,2020-12-31,2020-12-31,FY,512785000,377021000,135764000,0.2647581345008142,14467000.0,123269000,44068000.0,0.0,0.0,555043000,23327000.0,0.0,-38917000,-0.07589340561833907,-42258000,-0.6411010462474527,0.0,-328747000,-0.6411010462474527,48787000,-371383000,-0.7242470041050343,-0.7660256013596854,-0.7660256013596854,484818000,484818000,https://www1.hkexnews.hk/search/titlesearch.xhtml,https://www1.hkexnews.hk/search/titlesearch.xhtml,1620585240,14:34:00,20210509
1,2019-12-31,1518.HK,CNY,2019-12-31,2019-12-31,FY,729369000,468067000,261302000,0.3582576172006214,3831000.0,146626000,44201000.0,0.0,193633000.0,661700000,18849000.0,107739000.0,175408000,0.2404928095381076,67669000,0.09277745558146837,0.0,48065000,0.065899428135827,43572000,-26556000,-0.036409554011755364,-0.05,-0.05,484818000,484818000,https://www1.hkexnews.hk/search/titlesearch.xhtml,https://www1.hkexnews.hk/search/titlesearch.xhtml,1620585240,14:34:00,20210509
2,2018-12-31,1518.HK,CNY,2018-12-31,2018-12-31,FY,615984000,378409000,237575000,0.3856837190576379,0.0,114469000,30614000.0,0.0,144538000.0,522947000,0.0,38394000.0,131431000,0.21336755500142862,93037000,0.15103801397438896,0.0,119276000,0.19363489960778202,45838000,41514000,0.0673946076521468,0.08603153287575847,0.08575518643913745,482544000,484099000,https://www1.hkexnews.hk/search/titlesearch.xhtml,https://www1.hkexnews.hk/search/titlesearch.xhtml,1620585240,14:34:00,20210509
3,2017-12-31,1518.HK,CNY,2017-12-31,2017-12-31,FY,536460000,278177000,258283000,0.48145807702345,0.0,79480000,21032000.0,14436000.0,99715000.0,377892000,27000.0,18281000.0,176849000,0.3296592476605898,158568000,0.2955821496476904,0.0,159918000,0.29809864668381614,45031000,73493000,0.1369962345748052,0.16,0.12,472516000,474303000,https://www1.hkexnews.hk/search/titlesearch.xhtml,https://www1.hkexnews.hk/search/titlesearch.xhtml,1620585240,14:34:00,20210509
4,2016-12-31,1518.HK,CNY,2016-12-31,2016-12-31,FY,490933000,247921000,243012000,0.49500033609474203,0.0,102318000,19003000.0,0.0,120709000.0,368630000,1584000.0,21219000.0,143522000,0.2923453913263113,122303000,0.24912360749837553,0.0,174098000,0.3546268024353629,37137000,98635000,0.2009133629232502,0.19195,0.069356,480000000,480000000,https://www1.hkexnews.hk/search/titlesearch.xhtml,https://www1.hkexnews.hk/search/titlesearch.xhtml,1620585240,14:34:00,20210509
5,2015-12-31,1518.HK,CNY,2015-12-31,2015-12-31,FY,258196000,117686000,140510000,0.5441989806193744,0.0,38312000,10612000.0,0.0,48686000.0,166372000,43000.0,4698000.0,96522000,0.37383228245209066,91824000,0.3556368030488466,0.0,91984000,0.3562564873197106,24789000,40903000,0.15841841081968738,0.085,0.085,480000000,480000000,https://www1.hkexnews.hk/search/titlesearch.xhtml,https://www1.hkexnews.hk/search/titlesearch.xhtml,1620585240,14:34:00,20210509
6,2014-12-31,1518.HK,CNY,2014-12-31,2014-12-31,FY,249013000,105118000,143895000,0.5778613967945448,0.0,34702000,11278000.0,0.0,45794000.0,150912000,0.0,2685000.0,100786000,0.4047419211045207,98101000,0.39395935151980016,0.0,100698000,0.4043885259002542,26383000,46705000,0.18756048880982118,0.177969,0.158959,262434000,480000000,https://www1.hkexnews.hk/search/titlesearch.xhtml,https://www1.hkexnews.hk/search/titlesearch.xhtml,1620585240,14:34:00,20210509
7,2013-12-31,1518.HK,CNY,2013-12-31,2013-12-31,FY,238770000,88981000,149789000,0.6273359299744524,0.0,32883000,7272000.0,0.0,40085000.0,129066000,0.0,2051000.0,111755000,0.4680445617121079,109704000,0.4594547053649956,0.0,110748000,0.4638271139590401,28038000,53566000,0.22434141642584915,0.204112,0.18231,262434000,480000000,https://www1.hkexnews.hk/search/titlesearch.xhtml,https://www1.hkexnews.hk/search/titlesearch.xhtml,1620585240,14:34:00,20210509
