,date,symbol,reportedCurrency,fillingDate,acceptedDate,period,revenue,costOfRevenue,grossProfit,grossProfitRatio,researchAndDevelopmentExpenses,generalAndAdministrativeExpenses,sellingAndMarketingExpenses,otherExpenses,operatingExpenses,costAndExpenses,interestExpense,depreciationAndAmortization,ebitda,ebitdaratio,operatingIncome,operatingIncomeRatio,totalOtherIncomeExpensesNet,incomeBeforeTax,incomeBeforeTaxRatio,incomeTaxExpense,netIncome,netIncomeRatio,eps,epsdiluted,weightedAverageShsOut,weightedAverageShsOutDil,link,finalLink,timestamp,est_time,est_date
0,2020-06-30,NXE.AX,AUD,2020-06-30,2020-06-30,FY,0.0,0.0,0.0,0.0,0.0,474910.0,20698.0,222178.0,1545088.0,0.0,446690.0,18202.0,-1526886.0,0.0,-1545088.0,0.0,222178.0,-1768236.0,0.0,0.0,-10297055.0,0.0,-0.0636,-0.0636,161793450.0,161793450.0,,,1620595958,17:32:38,20210509
1,2019-06-30,NXE.AX,AUD,2019-06-30,2019-06-30,FY,0.0,0.0,0.0,0.0,0.0,2061725.0,392911.0,-2575471.0,5499453.0,0.0,364837.0,310770.0,-5188683.0,0.0,-5499453.0,0.0,-3767693.0,-9624819.0,0.0,0.0,-10615013.0,0.0,-0.0792,-0.0792,134001691.0,134001691.0,,,1620595958,17:32:38,20210509
2,2018-06-30,NXE.AX,AUD,2018-06-30,2018-06-30,FY,0.0,0.0,0.0,0.0,0.0,1475892.0,510915.0,-380136.0,13348052.0,0.0,6321440.0,210303.0,-13137749.0,0.0,-13348052.0,0.0,-380136.0,-20044463.0,0.0,0.0,-41418046.0,0.0,-0.578,-0.578,74884310.0,74884310.0,,,1620595958,17:32:38,20210509
3,2017-06-30,NXE.AX,AUD,2017-06-30,2017-06-30,FY,0.0,0.0,0.0,0.0,0.0,633001.0,366907.0,-76112.0,11204321.0,0.0,-45364.0,32536.0,-11171785.0,0.0,-11204321.0,0.0,-76112.0,-11229405.0,0.0,0.0,-11142564.0,0.0,-0.274692,-0.274692,40951461.0,40951461.0,,,1620595958,17:32:38,20210509
4,2016-06-30,NXE.AX,AUD,2016-06-30,2016-06-30,FY,0.0,0.0,0.0,0.0,0.0,1749326.0,198636.0,-1490366.0,8751321.0,0.0,41357.0,104341.0,-8646980.0,0.0,-8751321.0,0.0,-1490366.0,-10282313.0,0.0,0.0,-10132697.0,0.0,-0.826059,-0.826059,12451233.0,12451233.0,,,1620595958,17:32:38,20210509
5,2015-06-30,NXE.AX,AUD,2015-06-30,2015-06-30,FY,0.0,0.0,0.0,0.0,0.0,1334501.0,0.0,-489756.0,1687089.0,0.0,201967.0,1326.0,-1685763.0,0.0,-1687089.0,0.0,-489756.0,-2376140.0,0.0,0.0,-6619705.0,0.0,-2.895668,-2.895668,2286700.0,2286700.0,,,1620595958,17:32:38,20210509
6,2014-06-30,NXE.AX,AUD,2014-06-30,2014-06-30,FY,1312829.0,656049.0,656780.0,0.5002784064032711,0.0,1202304.0,0.0,-20212.0,3149877.0,0.0,266295.0,249179.0,-2243918.0,-1.7092233642005166,-2493097.0,-1.8990264535594505,-421290.0,-3179923.0,-2.422191313567875,0.0,-23444116.0,-17.857707287087656,-82.589086,-82.589086,283937.0,283937.0,,,1620595958,17:32:38,20210509
7,2013-06-30,NXE.AX,AUD,2013-06-30,2013-06-30,FY,3491266.0,2181692.0,1309574.0,0.37510003534534464,0.0,1824341.0,0.0,-1854412.0,3925305.0,0.0,310834.0,730256.0,-1885475.0,-0.5400548110628064,-2615731.0,-0.7492213426304384,-2604804.0,-5528461.0,-1.583511826369002,0.0,-5528461.0,-1.583511826369002,-29.899508,-29.899508,180475.0,180475.0,,,1620595958,17:32:38,20210509
8,2012-06-30,NXE.AX,AUD,2012-06-30,2012-06-30,FY,3696947.0,1880365.0,1816582.0,0.49137355769503865,0.0,1573776.0,0.0,-757852.0,4819182.0,0.0,211087.0,281347.0,-2721253.0,-0.736081150203127,-3002600.0,-0.8121836747997739,-1580789.0,-4766272.0,-1.2892454233182136,0.0,-4766272.0,-1.2892454233182136,-43.188179,-43.188179,110223.0,110223.0,,,1620595958,17:32:38,20210509
9,2011-06-30,NXE.AX,AUD,2011-06-30,2011-06-30,FY,2698372.0,555102.0,2143270.0,0.7942826267097346,0.0,1395472.0,0.0,-610062.0,4641940.0,0.0,50690.0,866883.0,-1631787.0,-0.6047301854599736,-2498670.0,-0.9259916720155709,-4729872.0,-7256120.0,-2.6890732634343966,0.0,-7256120.0,-2.6890732634343966,-99.988564,-99.988564,72007.0,72007.0,,,1620595958,17:32:38,20210509
10,2010-06-30,NXE.AX,AUD,2010-06-30,2010-06-30,FY,5812483.0,1865257.0,3947226.0,0.6790946313305346,0.0,867277.0,1180218.0,-1351827.0,5228929.0,0.0,5101206.0,2280451.0,998748.0,0.17182811545427315,-1281703.0,-0.22050868793938838,-8623126.0,-14988043.0,-2.5785955847096673,220041.0,-15208084.0,-2.616452211559156,-412.837474,-412.837474,36906.0,36906.0,,,1620595958,17:32:38,20210509
11,2009-06-30,NXE.AX,AUD,2009-06-30,2009-06-30,FY,8270213.0,1640851.0,6629362.0,0.8015950737907234,0.0,858144.0,0.0,-3684414.0,9616930.0,0.0,831752.0,1807960.0,-1179608.0,-0.14263332758176844,-2987568.0,-0.3612443839112729,-3684414.0,-7468915.0,-0.9031103551988322,-806838.0,-7328493.0,-0.8861311069013579,-385.117464,-385.117464,18971.0,18971.0,,,1620595958,17:32:38,20210509
12,2008-06-30,NXE.AX,AUD,2008-06-30,2008-06-30,FY,12505972.0,3289417.0,9216555.0,0.7369723041119874,0.0,1157799.0,0.0,-3745201.0,29228651.0,0.0,300772.0,22044.0,-19990052.0,-1.598440489071941,-20012096.0,-1.6002031669349652,-3745201.0,-23962999.0,-1.9161244723720796,0.0,-23962999.0,-1.9161244723720796,-1481.537292,-1481.537292,16172.0,16172.0,,,1620595958,17:32:38,20210509
13,2007-06-30,NXE.AX,AUD,2007-06-30,2007-06-30,FY,4653519.0,1227200.0,3426319.0,0.7362855937624838,0.0,784614.0,0.0,-11866.0,18243782.0,0.0,67288.0,1219675.0,-13597788.0,-2.9220441562611006,-14817463.0,-3.184141506674841,-11866.0,-14852232.0,-3.191613056699672,0.0,-14852232.0,-3.191613056699672,-1295.145921,-1295.145921,11463.0,11463.0,,,1620595958,17:32:38,20210509
14,2006-06-30,NXE.AX,AUD,2006-06-30,2006-06-30,FY,4365126.0,0.0,4365126.0,1.0,0.0,401946.0,0.0,71603.0,5131104.0,0.0,112292.0,3465335.0,2699357.0,0.6183915424205395,-765978.0,-0.17547672163415215,71603.0,-792915.0,-0.18164767752408523,0.0,-792915.0,-0.18164767752408523,-75.378863,-75.378863,10462.0,10462.0,,,1620595958,17:32:38,20210509
15,2005-06-30,NXE.AX,AUD,2005-06-30,2005-06-30,FY,584210.0,584210.0,584210.0,1.0,0.0,620166.0,0.0,44561.0,5299613.0,0.0,0.0,466545.0,-4248858.0,-7.272826552095993,-4715403.0,-8.07141781208812,44561.0,-4650261.0,-7.959913387309358,-4650261.0,-4650261.0,-7.959913387309358,-465.978427,-465.978427,9911.0,9911.0,,,1620595958,17:32:38,20210509
16,2004-06-30,NXE.AX,AUD,2004-06-30,2004-06-30,FY,516327.0,516327.0,516327.0,1.0,0.0,491800.0,0.0,316500.0,2151284.0,0.0,19231.0,464756.0,-1170201.0,-2.2663951333166774,-1634957.0,-3.1665146312317582,316500.0,-1276137.0,-2.4715674369149783,-1276137.0,-1276137.0,-2.4715674369149783,-137.052478,-137.052478,9218.0,9218.0,,,1620595958,17:32:38,20210509
17,2003-06-30,NXE.AX,AUD,2003-06-30,2003-06-30,FY,10409.0,0.0,10409.0,1.0,0.0,283200.0,0.0,10409.0,2566590.0,0.0,0.0,0.0,-2566590.0,-246.57411855125372,-2566590.0,-246.57411855125372,10409.0,-2430347.0,-233.48515707560765,-2430347.0,-2430347.0,-233.48515707560765,-1781.684001,-1781.684001,1356.0,1356.0,,,1620595958,17:32:38,20210509
18,2002-06-30,NXE.AX,AUD,2002-06-30,2002-06-30,FY,15656.0,0.0,15656.0,1.0,0.0,276437.0,0.0,0.0,276437.0,0.0,0.0,0.0,-260781.0,-16.656936637710782,-260781.0,-16.656936637710782,98249.0,-139735.0,-8.925332141032191,-139735.0,-139735.0,-8.925332141032191,-103.507407,-178.1684,1350.0,1350.0,,,1620595958,17:32:38,20210509
19,2001-06-30,NXE.AX,AUD,2001-06-30,2001-06-30,FY,0.0,0.0,0.0,0.0,0.0,0.0,0.0,-1667217.0,0.0,0.0,0.0,0.0,0.0,0.0,0.0,0.0,-542.0,-1667759.0,0.0,-1667759.0,-1667759.0,0.0,-1268.559009,-1268.559009,1315.0,1315.0,,,1620595958,17:32:38,20210509
