,date,symbol,reportedCurrency,fillingDate,acceptedDate,period,revenue,costOfRevenue,grossProfit,grossProfitRatio,researchAndDevelopmentExpenses,generalAndAdministrativeExpenses,sellingAndMarketingExpenses,otherExpenses,operatingExpenses,costAndExpenses,interestExpense,depreciationAndAmortization,ebitda,ebitdaratio,operatingIncome,operatingIncomeRatio,totalOtherIncomeExpensesNet,incomeBeforeTax,incomeBeforeTaxRatio,incomeTaxExpense,netIncome,netIncomeRatio,eps,epsdiluted,weightedAverageShsOut,weightedAverageShsOutDil,link,finalLink,timestamp,est_time,est_date
0,2020-03-31,WAVE.PA,EUR,2020-03-31,2020-03-31,FY,422042000,221600000.0,200442000,0.47493377436368894,0.0,32895000.0,0.0,0.0,145584000.0,367184000.0,2185000.0,11926000.0,66784000.0,0.15824017514844493,54858000.0,0.12998232403410087,0.0,50101000.0,0.11871093398287375,18961000.0,31140000.0,0.07378412575051772,1.5606412100392029,1.5606412100392029,19953337.0,19953337.0,https://www.infogreffe.com/recherche-entreprise-dirigeants/resultats-entreprise-dirigeants.html?ga_cat=globale&ga_q=W.A.V.E#phrase=W.A.V.E,https://www.infogreffe.com/recherche-entreprise-dirigeants/resultats-entreprise-dirigeants.html?ga_cat=globale&ga_q=W.A.V.E#phrase=W.A.V.E,1620599726,18:35:26,20210509
1,2019-03-31,WAVE.PA,EUR,2019-03-31,2019-03-31,FY,391530000,199924000.0,191606000,0.4893775700457181,0.0,37957000.0,0.0,0.0,138569000.0,338493000.0,1688000.0,5790000.0,58827000.0,0.1502490230633668,53037000.0,0.13546088422343117,0.0,50631000.0,0.1293157612443491,19861000.0,30770000.0,0.0785891247158583,1.54,1.54,19953337.0,19953337.0,https://www.infogreffe.com/recherche-entreprise-dirigeants/resultats-entreprise-dirigeants.html?ga_cat=globale&ga_q=W.A.V.E#phrase=W.A.V.E,https://www.infogreffe.com/recherche-entreprise-dirigeants/resultats-entreprise-dirigeants.html?ga_cat=globale&ga_q=W.A.V.E#phrase=W.A.V.E,1620599726,18:35:26,20210509
2,2018-03-31,WAVE.PA,EUR,2018-03-31,2018-03-31,FY,359919000,260631000.0,99288000,0.27586206896551724,0.0,31203000.0,0.0,0.0,51918000.0,312549000.0,1868000.0,2872000.0,50242000.0,0.1395925194279824,47370000.0,0.13161294624623873,0.0,43914000.0,0.12201078576012936,17286000.0,26628000.0,0.07398331291207189,1.35,1.35,19714904.0,19714904.0,https://www.infogreffe.com/recherche-entreprise-dirigeants/resultats-entreprise-dirigeants.html?ga_cat=globale&ga_q=W.A.V.E#phrase=W.A.V.E,https://www.infogreffe.com/recherche-entreprise-dirigeants/resultats-entreprise-dirigeants.html?ga_cat=globale&ga_q=W.A.V.E#phrase=W.A.V.E,1620599726,18:35:26,20210509
3,2017-03-31,WAVE.PA,EUR,2017-03-31,2017-03-31,FY,338732000,245780000.0,92952000,0.27441162925262447,0.0,35028000.0,0.0,0.0,57201000.0,302981000.0,2101000.0,3948000.0,39699000.0,0.11719884746643364,35751000.0,0.10554361560171463,0.0,33151000.0,0.09786793098969096,13095000.0,20055000.0,0.059206098036205614,1.0225,1.0225,19615740.0,19615740.0,https://www.infogreffe.com/recherche-entreprise-dirigeants/resultats-entreprise-dirigeants.html?ga_cat=globale&ga_q=W.A.V.E#phrase=W.A.V.E,https://www.infogreffe.com/recherche-entreprise-dirigeants/resultats-entreprise-dirigeants.html?ga_cat=globale&ga_q=W.A.V.E#phrase=W.A.V.E,1620599726,18:35:26,20210509
4,2016-03-31,WAVE.PA,EUR,2016-03-31,2016-03-31,FY,233020000,172279000.0,60741000,0.26066861213629733,0.0,18305000.0,0.0,0.0,37642000.0,209921000.0,757000.0,971000.0,24070000.0,0.10329585443309587,23099000.0,0.09912883014333533,0.0,21781000.0,0.09347266329070467,8423000.0,13358000.0,0.05732555145481075,0.6825,0.6825,19601060.0,19601060.0,https://www.infogreffe.com/recherche-entreprise-dirigeants/resultats-entreprise-dirigeants.html?ga_cat=globale&ga_q=W.A.V.E#phrase=W.A.V.E,https://www.infogreffe.com/recherche-entreprise-dirigeants/resultats-entreprise-dirigeants.html?ga_cat=globale&ga_q=W.A.V.E#phrase=W.A.V.E,1620599726,18:35:26,20210509
5,2015-03-31,WAVE.PA,EUR,2015-03-31,2015-03-31,FY,163147000,122467000.0,40680000,0.24934568211490252,0.0,10823000.0,0.0,0.0,20258000.0,142725000.0,238000.0,1070000.0,21492000.0,0.1317339577191122,20422000.0,0.12517545526427087,0.0,20203000.0,0.1238331075655697,7611000.0,12592000.0,0.07718192795454407,0.6425,0.6425,19566184.0,19566184.0,https://www.infogreffe.com/recherche-entreprise-dirigeants/resultats-entreprise-dirigeants.html?ga_cat=globale&ga_q=W.A.V.E#phrase=W.A.V.E,https://www.infogreffe.com/recherche-entreprise-dirigeants/resultats-entreprise-dirigeants.html?ga_cat=globale&ga_q=W.A.V.E#phrase=W.A.V.E,1620599726,18:35:26,20210509
6,2014-03-31,WAVE.PA,EUR,2014-03-31,2014-03-31,FY,141622000,105340000.0,36282000,0.2561890101820339,0.0,8991000.0,0.0,0.0,18594000.0,123934000.0,254000.0,1493000.0,19181000.0,0.13543799692138228,17688000.0,0.12489584951490587,0.0,17476000.0,0.12339890694948524,6530000.0,10946000.0,0.07729025151459519,0.5575,0.55,19620376.0,19901818.0,https://www.infogreffe.com/recherche-entreprise-dirigeants/resultats-entreprise-dirigeants.html?ga_cat=globale&ga_q=W.A.V.E#phrase=W.A.V.E,https://www.infogreffe.com/recherche-entreprise-dirigeants/resultats-entreprise-dirigeants.html?ga_cat=globale&ga_q=W.A.V.E#phrase=W.A.V.E,1620599726,18:35:26,20210509
7,2013-03-31,WAVE.PA,EUR,2013-03-31,2013-03-31,FY,130545000,98460000.0,32085000,0.24577731816614962,0.0,13318000.0,0.0,0.0,15973000.0,114433000.0,154000.0,896000.0,17008000.0,0.13028457619977785,16112000.0,0.12342104255237657,0.0,15334000.0,0.11746141177371787,4998000.0,10336000.0,0.07917576314680762,0.5325,0.52,19435068.0,19876923.0,https://www.infogreffe.com/recherche-entreprise-dirigeants/resultats-entreprise-dirigeants.html?ga_cat=globale&ga_q=W.A.V.E#phrase=W.A.V.E,https://www.infogreffe.com/recherche-entreprise-dirigeants/resultats-entreprise-dirigeants.html?ga_cat=globale&ga_q=W.A.V.E#phrase=W.A.V.E,1620599726,18:35:26,20210509
8,2012-03-31,WAVE.PA,EUR,2012-03-31,2012-03-31,FY,108058000,17180000.0,90878000,0.8410113087416017,0.0,1824000.0,0.0,3000.0,79278000.0,96458000.0,107000.0,669000.0,12269000.0,0.1135408761961169,11600000.0,0.10734975661218975,0.0,11556000.0,0.10694256788021247,4557000.0,6999000.0,0.06477077125247552,0.36,0.35,19386988.0,19867528.0,https://www.infogreffe.com/recherche-entreprise-dirigeants/resultats-entreprise-dirigeants.html?ga_cat=globale&ga_q=W.A.V.E#phrase=W.A.V.E,https://www.infogreffe.com/recherche-entreprise-dirigeants/resultats-entreprise-dirigeants.html?ga_cat=globale&ga_q=W.A.V.E#phrase=W.A.V.E,1620599726,18:35:26,20210509
9,2011-03-31,WAVE.PA,EUR,2011-03-31,2011-03-31,FY,108022000,3426000.0,104596000,0.9682842383958823,0.0,12882000.0,0.0,69000.0,91975000.0,95401000.0,150000.0,1198000.0,13819000.0,0.1279276443687397,12621000.0,0.11683731091814631,0.0,12547000.0,0.11615226527929495,5612000.0,6935000.0,0.06419988520856862,0.3525,0.35,19633724.0,19867528.0,https://www.infogreffe.com/recherche-entreprise-dirigeants/resultats-entreprise-dirigeants.html?ga_cat=globale&ga_q=W.A.V.E#phrase=W.A.V.E,https://www.infogreffe.com/recherche-entreprise-dirigeants/resultats-entreprise-dirigeants.html?ga_cat=globale&ga_q=W.A.V.E#phrase=W.A.V.E,1620599726,18:35:26,20210509
10,2010-03-31,WAVE.PA,EUR,2010-03-31,2010-03-31,FY,103443000,1912000.0,101531000,0.9815163906692574,0.0,10819000.0,0.0,0.0,94518000.0,96430000.0,193000.0,1416000.0,8429000.0,0.08148448904227448,7013000.0,0.06779579091867019,0.0,6908000.0,0.06678073915103004,3656000.0,3252000.0,0.03143760331776921,0.165,0.1625,19701676.0,19867528.0,https://www.infogreffe.com/recherche-entreprise-dirigeants/resultats-entreprise-dirigeants.html?ga_cat=globale&ga_q=W.A.V.E#phrase=W.A.V.E,https://www.infogreffe.com/recherche-entreprise-dirigeants/resultats-entreprise-dirigeants.html?ga_cat=globale&ga_q=W.A.V.E#phrase=W.A.V.E,1620599726,18:35:26,20210509
11,2009-03-31,WAVE.PA,EUR,2009-03-31,2009-03-31,FY,101937000,2795000.0,99142000,0.9725811040152251,0.0,12455000.0,0.0,-53000.0,88047000.0,90842000.0,533000.0,1359000.0,12454000.0,0.12217349931820634,11095000.0,0.10884173558178091,0.0,10595000.0,0.10393674524461187,3580000.0,7015000.0,0.06881701443048158,0.3575,0.3575,19618448.0,19618448.0,https://www.infogreffe.com/recherche-entreprise-dirigeants/resultats-entreprise-dirigeants.html?ga_cat=globale&ga_q=W.A.V.E#phrase=W.A.V.E,https://www.infogreffe.com/recherche-entreprise-dirigeants/resultats-entreprise-dirigeants.html?ga_cat=globale&ga_q=W.A.V.E#phrase=W.A.V.E,1620599726,18:35:26,20210509
12,2008-03-31,WAVE.PA,EUR,2008-03-31,2008-03-31,FY,72970000,2050000.0,70920000,0.9719062628477456,0.0,0.0,0.0,0.0,9706000.0,11756000.0,0.0,605000.0,61819000.0,0.8471837741537618,61214000.0,0.8388926956283405,0.0,9233000.0,0.1265314512813485,-3066000.0,6168000.0,0.08452788817322188,0.32,0.315,19327532.0,19597900.0,https://www.infogreffe.com/recherche-entreprise-dirigeants/resultats-entreprise-dirigeants.html?ga_cat=globale&ga_q=W.A.V.E#phrase=W.A.V.E,https://www.infogreffe.com/recherche-entreprise-dirigeants/resultats-entreprise-dirigeants.html?ga_cat=globale&ga_q=W.A.V.E#phrase=W.A.V.E,1620599726,18:35:26,20210509
13,2007-03-31,WAVE.PA,EUR,2007-03-31,2007-03-31,FY,52847000,1506000.0,51341000,0.9715026396957254,0.0,0.0,0.0,0.0,6397000.0,7903000.0,0.0,937000.0,45881000.0,0.8681855166802278,44944000.0,0.8504550873275682,0.0,6991000.0,0.13228754706984314,-2359000.0,4632000.0,0.08764925161314739,0.2425,0.2325,19114300.0,19838252.0,https://www.infogreffe.com/recherche-entreprise-dirigeants/resultats-entreprise-dirigeants.html?ga_cat=globale&ga_q=W.A.V.E#phrase=W.A.V.E,https://www.infogreffe.com/recherche-entreprise-dirigeants/resultats-entreprise-dirigeants.html?ga_cat=globale&ga_q=W.A.V.E#phrase=W.A.V.E,1620599726,18:35:26,20210509
14,2006-03-31,WAVE.PA,EUR,2006-03-31,2006-03-31,FY,38734000,1553000.0,37181000,0.9599060257138431,0.0,151000.0,0.0,0.0,32361000.0,33914000.0,33000.0,445000.0,5265000.0,0.1359270924768937,4820000.0,0.12443847782310115,0.0,4837000.0,0.12487736871998761,1633000.0,3204000.0,0.08271802550730624,16.75,16.25,19114300.0,19838252.0,https://www.infogreffe.com/recherche-entreprise-dirigeants/resultats-entreprise-dirigeants.html?ga_cat=globale&ga_q=W.A.V.E#phrase=W.A.V.E,https://www.infogreffe.com/recherche-entreprise-dirigeants/resultats-entreprise-dirigeants.html?ga_cat=globale&ga_q=W.A.V.E#phrase=W.A.V.E,1620599726,18:35:26,20210509
15,2005-03-31,WAVE.PA,EUR,2005-03-31,2005-03-31,FY,31538347,708863.0,30829484,0.9775237744704882,0.0,0.0,0.0,0.0,26425930.0,27134793.0,0.0,310703.0,4714257.0,0.14947698432007234,4403554.0,0.1396253900053798,0.0,4439211.0,0.14075598191623676,-1522850.0,2661241.0,0.08438111864264795,0.56,0.545,4775880.0,4775880.0,https://www.infogreffe.com/recherche-entreprise-dirigeants/resultats-entreprise-dirigeants.html?ga_cat=globale&ga_q=W.A.V.E#phrase=W.A.V.E,https://www.infogreffe.com/recherche-entreprise-dirigeants/resultats-entreprise-dirigeants.html?ga_cat=globale&ga_q=W.A.V.E#phrase=W.A.V.E,1620599726,18:35:26,20210509
16,2004-03-31,WAVE.PA,EUR,2004-03-31,2004-03-31,FY,27189224,799747.0,26389477,0.9705858835838787,0.0,0.0,0.0,0.0,23331748.0,24131495.0,0.0,366635.0,3424364.0,0.1259456319900855,3057729.0,0.11246106177947557,0.0,3261376.0,0.11995105119587084,-1173797.0,1952105.0,0.07179701046267448,0.415,0.405,4728484.0,4728484.0,https://www.infogreffe.com/recherche-entreprise-dirigeants/resultats-entreprise-dirigeants.html?ga_cat=globale&ga_q=W.A.V.E#phrase=W.A.V.E,https://www.infogreffe.com/recherche-entreprise-dirigeants/resultats-entreprise-dirigeants.html?ga_cat=globale&ga_q=W.A.V.E#phrase=W.A.V.E,1620599726,18:35:26,20210509
17,2003-03-31,WAVE.PA,EUR,2003-03-31,2003-03-31,FY,23976391,1058031.0,22918360,0.9558719658851076,0.0,0.0,0.0,0.0,20765615.0,21823646.0,0.0,340368.0,2493113.0,0.10398199628960005,2152745.0,0.08978603160083601,0.0,1995497.0,0.08322757999733989,1097741.0,-4337509.0,-0.1809075018838323,-0.935,-0.935,4706240.0,4706240.0,https://www.infogreffe.com/recherche-entreprise-dirigeants/resultats-entreprise-dirigeants.html?ga_cat=globale&ga_q=W.A.V.E#phrase=W.A.V.E,https://www.infogreffe.com/recherche-entreprise-dirigeants/resultats-entreprise-dirigeants.html?ga_cat=globale&ga_q=W.A.V.E#phrase=W.A.V.E,1620599726,18:35:26,20210509
18,2002-03-31,WAVE.PA,EUR,2002-03-31,2002-03-31,FY,21563526,952257.0,20611269,0.9558394577955386,0.0,0.0,0.0,0.0,18765040.0,19717297.0,0.0,329173.0,2175402.0,0.1008834083999064,1846229.0,0.08561814055827419,0.0,1688876.0,0.07832095734250512,-491590.0,439362.0,0.02037523918861878,0.0875,0.085,4706240.0,4706240.0,https://www.infogreffe.com/recherche-entreprise-dirigeants/resultats-entreprise-dirigeants.html?ga_cat=globale&ga_q=W.A.V.E#phrase=W.A.V.E,https://www.infogreffe.com/recherche-entreprise-dirigeants/resultats-entreprise-dirigeants.html?ga_cat=globale&ga_q=W.A.V.E#phrase=W.A.V.E,1620599726,18:35:26,20210509
