,date,symbol,reportedCurrency,fillingDate,acceptedDate,period,revenue,costOfRevenue,grossProfit,grossProfitRatio,researchAndDevelopmentExpenses,generalAndAdministrativeExpenses,sellingAndMarketingExpenses,otherExpenses,operatingExpenses,costAndExpenses,interestExpense,depreciationAndAmortization,ebitda,ebitdaratio,operatingIncome,operatingIncomeRatio,totalOtherIncomeExpensesNet,incomeBeforeTax,incomeBeforeTaxRatio,incomeTaxExpense,netIncome,netIncomeRatio,eps,epsdiluted,weightedAverageShsOut,weightedAverageShsOutDil,link,finalLink,timestamp,est_time,est_date
0,2020-12-31,1253.HK,CNY,2020-12-31,2020-12-31,FY,676161000,485550000,190611000,0.28190179557827205,0,54699000,0,548000,0,537921000,47489000,9868000,148108000,0.21904250614868354,138240000,0.1390881757451258,0,94046000,0.1390881757451258,15512000,78295000,0.11579342789661043,0.02342382477956847,0.02342382477956847,3342536957,3342536957,https://www1.hkexnews.hk/search/titlesearch.xhtml,https://www1.hkexnews.hk/search/titlesearch.xhtml,1620585151,14:32:31,20210509
1,2019-12-31,1253.HK,CNY,2019-12-31,2019-12-31,FY,949088000,737797000,211291000,0.22262529923463367,0,86875000,0,1290000,84590000,822387000,53969000,13071000,139772000,0.14726980006068985,126701000,0.13349763141036447,0,81193000,0.085548442294076,10979000,71383000,0.07521220371556694,0.02,0.02,3342536957,3342536957,https://www1.hkexnews.hk/search/titlesearch.xhtml,https://www1.hkexnews.hk/search/titlesearch.xhtml,1620585151,14:32:31,20210509
2,2018-12-31,1253.HK,CNY,2018-12-31,2018-12-31,FY,889548000,666678000,222870000,0.2505429723859758,0,93947000,0,313000,91235000,757913000,67757000,9904000,141539000,0.15911339241952094,131635000,0.14797964809094058,0,64385000,0.07237945563364764,22295000,59243000,0.06659899184754504,0.02,0.02,3342536957,3342536957,https://www1.hkexnews.hk/search/titlesearch.xhtml,https://www1.hkexnews.hk/search/titlesearch.xhtml,1620585151,14:32:31,20210509
3,2017-12-31,1253.HK,CNY,2017-12-31,2017-12-31,FY,1336327000,980675000,355652000,0.2661414459185514,0,133241000,0,-1453000,130395000,1111070000,44537000,6921000,232178000,0.17374340262525564,225257000,0.16856428104797702,0,178248000,0.13338651392959958,34004000,155619000,0.11645278438585766,0.046620292680423336,0.046434591009452165,3338009932,3351359334,https://www1.hkexnews.hk/search/titlesearch.xhtml,https://www1.hkexnews.hk/search/titlesearch.xhtml,1620585151,14:32:31,20210509
4,2016-12-31,1253.HK,CNY,2016-12-31,2016-12-31,FY,724805000,453715000,271090000,0.37401783928091004,0,56031000,0,0,54027000,507742000,27494000,3180000,220243000,0.3038651775305082,217063000,0.2994777905781555,0,205322000,0.28327895089023947,53615000,151707000,0.20930733093728657,0.04587983606200417,0.04574140497481648,3306616000,3316623092,https://www1.hkexnews.hk/search/titlesearch.xhtml,https://www1.hkexnews.hk/search/titlesearch.xhtml,1620585151,14:32:31,20210509
5,2015-12-31,1253.HK,CNY,2015-12-31,2015-12-31,FY,622693000,394461000,228232000,0.3665241138088914,0,42214000,0,0,36787000,431248000,12667000,1704000,193149000,0.3101833487770057,191445000,0.3074468478046164,0,200735000,0.32236591707310025,50229000,150506000,0.24170176957184358,0.05,0.05,3191318684,3191318684,https://www1.hkexnews.hk/search/titlesearch.xhtml,https://www1.hkexnews.hk/search/titlesearch.xhtml,1620585151,14:32:31,20210509
6,2014-12-31,1253.HK,CNY,2014-12-31,2014-12-31,FY,530109000,340177000,189932000,0.35828857838670913,0,42202000,0,0,39181000,379358000,8113000,1839000,152590000,0.2878464617654105,150751000,0.28437736390063173,0,148259000,0.27967644390116,38917000,109342000,0.20626324020154346,0.045,0.045,2436143516,2436143516,https://www1.hkexnews.hk/search/titlesearch.xhtml,https://www1.hkexnews.hk/search/titlesearch.xhtml,1620585151,14:32:31,20210509
7,2013-12-31,1253.HK,CNY,2013-12-31,2013-12-31,FY,289883000,206568000,83315000,0.2874090581372485,0,15079000,0,72000,13968000,220536000,752000,1347000,70694000,0.2438708030481263,69347000,0.23922410075789197,0,71598000,0.24698930258069635,18098000,53500000,0.18455721791205418,0.017433,0.017433,3068856000,3068856000,https://www1.hkexnews.hk/search/titlesearch.xhtml,https://www1.hkexnews.hk/search/titlesearch.xhtml,1620585151,14:32:31,20210509
