,date,symbol,reportedCurrency,fillingDate,acceptedDate,period,revenue,costOfRevenue,grossProfit,grossProfitRatio,researchAndDevelopmentExpenses,generalAndAdministrativeExpenses,sellingAndMarketingExpenses,otherExpenses,operatingExpenses,costAndExpenses,interestExpense,depreciationAndAmortization,ebitda,ebitdaratio,operatingIncome,operatingIncomeRatio,totalOtherIncomeExpensesNet,incomeBeforeTax,incomeBeforeTaxRatio,incomeTaxExpense,netIncome,netIncomeRatio,eps,epsdiluted,weightedAverageShsOut,weightedAverageShsOutDil,link,finalLink,timestamp,est_time,est_date
0,2021-01-02,WWW,USD,2021-02-26,2021-02-26 10:34:19,FY,1791000.0,1055000.0,735000.0,0.4103852596314908,0.0,639000.0,0.0,47000.0,639000.0,1694000.0,-43000.0,32000.0,-152000.0,-0.08486878838637632,-184000.0,-0.1027359017308766,-2000.0,-184000.0,-0.1027359017308766,-45000.0,-139000.0,-0.07761027359017308,-0.0017181705809641533,-0.0017181705809641533,80900000,80900000,https://www.sec.gov/Archives/edgar/data/110471/000011047121000008/0000110471-21-000008-index.htm,https://www.sec.gov/Archives/edgar/data/110471/000011047121000008/www-20210102.htm,1620599989,18:39:49,20210509
1,2019-12-28,WWW,USD,2020-02-26 00:00:00,2020-02-26 15:21:45,FY,2273700000.0,1349900000.0,923800000.0,0.406298104411312,0.0,669300000.0,0.0,83500000.0,752799999.9999996,2102699999.9999998,-30000000.0,32700000.0,203700000.0,0.08958965562739148,171000000.0,0.07520781105686766,4900000.0,145900000.0,0.06416853586664907,17000000.0,128500000.0,0.05651581123279237,1.47362,1.47362,87200000,87200000,https://www.sec.gov/Archives/edgar/data/110471/000011047120000008/0000110471-20-000008-index.html,https://www.sec.gov/Archives/edgar/data/110471/000011047120000008/wolverineform10-k2019.htm,1620599989,18:39:49,20210509
2,2018-12-29,WWW,USD,2019-02-26 00:00:00,2019-02-26 16:41:07,FY,2239200000.0,1317900000.0,921300000.0,0.41144158628081456,0.0,654100000.0,0.0,15300000.0,670000000.0,1987900000.0,-24500000.0,31500000.0,282800000.0,0.12629510539478386,251300000.0,0.11222758127902822,600000.0,227400000.0,0.10155412647374062,27100000.0,200100000.0,0.08936227224008575,2.10632,2.10632,95000000,95000000,https://www.sec.gov/Archives/edgar/data/110471/000011047119000009/0000110471-19-000009-index.html,https://www.sec.gov/Archives/edgar/data/110471/000011047119000009/wolverineform10-k2018.htm,1620599989,18:39:49,20210509
3,2017-12-30,WWW,USD,2018-02-27 00:00:00,2018-02-27 15:39:02,FY,2350000000.0,1426600000.0,923400000.0,0.39293617021276595,0.0,706000000.0,0.0,35300000.0,891800000.0000002,2318400000.0,-32100000.0,37200000.0,68800000.0,0.02927659574468085,31600000.0,0.013446808510638298,-10100000.0,-10600000.0,-0.0045106382978723405,-9900000.0,300000.0,0.0001276595744680851,0.00314,0.00314,95400000,95400000,https://www.sec.gov/Archives/edgar/data/110471/000011047118000010/0000110471-18-000010-index.html,https://www.sec.gov/Archives/edgar/data/110471/000011047118000010/wolverineform10-k2017.htm,1620599989,18:39:49,20210509
4,2016-12-31,WWW,USD,2017-02-28 00:00:00,2017-02-28 16:56:53,FY,2494600000.0,1534700000.0,959900000.0,0.3847911488815842,0.0,0.0,0.0,3500000.0,758000000.0,2292700000.0,34800000.0,43500000.0,245400000.0,0.09837248456666399,201900000.0,0.0809348192094925,-56600000.0,110500000.0,0.04429567866591838,23000000.0,87700000.0,0.03515593682353885,0.902964,0.89,97124615,97124615,https://www.sec.gov/Archives/edgar/data/110471/000011047117000010/0000110471-17-000010-index.html,https://www.sec.gov/Archives/edgar/data/110471/000011047117000010/wolverineform10-k2016.htm,1620599989,18:39:49,20210509
5,2016-01-02,WWW,USD,2016-03-01 00:00:00,2016-03-01 17:11:59,FY,2691600000.0,1636900000.0,1054700000.0,0.3918487145192451,0.0,816000000.0,0.0,-3000000.0,855199999.9999998,2492100000.0,-38200000.0,48700000.0,248200000.0,0.09221281022440184,199500000.0,0.07411948283548818,3300000.0,164600000.0,0.06115321741714965,41400000.0,122800000.0,0.045623421013523555,1.228,1.228,100000000,100000000,https://www.sec.gov/Archives/edgar/data/110471/000011047116000050/0000110471-16-000050-index.html,https://www.sec.gov/Archives/edgar/data/110471/000011047116000050/wolverineform10-k2015.htm,1620599989,18:39:49,20210509
6,2015-01-03,WWW,USD,2015-03-03,2015-03-03 14:06:21,FY,2761100000.0,1673800000.0,1087300000.0,0.39379232914418166,0.0,815200000.0,0.0,0.0,858700000.0,2532500000.0,-45400000.0,53300000.0,281900000.0,0.10209699032994096,228600000.0,0.08279308971062257,-1700000.0,181500000.0,0.06573467096447068,47600000.0,133100000.0,0.04820542537394517,1.33014,1.33014,100064820,100064820,https://www.sec.gov/Archives/edgar/data/110471/000011047115000012/wolverineform10-k2014.htm,https://www.sec.gov/Archives/edgar/data/110471/000011047115000012/wolverineform10-k2014.htm,1620599989,18:39:49,20210509
7,2013-12-28,WWW,USD,2014-02-25,2014-02-25 14:09:49,FY,2691100000.0,1619000000.0,1072100000.0,0.3983872765783509,0.0,830700000.0,0.0,64000000.0,892900000.0000001,2511900000.0,-52000000.0,56200000.0,235400000.0,0.08747352383783583,179200000.0,0.0665898703132548,500000.0,127700000.0,0.047452714503362935,26700000.0,100400000.0,0.03730816394782802,1.01517,1.01517,98900000,98900000,https://www.sec.gov/Archives/edgar/data/110471/000011047114000003/wolverineform10-k2013.htm,https://www.sec.gov/Archives/edgar/data/110471/000011047114000003/wolverineform10-k2013.htm,1620599989,18:39:49,20210509
8,2012-12-29,WWW,USD,2013-02-27 00:00:00,2013-02-27 15:14:11,FY,1640800000.0,1008200000.0,632600000.0,0.3855436372501219,0.0,481900000.0,0.0,317000.0,524099999.9999999,1532300000.0,14597000.0,27700000.0,136200000.0,0.08300828863968795,108500000.0,0.06612627986348123,-300000.0,94200000.0,0.05741101901511458,13414000.0,80700000.0,0.049183325207215994,0.83196,0.83196,97000000,97000000,https://www.sec.gov/Archives/edgar/data/110471/000119312513079739/0001193125-13-079739-index.html,https://www.sec.gov/Archives/edgar/data/110471/000119312513079739/d463484d10k.htm,1620599989,18:39:49,20210509
9,2011-12-31,WWW,USD,2012-02-29 00:00:00,2012-02-29 16:57:42,FY,1409068000.0,852316000.0,556752000.0,0.39512074647923306,0.0,0.0,0.0,0.0,386534000.0,1238850000.0,1395000.0,15907000.0,186125000.0,0.13209085721909802,170218000.0,0.12080183497176858,-283000.0,168910000.0,0.11987356181532757,45623000.0,123287000.0,0.08749542250622397,1.27968,1.24,96342064,97456000,https://www.sec.gov/Archives/edgar/data/110471/000119312512089426/0001193125-12-089426-index.html,https://www.sec.gov/Archives/edgar/data/110471/000119312512089426/d268216d10k.htm,1620599989,18:39:49,20210509
10,2011-01-01,WWW,USD,2011-03-02,2011-03-02 15:11:37,FY,1248500000.0,754500000.0,494000000.0,0.3956748097717261,0.0,347500000.0,0.0,0.0,351799999.99999994,1106300000.0,-400000.0,16200000.0,158400000.0,0.12687224669603525,142200000.0,0.11389667601121346,1400000.0,143200000.0,0.11469763716459752,38800000.0,104500000.0,0.08370044052863436,1.0696,1.0696,97700000,97700000,https://www.sec.gov/Archives/edgar/data/110471/000095012311021208/k50131e10vk.htm,https://www.sec.gov/Archives/edgar/data/110471/000095012311021208/k50131e10vk.htm,1620599989,18:39:49,20210509
11,2010-01-02,WWW,USD,2010-03-03 00:00:00,2010-03-03 14:51:37,FY,1101100000.0,663500000.0,437600000.0,0.3974207610571247,0.0,316400000.0,0.0,-182000.0,351900000.0,1015400000.0,-494000.0,17600000.0,103200000.0,0.093724457360821,85600000.0,0.07774044137680501,200000.0,85700000.0,0.07783125964944147,23800000.0,61900000.0,0.05621651076196531,0.63163,0.63163,98000000,98000000,https://www.sec.gov/Archives/edgar/data/110471/000095012310020483/0000950123-10-020483-index.html,https://www.sec.gov/Archives/edgar/data/110471/000095012310020483/c97050e10vk.htm,1620599989,18:39:49,20210509
12,2009-01-03,WWW,USD,2009-03-04 00:00:00,2009-03-04 10:54:31,FY,1220600000.0,734500000.0,486000000.0,0.3981648369654268,0.0,345200000.0,0.0,-839000.0,345200000.00000006,1079700000.0,-2850000.0,20700000.0,161500000.0,0.13231197771587744,140800000.0,0.11535310503031296,800000.0,140600000.0,0.11518925118794036,44800000.0,95800000.0,0.07848599049647714,0.95134,0.95134,100700000,100700000,https://www.sec.gov/Archives/edgar/data/110471/000136231009003153/0001362310-09-003153-index.html,https://www.sec.gov/Archives/edgar/data/110471/000136231009003153/c81880e10vk.htm,1620599989,18:39:49,20210509
13,2007-12-29,WWW,USD,2008-02-26,2008-02-26 17:05:52,FY,1199000000.0,727000000.0,471900000.0,0.39357798165137614,0.0,49000.0,333151000.0,873000.0,333200000.00000006,1060200000.0,-2470000.0,22800000.0,161600000.0,0.1347789824854045,138800000.0,0.11576313594662219,-900000.0,138600000.0,0.11559633027522936,45700000.0,92900000.0,0.07748123436196831,0.85229,0.85229,109000000,109000000,https://www.sec.gov/Archives/edgar/data/110471/000090572908000096/www10k_022608.htm,https://www.sec.gov/Archives/edgar/data/110471/000090572908000096/www10k_022608.htm,1620599989,18:39:49,20210509
14,2006-12-30,WWW,USD,2007-02-28,2007-02-28 14:07:02,FY,1141900000.0,700300000.0,441500000.0,0.38663630790787284,0.0,-43000.0,318243000.0,1205000.0,318300000.00000006,1018600000.0000001,-2973000.0,20600000.0,143900000.0,0.12601804010859094,123300000.0,0.10797793151764602,-1200000.0,122300000.0,0.10710219809090113,38600000.0,83600000.0,0.07321131447587355,0.73398,0.73398,113900000,113900000,https://www.sec.gov/Archives/edgar/data/110471/000090572907000103/www10k_022807.htm,https://www.sec.gov/Archives/edgar/data/110471/000090572907000103/www10k_022807.htm,1620599989,18:39:49,20210509
15,2005-12-31,WWW,USD,2006-03-15,2006-03-15 14:41:53,FY,1060999000.0,655800000.0,405199000.0,0.3819032817184559,0.0,0.0,0.0,0.0,291891000.0,947691000.0,0.0,20040000.0,133348000.0,0.12568155106649487,113308000.0,0.10679369160574138,-150000.0,111247000.0,0.10485118270610999,36780000.0,74467000.0,0.07018574004311032,0.665,0.635,111980451,117270866,https://www.sec.gov/Archives/edgar/data/110471/000090572906000156/www10k_031506.htm,https://www.sec.gov/Archives/edgar/data/110471/000090572906000156/www10k_031506.htm,1620599989,18:39:49,20210509
16,2005-01-01,WWW,USD,2005-03-17 00:00:00,2005-03-17 09:02:36,FY,991900000.0,617800000.0,374100000.0,0.3771549551366065,0.0,-25000.0,274125000.0,0.0,274100000.0,891900000.0,-4185000.0,19099999.999999996,119100000.0,0.12007258796249622,100000000.0,0.10081661457808247,300000.0,97100000.0,0.09789293275531807,30900000.0,65900000.0,0.06643814900695634,0.54508,0.54508,120900000,120900000,https://www.sec.gov/Archives/edgar/data/110471/000090572905000124/0000905729-05-000124-index.html,https://www.sec.gov/Archives/edgar/data/110471/000090572905000124/www10k_031605.htm,1620599989,18:39:49,20210509
17,2004-01-03,WWW,USD,2004-03-17 00:00:00,2004-03-17 15:33:20,FY,888900000.0,562300000.0,326600000.0,0.36742040724490943,0.0,48000.0,246652000.0,0.0,246700000.00000006,809000000.0,-5896000.0,18000000.0,97900000.0,0.11013612329845877,79900000.0,0.08988637642029475,700000.0,75100000.0,0.08448644391945101,23300000.0,51700000.0,0.058161772977837776,0.42308,0.42308,122200000,122200000,https://www.sec.gov/Archives/edgar/data/110471/000090572904000147/0000905729-04-000147-index.html,https://www.sec.gov/Archives/edgar/data/110471/000090572904000147/wwwform10k_031704.htm,1620599989,18:39:49,20210509
18,2002-12-28,WWW,USD,2003-03-27 00:00:00,2003-03-27 17:21:12,FY,827100000.0,532900000.0,294200000.0,0.3557006407931326,0.0,46000.0,217154000.0,-1046000.0,217100000.00000003,750000000.0,-6721000.0,16800000.0,93900000.0,0.11352919840406239,77100000.0,0.09321726514327167,1000000.0,71700000.0,0.08668842945230323,23600000.0,47900000.0,0.05791319066618305,0.38412,0.38412,124700000,124700000,https://www.sec.gov/Archives/edgar/data/110471/000090572903000154/0000905729-03-000154-index.html,https://www.sec.gov/Archives/edgar/data/110471/000090572903000154/www10k_ye2002.htm,1620599989,18:39:49,20210509
19,2001-12-29,WWW,USD,2002-03-29 00:00:00,2002-03-29 00:00:00,FY,720100000.0,463000000.0,257000000.0,0.3568948757117067,0.0,22000.0,182178000.0,-431000.0,182200000.00000006,645200000.0,-7239000.0,17600000.0,92500000.0,0.12845438133592557,74900000.0,0.10401333148173865,400000.0,68500000.0,0.09512567698930705,23300000.0,45200000.0,0.06276905985279822,0.35731,0.35731,126500000,126500000,https://www.sec.gov/Archives/edgar/data/110471/000090572902000051/0000905729-02-000051-index.html,https://www.sec.gov/Archives/edgar/data/110471/000090572902000051/wwwform10k032702.htm,1620599989,18:39:49,20210509
20,2000-12-30,WWW,USD,2001-03-30 00:00:00,2001-03-30 00:00:00,FY,701300000.0,477300000.0,224000000.0,0.3194068159133039,0.0,47000.0,198953000.0,96000.0,198999999.99999994,676299999.9999999,-10281000.0,17700000.0,42700000.0,0.06088692428347355,25000000.0,0.035648082133181234,-100000.0,15000000.0,0.02138884927990874,4300000.0,10700000.0,0.015257379153001568,0.08533,0.08533,125400000,125400000,https://www.sec.gov/Archives/edgar/data/110471/000090572901500086/0000905729-01-500086-index.html,https://www.sec.gov/Archives/edgar/data/110471/000090572901500086/www10k.htm,1620599989,18:39:49,20210509
21,2000-01-01,WWW,USD,2000-01-01,2000-01-01,FY,665600000.0,457000000.0,208600000.0,0.3134014423076923,0.0,148000000.0,0.0,0.0,148000000.0,605000000.0,-10300000.0,14900000.0,75500000.0,0.11343149038461539,60600000.0,0.09104567307692307,-700000.0,49500000.0,0.07436899038461539,17200000.0,32400000.0,0.048677884615384616,0.26024,0.26024,124500000,124500000,,,1620599989,18:39:49,20210509
22,1999-01-02,WWW,USD,1999-04-02 00:00:00,1999-04-02 00:00:00,FY,669300000.0,456700000.0,212600000.0,0.3176453010608098,0.0,143400000.0,0.0,0.0,143400000.00000003,600100000.0,-7300000.0,13000000.0,82200000.0,0.12281488121918423,69200000.0,0.10339160316748842,-100000.0,61800000.0,0.0923352756611385,20200000.0,41700000.0,0.06230389959659346,0.32351,0.32351,128900000,128900000,https://www.sec.gov/Archives/edgar/data/110471/000090572999000076/0000905729-99-000076-index.html,https://www.sec.gov/Archives/edgar/data/110471/0000905729-99-000076.txt,1620599989,18:39:49,20210509
23,1998-01-03,WWW,USD,1998-01-03,1998-01-03,FY,665100000.0,461000000.0,204100000.0,0.3068711471959104,0.0,137200000.0,0.0,0.0,140600000.00000003,601600000.0,-4600000.0,9200000.0,72700000.0,0.10930687114719591,63500000.0,0.09547436475717937,2200000.0,61100000.0,0.09186588482934897,19500000.0,41500000.0,0.062396632085400694,0.31825,0.31825,130400000,130400000,,,1620599989,18:39:49,20210509
24,1996-12-28,WWW,USD,1997-03-28 00:00:00,1997-03-28 00:00:00,FY,511000000.0,355200000.0,155800000.0,0.30489236790606655,0.0,107500000.0,0.0,0.0,107500000.0,462700000.0,-1600000.0,7100000.0,55400000.0,0.10841487279843444,48300000.0,0.09452054794520548,900000.0,47700000.0,0.09334637964774951,14800000.0,32900000.0,0.06438356164383562,0.25524,0.25524,128900000,128900000,https://www.sec.gov/Archives/edgar/data/110471/000090572997000052/0000905729-97-000052-index.html,https://www.sec.gov/Archives/edgar/data/110471/0000905729-97-000052.txt,1620599989,18:39:49,20210509
25,1995-12-30,WWW,USD,1996-03-29 00:00:00,1996-03-29 00:00:00,FY,414000000.0,290500000.0,123500000.0,0.29830917874396135,0.0,86000000.0,0.0,0.0,86000000.0,376500000.0,-3700000.0,5800000.0,43300000.0,0.10458937198067633,37500000.0,0.09057971014492754,300000.0,34100000.0,0.0823671497584541,10000000.0,24100000.0,0.05821256038647343,0.20866,0.20866,115500000,115500000,https://www.sec.gov/Archives/edgar/data/110471/000090572996000049/0000905729-96-000049-index.html,https://www.sec.gov/Archives/edgar/data/110471/0000905729-96-000049.txt,1620599989,18:39:49,20210509
26,1994-12-31,WWW,USD,1995-03-29 00:00:00,1995-03-29 00:00:00,FY,378500000.0,253100000.0,125400000.0,0.3313077939233818,0.0,90300000.0,0.0,0.0,96000000.0,349100000.0,0.0,5700000.0,35100000.0,0.09273447820343461,29400000.0,0.07767503302509908,0.0,25500000.0,0.06737120211360634,7400000.0,16600000.0,0.043857331571994715,0.150123,0.148148,110575658,112050000,https://www.sec.gov/Archives/edgar/data/110471/000090572995000017/0000905729-95-000017-index.html,https://www.sec.gov/Archives/edgar/data/110471/0000905729-95-000017.txt,1620599989,18:39:49,20210509
27,1993-12-31,WWW,USD,1993-12-31,1993-12-31,FY,333100000.0,227900000.0,105200000.0,0.3158210747523266,0.0,0.0,0.0,0.0,0.0,313500000.0,0.0,5200000.0,24800000.0,0.07445211648153707,19600000.0,0.05884118883218253,1300000.0,15900000.0,0.04773341338937256,4400000.0,11500000.0,0.03452416691684179,0.015371,0.013614,103625188,103625188,,,1620599989,18:39:49,20210509
28,1992-12-31,WWW,USD,1992-12-31,1992-12-31,FY,293100000.0,201000000.0,92100000.0,0.3142272262026612,0.0,0.0,0.0,0.0,0.0,280500000.0,0.0,5200000.0,17800000.0,0.06073012623677926,12600000.0,0.042988741044012284,-2500000.0,6500000.0,0.022176731490958716,1900000.0,-11000000.0,-0.037529853292391675,-0.014054,-0.014054,101289356,101289356,,,1620599989,18:39:49,20210509
29,1991-12-31,WWW,USD,1991-12-31,1991-12-31,FY,313800000.0,208500000.0,105300000.0,0.3355640535372849,0.0,0.0,0.0,0.0,0.0,299100000.0,0.0,5000000.0,19700000.0,0.06277884002549394,14700000.0,0.04684512428298279,-4900000.0,4600000.0,0.014659018483110261,1300000.0,3300000.0,0.010516252390057362,0.004392,0.004392,99376312,99376312,,,1620599989,18:39:49,20210509
30,1990-12-31,WWW,USD,1990-12-31,1990-12-31,FY,322200000.0,219600000.0,102600000.0,0.31843575418994413,0.0,0.0,0.0,0.0,0.0,309500000.0,0.0,5100000.0,17800000.0,0.05524518932340161,12700000.0,0.03941651148355059,-13700000.0,-6200000.0,-0.019242706393544383,-500000.0,-5700000.0,-0.017690875232774673,-0.007466,-0.007466,99376312,99376312,,,1620599989,18:39:49,20210509
31,1989-12-31,WWW,USD,1989-12-31,1989-12-31,FY,323600000.0,222100000.0,101500000.0,0.3136588380716934,0.0,0.0,0.0,0.0,0.0,311000000.0,0.0,4900000.0,17500000.0,0.05407911001236094,12600000.0,0.03893695920889988,3300000.0,10300000.0,0.031829419035846726,3000000.0,7300000.0,0.022558714462299134,0.009223,0.009223,102113944,102113944,,,1620599989,18:39:49,20210509
32,1988-12-31,WWW,USD,1988-12-31,1988-12-31,FY,323700000.0,224900000.0,98800000.0,0.30522088353413657,0.0,0.0,0.0,0.0,0.0,310500000.0,0.0,5000000.0,18200000.0,0.05622489959839357,13200000.0,0.04077849860982391,1400000.0,8900000.0,0.027494593759654,1200000.0,7700000.0,0.023787457522397283,0.009662,0.009662,101652174,101652174,,,1620599989,18:39:49,20210509
33,1987-12-31,WWW,USD,1987-12-31,1987-12-31,FY,321100000.0,221100000.0,100000000.0,0.3114294612270321,0.0,0.0,0.0,0.0,0.0,310500000.0,0.0,5200000.0,15800000.0,0.049205854873871066,10600000.0,0.0330115228900654,600000.0,7300000.0,0.02273435066957334,800000.0,6500000.0,0.020242914979757085,0.007905,0.007905,107964018,107964018,,,1620599989,18:39:49,20210509
34,1986-12-31,WWW,USD,1986-12-31,1986-12-31,FY,341700000.0,240900000.0,100800000.0,0.29499561018437226,0.0,0.0,0.0,0.0,0.0,341300000.0,0.0,5400000.0,5800000.0,0.016973953760608722,400000.0,0.001170617500731636,-8800000.0,-14800000.0,-0.04331284752707053,-2200000.0,-12600000.0,-0.03687445127304653,-0.015371,-0.015371,109091454,109091454,,,1620599989,18:39:49,20210509
35,1985-12-31,WWW,USD,1985-12-31,1985-12-31,FY,389500000.0,270100000.0,119400000.0,0.30654685494223366,0.0,0.0,0.0,0.0,0.0,382400000.0,0.0,5700000.0,12800000.0,0.032862644415917845,7100000.0,0.018228498074454428,3800000.0,3100000.0,0.007958921694480103,-900000.0,4000000.0,0.010269576379974325,0.004831,0.004831,108893554,108893554,,,1620599989,18:39:49,20210509
