,date,symbol,reportedCurrency,fillingDate,acceptedDate,period,revenue,costOfRevenue,grossProfit,grossProfitRatio,researchAndDevelopmentExpenses,generalAndAdministrativeExpenses,sellingAndMarketingExpenses,otherExpenses,operatingExpenses,costAndExpenses,interestExpense,depreciationAndAmortization,ebitda,ebitdaratio,operatingIncome,operatingIncomeRatio,totalOtherIncomeExpensesNet,incomeBeforeTax,incomeBeforeTaxRatio,incomeTaxExpense,netIncome,netIncomeRatio,eps,epsdiluted,weightedAverageShsOut,weightedAverageShsOutDil,link,finalLink,timestamp,est_time,est_date
0,2020-12-31,LGEN.L,GBP,2020-12-31,2020-12-31,FY,50231000000.0,0.0,0.0,0.0,0.0,0.0,0.0,0.0,0.0,48801000000,305000000.0,0.0,0.0,0.0,0.0,0.028468475642531504,0.0,1430000000,0.028468475642531504,149000000.0,1607000000.0,0.03199219605422946,0.27,0.256,5930000000,6277000000,https://find-and-update.company-information.service.gov.uk/search/companies?q=Legal+&+General+Group+PLC,https://find-and-update.company-information.service.gov.uk/search/companies?q=Legal+&+General+Group+PLC,1620594412,17:06:52,20210509
1,2019-12-31,LGEN.L,GBP,2019-12-31,2019-12-31,FY,66786000000.0,0.0,0.0,0.0,0.0,570000000.0,0.0,0.0,663000000.0,64702000000,269000000.0,134000000.0,0.0,0.0,0.0,0.031204144581199654,441000000.0,2084000000,0.031204144581199654,297000000.0,1834000000.0,0.027460845087293743,0.3092,0.3075,5932000000,5965000000,https://find-and-update.company-information.service.gov.uk/search/companies?q=Legal+&+General+Group+PLC,https://find-and-update.company-information.service.gov.uk/search/companies?q=Legal+&+General+Group+PLC,1620594412,17:06:52,20210509
2,2018-12-31,LGEN.L,GBP,2018-12-31,2018-12-31,FY,1264000000.0,0.0,0.0,0.0,0.0,199000000.0,0.0,0.0,737000000.0,-785000000,238000000.0,45000000.0,0.0,0.0,0.0,1.6210443037974684,444000000.0,2049000000,1.6210443037974684,305000000.0,1827000000.0,1.4454113924050633,0.3079,0.3064,5933000000,5962000000,https://find-and-update.company-information.service.gov.uk/search/companies?q=Legal+&+General+Group+PLC,https://find-and-update.company-information.service.gov.uk/search/companies?q=Legal+&+General+Group+PLC,1620594412,17:06:52,20210509
3,2017-12-31,LGEN.L,GBP,2017-12-31,2017-12-31,FY,40500000000.0,0.0,0.0,0.0,0.0,453000000.0,0.0,0.0,-97000000.0,38509000000,212000000.0,84000000.0,0.0,0.0,0.0,0.04916049382716049,467000000.0,1991000000,0.04916049382716049,169000000.0,1891000000.0,0.046691358024691355,0.3187,0.3173,5933000000,5960000000,https://find-and-update.company-information.service.gov.uk/search/companies?q=Legal+&+General+Group+PLC,https://find-and-update.company-information.service.gov.uk/search/companies?q=Legal+&+General+Group+PLC,1620594412,17:06:52,20210509
4,2016-12-31,LGEN.L,GBP,2016-12-31,2016-12-31,FY,77975000000.0,0.0,0.0,0.0,0.0,625000000.0,0.0,-68109000000.0,274000000.0,87192000000,198000000.0,55000000.0,1922000000.0,0.024648925937800575,1867000000.0,0.023943571657582558,499000000.0,1582000000,0.020288554023725553,317000000.0,1258000000.0,0.01613337608207759,0.2122,0.2113,5929000000,5953000000,https://find-and-update.company-information.service.gov.uk/search/companies?q=Legal+&+General+Group+PLC,https://find-and-update.company-information.service.gov.uk/search/companies?q=Legal+&+General+Group+PLC,1620594412,17:06:52,20210509
5,2015-12-31,LGEN.L,GBP,2015-12-31,2015-12-31,FY,12706000000.0,0.0,0.0,0.0,0.0,550000000.0,0.0,-6006000000.0,838000000.0,9399000000,186000000.0,66000000.0,1480000000.0,0.11648040295923186,1414000000.0,0.1112860066110499,535000000.0,1355000000,0.10664253108767512,261000000.0,1075000000.0,0.08460569809538801,0.1816,0.1804,5920000000,5958000000,https://find-and-update.company-information.service.gov.uk/search/companies?q=Legal+&+General+Group+PLC,https://find-and-update.company-information.service.gov.uk/search/companies?q=Legal+&+General+Group+PLC,1620594412,17:06:52,20210509
6,2014-12-31,LGEN.L,GBP,2014-12-31,2014-12-31,FY,51523000000.0,0.0,0.0,0.0,0.0,344000000.0,0.0,-40814000000.0,659000000.0,59676000000,183000000.0,63000000.0,1476000000.0,0.028647400190206316,1413000000.0,0.027424645304038972,463000000.0,1238000000,0.02402810395357413,246000000.0,985000000.0,0.01911767560118782,0.167,0.1654,5897000000,5956000000,https://find-and-update.company-information.service.gov.uk/search/companies?q=Legal+&+General+Group+PLC,https://find-and-update.company-information.service.gov.uk/search/companies?q=Legal+&+General+Group+PLC,1620594412,17:06:52,20210509
7,2013-12-31,LGEN.L,GBP,2013-12-31,2013-12-31,FY,39257000000.0,0.0,0.0,0.0,0.0,391000000.0,0.0,-32402000000.0,923000000.0,37855000000,163000000.0,57000000.0,1372000000.0,0.0349491810377767,1315000000.0,0.03349721068853962,373000000.0,1134000000,0.028886568000611356,238000000.0,893000000.0,0.0227475354713809,0.152,0.15,5875000000,5954000000,https://find-and-update.company-information.service.gov.uk/search/companies?q=Legal+&+General+Group+PLC,https://find-and-update.company-information.service.gov.uk/search/companies?q=Legal+&+General+Group+PLC,1620594412,17:06:52,20210509
8,2012-12-31,LGEN.L,GBP,2012-12-31,2012-12-31,FY,34983000000.0,0.0,0.0,0.0,0.0,311000000.0,0.0,0.0,657000000.0,37022000000,165000000.0,34000000.0,1409000000.0,0.04027670582854529,1375000000.0,0.03930480519109281,366000000.0,1036000000,0.029614384129434297,235000000.0,813000000.0,0.023239859360260698,0.139,0.1366,5851000000,5950000000,https://find-and-update.company-information.service.gov.uk/search/companies?q=Legal+&+General+Group+PLC,https://find-and-update.company-information.service.gov.uk/search/companies?q=Legal+&+General+Group+PLC,1620594412,17:06:52,20210509
9,2011-12-31,LGEN.L,GBP,2011-12-31,2011-12-31,FY,18324000000.0,0.0,0.0,0.0,0.0,260000000.0,0.0,0.0,-371000000.0,17368000000,165000000.0,39000000.0,0.0,0.0,0.0,0.05217201484392054,0.0,956000000,0.05217201484392054,233000000.0,726000000.0,0.03962017026850033,0.1246,0.1225,5828000000,5925000000,https://find-and-update.company-information.service.gov.uk/search/companies?q=Legal+&+General+Group+PLC,https://find-and-update.company-information.service.gov.uk/search/companies?q=Legal+&+General+Group+PLC,1620594412,17:06:52,20210509
10,2010-12-31,LGEN.L,GBP,2010-12-31,2010-12-31,FY,38450000000.0,0.0,0.0,0.0,0.0,259000000.0,0.0,-32671000000.0,533000000.0,37358000000,168000000.0,43000000.0,1350000000.0,0.035110533159947985,1307000000.0,0.03399219765929779,0.0,1092000000,0.028400520156046813,272000000.0,820000000.0,0.021326397919375812,0.1407,0.1388,5827000000,5906000000,https://find-and-update.company-information.service.gov.uk/search/companies?q=Legal+&+General+Group+PLC,https://find-and-update.company-information.service.gov.uk/search/companies?q=Legal+&+General+Group+PLC,1620594412,17:06:52,20210509
11,2009-12-31,LGEN.L,GBP,2009-12-31,2009-12-31,FY,43790000000.0,0.0,0.0,0.0,0.0,0.0,0.0,-38201000000.0,1477000000.0,42716000000,179000000.0,85000000.0,1324000000.0,0.030235213519068282,1239000000.0,0.028294131080155285,0.0,1074000000,0.024526147522265358,230000000.0,863000000.0,0.01970769582096369,0.1482,0.1473,5824000000,5857000000,https://find-and-update.company-information.service.gov.uk/search/companies?q=Legal+&+General+Group+PLC,https://find-and-update.company-information.service.gov.uk/search/companies?q=Legal+&+General+Group+PLC,1620594412,17:06:52,20210509
12,2008-12-31,LGEN.L,GBP,2008-12-31,2008-12-31,FY,-31644000000.0,0.0,0.0,0.0,0.0,0.0,0.0,38411000000.0,-695000000.0,-30153000000,379000000.0,53000000.0,-2100000000.0,0.06636329161926431,-2153000000.0,0.06803817469346479,0.0,-1491000000,0.04711793704967766,-361000000.0,-1067000000.0,0.03371887245607382,-0.1788,-0.1788,5968000000,5968000000,https://find-and-update.company-information.service.gov.uk/search/companies?q=Legal+&+General+Group+PLC,https://find-and-update.company-information.service.gov.uk/search/companies?q=Legal+&+General+Group+PLC,1620594412,17:06:52,20210509
13,2007-12-31,LGEN.L,GBP,2007-12-31,2007-12-31,FY,18202000000.0,0.0,0.0,0.0,0.0,0.0,0.0,-13011000000.0,136000000.0,17319000000,214000000.0,23000000.0,818000000.0,0.0449401164707175,795000000.0,0.04367651906383914,0.0,883000000,0.04851115262059114,165000000.0,724000000.0,0.03977584880782332,0.1124,0.1118,6444000000,6478000000,https://find-and-update.company-information.service.gov.uk/search/companies?q=Legal+&+General+Group+PLC,https://find-and-update.company-information.service.gov.uk/search/companies?q=Legal+&+General+Group+PLC,1620594412,17:06:52,20210509
14,2006-12-31,LGEN.L,GBP,2006-12-31,2006-12-31,FY,20966000000.0,0.0,0.0,0.0,0.0,0.0,0.0,-16572000000.0,869000000.0,18948000000,153000000.0,22000000.0,2104000000.0,0.10035295239912238,2082000000.0,0.09930363445578556,0.0,2018000000,0.09625107316607841,387000000.0,1564000000.0,0.07459696651721835,0.2412,0.2395,6483000000,6529000000,https://find-and-update.company-information.service.gov.uk/search/companies?q=Legal+&+General+Group+PLC,https://find-and-update.company-information.service.gov.uk/search/companies?q=Legal+&+General+Group+PLC,1620594412,17:06:52,20210509
15,2005-12-31,LGEN.L,GBP,2005-12-31,2005-12-31,FY,30989000000.0,0.0,0.0,0.0,0.0,0.0,0.0,-26931000000.0,22898000000.0,29606000000,0.0,18000000.0,1723000000.0,0.05560037432637387,1705000000.0,0.05501952305656846,38000000.0,1383000000,0.04462873923004937,371000000.0,944000000.0,0.03046242214979509,0.1433,0.1395,6474000000,6797000000,https://find-and-update.company-information.service.gov.uk/search/companies?q=Legal+&+General+Group+PLC,https://find-and-update.company-information.service.gov.uk/search/companies?q=Legal+&+General+Group+PLC,1620594412,17:06:52,20210509
16,2004-12-31,LGEN.L,GBP,2004-12-31,2004-12-31,FY,17239000000.0,0.0,0.0,0.0,0.0,0.0,0.0,-13590000000.0,2283000000.0,16450000000,97000000.0,0.0,0.0,0.0,886000000.0,0.051395092522768145,4000000.0,789000000,0.04576831602761181,303000000.0,463000000.0,0.02685770636347816,0.0696,0.0687,6479000000,6797000000,https://find-and-update.company-information.service.gov.uk/search/companies?q=Legal+&+General+Group+PLC,https://find-and-update.company-information.service.gov.uk/search/companies?q=Legal+&+General+Group+PLC,1620594412,17:06:52,20210509
17,2003-12-31,LGEN.L,GBP,2003-12-31,2003-12-31,FY,73000000.0,0.0,0.0,0.0,0.0,0.0,0.0,398000000.0,-398000000.0,-396000000,2000000.0,0.0,0.0,0.0,0.0,6.424657534246576,0.0,469000000,6.424657534246576,65000000.0,404000000.0,5.534246575342466,0.0622,0.0612,6490000000,6790000000,https://find-and-update.company-information.service.gov.uk/search/companies?q=Legal+&+General+Group+PLC,https://find-and-update.company-information.service.gov.uk/search/companies?q=Legal+&+General+Group+PLC,1620594412,17:06:52,20210509
18,2002-12-31,LGEN.L,GBP,2002-12-31,2002-12-31,FY,4000000.0,0.0,0.0,0.0,0.0,0.0,0.0,-142000000.0,146000000.0,110000000,0.0,0.0,0.0,0.0,0.0,-26.5,4000000.0,-106000000,-26.5,74000000.0,-180000000.0,-45.0,-0.0277,-0.0277,5868000000,5868000000,https://find-and-update.company-information.service.gov.uk/search/companies?q=Legal+&+General+Group+PLC,https://find-and-update.company-information.service.gov.uk/search/companies?q=Legal+&+General+Group+PLC,1620594412,17:06:52,20210509
19,2001-12-31,LGEN.L,GBP,2001-12-31,2001-12-31,FY,4000000.0,0.0,0.0,0.0,0.0,0.0,0.0,-122000000.0,126000000.0,118000000,0.0,19000000.0,0.0,0.0,0.0,-28.5,4000000.0,-114000000,-28.5,30000000.0,-144000000.0,-36.0,-0.0257,-0.0257,5143000000,5143000000,https://find-and-update.company-information.service.gov.uk/search/companies?q=Legal+&+General+Group+PLC,https://find-and-update.company-information.service.gov.uk/search/companies?q=Legal+&+General+Group+PLC,1620594412,17:06:52,20210509
20,2000-12-31,LGEN.L,GBP,2000-12-31,2000-12-31,FY,0.0,0.0,0.0,0.0,0.0,0.0,0.0,0.0,-505000000.0,-498000000,0.0,7000000.0,505000000.0,0.0,498000000.0,0.0,0.0,498000000,0.0,181000000.0,317000000.0,0.0,0.06179337231968811,0.061649163749513805,5130000000,5142000000,https://find-and-update.company-information.service.gov.uk/search/companies?q=Legal+&+General+Group+PLC,https://find-and-update.company-information.service.gov.uk/search/companies?q=Legal+&+General+Group+PLC,1620594412,17:06:52,20210509
21,1999-12-31,LGEN.L,GBP,1999-12-31,1999-12-31,FY,0.0,0.0,0.0,0.0,0.0,0.0,0.0,0.0,-686000000.0,-676000000,0.0,10000000.0,0.0,0.0,0.0,0.0,0.0,676000000,0.0,89000000.0,587000000.0,0.0,0.115,0.114,5104000000,5131000000,https://find-and-update.company-information.service.gov.uk/search/companies?q=Legal+&+General+Group+PLC,https://find-and-update.company-information.service.gov.uk/search/companies?q=Legal+&+General+Group+PLC,1620594412,17:06:52,20210509
22,1998-12-31,LGEN.L,GBP,1998-12-31,1998-12-31,FY,0.0,0.0,0.0,0.0,0.0,0.0,0.0,308000000.0,-221000000.0,-406000000,0.0,31000000.0,129000000.0,0.0,98000000.0,0.0,0.0,406000000,0.0,-1000000.0,407000000.0,0.0,0.08025,0.07975,5072000000,5112000000,https://find-and-update.company-information.service.gov.uk/search/companies?q=Legal+&+General+Group+PLC,https://find-and-update.company-information.service.gov.uk/search/companies?q=Legal+&+General+Group+PLC,1620594412,17:06:52,20210509
23,1997-12-31,LGEN.L,GBP,1997-12-31,1997-12-31,FY,0.0,0.0,0.0,0.0,0.0,0.0,0.0,0.0,-634000000.0,-610000000,0.0,24000000.0,0.0,0.0,0.0,0.0,0.0,610000000,0.0,118000000.0,492000000.0,0.0,0.099,0.096,4972000000,5180000000,https://find-and-update.company-information.service.gov.uk/search/companies?q=Legal+&+General+Group+PLC,https://find-and-update.company-information.service.gov.uk/search/companies?q=Legal+&+General+Group+PLC,1620594412,17:06:52,20210509
24,1996-12-31,LGEN.L,GBP,1996-12-31,1996-12-31,FY,0.0,0.0,0.0,0.0,0.0,0.0,0.0,0.0,-497300000.0,-1937000000,0.0,33000000.0,1970000000.0,0.0,1937000000.0,0.0,0.0,1937000000,0.0,136500000.0,1800500000.0,0.0,0.364,0.364,4948000000,4948000000,https://find-and-update.company-information.service.gov.uk/search/companies?q=Legal+&+General+Group+PLC,https://find-and-update.company-information.service.gov.uk/search/companies?q=Legal+&+General+Group+PLC,1620594412,17:06:52,20210509
25,1995-12-31,LGEN.L,GBP,1995-12-31,1995-12-31,FY,0.0,0.0,0.0,0.0,0.0,0.0,0.0,0.0,-292300000.0,-271300000,0.0,21000000.0,292300000.0,0.0,271300000.0,0.0,0.0,271300000,0.0,76100000.0,195200000.0,0.0,0.0397,0.0397,4915000000,4915000000,https://find-and-update.company-information.service.gov.uk/search/companies?q=Legal+&+General+Group+PLC,https://find-and-update.company-information.service.gov.uk/search/companies?q=Legal+&+General+Group+PLC,1620594412,17:06:52,20210509
26,1994-12-31,LGEN.L,GBP,1994-12-31,1994-12-31,FY,0.0,0.0,0.0,0.0,0.0,0.0,0.0,0.0,-187600000.0,-168600000,0.0,19000000.0,187600000.0,0.0,168600000.0,0.0,0.0,168600000,0.0,57600000.0,111000000.0,0.0,0.0227,0.0227,4894000000,4894000000,https://find-and-update.company-information.service.gov.uk/search/companies?q=Legal+&+General+Group+PLC,https://find-and-update.company-information.service.gov.uk/search/companies?q=Legal+&+General+Group+PLC,1620594412,17:06:52,20210509
27,1993-12-31,LGEN.L,GBP,1993-12-31,1993-12-31,FY,0.0,0.0,0.0,0.0,0.0,0.0,0.0,0.0,-198000000.0,-181000000,0.0,17000000.0,198000000.0,0.0,181000000.0,0.0,0.0,181000000,0.0,32200000.0,148800000.0,0.0,0.0305,0.0305,4874000000,4874000000,https://find-and-update.company-information.service.gov.uk/search/companies?q=Legal+&+General+Group+PLC,https://find-and-update.company-information.service.gov.uk/search/companies?q=Legal+&+General+Group+PLC,1620594412,17:06:52,20210509
28,1992-12-31,LGEN.L,GBP,1992-12-31,1992-12-31,FY,0.0,0.0,0.0,0.0,0.0,0.0,0.0,0.0,-102800000.0,-116100000,0.0,16800000.0,132900000.0,0.0,116100000.0,0.0,0.0,116100000,0.0,26400000.0,89700000.0,0.0,0.0185,0.0185,4848000000,4848000000,https://find-and-update.company-information.service.gov.uk/search/companies?q=Legal+&+General+Group+PLC,https://find-and-update.company-information.service.gov.uk/search/companies?q=Legal+&+General+Group+PLC,1620594412,17:06:52,20210509
29,1991-12-31,LGEN.L,GBP,1991-12-31,1991-12-31,FY,0.0,0.0,0.0,0.0,0.0,0.0,0.0,0.0,-60200000.0,-38800000,0.0,21400000.0,60200000.0,0.0,38800000.0,0.0,0.0,38800000,0.0,-4500000.0,43300000.0,0.0,0.009,0.009,4831000000,4831000000,https://find-and-update.company-information.service.gov.uk/search/companies?q=Legal+&+General+Group+PLC,https://find-and-update.company-information.service.gov.uk/search/companies?q=Legal+&+General+Group+PLC,1620594412,17:06:52,20210509
30,1990-12-31,LGEN.L,GBP,1990-12-31,1990-12-31,FY,0.0,0.0,0.0,0.0,0.0,0.0,0.0,0.0,-89100000.0,-68600000,0.0,20500000.0,0.0,0.0,0.0,0.0,0.0,68600000,0.0,0.0,68600000.0,0.0,0.0066,0.0066,4809000000,4809000000,https://find-and-update.company-information.service.gov.uk/search/companies?q=Legal+&+General+Group+PLC,https://find-and-update.company-information.service.gov.uk/search/companies?q=Legal+&+General+Group+PLC,1620594412,17:06:52,20210509
31,1989-12-31,LGEN.L,GBP,1989-12-31,1989-12-31,FY,0.0,0.0,0.0,0.0,0.0,0.0,0.0,0.0,0.0,-142300000,0.0,0.0,0.0,0.0,0.0,0.0,0.0,142300000,0.0,0.0,142300000.0,0.0,0.0289,0.0289,4760000000,4760000000,https://find-and-update.company-information.service.gov.uk/search/companies?q=Legal+&+General+Group+PLC,https://find-and-update.company-information.service.gov.uk/search/companies?q=Legal+&+General+Group+PLC,1620594412,17:06:52,20210509
32,1988-12-31,LGEN.L,GBP,1988-12-31,1988-12-31,FY,0.0,0.0,0.0,0.0,0.0,0.0,0.0,0.0,0.0,-142600000,0.0,0.0,0.0,0.0,0.0,0.0,0.0,142600000,0.0,0.0,0.0,0.0,0.0,0.0,5932000000,5932000000,https://find-and-update.company-information.service.gov.uk/search/companies?q=Legal+&+General+Group+PLC,https://find-and-update.company-information.service.gov.uk/search/companies?q=Legal+&+General+Group+PLC,1620594412,17:06:52,20210509
33,1987-12-31,LGEN.L,GBP,1987-12-31,1987-12-31,FY,0.0,0.0,0.0,0.0,0.0,0.0,0.0,0.0,0.0,-79200000,0.0,0.0,0.0,0.0,0.0,0.0,0.0,79200000,0.0,0.0,0.0,0.0,0.0,0.0,5932000000,5932000000,https://find-and-update.company-information.service.gov.uk/search/companies?q=Legal+&+General+Group+PLC,https://find-and-update.company-information.service.gov.uk/search/companies?q=Legal+&+General+Group+PLC,1620594412,17:06:52,20210509
34,1986-12-31,LGEN.L,GBP,1986-12-31,1986-12-31,FY,0.0,0.0,0.0,0.0,0.0,0.0,0.0,0.0,0.0,-101800000,0.0,0.0,0.0,0.0,0.0,0.0,0.0,101800000,0.0,0.0,0.0,0.0,0.0,0.0,5932000000,5932000000,https://find-and-update.company-information.service.gov.uk/search/companies?q=Legal+&+General+Group+PLC,https://find-and-update.company-information.service.gov.uk/search/companies?q=Legal+&+General+Group+PLC,1620594412,17:06:52,20210509
35,1985-12-31,LGEN.L,GBP,1985-12-31,1985-12-31,FY,0.0,0.0,0.0,0.0,0.0,0.0,0.0,0.0,0.0,-48100000,0.0,0.0,0.0,0.0,0.0,0.0,0.0,48100000,0.0,0.0,0.0,0.0,0.0,0.0,5932000000,5932000000,https://find-and-update.company-information.service.gov.uk/search/companies?q=Legal+&+General+Group+PLC,https://find-and-update.company-information.service.gov.uk/search/companies?q=Legal+&+General+Group+PLC,1620594412,17:06:52,20210509
