,date,symbol,reportedCurrency,fillingDate,acceptedDate,period,revenue,costOfRevenue,grossProfit,grossProfitRatio,researchAndDevelopmentExpenses,generalAndAdministrativeExpenses,sellingAndMarketingExpenses,otherExpenses,operatingExpenses,costAndExpenses,interestExpense,depreciationAndAmortization,ebitda,ebitdaratio,operatingIncome,operatingIncomeRatio,totalOtherIncomeExpensesNet,incomeBeforeTax,incomeBeforeTaxRatio,incomeTaxExpense,netIncome,netIncomeRatio,eps,epsdiluted,weightedAverageShsOut,weightedAverageShsOutDil,link,finalLink,timestamp,est_time,est_date
0,2020-03-31,MITTAL.NS,INR,2020-03-31,2020-03-31,FY,983243699,957024353,26219346,0.02666617241144405,0.0,4029651.0,68919.0,0.0,297137.0,957321490,3927803.0,1114649.0,27036858.0,0.02749761633611038,25922209.0,0.026363971644429527,0.0,21154259.0,0.02151476691029372,5906616.0,15247643.0,0.01550749119013678,1.3,1.3,11750000,11750000,https://www.nseindia.com/companies-listing/corporate-filings-annual-reports,https://www.nseindia.com/companies-listing/corporate-filings-annual-reports,1620595035,17:17:15,20210509
1,2019-03-31,MITTAL.NS,INR,2019-03-31,2019-03-31,FY,897404794,878398353,19006441,0.021179339721690855,0.0,2992615.0,21598.0,0.0,-8192192.0,870206161,5968762.0,1428113.0,28626746.0,0.031899479690098466,27198633.0,0.03030809862154581,0.0,20775325.0,0.023150450208091936,5639564.0,15135761.0,0.01686614680598642,1.29,1.29,11750002,11750002,https://www.nseindia.com/companies-listing/corporate-filings-annual-reports,https://www.nseindia.com/companies-listing/corporate-filings-annual-reports,1620595035,17:17:15,20210509
2,2018-03-31,MITTAL.NS,INR,2018-03-31,2018-03-31,FY,801321803,779479848,21841955,0.027257407596084093,0.0,4147750.0,20000.0,0.0,12344658.0,791824506,6916251.0,2282187.0,11779484.0,0.014700066759571247,9497297.0,0.011852038674654657,0.0,22318120.0,0.02785163203652403,9009475.0,13308645.0,0.01660836501661992,1.134,1.134,11750002,11750002,https://www.nseindia.com/companies-listing/corporate-filings-annual-reports,https://www.nseindia.com/companies-listing/corporate-filings-annual-reports,1620595035,17:17:15,20210509
3,2017-03-31,MITTAL.NS,INR,2017-03-31,2017-03-31,FY,785678000,752278000,33400000,0.042511054146864236,0.0,859000.0,95000.0,0.0,18055000.0,770333000,10471000.0,1040000.0,16385000.0,0.0208545994669572,15345000.0,0.019530901972563824,0.0,4883000.0,0.006215014293387367,1505000.0,3378000.0,0.004299471284673874,0.287489,0.287489,11750002,11750002,https://www.nseindia.com/companies-listing/corporate-filings-annual-reports,https://www.nseindia.com/companies-listing/corporate-filings-annual-reports,1620595035,17:17:15,20210509
4,2016-03-31,MITTAL.NS,INR,2016-03-31,2016-03-31,FY,590408000,568963000,21445000,0.03632233980569369,0.0,749000.0,10000.0,0.0,14829000.0,583792000,6508000.0,545000.0,7161000.0,0.012128900692402541,6616000.0,0.01120581021937372,0.0,119000.0,0.0002015555344778526,33000.0,86000.0,0.0001456619828999607,0.007319,0.007319,11750002,11750002,https://www.nseindia.com/companies-listing/corporate-filings-annual-reports,https://www.nseindia.com/companies-listing/corporate-filings-annual-reports,1620595035,17:17:15,20210509
5,2015-03-31,MITTAL.NS,INR,2015-03-31,2015-03-31,FY,463431000,447270000,16161000,0.03487250529204995,0.0,596000.0,14000.0,76000.0,9735000.0,457005000,6369000.0,588000.0,7014000.0,0.015134939181884683,6426000.0,0.013866141885199738,0.0,132000.0,0.00028483204619457914,41000.0,91000.0,0.00019636148639171744,0.007745,0.007745,11750002,11750002,https://www.nseindia.com/companies-listing/corporate-filings-annual-reports,https://www.nseindia.com/companies-listing/corporate-filings-annual-reports,1620595035,17:17:15,20210509
6,2014-03-31,MITTAL.NS,INR,2014-03-31,2014-03-31,FY,323171000,307088000,16083000,0.04976622283558859,0.0,499000.0,365000.0,39000.0,10658000.0,317746000,5387000.0,685000.0,6110000.0,0.018906399398460876,5425000.0,0.016786778516636704,0.0,80000.0,0.0002475469643006334,24000.0,56000.0,0.0001732828750104434,0.004766,0.004766,11750002,11750002,https://www.nseindia.com/companies-listing/corporate-filings-annual-reports,https://www.nseindia.com/companies-listing/corporate-filings-annual-reports,1620595035,17:17:15,20210509
7,2013-03-31,MITTAL.NS,INR,2013-03-31,2013-03-31,FY,252687000,239863000,12824000,0.0507505332684309,0.0,413000.0,325000.0,16000.0,8542000.0,248405000,4275000.0,402000.0,4684000.0,0.018536766830109977,4282000.0,0.016945865834015996,0.0,-34000.0,-0.00013455381559003828,12000.0,-46000.0,-0.00018204339756299295,-0.003915,-0.003915,11750002,11750002,https://www.nseindia.com/companies-listing/corporate-filings-annual-reports,https://www.nseindia.com/companies-listing/corporate-filings-annual-reports,1620595035,17:17:15,20210509
