,date,symbol,reportedCurrency,fillingDate,acceptedDate,period,revenue,costOfRevenue,grossProfit,grossProfitRatio,researchAndDevelopmentExpenses,generalAndAdministrativeExpenses,sellingAndMarketingExpenses,otherExpenses,operatingExpenses,costAndExpenses,interestExpense,depreciationAndAmortization,ebitda,ebitdaratio,operatingIncome,operatingIncomeRatio,totalOtherIncomeExpensesNet,incomeBeforeTax,incomeBeforeTaxRatio,incomeTaxExpense,netIncome,netIncomeRatio,eps,epsdiluted,weightedAverageShsOut,weightedAverageShsOutDil,link,finalLink,timestamp,est_time,est_date
0,2019-12-31,KEGX,USD,2020-03-13 00:00:00,2020-03-12 21:28:54,FY,413854000.0,333462000.0,80392000.0,0.19425207923567248,0.0,91309000.0,0.0,242153000.0,91309000.0,424771000.0,35523000.0,57402000.0,-10484000.0,-0.02533260521826538,-67886000.0,-0.1640336930415074,2016000.0,-101393000.0,-0.24499702793738853,-3975000.0,-97418000.0,-0.2353921914491584,-23.824406945463437,-238.76960784313727,4089000.0,408000.0,https://www.sec.gov/Archives/edgar/data/318996/000031899620000007/0000318996-20-000007-index.html,https://www.sec.gov/Archives/edgar/data/318996/000031899620000007/keg10-k12312019.htm,1620594092,17:01:32,20210509
1,2018-12-31,KEGX,USD,2019-03-15 00:00:00,2019-03-15 16:17:22,FY,521695000.0,406396000.0,115299000.0,0.22100844363085712,0.0,91626000.0,0.0,314770000.0,91626000.0,498022000.0,34163000.0,83115000.0,24149000.0,0.04628949865342777,-58966000.0,-0.11302772692856937,2354000.0,-90775000.0,-0.17400013417801588,-1979000.0,-88796000.0,-0.1702067299859113,-21.715822939594034,-4.384987654320987,4089000.0,20250000.0,https://www.sec.gov/Archives/edgar/data/318996/000031899619000006/0000318996-19-000006-index.html,https://www.sec.gov/Archives/edgar/data/318996/000031899619000006/keg10-k12312018.htm,1620594092,17:01:32,20210509
2,2017-12-31,KEGX,USD,2018-02-28 00:00:00,2018-02-28 16:25:22,FY,436165000.0,332332000.0,436165000.0,1.0,0.0,115284000.0,0.0,217048000.0,115284000.0,447616000.0,31797000.0,85018000.0,-11162000.0,-0.02559123267570759,-96180000.0,-0.2205128793002648,7187000.0,-122291000.0,-0.28037783866197424,-1702000.0,-120589000.0,-0.27647564568454597,-29.491073612130105,-5.997960706291967,4089000.0,20105000.0,https://www.sec.gov/Archives/edgar/data/318996/000031899618000007/0000318996-18-000007-index.html,https://www.sec.gov/Archives/edgar/data/318996/000031899618000007/keg10-k12312017.htm,1620594092,17:01:32,20210509
3,2016-12-31,KEGX,USD,2017-03-02 00:00:00,2017-03-02 17:26:37,FY,17830000.0,0.0,17830000.0,1.0,0.0,163257000.0,0.0,10102000.0,163257000.0,16603000.0,0.0,3574000.0,-5274000.0,-0.29579360628154794,-8848000.0,-0.49624228827818284,32000.0,-10244000.0,-0.5745372966909703,0.0,-10244000.0,-0.5745372966909703,-2.5052580092932257,-0.5097531847133758,4089000.0,20096000.0,https://www.sec.gov/Archives/edgar/data/318996/000031899617000005/0000318996-17-000005-index.html,https://www.sec.gov/Archives/edgar/data/318996/000031899617000005/keg10-k12312016.htm,1620594092,17:01:32,20210509
4,2015-12-31,KEGX,USD,2016-03-04 00:00:00,2016-03-04 16:13:26,FY,792326000.0,714637000.0,792326000.0,1.0,0.0,202631000.0,0.0,512006000.0,210336000.0,917268000.0,73847000.0,184916000.0,-842393000.0,-1.0631898991071858,-1027309000.0,-1.2965736325704318,-9394000.0,-1110550000.0,-1.4016326613035544,-192849000.0,-917701000.0,-1.1582366349204747,-224.43164587918807,-5.86023448575333,4089000.0,156598000.0,https://www.sec.gov/Archives/edgar/data/318996/000031899616000031/0000318996-16-000031-index.html,https://www.sec.gov/Archives/edgar/data/318996/000031899616000031/keg10-k12312015.htm,1620594092,17:01:32,20210509
5,2014-12-31,KEGX,USD,2015-02-25,2015-02-24 19:16:12,FY,1427336000.0,1059651000.0,1427336000.0,1.0,0.0,249646000.0,0.0,810005000.0,249646000.0,1309297000.0,54227000.0,203344000.0,-531000.0,-0.0003720217243872501,-203875000.0,-0.14283602459406894,-1009000.0,-259111000.0,-0.1815346912009506,-80483000.0,-178628000.0,-0.12514782784151735,-1.16468,-1.16468,153371000.0,153371000.0,https://www.sec.gov/Archives/edgar/data/318996/000031899615000004/0000318996-15-000004-index.htm,https://www.sec.gov/Archives/edgar/data/318996/000031899615000004/keg10-k12312014.htm,1620594092,17:01:32,20210509
6,2013-12-31,KEGX,USD,2014-02-25,2014-02-25 17:08:55,FY,100000.0,1114462000.0,-1114362000.0,-11143.62,0.0,221753000.0,0.0,892709000.0,221753000.0,1336215000.0,55204000.0,227541000.0,257705000.0,2577.05,30164000.0,301.64,803000.0,-24237000.0,-242.37,-3064000.0,-21768000.0,-217.68,-0.14296,-0.14296,152271000.0,152271000.0,https://www.sec.gov/Archives/edgar/data/318996/000031899614000005/0000318996-14-000005-index.htm,https://www.sec.gov/Archives/edgar/data/318996/000031899614000005/keg10-k12312013.htm,1620594092,17:01:32,20210509
7,2012-12-31,KEGX,USD,2013-02-25 00:00:00,2013-02-25 17:19:48,FY,2700000.0,1308845000.0,-1306145000.0,-483.7574074074074,0.0,230496000.0,0.0,1078349000.0,230496000.0,1539341000.0,53566000.0,216447000.0,423393000.0,156.81222222222223,206946000.0,76.64666666666666,6649000.0,160029000.0,59.27,57352000.0,7622000.0,2.822962962962963,0.05044141198893492,0.05043507030603805,151106000.0,151125000.0,https://www.sec.gov/Archives/edgar/data/318996/000031899613000004/0000318996-13-000004-index.html,https://www.sec.gov/Archives/edgar/data/318996/000031899613000004/keg10-k12312012.htm,1620594092,17:01:32,20210509
8,2011-12-31,KEGX,USD,2012-02-29 00:00:00,2012-02-29 16:46:33,FY,1921440000.0,1197083000.0,1921440000.0,1.0,0.0,0.0,0.0,985242000.0,407672000.0,1435151000.0,42543000.0,171754000.0,413882000.0,0.21540199017403613,242128000.0,0.12601382296610875,5818000.0,158952000.0,0.08272545590806894,58297000.0,101461000.0,0.052804667332833705,0.6953717728173039,0.6732424272585514,145909000.0,150705000.0,https://www.sec.gov/Archives/edgar/data/318996/000119312512089368/0001193125-12-089368-index.html,https://www.sec.gov/Archives/edgar/data/318996/000119312512089368/d265256d10k.htm,1620594092,17:01:32,20210509
9,2010-12-31,KEGX,USD,2011-02-28,2011-02-28 06:06:11,FY,1153684000.0,0.0,1153684000.0,1.0,0.0,198271000.0,0.0,636741000.0,332733000.0,1209592000.0,0.0,143805000.0,249550000.0,0.21630706501953742,105745000.0,0.09165854774791017,0.0,-55908000.0,-0.04846041030299458,20512000.0,70349000.0,0.06097770273315743,0.4821429795283362,0.4821429795283362,145909000.0,145909000.0,https://www.sec.gov/Archives/edgar/data/318996/000095012311019146/0000950123-11-019146-index.htm,https://www.sec.gov/Archives/edgar/data/318996/000095012311019146/h78369e10vk.htm,1620594092,17:01:32,20210509
10,2009-12-31,KEGX,USD,2010-02-26 00:00:00,2010-02-26 17:30:22,FY,1237000.0,0.0,1237000.0,1.0,0.0,178696000.0,0.0,0.0,348138000.0,43456000.0,-42671000.0,169562000.0,126106000.0,101.94502829426031,-43456000.0,-35.1301535974131,0.0,-43456000.0,-35.1301535974131,0.0,47238000.0,38.187550525464836,0.39045,0.39045,120983000.0,120983000.0,https://www.sec.gov/Archives/edgar/data/318996/000095012310018426/0000950123-10-018426-index.html,https://www.sec.gov/Archives/edgar/data/318996/000095012310018426/h69841e10vk.htm,1620594092,17:01:32,20210509
11,2008-12-31,KEGX,USD,2009-02-27 00:00:00,2009-02-27 17:14:09,FY,1972088000.0,0.0,1972088000.0,1.0,0.0,257707000.0,0.0,992620000.0,432557000.0,1798032000.0,-41247000.0,170774000.0,344830000.0,0.17485528029175168,174056000.0,0.08825975311446548,4717000.0,174056000.0,0.08825975311446548,-90243000.0,84058000.0,0.04262385857020579,0.6765449189511131,0.6694381396089675,124246000.0,125565000.0,https://www.sec.gov/Archives/edgar/data/318996/000095012909000678/0000950129-09-000678-index.html,https://www.sec.gov/Archives/edgar/data/318996/000095012909000678/h65786e10vk.htm,1620594092,17:01:32,20210509
12,2007-12-31,KEGX,USD,2008-02-29,2008-02-28 21:08:00,FY,-447000.0,0.0,-447000.0,1.0,0.0,0.0,0.0,-447000.0,360019000.0,1386072000.0,-36207000.0,129623000.0,298912000.0,-668.7069351230425,169289000.0,-378.7225950782998,-447000.0,275940000.0,-617.3154362416108,-106768000.0,169289000.0,-378.7225950782998,1.2903715108922664,1.2675981460266115,131194000.0,133551000.0,https://www.sec.gov/Archives/edgar/data/318996/000104746908001967/0001047469-08-001967-index.htm,https://www.sec.gov/Archives/edgar/data/318996/000104746908001967/a2182950z10-k.htm,1620594092,17:01:32,20210509
13,2006-12-31,KEGX,USD,2007-08-13,2007-08-13 06:01:18,FY,1546177000.0,0.0,1546177000.0,1.0,0.0,0.0,0.0,0.0,304310000.0,1271697000.0,-38927000.0,126011000.0,297044000.0,0.19211513300223712,171033000.0,0.11061670171008882,0.0,274480000.0,0.1775217196996204,-103447000.0,171033000.0,0.11061670171008882,1.302294947156824,1.2757563551736484,131332000.0,134064000.0,https://www.sec.gov/Archives/edgar/data/318996/000104746907006333/0001047469-07-006333-index.htm,https://www.sec.gov/Archives/edgar/data/318996/000104746907006333/a2178429z10-k.htm,1620594092,17:01:32,20210509
14,2005-12-31,KEGX,USD,2005-12-31,2005-12-31,FY,1190444000.0,782126000.0,408318000.0,0.3429963946225106,0.0,0.0,0.0,0.0,0.0,1043434000.0,50299000.0,111888000.0,258898000.0,0.21748020066462598,147010000.0,0.12349173921662841,-15026000.0,84398000.0,0.07089623703424941,35320000.0,45717000.0,0.038403318425730235,3330.06856,3330.06856,13382.0,13640.0,,,1620594092,17:01:32,20210509
15,2004-12-31,KEGX,USD,2004-12-31,2004-12-31,FY,987739000.0,689980000.0,297759000.0,0.3014551414898065,0.0,0.0,0.0,0.0,0.0,950892000.0,46206000.0,103339000.0,140186000.0,0.141926156606148,36847000.0,0.03730438911493826,-19774000.0,-28473000.0,-0.028826440993015363,-1890000.0,-32226000.0,-0.032626027725947845,-2350.636631,-2350.636631,13350.0,13350.0,,,1620594092,17:01:32,20210509
16,2003-12-31,KEGX,USD,2003-12-31,2003-12-31,FY,925639000.0,669807000.0,255832000.0,0.276384205937736,0.0,103519000.0,0.0,0.0,0.0,871393000.0,48991000.0,0.0,147653000.0,0.15951467040606543,54246000.0,0.058603840157988155,-69392000.0,-63572000.0,-0.06867904226161603,-17955000.0,-50371000.0,-0.05441754290819639,-3819.784525,-3819.784525,13217.0,13217.0,,,1620594092,17:01:32,20210509
17,2002-12-31,KEGX,USD,2002-12-31,2002-12-31,FY,0.0,0.0,0.0,0.0,0.0,0.0,0.0,0.0,0.0,0.0,0.0,0.0,0.0,0.0,0.0,0.0,0.0,0.0,0.0,0.0,0.0,0.0,0.0,0.0,10798.0,10798.0,,,1620594092,17:01:32,20210509
18,2002-06-30,KEGX,USD,2002-06-30,2002-06-30,FY,802564000.0,550242000.0,252322000.0,0.3143948644594076,0.0,0.0,0.0,0.0,0.0,692532000.0,43332000.0,78265000.0,188297000.0,0.23461929515901536,110032000.0,0.13710059260071472,7415000.0,65257000.0,0.08131064936877308,24074000.0,38146000.0,0.047530165818551545,3525.954946,3428.011753,10798.0,10971.0,,,1620594092,17:01:32,20210509
19,2001-06-30,KEGX,USD,2001-06-30,2001-06-30,FY,873262000.0,570474000.0,302788000.0,0.34673213766315264,0.0,0.0,0.0,0.0,0.0,717419000.0,56560000.0,75147000.0,230990000.0,0.2645139717518912,155843000.0,0.17846075977198136,7350000.0,99283000.0,0.11369211072965502,37002000.0,62710000.0,0.07181120900714791,6170.421156,5974.53477,10025.0,10441.0,,,1620594092,17:01:32,20210509
20,2000-06-30,KEGX,USD,2000-06-30,2000-06-30,FY,637732000.0,456467000.0,181265000.0,0.2842338160857539,0.0,0.0,0.0,0.0,0.0,593778000.0,0.0,76891000.0,120845000.0,0.18949182415183807,43954000.0,0.06892236864388175,0.0,-27976000.0,-0.04386795707287701,-7406000.0,-18959000.0,-0.029728788895648957,-2252.693438,-2252.693438,8557.0,8557.0,,,1620594092,17:01:32,20210509
21,1999-06-30,KEGX,USD,1999-06-30,1999-06-30,FY,487500000.0,363000000.0,124500000.0,0.2553846153846154,0.0,0.0,0.0,0.0,0.0,489300000.0,0.0,67300000.0,65500000.0,0.13435897435897437,-1800000.0,-0.0036923076923076922,-9700000.0,-79000000.0,-0.16205128205128205,-25700000.0,-53300000.0,-0.10933333333333334,-19000.979432,-19000.979432,2807.0,2807.0,,,1620594092,17:01:32,20210509
22,1998-06-30,KEGX,USD,1998-06-30,1998-06-30,FY,416900000.0,287000000.0,129900000.0,0.3115855121132166,0.0,0.0,0.0,0.0,0.0,359800000.0,0.0,33000000.0,90100000.0,0.21611897337491004,57100000.0,0.13696330055169106,3100000.0,38800000.0,0.09306788198608779,14600000.0,24200000.0,0.05804749340369393,13809.990206,12047.012733,1751.0,2452.0,,,1620594092,17:01:32,20210509
23,1997-06-30,KEGX,USD,1997-06-30,1997-06-30,FY,162600000.0,111600000.0,51000000.0,0.31365313653136534,0.0,0.0,0.0,0.0,0.0,141500000.0,7500000.0,11400000.0,32500000.0,0.1998769987699877,21100000.0,0.12976629766297662,1100000.0,14600000.0,0.0897908979089791,5500000.0,9100000.0,0.055965559655596554,7345.739471,6366.307542,1246.0,1834.0,,,1620594092,17:01:32,20210509
24,1996-06-30,KEGX,USD,1996-06-30,1996-06-30,FY,66300000.0,47100000.0,19200000.0,0.2895927601809955,0.0,0.0,0.0,0.0,0.0,58400000.0,2500000.0,4700000.0,12600000.0,0.19004524886877827,7900000.0,0.1191553544494721,200000.0,5500000.0,0.08295625942684766,1900000.0,3600000.0,0.05429864253393665,3386.64158,3386.64158,1063.0,1063.0,,,1620594092,17:01:32,20210509
25,1995-06-30,KEGX,USD,1995-06-30,1995-06-30,FY,44400000.0,32800000.0,11600000.0,0.26126126126126126,0.0,0.0,0.0,0.0,0.0,39900000.0,1500000.0,2700000.0,7200000.0,0.16216216216216217,4500000.0,0.10135135135135136,300000.0,3400000.0,0.07657657657657657,1200000.0,2200000.0,0.04954954954954955,3232.125367,3232.125367,705.0,705.0,,,1620594092,17:01:32,20210509
26,1994-06-30,KEGX,USD,1994-06-30,1994-06-30,FY,34600000.0,26600000.0,8000000.0,0.23121387283236994,0.0,0.0,0.0,0.0,0.0,31500000.0,800000.0,1400000.0,4500000.0,0.13005780346820808,3100000.0,0.08959537572254335,0.0,2300000.0,0.06647398843930635,1000000.0,1300000.0,0.03757225433526012,2546.523017,2448.579824,538.0,538.0,,,1620594092,17:01:32,20210509
27,1993-06-30,KEGX,USD,1993-06-30,1993-06-30,FY,14300000.0,10900000.0,3400000.0,0.23776223776223776,0.0,0.0,0.0,0.0,0.0,12900000.0,300000.0,400000.0,1800000.0,0.1258741258741259,1400000.0,0.0979020979020979,0.0,0.0,0.0,0.0,1100000.0,0.07692307692307693,11655.239961,11655.239961,523.0,523.0,,,1620594092,17:01:32,20210509
