,date,symbol,reportedCurrency,fillingDate,acceptedDate,period,revenue,costOfRevenue,grossProfit,grossProfitRatio,researchAndDevelopmentExpenses,generalAndAdministrativeExpenses,sellingAndMarketingExpenses,otherExpenses,operatingExpenses,costAndExpenses,interestExpense,depreciationAndAmortization,ebitda,ebitdaratio,operatingIncome,operatingIncomeRatio,totalOtherIncomeExpensesNet,incomeBeforeTax,incomeBeforeTaxRatio,incomeTaxExpense,netIncome,netIncomeRatio,eps,epsdiluted,weightedAverageShsOut,weightedAverageShsOutDil,link,finalLink,timestamp,est_time,est_date
0,2020-12-31,1367.HK,HKD,2020-12-31,2020-12-31,FY,11757000,3449000.0,8308000.0,0.7066428510674492,0.0,67140000,1353000.0,-634000.0,0.0,70221000,21993000.0,0.0,-60842000.0,-5.174959598537042,-58464000.0,-7.04558986135919,0.0,-82835000.0,-7.04558986135919,-318000.0,-77546000.0,-6.595730203283151,-0.16155416666666667,-0.16155416666666667,480000000,480000000,https://www1.hkexnews.hk/search/titlesearch.xhtml,https://www1.hkexnews.hk/search/titlesearch.xhtml,1620585196,14:33:16,20210509
1,2019-12-31,1367.HK,HKD,2019-12-31,2019-12-31,FY,64330000,41923000.0,22407000.0,0.3483133841131665,0.0,85783000,2731000.0,-43522000.0,88161000.0,130084000,19235000.0,7051000.0,-58703000.0,-0.9125291465879061,-65754000.0,-1.0221358619617598,0.0,-127437000.0,-1.9809886522617752,-2016000.0,-111390000.0,-1.731540494326131,-0.2321,-0.2321,480000000,480000000,https://www1.hkexnews.hk/search/titlesearch.xhtml,https://www1.hkexnews.hk/search/titlesearch.xhtml,1620585196,14:33:16,20210509
2,2018-12-31,1367.HK,HKD,2018-12-31,2018-12-31,FY,137744000,104201000.0,33543000.0,0.2435169589963991,0.0,120171000,3704000.0,-3112000.0,123490000.0,227691000,21094000.0,7886000.0,-82061000.0,-0.5957500871181322,-89947000.0,-0.6530012196538506,0.0,-97099000.0,-0.7049236264374492,1898000.0,-101279000.0,-0.7352697758160065,-0.211,-0.211,480000000,480000000,https://www1.hkexnews.hk/search/titlesearch.xhtml,https://www1.hkexnews.hk/search/titlesearch.xhtml,1620585196,14:33:16,20210509
3,2017-12-31,1367.HK,HKD,2017-12-31,2017-12-31,FY,259106000,212797000.0,46309000.0,0.17872608121772557,0.0,86473000,2652000.0,1004000.0,89125000.0,301922000,1334000.0,7560000.0,-35256000.0,-0.13606786411738825,-42816000.0,-0.16524511203908826,0.0,-43192000.0,-0.1666962555865167,806000.0,-44159000.0,-0.1704283189119511,-0.092,-0.092,480000000,480000000,https://www1.hkexnews.hk/search/titlesearch.xhtml,https://www1.hkexnews.hk/search/titlesearch.xhtml,1620585196,14:33:16,20210509
4,2016-12-31,1367.HK,HKD,2016-12-31,2016-12-31,FY,365750000,305303000.0,60447000.0,0.16526862611073137,0.0,63703000,1272000.0,-459000.0,63874000.0,369177000,84000.0,1679000.0,-1748000.0,-0.004779220779220779,-3427000.0,-0.009369788106630212,0.0,-3438000.0,-0.009399863294600137,2089000.0,-5527000.0,-0.015111414900888584,-0.0115,-0.0115,480000000,480000000,https://www1.hkexnews.hk/search/titlesearch.xhtml,https://www1.hkexnews.hk/search/titlesearch.xhtml,1620585196,14:33:16,20210509
5,2015-12-31,1367.HK,HKD,2015-12-31,2015-12-31,FY,355952000,296503000.0,59449000.0,0.16701409178765678,0.0,62198000,1863000.0,-5781000.0,58272000.0,354775000,253000.0,1562000.0,2739000.0,0.007694857733627006,1177000.0,0.003306625612442127,0.0,-4378000.0,-0.012299411156560434,989000.0,-5367000.0,-0.015077875668629477,-0.0112,-0.0112,480000000,480000000,https://www1.hkexnews.hk/search/titlesearch.xhtml,https://www1.hkexnews.hk/search/titlesearch.xhtml,1620585196,14:33:16,20210509
6,2014-12-31,1367.HK,HKD,2014-12-31,2014-12-31,FY,334819000,280411000.0,54408000.0,0.1624997386647711,0.0,57742000,2163000.0,0.0,57978000.0,338389000,92000.0,1439000.0,-2131000.0,-0.006364632831470138,-3570000.0,-0.010662477338502296,0.0,-16803000.0,-0.05018532401088349,1036000.0,-17839000.0,-0.05327953312088023,-0.0428,-0.0428,417205479,417205479,https://www1.hkexnews.hk/search/titlesearch.xhtml,https://www1.hkexnews.hk/search/titlesearch.xhtml,1620585196,14:33:16,20210509
7,2013-12-31,1367.HK,HKD,2013-12-31,2013-12-31,FY,554589000,469981000.0,84608000.0,0.15255982358106634,0.0,49462000,1845000.0,0.0,48407000.0,518388000,265000.0,1031000.0,37232000.0,0.06713440042986789,36201000.0,0.0652753660819093,0.0,26985000.0,0.04865765458745125,2172000.0,24813000.0,0.04474124081076256,0.0689,0.0689,360000000,360000000,https://www1.hkexnews.hk/search/titlesearch.xhtml,https://www1.hkexnews.hk/search/titlesearch.xhtml,1620585196,14:33:16,20210509
