,date,symbol,reportedCurrency,fillingDate,acceptedDate,period,revenue,costOfRevenue,grossProfit,grossProfitRatio,researchAndDevelopmentExpenses,generalAndAdministrativeExpenses,sellingAndMarketingExpenses,otherExpenses,operatingExpenses,costAndExpenses,interestExpense,depreciationAndAmortization,ebitda,ebitdaratio,operatingIncome,operatingIncomeRatio,totalOtherIncomeExpensesNet,incomeBeforeTax,incomeBeforeTaxRatio,incomeTaxExpense,netIncome,netIncomeRatio,eps,epsdiluted,weightedAverageShsOut,weightedAverageShsOutDil,link,finalLink,timestamp,est_time,est_date
0,2020-06-30,MQR.TO,CAD,2020-06-30,2020-06-30,FY,6680690.0,2553365.0,4127325.0,0.6177992093631047,0.0,4059242.0,0.0,370513.0,7729725.0,10283090.0,275881.0,78790.0,-3523610.0,-0.527432046689788,-3602400.0,-0.5392257386587314,15170429.0,11108607.0,1.6627933641584927,1575673.0,9532934.0,1.426938534792065,0.0360757255649506,0.03569095547412219,264247880,267096632,https://www.sedar.com/ModifyCompanyDocumentSearchForm.do?lang=EN&company_search=MONARCH GOLD CORPORATION&document_selection=0&industry_group=A&FromDate=13&FromMonth=05&FromYear=2000&ToDate=13&ToMonth=11&ToYear=2020&Variable=Issuer,https://www.sedar.com/ModifyCompanyDocumentSearchForm.do?lang=EN&company_search=MONARCH GOLD CORPORATION&document_selection=0&industry_group=A&FromDate=13&FromMonth=05&FromYear=2000&ToDate=13&ToMonth=11&ToYear=2020&Variable=Issuer,1620595272,17:21:12,20210509
1,2019-06-30,MQR.TO,CAD,2019-06-30,2019-06-30,FY,31652869.0,27302521.0,4350348.0,0.13743929499724022,0.0,6229149.0,0.0,2918944.0,6625329.0,33927850.0,130446.0,41878.0,-2233103.0,-0.07054978175911952,-2274981.0,-0.07187282138626991,4797122.0,2177244.0,0.06878504441414142,1691339.0,485905.0,0.015351057119024503,0.002041434080963165,0.002032616673841059,238021401,239053928,https://www.sedar.com/ModifyCompanyDocumentSearchForm.do?lang=EN&company_search=MONARCH GOLD CORPORATION&document_selection=0&industry_group=A&FromDate=13&FromMonth=05&FromYear=2000&ToDate=13&ToMonth=11&ToYear=2020&Variable=Issuer,https://www.sedar.com/ModifyCompanyDocumentSearchForm.do?lang=EN&company_search=MONARCH GOLD CORPORATION&document_selection=0&industry_group=A&FromDate=13&FromMonth=05&FromYear=2000&ToDate=13&ToMonth=11&ToYear=2020&Variable=Issuer,1620595272,17:21:12,20210509
2,2018-06-30,MQR.TO,CAD,2018-06-30,2018-06-30,FY,30125421.0,28684634.0,1440787.0,0.047826285979538675,0.0,5408195.0,0.0,1034825.0,6589750.0,35274384.0,34553.0,23343.0,-5125620.0,-0.17014268447899866,-5148963.0,-0.17091754501953682,915185.0,-4295079.0,-0.14257324403864763,481772.0,-4776851.0,-0.158565452081151,-0.024,-0.024,202283614,202283614,https://www.sedar.com/ModifyCompanyDocumentSearchForm.do?lang=EN&company_search=MONARCH GOLD CORPORATION&document_selection=0&industry_group=A&FromDate=13&FromMonth=05&FromYear=2000&ToDate=13&ToMonth=11&ToYear=2020&Variable=Issuer,https://www.sedar.com/ModifyCompanyDocumentSearchForm.do?lang=EN&company_search=MONARCH GOLD CORPORATION&document_selection=0&industry_group=A&FromDate=13&FromMonth=05&FromYear=2000&ToDate=13&ToMonth=11&ToYear=2020&Variable=Issuer,1620595272,17:21:12,20210509
3,2017-06-30,MQR.TO,CAD,2017-06-30,2017-06-30,FY,0.0,0.0,0.0,0.0,0.0,2184302.0,178293.0,0.0,2362595.0,2362595.0,25257.0,0.0,-2320021.0,0.0,-2362595.0,0.0,797595.0,-1547683.0,0.0,733507.0,-2281190.0,0.0,-0.017,-0.017,132259557,132259557,https://www.sedar.com/ModifyCompanyDocumentSearchForm.do?lang=EN&company_search=MONARCH GOLD CORPORATION&document_selection=0&industry_group=A&FromDate=13&FromMonth=05&FromYear=2000&ToDate=13&ToMonth=11&ToYear=2020&Variable=Issuer,https://www.sedar.com/ModifyCompanyDocumentSearchForm.do?lang=EN&company_search=MONARCH GOLD CORPORATION&document_selection=0&industry_group=A&FromDate=13&FromMonth=05&FromYear=2000&ToDate=13&ToMonth=11&ToYear=2020&Variable=Issuer,1620595272,17:21:12,20210509
4,2016-06-30,MQR.TO,CAD,2016-06-30,2016-06-30,FY,0.0,0.0,0.0,0.0,0.0,692627.0,49581.0,0.0,742208.0,742208.0,3978.0,0.0,-733085.0,0.0,-742208.0,0.0,177826.0,-559237.0,0.0,289371.0,-848608.0,0.0,-0.01,-0.01,89825258,89825258,https://www.sedar.com/ModifyCompanyDocumentSearchForm.do?lang=EN&company_search=MONARCH GOLD CORPORATION&document_selection=0&industry_group=A&FromDate=13&FromMonth=05&FromYear=2000&ToDate=13&ToMonth=11&ToYear=2020&Variable=Issuer,https://www.sedar.com/ModifyCompanyDocumentSearchForm.do?lang=EN&company_search=MONARCH GOLD CORPORATION&document_selection=0&industry_group=A&FromDate=13&FromMonth=05&FromYear=2000&ToDate=13&ToMonth=11&ToYear=2020&Variable=Issuer,1620595272,17:21:12,20210509
5,2015-06-30,MQR.TO,CAD,2015-06-30,2015-06-30,FY,0.0,0.0,0.0,0.0,0.0,830169.0,40376.0,0.0,870545.0,870545.0,3956.0,0.0,-854258.0,0.0,-870545.0,0.0,279899.0,-578315.0,0.0,183271.0,-761586.0,0.0,-0.011,-0.011,73308473,73308473,https://www.sedar.com/ModifyCompanyDocumentSearchForm.do?lang=EN&company_search=MONARCH GOLD CORPORATION&document_selection=0&industry_group=A&FromDate=13&FromMonth=05&FromYear=2000&ToDate=13&ToMonth=11&ToYear=2020&Variable=Issuer,https://www.sedar.com/ModifyCompanyDocumentSearchForm.do?lang=EN&company_search=MONARCH GOLD CORPORATION&document_selection=0&industry_group=A&FromDate=13&FromMonth=05&FromYear=2000&ToDate=13&ToMonth=11&ToYear=2020&Variable=Issuer,1620595272,17:21:12,20210509
6,2014-06-30,MQR.TO,CAD,2014-06-30,2014-06-30,FY,0.0,0.0,0.0,0.0,0.0,821334.0,31933.0,0.0,853267.0,853267.0,0.0,0.0,9321396.0,0.0,-853267.0,0.0,-10174663.0,-11026109.0,0.0,-517022.0,-10509087.0,0.0,-0.193,-0.193,54224684,54224684,https://www.sedar.com/ModifyCompanyDocumentSearchForm.do?lang=EN&company_search=MONARCH GOLD CORPORATION&document_selection=0&industry_group=A&FromDate=13&FromMonth=05&FromYear=2000&ToDate=13&ToMonth=11&ToYear=2020&Variable=Issuer,https://www.sedar.com/ModifyCompanyDocumentSearchForm.do?lang=EN&company_search=MONARCH GOLD CORPORATION&document_selection=0&industry_group=A&FromDate=13&FromMonth=05&FromYear=2000&ToDate=13&ToMonth=11&ToYear=2020&Variable=Issuer,1620595272,17:21:12,20210509
7,2013-06-30,MQR.TO,CAD,2013-06-30,2013-06-30,FY,0.0,0.0,0.0,0.0,0.0,709637.0,5248.0,0.0,714885.0,714885.0,3333.0,0.0,-697247.0,0.0,-714885.0,0.0,371386.0,-329194.0,0.0,211328.0,-540522.0,0.0,-0.012,-0.012,44134509,44134509,https://www.sedar.com/ModifyCompanyDocumentSearchForm.do?lang=EN&company_search=MONARCH GOLD CORPORATION&document_selection=0&industry_group=A&FromDate=13&FromMonth=05&FromYear=2000&ToDate=13&ToMonth=11&ToYear=2020&Variable=Issuer,https://www.sedar.com/ModifyCompanyDocumentSearchForm.do?lang=EN&company_search=MONARCH GOLD CORPORATION&document_selection=0&industry_group=A&FromDate=13&FromMonth=05&FromYear=2000&ToDate=13&ToMonth=11&ToYear=2020&Variable=Issuer,1620595272,17:21:12,20210509
8,2012-06-30,MQR.TO,CAD,2012-06-30,2012-06-30,FY,0.0,0.0,0.0,0.0,0.0,1153426.0,24893.0,0.0,1178319.0,1178319.0,2603.0,0.0,-1152043.0,0.0,-1178319.0,0.0,653032.0,-501614.0,0.0,681026.0,-1182640.0,0.0,-0.037,-0.037,32029718,32029718,https://www.sedar.com/ModifyCompanyDocumentSearchForm.do?lang=EN&company_search=MONARCH GOLD CORPORATION&document_selection=0&industry_group=A&FromDate=13&FromMonth=05&FromYear=2000&ToDate=13&ToMonth=11&ToYear=2020&Variable=Issuer,https://www.sedar.com/ModifyCompanyDocumentSearchForm.do?lang=EN&company_search=MONARCH GOLD CORPORATION&document_selection=0&industry_group=A&FromDate=13&FromMonth=05&FromYear=2000&ToDate=13&ToMonth=11&ToYear=2020&Variable=Issuer,1620595272,17:21:12,20210509
