,date,symbol,reportedCurrency,fillingDate,acceptedDate,period,revenue,costOfRevenue,grossProfit,grossProfitRatio,researchAndDevelopmentExpenses,generalAndAdministrativeExpenses,sellingAndMarketingExpenses,otherExpenses,operatingExpenses,costAndExpenses,interestExpense,depreciationAndAmortization,ebitda,ebitdaratio,operatingIncome,operatingIncomeRatio,totalOtherIncomeExpensesNet,incomeBeforeTax,incomeBeforeTaxRatio,incomeTaxExpense,netIncome,netIncomeRatio,eps,epsdiluted,weightedAverageShsOut,weightedAverageShsOutDil,link,finalLink,timestamp,est_time,est_date
0,2020-12-31,87001.HK,CNY,2020-12-31,2020-12-31,FY,2499000000,400000000,2099000000,0.8399359743897559,0.0,345000000,46000000,7000000.0,0.0,1509000000,245000000,395000000,1385000000,0.5542216886754702,990000000,-0.3333333333333333,0.0,-833000000,-0.3333333333333333,-115000000,-672000000,-0.2689075630252101,-0.1154516150056456,-0.1154516150056456,5820620179,5820620179,https://www1.hkexnews.hk/search/titlesearch.xhtml,https://www1.hkexnews.hk/search/titlesearch.xhtml,1620585954,14:45:54,20210509
1,2019-12-31,87001.HK,CNY,2019-12-31,2019-12-31,FY,3169000000,453000000,2716000000,0.8570526980119911,0.0,308000000,29000000,0.0,1192000000.0,1645000000,335000000,361000000,1885000000,0.5948248658882929,1524000000,0.48090880403912906,0.0,933000000,0.29441464184285265,481000000,484000000,0.1527295676869675,0.0831,0.0831,5820620179,5820620179,https://www1.hkexnews.hk/search/titlesearch.xhtml,https://www1.hkexnews.hk/search/titlesearch.xhtml,1620585954,14:45:54,20210509
2,2018-12-31,87001.HK,CNY,2018-12-31,2018-12-31,FY,3201000000,433000000,2768000000,0.8647297719462668,0.0,307000000,26000000,0.0,1193000000.0,1626000000,297000000,358000000,1933000000,0.6038737894407997,1575000000,0.49203373945641987,0.0,1094000000,0.34176819743830056,551000000,574000000,0.17931896282411747,0.1012,0.1012,5674310742,5674310742,https://www1.hkexnews.hk/search/titlesearch.xhtml,https://www1.hkexnews.hk/search/titlesearch.xhtml,1620585954,14:45:54,20210509
3,2017-12-31,87001.HK,CNY,2017-12-31,2017-12-31,FY,3199000000,465000000,2734000000,0.8546420756486403,0.0,304000000,25000000,1000000.0,1148000000.0,1613000000,262000000,343000000,1929000000,0.6030009377930603,1586000000,0.4957799312285089,0.0,1942000000,0.6070647077211628,502000000,1456000000,0.4551422319474836,0.2635,0.2635,5524131744,5524131744,https://www1.hkexnews.hk/search/titlesearch.xhtml,https://www1.hkexnews.hk/search/titlesearch.xhtml,1620585954,14:45:54,20210509
4,2016-12-31,87001.HK,CNY,2016-12-31,2016-12-31,FY,3106000000,358000000,2748000000,0.8847392144236961,0.0,300000000,23000000,-176000000.0,1084000000.0,1442000000,225000000,286000000,1950000000,0.6278171281390856,1664000000,0.5357372826786864,0.0,528000000,0.1699935608499678,427000000,114000000,0.03670315518351577,0.0211,0.0211,5426549642,5426549642,https://www1.hkexnews.hk/search/titlesearch.xhtml,https://www1.hkexnews.hk/search/titlesearch.xhtml,1620585954,14:45:54,20210509
5,2015-12-31,87001.HK,CNY,2015-12-31,2015-12-31,FY,3050000000,298000000,2752000000,0.9022950819672131,0.0,328000000,34000000,56000000.0,1226000000.0,1524000000,207000000,287000000,1813000000,0.5944262295081967,1526000000,0.5003278688524591,0.0,525000000,0.1721311475409836,372000000,168000000,0.05508196721311476,0.0315,0.0315,5352461833,5352461833,https://www1.hkexnews.hk/search/titlesearch.xhtml,https://www1.hkexnews.hk/search/titlesearch.xhtml,1620585954,14:45:54,20210509
6,2014-12-31,87001.HK,CNY,2014-12-31,2014-12-31,FY,2795000000,319000000,2476000000,0.8858676207513417,0.0,233000000,17000000,60000000.0,1099000000.0,1418000000,100000000,281000000,1658000000,0.5932021466905187,1377000000,0.4926654740608229,0.0,2152000000,0.7699463327370304,661000000,1491000000,0.5334525939177102,0.2878,0.2878,5229589957,5229589957,https://www1.hkexnews.hk/search/titlesearch.xhtml,https://www1.hkexnews.hk/search/titlesearch.xhtml,1620585954,14:45:54,20210509
7,2013-12-31,87001.HK,CNY,2013-12-31,2013-12-31,FY,2710000000,295000000,2415000000,0.8911439114391144,0.0,218000000,20000000,55000000.0,1119000000.0,1414000000,88000000,302000000,1598000000,0.5896678966789668,1296000000,0.4782287822878229,0.0,1267000000,0.46752767527675276,427000000,840000000,0.30996309963099633,0.1898,0.1898,5122313782,5122313782,https://www1.hkexnews.hk/search/titlesearch.xhtml,https://www1.hkexnews.hk/search/titlesearch.xhtml,1620585954,14:45:54,20210509
8,2012-12-31,87001.HK,CNY,2012-12-31,2012-12-31,FY,2648000000,287000000,2361000000,0.8916163141993958,0.0,238000000,19000000,54000000.0,1173000000.0,1460000000,61000000,304000000,1492000000,0.5634441087613293,1188000000,0.4486404833836858,0.0,4009000000,1.5139728096676737,1110000000,2899000000,1.0947885196374623,0.5762,0.5762,5034862794,5034862794,https://www1.hkexnews.hk/search/titlesearch.xhtml,https://www1.hkexnews.hk/search/titlesearch.xhtml,1620585954,14:45:54,20210509
