,date,symbol,reportedCurrency,fillingDate,acceptedDate,period,revenue,costOfRevenue,grossProfit,grossProfitRatio,researchAndDevelopmentExpenses,generalAndAdministrativeExpenses,sellingAndMarketingExpenses,otherExpenses,operatingExpenses,costAndExpenses,interestExpense,depreciationAndAmortization,ebitda,ebitdaratio,operatingIncome,operatingIncomeRatio,totalOtherIncomeExpensesNet,incomeBeforeTax,incomeBeforeTaxRatio,incomeTaxExpense,netIncome,netIncomeRatio,eps,epsdiluted,weightedAverageShsOut,weightedAverageShsOutDil,link,finalLink,timestamp,est_time,est_date
0,2020-12-31,GFT.DE,EUR,2020-12-31,2020-12-31,FY,444849910.97,374913254.17,69936656.8,0.15721405147075868,0.0,7255000.0,2550000.0,0.0,0.0,427022696.82,2502197.41,23364442.65,41191656.8,0.09259675181272072,17827214.15,0.03170761580966401,0.0,14105130.07,0.03170761580966401,4162256.59,9942873.48,0.02235107445187402,0.37768342607707245,0.37768342607707245,26325946,26325946,https://www.bundesanzeiger.de/pub/de/suche;wwwsid=627BFD7A56A5CB624C47FDDEAB2FC509.web07-pub?0,https://www.bundesanzeiger.de/pub/de/suche;wwwsid=627BFD7A56A5CB624C47FDDEAB2FC509.web07-pub?0,1620592511,16:35:11,20210509
1,2019-12-31,GFT.DE,EUR,2019-12-31,2019-12-31,FY,428979446.33,343595860.05,85383586.28,0.19903887473041582,0.0,9938000.0,4228000.0,0.0,62327445.64,405923305.69,3169000.0,23563445.64,46619586.28,0.10867557100658166,23056140.64,0.0537464926052976,0.0,18732324.43,0.04366718403470974,5072210.86,13660113.57,0.03184328220586055,0.52,0.52,26325946,26325946,https://www.bundesanzeiger.de/pub/de/suche;wwwsid=627BFD7A56A5CB624C47FDDEAB2FC509.web07-pub?0,https://www.bundesanzeiger.de/pub/de/suche;wwwsid=627BFD7A56A5CB624C47FDDEAB2FC509.web07-pub?0,1620592511,16:35:11,20210509
2,2018-12-31,GFT.DE,EUR,2018-12-31,2018-12-31,FY,412825255.8,322233623.13,90591632.67,0.2194430485955748,0.0,18287000.0,17637000.0,-556000.0,64593368.77,386826991.9,1721000.0,12723368.77,38721632.67,0.09379666608566055,25998263.9,0.0629764374508019,0.0,22636572.97,0.054833304532527584,2660988.33,19975584.64,0.04838750623745147,0.76,0.76,26325946,26325946,https://www.bundesanzeiger.de/pub/de/suche;wwwsid=627BFD7A56A5CB624C47FDDEAB2FC509.web07-pub?0,https://www.bundesanzeiger.de/pub/de/suche;wwwsid=627BFD7A56A5CB624C47FDDEAB2FC509.web07-pub?0,1620592511,16:35:11,20210509
3,2017-12-31,GFT.DE,EUR,2017-12-31,2017-12-31,FY,418811089.09,327389996.26,91421092.83,0.2182871829603207,0.0,22751000.0,19519000.0,0.0,67015947.93,394405944.19,1882804.39,12517947.93,36923092.83,0.088161688627269,24405144.9,0.0582724420048856,0.0,18127154.24,0.04328241231479089,318326.31,17808827.93,0.04252234096450343,0.68,0.68,26325946,26325946,https://www.bundesanzeiger.de/pub/de/suche;wwwsid=627BFD7A56A5CB624C47FDDEAB2FC509.web07-pub?0,https://www.bundesanzeiger.de/pub/de/suche;wwwsid=627BFD7A56A5CB624C47FDDEAB2FC509.web07-pub?0,1620592511,16:35:11,20210509
4,2016-12-31,GFT.DE,EUR,2016-12-31,2016-12-31,FY,422559342.33,314508761.16,108050581.17,0.25570510540414776,0.0,21426000.0,21517000.0,0.0,71182686.3,385691447.46,1962437.53,11916686.3,48784581.17,0.11545024871773257,36867894.87,0.08724903505081617,0.0,33047722.67,0.07820847715204746,8819040.49,24228682.18,0.0573379399125401,0.92,0.92,26325946,26325946,https://www.bundesanzeiger.de/pub/de/suche;wwwsid=627BFD7A56A5CB624C47FDDEAB2FC509.web07-pub?0,https://www.bundesanzeiger.de/pub/de/suche;wwwsid=627BFD7A56A5CB624C47FDDEAB2FC509.web07-pub?0,1620592511,16:35:11,20210509
5,2015-12-31,GFT.DE,EUR,2015-12-31,2015-12-31,FY,373506841.13,277932432.73,95574408.4,0.2558839567994287,0.0,13183000.0,20569000.0,0.0,60212513.13,338144945.86,1895245.72,10328513.13,45690408.400000006,0.12232817011267899,35361895.27,0.09467536166945924,0.0,32524679.63,0.08707920725521517,5979432.7,25336329.6,0.06783364268067484,0.96,0.96,26325946,26325946,https://www.bundesanzeiger.de/pub/de/suche;wwwsid=627BFD7A56A5CB624C47FDDEAB2FC509.web07-pub?0,https://www.bundesanzeiger.de/pub/de/suche;wwwsid=627BFD7A56A5CB624C47FDDEAB2FC509.web07-pub?0,1620592511,16:35:11,20210509
6,2014-12-31,GFT.DE,EUR,2014-12-31,2014-12-31,FY,365319506.55,290229681.93,75089824.62,0.20554562040536076,0.0,15055000.0,14819000.0,0.0,46972584.21,337202266.14,1374175.38,6558584.21,34675824.62,0.09491917074856236,28117240.41,0.07696616223845602,0.0,27068037.35,0.07409414735507777,7113265.51,19954771.84,0.05462279315016227,0.76,0.76,26325946,26325946,https://www.bundesanzeiger.de/pub/de/suche;wwwsid=627BFD7A56A5CB624C47FDDEAB2FC509.web07-pub?0,https://www.bundesanzeiger.de/pub/de/suche;wwwsid=627BFD7A56A5CB624C47FDDEAB2FC509.web07-pub?0,1620592511,16:35:11,20210509
7,2013-12-31,GFT.DE,EUR,2013-12-31,2013-12-31,FY,264285125.63,219240893.4,45044232.23,0.1704380150892868,0.0,8317000.0,10471000.0,-105430.88,28498501.19,247739394.59,571000.23,2838501.19,19384232.23,0.07334590693968145,16545731.04,0.06260560824434772,0.0,17518841.23,0.0662876550022964,3890493.78,13628347.45,0.05156683493826182,0.52,0.52,26325946,26325946,https://www.bundesanzeiger.de/pub/de/suche;wwwsid=627BFD7A56A5CB624C47FDDEAB2FC509.web07-pub?0,https://www.bundesanzeiger.de/pub/de/suche;wwwsid=627BFD7A56A5CB624C47FDDEAB2FC509.web07-pub?0,1620592511,16:35:11,20210509
8,2012-12-31,GFT.DE,EUR,2012-12-31,2012-12-31,FY,230691044.62,198141229.68,32549814.94,0.1410970026756646,0.0,6964000.0,8921000.0,-81796.02,23068261.6,221209491.28,140329.78,1567261.6,11048814.94,0.04789442502286936,9481553.34,0.041100656315542064,0.0,12109640.66,0.05249289446821527,3774393.07,8335247.59,0.03613164786578528,0.32,0.32,26325946,26325946,https://www.bundesanzeiger.de/pub/de/suche;wwwsid=627BFD7A56A5CB624C47FDDEAB2FC509.web07-pub?0,https://www.bundesanzeiger.de/pub/de/suche;wwwsid=627BFD7A56A5CB624C47FDDEAB2FC509.web07-pub?0,1620592511,16:35:11,20210509
9,2011-12-31,GFT.DE,EUR,2011-12-31,2011-12-31,FY,272381190.31,157380291.47,115000898.84,0.4222057283365134,0.0,0.0,0.0,0.0,104160825.29,261541116.76,0.0,1354246.93,12194320.48,0.04476931929888959,10840073.55,0.03979743805973825,0.0,11045209.43,0.0405505586396378,2755608.32,8289601.11,0.030433823644597173,0.31,0.31,26325946,26325946,https://www.bundesanzeiger.de/pub/de/suche;wwwsid=627BFD7A56A5CB624C47FDDEAB2FC509.web07-pub?0,https://www.bundesanzeiger.de/pub/de/suche;wwwsid=627BFD7A56A5CB624C47FDDEAB2FC509.web07-pub?0,1620592511,16:35:11,20210509
10,2010-12-31,GFT.DE,EUR,2010-12-31,2010-12-31,FY,248263464.73,142062798.59,106200666.14,0.4277740434159291,0.0,0.0,0.0,-141154.95,95178653.52,237241452.11,57095.18,1176114.74,12198127.36,0.049133799744824014,11022012.62,0.044396434376629025,0.0,11552076.33,0.04653151982134589,3304121.93,7773418.7,0.03131116658044717,0.3,0.3,26325946,26325946,https://www.bundesanzeiger.de/pub/de/suche;wwwsid=627BFD7A56A5CB624C47FDDEAB2FC509.web07-pub?0,https://www.bundesanzeiger.de/pub/de/suche;wwwsid=627BFD7A56A5CB624C47FDDEAB2FC509.web07-pub?0,1620592511,16:35:11,20210509
11,2009-12-31,GFT.DE,EUR,2009-12-31,2009-12-31,FY,216807880.62,130446142.72,86361737.9,0.3983330202436993,0.0,0.0,0.0,-3931.51,79025382.79,209471525.51,24494.15,1206850.93,8543206.040000001,0.0394044995761649,7336355.11,0.033838046334018906,0.0,7856760.32,0.03623835211862328,1671325.49,4741257.57,0.021868474321327925,0.18,0.18,26325946,26325946,https://www.bundesanzeiger.de/pub/de/suche;wwwsid=627BFD7A56A5CB624C47FDDEAB2FC509.web07-pub?0,https://www.bundesanzeiger.de/pub/de/suche;wwwsid=627BFD7A56A5CB624C47FDDEAB2FC509.web07-pub?0,1620592511,16:35:11,20210509
12,2008-12-31,GFT.DE,EUR,2008-12-31,2008-12-31,FY,242238642.38,148823854.01,93414788.37,0.38563124137502447,0.0,0.0,0.0,0.0,87026885.04,235850739.05,0.0,1643990.81,8031894.140000001,0.033156948293164394,6387903.33,0.026370290335343317,0.0,6925259.19,0.02858858158202662,904023.79,6021235.4,0.024856626262602984,0.23,0.23,26325946,26325946,https://www.bundesanzeiger.de/pub/de/suche;wwwsid=627BFD7A56A5CB624C47FDDEAB2FC509.web07-pub?0,https://www.bundesanzeiger.de/pub/de/suche;wwwsid=627BFD7A56A5CB624C47FDDEAB2FC509.web07-pub?0,1620592511,16:35:11,20210509
13,2007-12-31,GFT.DE,EUR,2007-12-31,2007-12-31,FY,0.0,-150216000.0,150216000.0,0.0,0.0,0.0,-7093000.0,0.0,-7093000.0,-157309000.0,0.0,1416000.0,158725000.0,0.0,157309000.0,0.0,0.0,0.0,0.0,0.0,0.0,0.0,0.33,0.33,26325946,26325946,https://www.bundesanzeiger.de/pub/de/suche;wwwsid=627BFD7A56A5CB624C47FDDEAB2FC509.web07-pub?0,https://www.bundesanzeiger.de/pub/de/suche;wwwsid=627BFD7A56A5CB624C47FDDEAB2FC509.web07-pub?0,1620592511,16:35:11,20210509
14,2006-12-31,GFT.DE,EUR,2006-12-31,2006-12-31,FY,0.0,-87279000.0,87279000.0,0.0,0.0,0.0,-6950000.0,0.0,-6950000.0,-94229000.0,0.0,1163000.0,95392000.0,0.0,94229000.0,0.0,0.0,0.0,0.0,0.0,0.0,0.0,0.19,0.19,26325946,26325946,https://www.bundesanzeiger.de/pub/de/suche;wwwsid=627BFD7A56A5CB624C47FDDEAB2FC509.web07-pub?0,https://www.bundesanzeiger.de/pub/de/suche;wwwsid=627BFD7A56A5CB624C47FDDEAB2FC509.web07-pub?0,1620592511,16:35:11,20210509
15,2005-12-31,GFT.DE,EUR,2005-12-31,2005-12-31,FY,125263362.48,47551421.44,77711941.04,0.6203884320318144,0.0,0.0,0.0,0.0,53149227.08,100700648.52,761966.67,1261754.34,25824468.3,0.20616138501090633,24562713.96,0.1960885726975577,0.0,1578791.73,0.012603778940167565,-514368.71,-51829043.39,-0.41376059498862017,0.04,0.04,26325946,26325946,https://www.bundesanzeiger.de/pub/de/suche;wwwsid=627BFD7A56A5CB624C47FDDEAB2FC509.web07-pub?0,https://www.bundesanzeiger.de/pub/de/suche;wwwsid=627BFD7A56A5CB624C47FDDEAB2FC509.web07-pub?0,1620592511,16:35:11,20210509
16,2004-12-31,GFT.DE,EUR,2004-12-31,2004-12-31,FY,130114696.4,50990279.29,79124417.11,0.6081128365911477,0.0,0.0,0.0,0.0,51831655.5,102821934.79,488447.43,4208696.2,31501457.81,0.24210530156530416,27292761.61,0.209759253682584,0.0,-2194763.25,-0.01686791200936161,-1671167.47,-52958512.85,-0.407014075390795,-0.14,-0.14,26325946,26325946,https://www.bundesanzeiger.de/pub/de/suche;wwwsid=627BFD7A56A5CB624C47FDDEAB2FC509.web07-pub?0,https://www.bundesanzeiger.de/pub/de/suche;wwwsid=627BFD7A56A5CB624C47FDDEAB2FC509.web07-pub?0,1620592511,16:35:11,20210509
17,2003-12-31,GFT.DE,EUR,2003-12-31,2003-12-31,FY,146918940.07,61889391.64,85029548.43,0.5787514420502041,0.0,0.0,0.0,0.0,54693456.78,116582848.42,527957.59,12353129.12,42689220.769999996,0.29056308703058015,30336091.65,0.20648183029054165,0.0,-13428091.27,-0.09139795906233834,-4282777.85,-49149114.36,-0.3345321871814672,-0.67,-0.67,26325946,26325946,https://www.bundesanzeiger.de/pub/de/suche;wwwsid=627BFD7A56A5CB624C47FDDEAB2FC509.web07-pub?0,https://www.bundesanzeiger.de/pub/de/suche;wwwsid=627BFD7A56A5CB624C47FDDEAB2FC509.web07-pub?0,1620592511,16:35:11,20210509
