,date,symbol,reportedCurrency,fillingDate,acceptedDate,period,revenue,costOfRevenue,grossProfit,grossProfitRatio,researchAndDevelopmentExpenses,generalAndAdministrativeExpenses,sellingAndMarketingExpenses,otherExpenses,operatingExpenses,costAndExpenses,interestExpense,depreciationAndAmortization,ebitda,ebitdaratio,operatingIncome,operatingIncomeRatio,totalOtherIncomeExpensesNet,incomeBeforeTax,incomeBeforeTaxRatio,incomeTaxExpense,netIncome,netIncomeRatio,eps,epsdiluted,weightedAverageShsOut,weightedAverageShsOutDil,link,finalLink,timestamp,est_time,est_date
0,2020-12-31,3378.HK,CNY,2020-12-31,2020-12-31,FY,17691738000,16460601000,1231137000,0.06958824508931796,0.0,428139000,45903000,-29402000.0,0.0,16622328000,275362000.0,794252000.0,1863662000,0.10534080936536591,1069410000,0.04675165322932094,0.0,827118000,0.04675165322932094,210539000,284674000,0.016090787688580965,0.1044,0.1044,2726200000,2726200000,https://www1.hkexnews.hk/search/titlesearch.xhtml,https://www1.hkexnews.hk/search/titlesearch.xhtml,1620585601,14:40:01,20210509
1,2019-12-31,3378.HK,CNY,2019-12-31,2019-12-31,FY,13933106000,12676185000,1256921000,0.09021111301385348,0.0,371761000,75657000,55812000.0,195124000.0,12871309000,247526000.0,764708000.0,1826505000,0.1310910144514798,1061797000,0.0762067696894002,0.0,900918000,0.06466024158575985,232159000,279684000,0.02007334186648691,0.1026,0.1026,2726200000,2726200000,https://www1.hkexnews.hk/search/titlesearch.xhtml,https://www1.hkexnews.hk/search/titlesearch.xhtml,1620585601,14:40:01,20210509
2,2018-12-31,3378.HK,CNY,2018-12-31,2018-12-31,FY,12916756000,11701708000,1215048000,0.0940675816745319,0.0,364137000,62343000,49460000.0,158445000.0,11860153000,309078000.0,697511000.0,1754114000,0.13580143497330135,1056603000,0.08180095683467273,0.0,809586000,0.06267719232290213,255196000,244750000,0.018948256048190427,0.0898,0.0898,2726200000,2726200000,https://www1.hkexnews.hk/search/titlesearch.xhtml,https://www1.hkexnews.hk/search/titlesearch.xhtml,1620585601,14:40:01,20210509
3,2017-12-31,3378.HK,CNY,2017-12-31,2017-12-31,FY,12922319000,11722327000,1199992000,0.09286197005351748,0.0,352499000,76739000,41529000.0,217120000.0,11939447000,193640000.0,595203000.0,1578075000,0.12212010862756136,982872000,0.07606003225891575,0.0,1070633000,0.08285146032999186,251038000,411157000,0.03181758630165375,0.1508,0.1508,2726200000,2726200000,https://www1.hkexnews.hk/search/titlesearch.xhtml,https://www1.hkexnews.hk/search/titlesearch.xhtml,1620585601,14:40:01,20210509
4,2016-12-31,3378.HK,CNY,2016-12-31,2016-12-31,FY,8483998000,7356283000,1127715000,0.13292259144804136,0.0,330704000,52393000,48139000.0,313754000.0,7670037000,106095000.0,431826000.0,1245787000,0.1468396150022666,813961000,0.0959407345451991,0.0,1021337000,0.12038392748324551,216421000,319342000,0.037640508637555074,0.1171,0.1171,2726200000,2726200000,https://www1.hkexnews.hk/search/titlesearch.xhtml,https://www1.hkexnews.hk/search/titlesearch.xhtml,1620585601,14:40:01,20210509
5,2015-12-31,3378.HK,CNY,2015-12-31,2015-12-31,FY,6506115000,5644650000,861465000,0.13240851106997034,0.0,272955000,44330000,57727000.0,263505000.0,5908155000,111715000.0,340138000.0,938098000,0.14418712242252096,597960000,0.09190738251629428,0.0,801151000,0.12313815541225447,206715000,275091000,0.04228191478324622,0.1009,0.1009,2726200000,2726200000,https://www1.hkexnews.hk/search/titlesearch.xhtml,https://www1.hkexnews.hk/search/titlesearch.xhtml,1620585601,14:40:01,20210509
6,2014-12-31,3378.HK,CNY,2014-12-31,2014-12-31,FY,6092000000,5246411000,845589000,0.1388031845042679,0.0,278330000,46134000,39261000.0,258409000.0,5504820000,127124000.0,370635000.0,957815000,0.15722504924491135,587180000,0.09638542350623769,0.0,967935000,0.15888624425476033,226786000,429911000,0.07056976362442548,0.1577,0.1577,2726200000,2726200000,https://www1.hkexnews.hk/search/titlesearch.xhtml,https://www1.hkexnews.hk/search/titlesearch.xhtml,1620585601,14:40:01,20210509
7,2013-12-31,3378.HK,CNY,2013-12-31,2013-12-31,FY,4678421000,4022466000,655955000,0.14020863021946936,0.0,236065000,41456000,41520000.0,192887000.0,4215353000,82740000.0,296186000.0,759254000,0.1622885157192993,463068000,0.09897954886915906,0.0,671431000,0.14351658390726274,151235000,332789000,0.07113276039073867,0.1221,0.1221,2726200000,2726200000,https://www1.hkexnews.hk/search/titlesearch.xhtml,https://www1.hkexnews.hk/search/titlesearch.xhtml,1620585601,14:40:01,20210509
8,2012-12-31,3378.HK,CNY,2012-12-31,2012-12-31,FY,3642048000,3062241000,579807000,0.15919806658231853,0.0,189289000,41689000,33815000.0,178122000.0,3240363000,45301000.0,227239000.0,628924000,0.17268416012089902,401685000,0.11029096815857452,0.0,536145000,0.14720975670831357,111220000,284935000,0.07823482831637583,0.1045,0.1045,2726200000,2726200000,https://www1.hkexnews.hk/search/titlesearch.xhtml,https://www1.hkexnews.hk/search/titlesearch.xhtml,1620585601,14:40:01,20210509
9,2011-12-31,3378.HK,CNY,2011-12-31,2011-12-31,FY,3069703000,2481890000,587813000,0.19148855768782844,0.0,172230000,32791000,0.0,141307000.0,2623197000,24041000.0,220564000.0,667070000,0.21730766787536124,446506000,0.1454557655903519,0.0,450288000,0.1466878066053947,62287000,284337000,0.09262687628086495,0.1043,0.1043,2726200000,2726200000,https://www1.hkexnews.hk/search/titlesearch.xhtml,https://www1.hkexnews.hk/search/titlesearch.xhtml,1620585601,14:40:01,20210509
10,2010-12-31,3378.HK,CNY,2010-12-31,2010-12-31,FY,2241717000,1676716000,565001000,0.25203939658752644,0.0,156034000,30508000,0.0,149991000.0,1826707000,15939000.0,207805000.0,622815000,0.2778294494800191,415010000,0.18513041565906846,0.0,458649000,0.2045971904571362,52528000,325814000,0.14534127189114415,0.1195,0.1195,2726200000,2726200000,https://www1.hkexnews.hk/search/titlesearch.xhtml,https://www1.hkexnews.hk/search/titlesearch.xhtml,1620585601,14:40:01,20210509
11,2009-12-31,3378.HK,CNY,2009-12-31,2009-12-31,FY,2065904000,1628064000,437840000,0.21193627583856753,0.0,143939000,30463000,0.0,115019000.0,1743083000,27951000.0,212367000.0,535188000,0.259057536071376,322821000,0.15626137516554497,0.0,310771000,0.15042857751376637,39588000,205091000,0.09927421603327163,0.0752,0.0752,2726200000,2726200000,https://www1.hkexnews.hk/search/titlesearch.xhtml,https://www1.hkexnews.hk/search/titlesearch.xhtml,1620585601,14:40:01,20210509
12,2008-12-31,3378.HK,CNY,2008-12-31,2008-12-31,FY,3411524000,2800006000,611518000,0.17925068092735094,0.0,167365000,36498000,0.0,105372000.0,2905378000,33272000.0,0.0,535339000,0.15692077792798761,506146000,0.14836360523918343,0.0,502067000,0.14716795191826293,27808000,376659000,0.11040784118769206,0.1382,0.1382,2726200000,2726200000,https://www1.hkexnews.hk/search/titlesearch.xhtml,https://www1.hkexnews.hk/search/titlesearch.xhtml,1620585601,14:40:01,20210509
13,2007-12-31,3378.HK,CNY,2007-12-31,2007-12-31,FY,2890969000,2250399000,640570000,0.22157622582601197,0.0,159198000,29172000,0.0,92352000.0,2342751000,17158000.0,0.0,580365000,0.2007510284613913,548218000,0.18963122745349398,0.0,563207000,0.19481599422200654,56632000,374417000,0.1295126305401407,0.1373,0.1373,2726200000,2726200000,https://www1.hkexnews.hk/search/titlesearch.xhtml,https://www1.hkexnews.hk/search/titlesearch.xhtml,1620585601,14:40:01,20210509
14,2006-12-31,3378.HK,CNY,2006-12-31,2006-12-31,FY,1534033000,929936000,604097000,0.39379661324104503,0.0,183907000,21536000,0.0,111083000.0,1041019000,12491000.0,156859000.0,649873000,0.42363691002735926,493014000,0.3213842205480586,0.0,504588000,0.32892903868430473,93988000,280985000,0.1831675068267762,0.1031,0.1031,2725558904,2725558904,https://www1.hkexnews.hk/search/titlesearch.xhtml,https://www1.hkexnews.hk/search/titlesearch.xhtml,1620585601,14:40:01,20210509
15,2005-12-31,3378.HK,CNY,2005-12-31,2005-12-31,FY,1300586000,744913000,555673000,0.4272481788978199,0.0,145139000,17444000,0.0,119304000.0,864217000,0.0,0.0,436369000,0.3355172206989772,436369000,0.3355172206989772,0.0,415202000,0.3192422492630245,71409000,343793000,0.26433699886051365,0.1333,0.13,1827111778,1873492308,https://www1.hkexnews.hk/search/titlesearch.xhtml,https://www1.hkexnews.hk/search/titlesearch.xhtml,1620585601,14:40:01,20210509
16,2004-12-31,3378.HK,CNY,2004-12-31,2004-12-31,FY,1136923000,628258000,508665000,0.44740496937787344,0.0,151628000,16113000,0.0,120989000.0,749247000,0.0,0.0,387676000,0.340987032543101,387676000,0.340987032543101,0.0,365237000,0.32125042768947415,71726000,299870000,0.2637557688603362,0.1289,0.1289,1805368503,1805368503,https://www1.hkexnews.hk/search/titlesearch.xhtml,https://www1.hkexnews.hk/search/titlesearch.xhtml,1620585601,14:40:01,20210509
