,date,symbol,reportedCurrency,fillingDate,acceptedDate,period,revenue,costOfRevenue,grossProfit,grossProfitRatio,researchAndDevelopmentExpenses,generalAndAdministrativeExpenses,sellingAndMarketingExpenses,otherExpenses,operatingExpenses,costAndExpenses,interestExpense,depreciationAndAmortization,ebitda,ebitdaratio,operatingIncome,operatingIncomeRatio,totalOtherIncomeExpensesNet,incomeBeforeTax,incomeBeforeTaxRatio,incomeTaxExpense,netIncome,netIncomeRatio,eps,epsdiluted,weightedAverageShsOut,weightedAverageShsOutDil,link,finalLink,timestamp,est_time,est_date
0,2018-12-31,JONE,USD,2019-02-28 00:00:00,2019-02-28 17:30:27,FY,236357000,3368000.0,232989000,0.9857503691449798,8157000.0,31204000,0.0,46237000,85598000.0,1606742000.0,89328000,184553000,-1185832000,-5.017122403821338,-1370385000,-5.79794548077696,-38150000.0,-1408535000,-5.959353858781419,-61841000.0,-1291039000.0,-5.462241439855811,-270.31805,-270.31805,4776000.0,4776000.0,https://www.sec.gov/Archives/edgar/data/1573166/000155837019001358/0001558370-19-001358-index.html,https://www.sec.gov/Archives/edgar/data/1573166/000155837019001358/jone-20181231x10k.htm,1620593972,16:59:32,20210509
1,2017-12-31,JONE,USD,2018-02-28 00:00:00,2018-02-28 16:19:25,FY,188573000,0.0,188573000,1.0,14145000.0,29892000,0.0,37596000,81633000.0,405379000.0,51651000,171179000,-45627000,-0.2419593473084694,-216806000,-1.1497192068853972,-12684000.0,-229490000,-1.2169822827234016,-50667000.0,-101492000.0,-0.5382106664262646,-1.40161,-1.40161,72411000.0,72411000.0,https://www.sec.gov/Archives/edgar/data/1573166/000155837018001269/0001558370-18-001269-index.html,https://www.sec.gov/Archives/edgar/data/1573166/000155837018001269/jone-20171231x10k.htm,1620593972,16:59:32,20210509
2,2016-12-31,JONE,USD,2017-03-10 00:00:00,2017-03-10 07:31:05,FY,127847000,0.0,127847000,1.0,6673000.0,29640000,0.0,34102000,70415000.0,232113000.0,53127000,160374000,56108000,0.4388683348064483,-104266000,-0.8155529656542586,-4325000.0,-108591000,-0.8493824649776687,-23786000.0,-42552000.0,-0.33283534224502725,-1.06356,-1.06356,40009000.0,40009000.0,https://www.sec.gov/Archives/edgar/data/1573166/000155837017001573/0001558370-17-001573-index.html,https://www.sec.gov/Archives/edgar/data/1573166/000155837017001573/jone-20161231x10k.htm,1620593972,16:59:32,20210509
3,2015-12-31,JONE,USD,2016-03-09 00:00:00,2016-03-09 16:10:49,FY,197399000,0.0,197399000,1.0,6551000.0,33388000,0.0,46302000,86241000.0,303869000.0,61289000,213501000,107031000,0.5422063941559988,-106470000,-0.539364434470286,94612000.0,-11858000,-0.06007122629800556,-2781000.0,-2381000.0,-0.012061864548452626,-0.08879,-0.08879,26816000.0,26816000.0,https://www.sec.gov/Archives/edgar/data/1573166/000104746916010925/0001047469-16-010925-index.html,https://www.sec.gov/Archives/edgar/data/1573166/000104746916010925/a2227553z10-k.htm,1620593972,16:59:32,20210509
4,2014-12-31,JONE,USD,2015-03-06,2015-03-06 16:29:28,FY,380597000,0.0,380597000,1.0,3453000.0,25763000,0.0,247829000,3453000.0,3453000.0,46726000,187393000,294398000,0.7735163440594645,107005000,0.2811504031823688,143212000.0,250217000,0.6574329277424678,26074000.0,40868000.0,0.10737867087759494,3.2626536803448825,3.26031112883925,12526000.0,12535000.0,https://www.sec.gov/Archives/edgar/data/1573166/000104746915001776/0001047469-15-001776-index.htm,https://www.sec.gov/Archives/edgar/data/1573166/000104746915001776/a2223371z10-k.htm,1620593972,16:59:32,20210509
5,2013-12-31,JONE,USD,2014-03-14,2014-03-14 16:24:47,FY,259169000,0.0,259169000,1.0,1710000.0,31902000,0.0,171515000,1710000.0,1710000.0,30774000,116344000,172096000,0.6640300344562814,55752000,0.2151183204781436,-33418000.0,22334000,0.08617542993182055,-71000.0,-2186000.0,-0.008434650749125088,-0.17488,-0.17488,12500000.0,12500000.0,https://www.sec.gov/Archives/edgar/data/1573166/000104746914002407/0001047469-14-002407-index.htm,https://www.sec.gov/Archives/edgar/data/1573166/000104746914002407/a2218830z10-k.htm,1620593972,16:59:32,20210509
