,date,symbol,reportedCurrency,fillingDate,acceptedDate,period,revenue,costOfRevenue,grossProfit,grossProfitRatio,researchAndDevelopmentExpenses,generalAndAdministrativeExpenses,sellingAndMarketingExpenses,otherExpenses,operatingExpenses,costAndExpenses,interestExpense,depreciationAndAmortization,ebitda,ebitdaratio,operatingIncome,operatingIncomeRatio,totalOtherIncomeExpensesNet,incomeBeforeTax,incomeBeforeTaxRatio,incomeTaxExpense,netIncome,netIncomeRatio,eps,epsdiluted,weightedAverageShsOut,weightedAverageShsOutDil,link,finalLink,timestamp,est_time,est_date
0,2021-01-30,DKS,USD,2021-03-24,2021-03-24 16:37:56,FY,9584019000,6533312000,3050707000,0.3183118689560194,0.0,0.0,0.0,19070000.0,2309230000.0,8842542000.0,48812000.0,326014000,1067491000,0.11138239604908963,741477000,0.07736597767596246,19070000.0,711735000,0.07426268666620965,181484000,530251000,0.055326580633865606,5.9534614780050745,5.9534614780050745,89066000,89066000,https://www.sec.gov/Archives/edgar/data/1089063/000108906321000036/0001089063-21-000036-index.htm,https://www.sec.gov/Archives/edgar/data/1089063/000108906321000036/dks-20210130.htm,1620591155,16:12:35,20210509
1,2020-02-01,DKS,USD,2020-03-20 00:00:00,2020-03-20 12:36:04,FY,8750743000,6196185000,2554558000,0.29192469713714597,0.0,2121245000.0,0.0,0.0,2145166000.0,8341351000.0,17012000.0,270448000,679840000,0.0776894030598316,409392000,0.04678368453970137,15324000.0,407704000,0.046590786633774986,110242000,297462000,0.033992770671016165,3.33979,3.33979,89066000,89066000,https://www.sec.gov/Archives/edgar/data/1089063/000108906320000014/0001089063-20-000014-index.html,https://www.sec.gov/Archives/edgar/data/1089063/000108906320000014/dks-20200201.htm,1620591155,16:12:35,20210509
2,2019-02-02,DKS,USD,2019-03-29 00:00:00,2019-03-29 13:09:53,FY,8436570000,5998788000,2437782000,0.28895416028077764,0.0,1993049000.0,0.0,2565000.0,1993049000.000001,7991837000.000001,10248000.0,243830000,688563000,0.08161646261454596,444733000,0.052714906650451546,-2565000.0,431920000,0.05119616147320534,112056000,319864000,0.03791398637123855,3.23811,3.23811,98781000,98781000,https://www.sec.gov/Archives/edgar/data/1089063/000108906319000017/0001089063-19-000017-index.html,https://www.sec.gov/Archives/edgar/data/1089063/000108906319000017/dks-10k_20190202.htm,1620591155,16:12:35,20210509
3,2018-02-03,DKS,USD,2018-03-30 00:00:00,2018-03-30 11:36:24,FY,8590472000,6101412000,2489060000,0.28974659366796146,0.0,1997786000.0,0.0,-31810000.0,1999486000.0,8100898000.0,8047000.0,237651000,727225000,0.08465483619526377,489574000,0.056990349307930926,19810000.0,501337000,0.058359657071229615,177892000,323445000,0.03765159818924967,3.00639,3.00639,107586000,107586000,https://www.sec.gov/Archives/edgar/data/1089063/000108906318000029/0001089063-18-000029-index.html,https://www.sec.gov/Archives/edgar/data/1089063/000108906318000029/dks-10k_20180203.htm,1620591155,16:12:35,20210509
4,2017-01-28,DKS,USD,2017-03-24 00:00:00,2017-03-24 14:45:13,FY,7921981000,5556198000,2365783000,0.29863527822144487,0.0,1915929000.0,0.0,-14424000.0,1915929000.0,7472127000.0,5856000.0,233834000,683688000,0.08630265586347657,449854000,0.056785543918875844,14424000.0,458422000,0.05786709157722039,171026000,287396000,0.03627829958188489,2.5611,2.5611,112216000,112216000,https://www.sec.gov/Archives/edgar/data/1089063/000108906317000010/0001089063-17-000010-index.html,https://www.sec.gov/Archives/edgar/data/1089063/000108906317000010/dks-10k_20170128.htm,1620591155,16:12:35,20210509
5,2016-01-30,DKS,USD,2016-03-25 00:00:00,2016-03-25 11:09:43,FY,7270965000,5088078000,2182887000,0.3002197094883554,0.0,1647695000.0,0.0,305000.0,1647694999.9999998,6735773000.0,4012000.0,193594000,728786000,0.10023236255435145,535192000,0.07360673583217633,-305000.0,530875000,0.0730130044636441,200484000,330391000,0.04543977312502536,2.82884,2.82884,116794000,116794000,https://www.sec.gov/Archives/edgar/data/1089063/000108906316000107/0001089063-16-000107-index.html,https://www.sec.gov/Archives/edgar/data/1089063/000108906316000107/dks-10k_20160130.htm,1620591155,16:12:35,20210509
6,2015-01-31,DKS,USD,2015-03-27,2015-03-27 12:11:31,FY,6814479000,4727813000,2086666000,0.30621064354296196,0.0,1502089000.0,0.0,5170000.0,1532607000.0,6260420000.0,3215000.0,179431000,733490000,0.1076369888292267,554059000,0.08130614240648477,5170000.0,556014000,0.08159303154357068,211816000,344198000,0.050509804197797076,2.89,2.84,119244000,121238000,https://www.sec.gov/Archives/edgar/data/1089063/000108906315000020/dks-10k_20150131.htm,https://www.sec.gov/Archives/edgar/data/1089063/000108906315000020/dks-10k_20150131.htm,1620591155,16:12:35,20210509
7,2014-02-01,DKS,USD,2014-03-28,2014-03-28 16:21:51,FY,6213200000,4269200000,1944000000,0.3128822506920749,0.0,1404800000.0,0.0,-12224000.0,1407199999.9999998,5676400000.0,2929000.0,154900000,691700000,0.11132749629820382,536800000,0.08639670379192686,12200000.0,546100000,0.08789351702826241,208509000,337600000,0.05433592995557845,2.6879,2.6879,125600000,125600000,https://www.sec.gov/Archives/edgar/data/1089063/000108906314000046/dks-20140201x10k.htm,https://www.sec.gov/Archives/edgar/data/1089063/000108906314000046/dks-20140201x10k.htm,1620591155,16:12:35,20210509
8,2013-02-02,DKS,USD,2013-03-22 00:00:00,2013-03-22 14:25:31,FY,5836100000,3999000000,1837200000,0.3147992666335395,0.0,1311500000.0,0.0,-4555000.0,1345800000.0000002,5344800000.0,6034000.0,125100000,616400000,0.1056184780932472,491300000,0.08418293038159044,4600000.0,489800000,0.08392590942581518,199116000,290700000,0.04981066122924556,2.39063,2.39063,121600000,121600000,https://www.sec.gov/Archives/edgar/data/1089063/000104746913003238/0001047469-13-003238-index.html,https://www.sec.gov/Archives/edgar/data/1089063/000104746913003238/a2213667z10-k.htm,1620591155,16:12:35,20210509
9,2012-01-28,DKS,USD,2012-03-16 00:00:00,2012-03-16 08:02:46,FY,5211800000,3616900000,1594900000,0.3060171150082505,0.0,1162900000.0,0.0,26000.0,1162900000.0,4779800000.0,13868000.0,116600000,548600000,0.10526113818642312,432000000,0.08288882919528762,0.0,432000000,0.08288882919528762,168120000,263900000,0.05063509727925093,2.09777,2.09777,125800000,125800000,https://www.sec.gov/Archives/edgar/data/1089063/000104746912002799/0001047469-12-002799-index.html,https://www.sec.gov/Archives/edgar/data/1089063/000104746912002799/a2208040z10-k.htm,1620591155,16:12:35,20210509
10,2011-01-29,DKS,USD,2011-03-18,2011-03-18 14:13:01,FY,4871500000,3422500000,1449000000,0.29744431899825513,0.0,1139800000.0,0.0,-2278000.0,1139699999.9999998,4562200000.0,-14000000.0,110400000,419600000,0.08613363440418763,309200000,0.06347121009955865,2300000.0,297500000,0.061069485784665915,115434000,182100000,0.03738068356768962,1.4963,1.4963,121700000,121700000,https://www.sec.gov/Archives/edgar/data/1089063/000095012311026789/l41587e10vk.htm,https://www.sec.gov/Archives/edgar/data/1089063/000095012311026789/l41587e10vk.htm,1620591155,16:12:35,20210509
11,2010-01-30,DKS,USD,2010-03-18 00:00:00,2010-03-18 09:11:25,FY,4412800000,3195900000,1216900000,0.27576595358955763,0.0,981300000.0,0.0,0.0,991400000.0000001,4187300000.0,-2395000.0,100900000,326500000,0.07398930384336476,225600000,0.051124002900652644,2100000.0,223200000,0.050580130529369105,87817000,135400000,0.03068346627991298,1.14746,1.14746,118000000,118000000,https://www.sec.gov/Archives/edgar/data/1089063/000095012310025791/0000950123-10-025791-index.html,https://www.sec.gov/Archives/edgar/data/1089063/000095012310025791/l39148e10vk.htm,1620591155,16:12:35,20210509
12,2009-01-31,DKS,USD,2009-03-20 00:00:00,2009-03-20 12:38:31,FY,4130128000,2946079000,1184049000,0.2866857879465237,0.0,944442000.0,0.0,0.0,1137792000.0,4083871000.0,0.0,90732000,136989000,0.03316822142074047,46257000,0.0111998950153603,-206871000.0,21773000,0.0052717494469905046,56867000,-35094000,-0.008497073214195783,-0.31,-0.31,111662000,111662000,https://www.sec.gov/Archives/edgar/data/1089063/000095015209002909/0000950152-09-002909-index.html,https://www.sec.gov/Archives/edgar/data/1089063/000095015209002909/l35106ae10vk.htm,1620591155,16:12:35,20210509
13,2008-02-02,DKS,USD,2008-03-27,2008-03-27 17:05:43,FY,3888400000,2730400000,1158100000,0.29783458491924697,0.0,889200000.0,0.0,0.0,889199999.9999998,3619600000.0,-11290000.0,75100000,343900000,0.08844254706305936,268800000,0.06912869046394404,0.0,257500000,0.06622261084250591,102491000,155000000,0.03986215409937249,1.33047,1.33047,116500000,116500000,https://www.sec.gov/Archives/edgar/data/1089063/000095015208002365/l29837ae10vk.htm,https://www.sec.gov/Archives/edgar/data/1089063/000095015208002365/l29837ae10vk.htm,1620591155,16:12:35,20210509
14,2007-02-03,DKS,USD,2007-03-23,2007-03-23 16:37:51,FY,3114200000,2217500000,896700000,0.2879391175903924,0.0,699000000.0,0.0,0.0,699000000.0,2916500000.0,-10025000.0,54900000,252600000,0.08111232419240896,197700000,0.06348339862565025,0.0,187700000,0.060272301072506584,75074000,112600000,0.03615695844839766,1.01625,1.01625,110800000,110800000,https://www.sec.gov/Archives/edgar/data/1089063/000095015207002541/l24092ae10vk.htm,https://www.sec.gov/Archives/edgar/data/1089063/000095015207002541/l24092ae10vk.htm,1620591155,16:12:35,20210509
15,2006-01-28,DKS,USD,2006-03-23,2006-03-23 16:24:18,FY,2625000000,1887300000,737600000,0.2809904761904762,0.0,567100000.0,0.0,0.0,604899999.9999999,2492200000.0,-12959000.0,49900000,182600000,0.06956190476190476,132700000,0.05055238095238095,0.0,121600000,0.046323809523809524,48654000,73000000,0.02780952380952381,0.67593,0.67593,108000000,108000000,https://www.sec.gov/Archives/edgar/data/1089063/000095015206002436/j1821501e10vk.htm,https://www.sec.gov/Archives/edgar/data/1089063/000095015206002436/j1821501e10vk.htm,1620591155,16:12:35,20210509
16,2005-01-29,DKS,USD,2005-03-31 00:00:00,2005-03-31 08:02:35,FY,2109400000,1522900000,586500000,0.2780411491419361,0.0,455300000.0,0.0,0.0,474599999.9999999,1997500000.0,-8009000.0,37600000,149500000,0.07087323409500332,111900000,0.05304826016876837,0.0,114800000,0.054423058689674786,45936000,68900000,0.032663316582914576,0.65123,0.65123,105800000,105800000,https://www.sec.gov/Archives/edgar/data/1089063/000095012805000095/0000950128-05-000095-index.html,https://www.sec.gov/Archives/edgar/data/1089063/000095012805000095/j1219601e10vk.htm,1620591155,16:12:35,20210509
17,2004-01-31,DKS,USD,2004-04-08 00:00:00,2004-04-08 14:05:40,FY,1470845000,1063106000,407739000,0.27721411841492477,0.0,321413000.0,0.0,0.0,321413000.0,1384519000.0,0.0,17554000,103880000,0.070626068688407,86326000,0.05869143247588971,3536000.0,88031000,0.05985063007998803,35212000,52819000,0.035910650000509914,0.59,0.525,89548000,100560000,https://www.sec.gov/Archives/edgar/data/1089063/000119312504059174/0001193125-04-059174-index.html,https://www.sec.gov/Archives/edgar/data/1089063/000119312504059174/d10k.htm,1620591155,16:12:35,20210509
18,2003-02-01,DKS,USD,2003-04-29 00:00:00,2003-04-29 11:08:39,FY,1272600000,935200000,337400000,0.26512651265126513,0.0,268300000.0,0.0,0.0,270700000.00000006,1205900000.0,-2900000.0,14400000,81000000,0.06364922206506365,66600000,0.05233380480905234,0.0,63800000,0.050133584787050135,25500000,38300000,0.030095866729530095,0.46764,0.46764,81900000,81900000,https://www.sec.gov/Archives/edgar/data/1089063/000095015203004703/0000950152-03-004703-index.html,https://www.sec.gov/Archives/edgar/data/1089063/000095015203004703/j0021201e10vk.htm,1620591155,16:12:35,20210509
