,date,symbol,reportedCurrency,fillingDate,acceptedDate,period,revenue,costOfRevenue,grossProfit,grossProfitRatio,researchAndDevelopmentExpenses,generalAndAdministrativeExpenses,sellingAndMarketingExpenses,otherExpenses,operatingExpenses,costAndExpenses,interestExpense,depreciationAndAmortization,ebitda,ebitdaratio,operatingIncome,operatingIncomeRatio,totalOtherIncomeExpensesNet,incomeBeforeTax,incomeBeforeTaxRatio,incomeTaxExpense,netIncome,netIncomeRatio,eps,epsdiluted,weightedAverageShsOut,weightedAverageShsOutDil,link,finalLink,timestamp,est_time,est_date
0,2020-12-31,SYKE,USD,2021-02-26,2021-02-26 16:08:27,FY,1710261000,0.0,1710261000,1.0,0.0,421910000.0,0.0,1206567000.0,1628477000.0,1628477000,1923000.0,51629000.0,133413000.0,0.07800739185422575,81784000.0,0.04781960180346742,-49000.0,80567000.0,0.04710801450772718,0.0,56432000.0,0.03299613333871263,1.4110116517477622,1.4110116517477622,39994000,39994000,https://www.sec.gov/Archives/edgar/data/1010612/000156459021009418/0001564590-21-009418-index.htm,https://www.sec.gov/Archives/edgar/data/1010612/000156459021009418/syke-10k_20201231.htm,1620598532,18:15:32,20210509
1,2019-12-31,SYKE,USD,2020-02-27 00:00:00,2020-02-27 16:08:10,FY,1614762000,1042289000.0,572473000,0.3545246915644535,0.0,412407000.0,0.0,-857000.0,480962000.0,1523251000,4309000.0,68555000.0,160066000.0,0.09912668244608183,91511000.0,0.0566715094856084,-2125000.0,85923000.0,0.053210937587087136,21842000.0,64081000.0,0.03968448601094155,1.54,1.53,41649000,41802000,https://www.sec.gov/Archives/edgar/data/1010612/000156459020007363/0001564590-20-007363-index.html,https://www.sec.gov/Archives/edgar/data/1010612/000156459020007363/syke-10k_20191231.htm,1620598532,18:15:32,20210509
2,2018-12-31,SYKE,USD,2019-02-26 00:00:00,2019-02-26 16:07:28,FY,1625687000,1072907000.0,552780000,0.34002855408205884,0.0,407285000.0,0.0,-1659000.0,480177000.0,1553084000,4743000.0,72892000.0,145495000.0,0.08949754780594296,72603000.0,0.044659888404102385,-11649000.0,56917000.0,0.035011044561468474,7991000.0,48926000.0,0.030095584205323656,1.1624138750296982,1.1581214789565877,42090000,42246000,https://www.sec.gov/Archives/edgar/data/1010612/000156459019004457/0001564590-19-004457-index.html,https://www.sec.gov/Archives/edgar/data/1010612/000156459019004457/syke-10k_20181231.htm,1620598532,18:15:32,20210509
3,2017-12-31,SYKE,USD,2018-03-01 00:00:00,2018-03-01 16:11:50,FY,1586008000,1039790000.0,546218000,0.3443980106027208,0.0,376863000.0,0.0,1814000.0,453917000.0,1493707000,7689000.0,77054000.0,169355000.0,0.10678067197643391,92301000.0,0.058197058274611475,-4001000.0,81307000.0,0.05126518907849141,49091000.0,32216000.0,0.020312633984191756,0.77,0.76,41822000,42141000,https://www.sec.gov/Archives/edgar/data/1010612/000119312518067150/0001193125-18-067150-index.html,https://www.sec.gov/Archives/edgar/data/1010612/000119312518067150/d448583d10k.htm,1620598532,18:15:32,20210509
4,2016-12-31,SYKE,USD,2017-03-01 00:00:00,2017-03-01 16:07:38,FY,1460037000,947677000.0,512360000,0.35092261360499766,0.0,351408000.0,0.0,521000.0,419798000.0,1367475000,5570000.0,68390000.0,160952000.0,0.11023830218001325,92562000.0,0.06339702350008938,1285000.0,88884000.0,0.060877909258464,26494000.0,62390000.0,0.04273179378330823,1.49,1.48,41847000,42239000,https://www.sec.gov/Archives/edgar/data/1010612/000119312517065696/0001193125-17-065696-index.html,https://www.sec.gov/Archives/edgar/data/1010612/000119312517065696/d341887d10k.htm,1620598532,18:15:32,20210509
5,2015-12-31,SYKE,USD,2016-02-29 00:00:00,2016-02-29 16:08:09,FY,1286340000,836516000.0,449824000,0.3496929272198641,0.0,297257000.0,0.0,-287000.0,355179000.0,1191695000,2465000.0,57922000.0,152567000.0,0.11860550087846138,94645000.0,0.07357697031888925,-2865000.0,89983000.0,0.06995273411384237,21386000.0,68597000.0,0.053327269617674956,1.64,1.62,41899000,42447000,https://www.sec.gov/Archives/edgar/data/1010612/000119312516485321/0001193125-16-485321-index.html,https://www.sec.gov/Archives/edgar/data/1010612/000119312516485321/d62359d10k.htm,1620598532,18:15:32,20210509
6,2014-12-31,SYKE,USD,2015-02-19,2015-02-19 16:40:46,FY,1327523000,892110000.0,435413000,0.3279890442576136,0.0,298040000.0,0.0,441000.0,357799000.0,1249909000,2011000.0,59759000.0,137373000.0,0.10348069298987664,77614000.0,0.05846527706111306,598000.0,77159000.0,0.058122533470229894,19368000.0,57791000.0,0.04353295573786669,1.36,1.35,42609000,42814000,https://www.sec.gov/Archives/edgar/data/1010612/000119312515054298/d849538d10k.htm,https://www.sec.gov/Archives/edgar/data/1010612/000119312515054298/d849538d10k.htm,1620598532,18:15:32,20210509
7,2013-12-31,SYKE,USD,2014-02-20,2014-02-20 16:13:06,FY,1263460000,855266000.0,408194000,0.3230763142481756,0.0,297519000.0,0.0,985000.0,354466000.0,1209732000,2307000.0,56947000.0,110675000.0,0.08759675810868567,53728000.0,0.04252449622465294,-962000.0,51325000.0,0.040622576100549285,14065000.0,37260000.0,0.02949044686812404,0.8689973645544231,0.8680256260920209,42877000,42925000,https://www.sec.gov/Archives/edgar/data/1010612/000119312514060701/d644385d10k.htm,https://www.sec.gov/Archives/edgar/data/1010612/000119312514060701/d644385d10k.htm,1620598532,18:15:32,20210509
8,2012-12-31,SYKE,USD,2013-03-01 00:00:00,2013-03-01 16:18:06,FY,1127698000,737952000.0,389746000,0.34561203442765703,0.0,341354000.0,0.0,1200000.0,341354000.0,1079306000,1547000.0,50848000.0,99240000.0,0.08800228429951991,48392000.0,0.042912198123965815,-3146000.0,45157000.0,0.040043522290542324,5207000.0,28423000.0,0.025204443033507197,0.6593898619649693,0.6587327338462965,43105000,43148000,https://www.sec.gov/Archives/edgar/data/1010612/000119312513087726/0001193125-13-087726-index.html,https://www.sec.gov/Archives/edgar/data/1010612/000119312513087726/d450431d10k.htm,1620598532,18:15:32,20210509
9,2011-12-31,SYKE,USD,2012-02-29 00:00:00,2012-02-29 16:13:55,FY,1169267000,763930000.0,405337000,0.34665906076199876,0.0,341586000.0,0.0,0.0,341105000.0,1105035000,1132000.0,53467000.0,117699000.0,0.10066049927005552,64232000.0,0.0549335609403156,-796000.0,63656000.0,0.05444094462599218,11342000.0,48341000.0,0.041342995226924216,1.062299476992045,1.0599469379700484,45506000,45607000,https://www.sec.gov/Archives/edgar/data/1010612/000119312512089157/0001193125-12-089157-index.html,https://www.sec.gov/Archives/edgar/data/1010612/000119312512089157/d274012d10k.htm,1620598532,18:15:32,20210509
10,2010-12-31,SYKE,USD,2011-03-08 00:00:00,2011-03-08 17:02:24,FY,1158718000,751490000.0,407228000,0.35144703025239965,0.0,373772000.0,0.0,0.0,371363000.0,1122853000,5627000.0,57932000.0,93797000.0,0.08094894529989177,35865000.0,0.030952311088634162,-9548000.0,21895000.0,0.018895883208856684,2197000.0,-10273000.0,-0.00886583275654646,-0.22318053443406474,-0.2226822448139076,46030000,46133000,https://www.sec.gov/Archives/edgar/data/1010612/000095012311023188/0000950123-11-023188-index.html,https://www.sec.gov/Archives/edgar/data/1010612/000095012311023188/b84685e10vk.htm,1620598532,18:15:32,20210509
11,2009-12-31,SYKE,USD,2010-03-01 00:00:00,2010-03-01 17:26:43,FY,846041000,540949000.0,305092000,0.3606113651702459,0.0,233061000.0,0.0,0.0,233061000.0,774010000,993000.0,28323000.0,100354000.0,0.11861600087939,72031000.0,0.0851388998878305,-4018000.0,69329000.0,0.08194520123729228,26118000.0,43211000.0,0.05107435691650877,1.06,1.05,40707000,41026000,https://www.sec.gov/Archives/edgar/data/1010612/000095012310019499/0000950123-10-019499-index.html,https://www.sec.gov/Archives/edgar/data/1010612/000095012310019499/g21309e10vk.htm,1620598532,18:15:32,20210509
12,2008-12-31,SYKE,USD,2009-03-10 00:00:00,2009-03-10 16:16:35,FY,819190000,524133000.0,295057000,0.36018139869871457,0.0,229027000.0,0.0,0.0,229349000.0,753482000,433000.0,27965000.0,93673000.0,0.11434831968163674,65708000.0,0.08021094007495208,10937000.0,81982000.0,0.10007690523565961,21421000.0,60561000.0,0.07392790439336418,1.49,1.48,40618000,40961000,https://www.sec.gov/Archives/edgar/data/1010612/000095014409002048/0000950144-09-002048-index.html,https://www.sec.gov/Archives/edgar/data/1010612/000095014409002048/g17759e10vk.htm,1620598532,18:15:32,20210509
13,2007-12-31,SYKE,USD,2008-03-13,2008-03-13 16:26:41,FY,710120000,451280000.0,258840000,0.3645017743479975,0.0,206009000.0,0.0,0.0,207660000.0,658940000,803000.0,24986000.0,76166000.0,0.107257928237481,51180000.0,0.07207232580408945,-4234000.0,54051000.0,0.07611530445558497,14192000.0,39859000.0,0.05612994986762801,0.99,0.98,40387000,40699000,https://www.sec.gov/Archives/edgar/data/1010612/000095014408001903/g12247e10vk.htm,https://www.sec.gov/Archives/edgar/data/1010612/000095014408001903/g12247e10vk.htm,1620598532,18:15:32,20210509
14,2006-12-31,SYKE,USD,2007-03-13,2007-03-13 17:16:12,FY,574223000,365602000.0,208621000,0.36331007291592293,0.0,176701000.0,0.0,0.0,163463000.0,529065000,674000.0,24747000.0,69905000.0,0.12173841869796229,45158000.0,0.07864192134414678,13428000.0,51459000.0,0.08961501019638712,9136000.0,42323000.0,0.07370481502830782,1.06,1.05,39829000,40219000,https://www.sec.gov/Archives/edgar/data/1010612/000095014407002129/g04918e10vk.htm,https://www.sec.gov/Archives/edgar/data/1010612/000095014407002129/g04918e10vk.htm,1620598532,18:15:32,20210509
15,2005-12-31,SYKE,USD,2006-03-14,2006-03-14 17:18:25,FY,494918000,0.0,494918000,1.0,0.0,470074000.0,0.0,0.0,468901000.0,468901000,667000.0,25943000.0,51960000.0,0.10498708877026093,26017000.0,0.05256830424433947,2367000.0,29103000.0,0.05880368060971716,5695000.0,23408000.0,0.04729672390173726,0.6,0.59,39204000,39536000,https://www.sec.gov/Archives/edgar/data/1010612/000095014406002231/g00152e10vk.htm,https://www.sec.gov/Archives/edgar/data/1010612/000095014406002231/g00152e10vk.htm,1620598532,18:15:32,20210509
16,2004-12-31,SYKE,USD,2005-03-23 00:00:00,2005-03-22 19:39:57,FY,466713000,0.0,466713000,1.0,0.0,465832000.0,0.0,0.0,454229000.0,454229000,0.0,30237000.0,42721000.0,0.09153591179161498,12484000.0,0.026748772800414815,13308000.0,15861000.0,0.03398448296919092,5047000.0,10814000.0,0.023170556637590982,0.27303254475219024,0.27224208247318865,39607000,39722000,https://www.sec.gov/Archives/edgar/data/1010612/000095014405002959/0000950144-05-002959-index.html,https://www.sec.gov/Archives/edgar/data/1010612/000095014405002959/g93791e10vk.htm,1620598532,18:15:32,20210509
17,2003-12-31,SYKE,USD,2004-03-10 00:00:00,2004-03-10 15:37:43,FY,480359000,309489000.0,170870000,0.35571312289350254,0.0,161743000.0,0.0,0.0,160148000.0,469637000,0.0,30125000.0,40847000.0,0.08503431808293381,10722000.0,0.02232080589725601,3563000.0,13956000.0,0.029053270574715993,4651000.0,9305000.0,0.019370928826148777,0.23089330024813895,0.230088276748844,40300000,40441000,https://www.sec.gov/Archives/edgar/data/1010612/000095014404002242/0000950144-04-002242-index.html,https://www.sec.gov/Archives/edgar/data/1010612/000095014404002242/g87438e10vk.htm,1620598532,18:15:32,20210509
18,2002-12-31,SYKE,USD,2003-03-24 00:00:00,2003-03-24 16:45:31,FY,452737000,0.0,452737000,1.0,0.0,442688000.0,0.0,0.0,444163000.0,444163000,0.0,34338000.0,42912000.0,0.09478350565560137,8574000.0,0.0189381473128991,-34495000.0,-24446000.0,-0.053996028599385515,-5815000.0,-18631000.0,-0.04115192705698894,-0.46,-0.46,40405000,40405000,https://www.sec.gov/Archives/edgar/data/1010612/000095014403003631/0000950144-03-003631-index.html,https://www.sec.gov/Archives/edgar/data/1010612/000095014403003631/g81313e10vk.htm,1620598532,18:15:32,20210509
19,2001-12-31,SYKE,USD,2001-12-31,2001-12-31,FY,496722000,0.0,496722000,1.0,0.0,481987000.0,0.0,0.0,481987000.0,481987000,408000.0,34937000.0,49672000.0,0.09999959736029408,14735000.0,0.029664480333063566,-14957000.0,186000.0,0.0003744549264981217,-223000.0,409000.0,0.0008233981985899557,0.01017843366597815,0.01010675101314619,40183000,40468000,,,1620598532,18:15:32,20210509
20,2000-12-31,SYKE,USD,2001-03-27 00:00:00,2001-03-27 00:00:00,FY,603606000,0.0,603606000,1.0,0.0,585446000.0,0.0,0.0,585446000.0,585446000,2942000.0,36829000.0,54989000.0,0.09110081742063532,18160000.0,0.03008585070393601,53679000.0,68897000.0,0.11414233788265855,21191000.0,45638000.0,0.075608923701885,1.099234067151597,1.0958818585664545,41518000,41645000,https://www.sec.gov/Archives/edgar/data/1010612/000095014401004050/0000950144-01-004050-index.html,https://www.sec.gov/Archives/edgar/data/1010612/000095014401004050/g67861e10-k.txt,1620598532,18:15:32,20210509
21,1999-12-31,SYKE,USD,1999-12-31,1999-12-31,FY,575000000,-35300000.0,610300000,1.061391304347826,0.0,529500000.0,0.0,0.0,564800000.0,529500000,0.0,35300000.0,80800000.0,0.14052173913043478,45500000.0,0.0791304347826087,-5800000.0,35900000.0,0.06243478260869565,13900000.0,22000000.0,0.03826086956521739,0.52,0.51,42044574,42995415,,,1620598532,18:15:32,20210509
22,1998-12-31,SYKE,USD,1998-12-31,1998-12-31,FY,469500000,-21800000.0,491300000,1.0464323748668796,0.0,413000000.0,0.0,0.0,434800000.0,413000000,1000000.0,21800000.0,78300000.0,0.16677316293929711,56500000.0,0.12034078807241747,-25700000.0,29800000.0,0.06347177848775293,21500000.0,8300000.0,0.017678381256656016,0.2011749440824548,0.1962712018714341,41257623,42288425,,,1620598532,18:15:32,20210509
23,1997-12-31,SYKE,USD,1997-12-31,1997-12-31,FY,313200000,182100000.0,131100000,0.4185823754789272,0.0,87700000.0,0.0,0.0,101000000.0,283100000,0.0,13300000.0,43400000.0,0.13856960408684546,30100000.0,0.09610472541507024,-13400000.0,16600000.0,0.05300127713920817,10900000.0,5700000.0,0.018199233716475097,0.15,0.14,38982002,40253046,,,1620598532,18:15:32,20210509
24,1996-12-31,SYKE,USD,1996-12-31,1996-12-31,FY,117000000,60600000.0,56400000,0.48205128205128206,0.0,36000000.0,0.0,0.0,41100000.0,101700000,400000.0,5100000.0,20400000.0,0.17435897435897435,15300000.0,0.13076923076923078,1000000.0,15900000.0,0.1358974358974359,6100000.0,9800000.0,0.08376068376068375,0.326667,0.326667,29936776,29936776,,,1620598532,18:15:32,20210509
25,1995-12-31,SYKE,USD,1995-12-31,1995-12-31,FY,63100000,38000000.0,25100000,0.3977812995245642,0.0,0.0,0.0,0.0,0.0,59800000,700000.0,2800000.0,6100000.0,0.09667194928684628,3300000.0,0.05229793977812995,100000.0,2600000.0,0.04120443740095087,1100000.0,1500000.0,0.02377179080824089,0.09,0.09,16666667,16666667,,,1620598532,18:15:32,20210509
