,date,symbol,reportedCurrency,fillingDate,acceptedDate,period,revenue,costOfRevenue,grossProfit,grossProfitRatio,researchAndDevelopmentExpenses,generalAndAdministrativeExpenses,sellingAndMarketingExpenses,otherExpenses,operatingExpenses,costAndExpenses,interestExpense,depreciationAndAmortization,ebitda,ebitdaratio,operatingIncome,operatingIncomeRatio,totalOtherIncomeExpensesNet,incomeBeforeTax,incomeBeforeTaxRatio,incomeTaxExpense,netIncome,netIncomeRatio,eps,epsdiluted,weightedAverageShsOut,weightedAverageShsOutDil,link,finalLink,timestamp,est_time,est_date
0,2020-10-31,CHG.L,GBP,2020-10-31,2020-10-31,FY,402500000.0,0.0,0.0,0.0,0.0,0.0,0.0,0.0,0.0,0.0,3000000.0,28800000.0,75100000.0,0.186583850931677,46300000.0,0.11503105590062111,0.0,43300000.0,0.1075776397515528,8600000.0,34700000.0,0.0862111801242236,0.12390155513697937,0.12390155513697937,280061053,280061053,https://find-and-update.company-information.service.gov.uk/search/companies?q=Chemring+Group+PLC,https://find-and-update.company-information.service.gov.uk/search/companies?q=Chemring+Group+PLC,1620590234,15:57:14,20210509
1,2019-10-31,CHG.L,GBP,2019-10-31,2019-10-31,FY,335200000.0,0.0,0.0,0.0,0.0,0.0,0.0,0.0,0.0,0.0,4600000.0,29300000.0,60600000.0,0.1807875894988067,31300000.0,0.09337708830548926,0.0,26700000.0,0.07965393794749404,3600000.0,21900000.0,0.06533412887828162,0.078,0.077,280061053,286092818,https://find-and-update.company-information.service.gov.uk/search/companies?q=Chemring+Group+PLC,https://find-and-update.company-information.service.gov.uk/search/companies?q=Chemring+Group+PLC,1620590234,15:57:14,20210509
2,2018-10-31,CHG.L,GBP,2018-10-31,2018-10-31,FY,297400000.0,0.0,0.0,0.0,0.0,0.0,0.0,0.0,0.0,0.0,4800000.0,30600000.0,14700000.0,0.04942837928715535,-15900000.0,-0.05346334902488231,0.0,-22000000.0,-0.07397444519166106,18800000.0,-105800000.0,-0.3557498318762609,-0.37816999749364083,-0.36993871563068276,279768360,285993316,https://find-and-update.company-information.service.gov.uk/search/companies?q=Chemring+Group+PLC,https://find-and-update.company-information.service.gov.uk/search/companies?q=Chemring+Group+PLC,1620590234,15:57:14,20210509
3,2017-10-31,CHG.L,GBP,2017-10-31,2017-10-31,FY,547500000.0,0.0,0.0,0.0,0.0,0.0,0.0,0.0,0.0,0.0,11300000.0,40600000.0,55900000.0,0.10210045662100456,15300000.0,0.027945205479452055,0.0,4000000.0,0.0073059360730593605,900000.0,6600000.0,0.012054794520547946,0.024,0.023,279244616,285023906,https://find-and-update.company-information.service.gov.uk/search/companies?q=Chemring+Group+PLC,https://find-and-update.company-information.service.gov.uk/search/companies?q=Chemring+Group+PLC,1620590234,15:57:14,20210509
4,2016-10-31,CHG.L,GBP,2016-10-31,2016-10-31,FY,477100000.0,353700000.0,123400000.0,0.25864598616642215,0.0,74900000.0,0.0,0.0,89700000.0,443400000.0,11700000.0,14800000.0,48500000.0,0.10165583735066024,33700000.0,0.07063508698386083,0.0,8000000.0,0.016767973171242925,1500000.0,11100000.0,0.02326556277509956,0.04246585297807518,0.041699315164258,261386484,266191422,https://find-and-update.company-information.service.gov.uk/search/companies?q=Chemring+Group+PLC,https://find-and-update.company-information.service.gov.uk/search/companies?q=Chemring+Group+PLC,1620590234,15:57:14,20210509
5,2015-10-31,CHG.L,GBP,2015-10-31,2015-10-31,FY,377300000.0,272500000.0,104800000.0,0.27776305327325734,0.0,70400000.0,0.0,0.0,84400000.0,356900000.0,12500000.0,14000000.0,34400000.0,0.09117413199045853,20400000.0,0.05406838059899284,0.0,-9100000.0,-0.02411873840445269,-3800000.0,-400000.0,-0.0010601643254704478,-0.001752,-0.001752,220673342,220673342,https://find-and-update.company-information.service.gov.uk/search/companies?q=Chemring+Group+PLC,https://find-and-update.company-information.service.gov.uk/search/companies?q=Chemring+Group+PLC,1620590234,15:57:14,20210509
6,2014-10-31,CHG.L,GBP,2014-10-31,2014-10-31,FY,403100000.0,276400000.0,126700000.0,0.31431406598858846,0.0,80000000.0,0.0,0.0,93500000.0,369900000.0,15800000.0,13500000.0,46700000.0,0.11585214586951129,33200000.0,0.08236169684941702,0.0,-5200000.0,-0.012900024807740015,-3800000.0,-54900000.0,-0.13619449268171668,-0.248769,-0.248769,220671919,220671919,https://find-and-update.company-information.service.gov.uk/search/companies?q=Chemring+Group+PLC,https://find-and-update.company-information.service.gov.uk/search/companies?q=Chemring+Group+PLC,1620590234,15:57:14,20210509
7,2013-10-31,CHG.L,GBP,2013-10-31,2013-10-31,FY,624900000.0,438100000.0,186800000.0,0.2989278284525524,0.0,114700000.0,0.0,0.0,133500000.0,571600000.0,17900000.0,18800000.0,72100000.0,0.1153784605536886,53300000.0,0.08529364698351737,0.0,-56600000.0,-0.09057449191870699,-9100000.0,-47500000.0,-0.07601216194591134,-0.215483,-0.215483,220667529,220667529,https://find-and-update.company-information.service.gov.uk/search/companies?q=Chemring+Group+PLC,https://find-and-update.company-information.service.gov.uk/search/companies?q=Chemring+Group+PLC,1620590234,15:57:14,20210509
8,2012-10-31,CHG.L,GBP,2012-10-31,2012-10-31,FY,740300000.0,0.0,740300000.0,1.0,0.0,0.0,0.0,0.0,703300000.0,703300000.0,16600000.0,41400000.0,78400000.0,0.10590301229231393,37000000.0,0.04997973794407672,0.0,18800000.0,0.02539511009050385,5600000.0,15300000.0,0.020667297041739835,0.0692,0.068324,220686000,223520650,https://find-and-update.company-information.service.gov.uk/search/companies?q=Chemring+Group+PLC,https://find-and-update.company-information.service.gov.uk/search/companies?q=Chemring+Group+PLC,1620590234,15:57:14,20210509
9,2011-10-31,CHG.L,GBP,2011-10-31,2011-10-31,FY,745300000.0,523800000.0,221500000.0,0.2971957600966054,47200000.0,0.0,0.0,-200000.0,100800000.0,624600000.0,19300000.0,44100000.0,164800000.0,0.2211190124781967,120700000.0,0.16194820877498994,0.0,90800000.0,0.12183013551589963,16900000.0,73900000.0,0.09915470280423991,0.348626,0.345123,211924039,214209703,https://find-and-update.company-information.service.gov.uk/search/companies?q=Chemring+Group+PLC,https://find-and-update.company-information.service.gov.uk/search/companies?q=Chemring+Group+PLC,1620590234,15:57:14,20210509
10,2010-10-31,CHG.L,GBP,2010-10-31,2010-10-31,FY,597100000.0,386800000.0,210300000.0,0.3522023111706582,26400000.0,0.0,0.0,-200000.0,91600000.0,478400000.0,20100000.0,31000000.0,149700000.0,0.25071177357226593,118700000.0,0.19879417183051415,0.0,89100000.0,0.1492212359738737,22400000.0,66700000.0,0.11170658181209178,0.066222,0.065521,1008065809,1018261701,https://find-and-update.company-information.service.gov.uk/search/companies?q=Chemring+Group+PLC,https://find-and-update.company-information.service.gov.uk/search/companies?q=Chemring+Group+PLC,1620590234,15:57:14,20210509
11,2009-10-31,CHG.L,GBP,2009-10-31,2009-10-31,FY,503900000.0,329900000.0,174000000.0,0.34530660845405836,14100000.0,0.0,0.0,-200000.0,59000000.0,388900000.0,12800000.0,42400000.0,157400000.0,0.3123635641992459,115000000.0,0.22821988489779718,0.0,95800000.0,0.19011708672355626,25700000.0,70100000.0,0.1391149037507442,0.348626,0.345123,201305899,203216765,https://find-and-update.company-information.service.gov.uk/search/companies?q=Chemring+Group+PLC,https://find-and-update.company-information.service.gov.uk/search/companies?q=Chemring+Group+PLC,1620590234,15:57:14,20210509
12,2008-10-31,CHG.L,GBP,2008-10-31,2008-10-31,FY,354200000.0,227100000.0,127100000.0,0.3588368153585545,6700000.0,0.0,10300000.0,-200000.0,47600000.0,274700000.0,12100000.0,16400000.0,95900000.0,0.2707509881422925,79500000.0,0.22444946357989837,0.0,57700000.0,0.16290231507622813,16500000.0,41200000.0,0.1163184641445511,0.2164921297833115,0.21536545767015453,190307149,191302730,https://find-and-update.company-information.service.gov.uk/search/companies?q=Chemring+Group+PLC,https://find-and-update.company-information.service.gov.uk/search/companies?q=Chemring+Group+PLC,1620590234,15:57:14,20210509
13,2007-10-31,CHG.L,GBP,2007-10-31,2007-10-31,FY,254700000.0,162400000.0,92300000.0,0.3623871221044366,6700000.0,0.0,3800000.0,-200000.0,34200000.0,196600000.0,8300000.0,10800000.0,68900000.0,0.27051433058500196,58100000.0,0.2281115037298783,0.0,49800000.0,0.1955241460541814,15900000.0,32100000.0,0.12603062426383982,0.173437,0.171685,185342494,186529781,https://find-and-update.company-information.service.gov.uk/search/companies?q=Chemring+Group+PLC,https://find-and-update.company-information.service.gov.uk/search/companies?q=Chemring+Group+PLC,1620590234,15:57:14,20210509
14,2006-10-31,CHG.L,GBP,2006-10-31,2006-10-31,FY,187700000.0,122600000.0,65100000.0,0.3468300479488546,5300000.0,0.0,3100000.0,-200000.0,21600000.0,144200000.0,5800000.0,6400000.0,49900000.0,0.2658497602557272,43500000.0,0.23175279701651572,0.0,31800000.0,0.16941928609483217,9900000.0,13800000.0,0.07352157698454981,0.07768921644964447,0.07718324296312823,177630830,178795286,https://find-and-update.company-information.service.gov.uk/search/companies?q=Chemring+Group+PLC,https://find-and-update.company-information.service.gov.uk/search/companies?q=Chemring+Group+PLC,1620590234,15:57:14,20210509
15,2005-10-31,CHG.L,GBP,2005-10-31,2005-10-31,FY,120963000.0,0.0,0.0,0.0,4188000.0,0.0,0.0,-260000.0,95047000.0,95047000.0,3822000.0,4364000.0,30280000.0,0.2503244793862586,25916000.0,0.21424733182874103,0.0,19216000.0,0.1588584939196283,5657000.0,8756000.0,0.07238577085555087,0.052837,0.052539,165963443,166676958,https://find-and-update.company-information.service.gov.uk/search/companies?q=Chemring+Group+PLC,https://find-and-update.company-information.service.gov.uk/search/companies?q=Chemring+Group+PLC,1620590234,15:57:14,20210509
16,2004-10-31,CHG.L,GBP,2004-10-31,2004-10-31,FY,125580000.0,92178000.0,33402000.0,0.2659818442427138,6030000.0,0.0,0.0,2771000.0,15657000.0,107835000.0,3073000.0,4784000.0,22529000.0,0.17939958592132504,17745000.0,0.14130434782608695,0.0,13315000.0,0.10602802994107342,3822000.0,9508000.0,0.07571269310399745,0.058373,0.058058,162801147,163768127,https://find-and-update.company-information.service.gov.uk/search/companies?q=Chemring+Group+PLC,https://find-and-update.company-information.service.gov.uk/search/companies?q=Chemring+Group+PLC,1620590234,15:57:14,20210509
17,2003-10-31,CHG.L,GBP,2003-10-31,2003-10-31,FY,118410000.0,0.0,0.0,0.0,4742000.0,0.0,0.0,3077000.0,105673000.0,105673000.0,3433000.0,4505000.0,17242000.0,0.1456127016299299,12737000.0,0.10756692846887932,0.0,11844000.0,0.10002533569799849,3500000.0,8367000.0,0.07066126171776033,0.053398,0.052644,156607843,158934437,https://find-and-update.company-information.service.gov.uk/search/companies?q=Chemring+Group+PLC,https://find-and-update.company-information.service.gov.uk/search/companies?q=Chemring+Group+PLC,1620590234,15:57:14,20210509
18,2002-10-31,CHG.L,GBP,2002-10-31,2002-10-31,FY,96327000.0,0.0,0.0,0.0,4550000.0,0.0,0.0,3308000.0,90417000.0,90417000.0,3486000.0,3631000.0,9541000.0,0.09904803429983286,5910000.0,0.06135351459092466,0.0,5416000.0,0.056225149750329606,1605000.0,3840000.0,0.03986421252608303,0.024807,0.024719,154798370,155344873,https://find-and-update.company-information.service.gov.uk/search/companies?q=Chemring+Group+PLC,https://find-and-update.company-information.service.gov.uk/search/companies?q=Chemring+Group+PLC,1620590234,15:57:14,20210509
19,2001-10-31,CHG.L,GBP,2001-10-31,2001-10-31,FY,95245000.0,0.0,0.0,0.0,5038000.0,0.0,0.0,0.0,83643000.0,83643000.0,2984000.0,2836000.0,14438000.0,0.15158800986928447,11602000.0,0.1218121686177752,0.0,9399000.0,0.09868234552994908,2652000.0,6722000.0,0.07057588324846449,0.046776,0.0466,143502011,144061406,https://find-and-update.company-information.service.gov.uk/search/companies?q=Chemring+Group+PLC,https://find-and-update.company-information.service.gov.uk/search/companies?q=Chemring+Group+PLC,1620590234,15:57:14,20210509
20,2000-10-31,CHG.L,GBP,2000-10-31,2000-10-31,FY,67169000.0,0.0,0.0,0.0,2622000.0,0.0,0.0,0.0,58431000.0,58431000.0,1709000.0,1694000.0,10432000.0,0.15530974110080542,8738000.0,0.13008977355625362,0.0,7127000.0,0.10610549509446322,1866000.0,5261000.0,0.07832482246274323,0.038542,0.03714,136155667,141595500,https://find-and-update.company-information.service.gov.uk/search/companies?q=Chemring+Group+PLC,https://find-and-update.company-information.service.gov.uk/search/companies?q=Chemring+Group+PLC,1620590234,15:57:14,20210509
21,1999-10-31,CHG.L,GBP,1999-10-31,1999-10-31,FY,65398000.0,0.0,0.0,0.0,2801000.0,0.0,0.0,0.0,57296000.0,57296000.0,1979000.0,2560000.0,10662000.0,0.16303250863940794,8102000.0,0.12388758065995902,0.0,4306000.0,0.06584299214043243,871000.0,3435000.0,0.05252454203492461,0.025402,0.024526,135219536,140088558,https://find-and-update.company-information.service.gov.uk/search/companies?q=Chemring+Group+PLC,https://find-and-update.company-information.service.gov.uk/search/companies?q=Chemring+Group+PLC,1620590234,15:57:14,20210509
22,1998-10-31,CHG.L,GBP,1998-10-31,1998-10-31,FY,0.0,0.0,0.0,0.0,0.0,0.0,0.0,0.0,0.0,0.0,0.0,0.0,0.0,0.0,0.0,0.0,0.0,0.0,0.0,0.0,0.0,0.0,0.0,0.0,280061053,280061053,https://find-and-update.company-information.service.gov.uk/search/companies?q=Chemring+Group+PLC,https://find-and-update.company-information.service.gov.uk/search/companies?q=Chemring+Group+PLC,1620590234,15:57:14,20210509
23,1997-09-30,CHG.L,GBP,1997-09-30,1997-09-30,FY,64653000.0,0.0,0.0,0.0,1935000.0,0.0,0.0,0.0,46034000.0,46034000.0,1572000.0,2319000.0,20938000.0,0.3238519480921226,18619000.0,0.2879835429137086,0.0,-24022000.0,-0.37155275083909484,-2250000.0,-21772000.0,-0.3367515815198057,-0.16123684866593171,-0.15852946403192036,135031168,137337246,https://find-and-update.company-information.service.gov.uk/search/companies?q=Chemring+Group+PLC,https://find-and-update.company-information.service.gov.uk/search/companies?q=Chemring+Group+PLC,1620590234,15:57:14,20210509
24,1996-09-30,CHG.L,GBP,1996-09-30,1996-09-30,FY,80382000.0,0.0,0.0,0.0,1858000.0,0.0,0.0,0.0,69056000.0,69056000.0,1210000.0,2500000.0,13826000.0,0.17200368241646138,11326000.0,0.14090219203304222,0.0,8107000.0,0.1008559130153517,2785000.0,5322000.0,0.06620885272822273,0.039593,0.039067,134551686,137993680,https://find-and-update.company-information.service.gov.uk/search/companies?q=Chemring+Group+PLC,https://find-and-update.company-information.service.gov.uk/search/companies?q=Chemring+Group+PLC,1620590234,15:57:14,20210509
25,1995-09-30,CHG.L,GBP,1995-09-30,1995-09-30,FY,71112000.0,0.0,0.0,0.0,1406000.0,0.0,0.0,0.0,61990000.0,61990000.0,623000.0,2282000.0,11404000.0,0.1603667454156823,9122000.0,0.1282765215434807,0.0,8610000.0,0.12107661154235572,2983000.0,5627000.0,0.07912869839127011,0.042396,0.042045,132394019,135562023,https://find-and-update.company-information.service.gov.uk/search/companies?q=Chemring+Group+PLC,https://find-and-update.company-information.service.gov.uk/search/companies?q=Chemring+Group+PLC,1620590234,15:57:14,20210509
26,1994-09-30,CHG.L,GBP,1994-09-30,1994-09-30,FY,53130000.0,0.0,0.0,0.0,1451000.0,0.0,0.0,0.0,46212000.0,46212000.0,120000.0,1393000.0,8311000.0,0.1564276303406738,6918000.0,0.13020892151326935,0.0,6487000.0,0.12209674383587427,2286000.0,4201000.0,0.07907020515716168,0.037315,0.036615,112489822,116205805,https://find-and-update.company-information.service.gov.uk/search/companies?q=Chemring+Group+PLC,https://find-and-update.company-information.service.gov.uk/search/companies?q=Chemring+Group+PLC,1620590234,15:57:14,20210509
27,1993-09-30,CHG.L,GBP,1993-09-30,1993-09-30,FY,39421000.0,0.0,0.0,0.0,1287000.0,0.0,0.0,0.0,33644000.0,33644000.0,43000.0,1077000.0,6854000.0,0.17386672078333884,5777000.0,0.14654625707110425,0.0,5705000.0,0.14471981938560666,1945000.0,3760000.0,0.0953806346870957,0.03373,0.032857,111238128,116359167,https://find-and-update.company-information.service.gov.uk/search/companies?q=Chemring+Group+PLC,https://find-and-update.company-information.service.gov.uk/search/companies?q=Chemring+Group+PLC,1620590234,15:57:14,20210509
28,1992-09-30,CHG.L,GBP,1992-09-30,1992-09-30,FY,37922000.0,0.0,0.0,0.0,1141000.0,0.0,0.0,0.0,33071000.0,33071000.0,70000.0,931000.0,5782000.0,0.1524708612414957,4851000.0,0.12792046832972945,0.0,5212000.0,0.1374400084383735,1775000.0,3395000.0,0.08952586888877169,0.034779,0.03006,97431348,115947195,https://find-and-update.company-information.service.gov.uk/search/companies?q=Chemring+Group+PLC,https://find-and-update.company-information.service.gov.uk/search/companies?q=Chemring+Group+PLC,1620590234,15:57:14,20210509
29,1991-09-30,CHG.L,GBP,1991-09-30,1991-09-30,FY,34514000.0,0.0,0.0,0.0,1035000.0,0.0,0.0,0.0,34514000.0,34514000.0,27000.0,669000.0,5411000.0,0.1567769600741728,0.0,0.13661123022541577,0.0,4715000.0,0.13661123022541577,1367000.0,3329000.0,0.0964536130265979,0.040437,0.040437,82325713,82325713,https://find-and-update.company-information.service.gov.uk/search/companies?q=Chemring+Group+PLC,https://find-and-update.company-information.service.gov.uk/search/companies?q=Chemring+Group+PLC,1620590234,15:57:14,20210509
30,1990-09-30,CHG.L,GBP,1990-09-30,1990-09-30,FY,28154000.0,0.0,0.0,0.0,728000.0,0.0,0.0,0.0,28018000.0,28018000.0,22000.0,569000.0,705000.0,0.025040846771329117,136000.0,0.0048305746963131346,0.0,3969000.0,0.14097463948284436,1637000.0,2313000.0,0.08215528876891383,0.029259,0.029259,79052825,79052825,https://find-and-update.company-information.service.gov.uk/search/companies?q=Chemring+Group+PLC,https://find-and-update.company-information.service.gov.uk/search/companies?q=Chemring+Group+PLC,1620590234,15:57:14,20210509
31,1989-09-30,CHG.L,GBP,1989-09-30,1989-09-30,FY,28882000.0,0.0,0.0,0.0,970000.0,0.0,0.0,0.0,28882000.0,28882000.0,7000.0,622000.0,5334000.0,0.18468250121182744,0.0,0.1629042310089329,0.0,4705000.0,0.1629042310089329,1738000.0,2935000.0,0.10162038639983381,0.039567,0.039567,74177824,74177824,https://find-and-update.company-information.service.gov.uk/search/companies?q=Chemring+Group+PLC,https://find-and-update.company-information.service.gov.uk/search/companies?q=Chemring+Group+PLC,1620590234,15:57:14,20210509
32,1988-09-30,CHG.L,GBP,1988-09-30,1988-09-30,FY,22097000.0,0.0,0.0,0.0,605000.0,0.0,0.0,0.0,22097000.0,22097000.0,0.0,640000.0,640000.0,0.028963207675250034,0.0,0.19265058605240531,0.0,4257000.0,0.19265058605240531,1554000.0,2678000.0,0.12119292211612435,0.010157,0.010157,263662000,263662000,https://find-and-update.company-information.service.gov.uk/search/companies?q=Chemring+Group+PLC,https://find-and-update.company-information.service.gov.uk/search/companies?q=Chemring+Group+PLC,1620590234,15:57:14,20210509
33,1987-09-30,CHG.L,GBP,1987-09-30,1987-09-30,FY,21529000.0,0.0,0.0,0.0,845000.0,0.0,0.0,0.0,21529000.0,21529000.0,0.0,677000.0,677000.0,0.031445956616656605,0.0,0.17887500580612198,0.0,3851000.0,0.17887500580612198,1377000.0,2453000.0,0.1139393376376051,0.009296,0.009296,263890873,263890873,https://find-and-update.company-information.service.gov.uk/search/companies?q=Chemring+Group+PLC,https://find-and-update.company-information.service.gov.uk/search/companies?q=Chemring+Group+PLC,1620590234,15:57:14,20210509
34,1986-09-30,CHG.L,GBP,1986-09-30,1986-09-30,FY,18995000.0,0.0,0.0,0.0,0.0,0.0,0.0,0.0,18316000.0,18316000.0,0.0,504000.0,1183000.0,0.062279547249276125,679000.0,0.03574624901289813,0.0,3053000.0,0.16072650697551988,1138000.0,1904000.0,0.10023690444853908,0.007209,0.007209,264119746,264119746,https://find-and-update.company-information.service.gov.uk/search/companies?q=Chemring+Group+PLC,https://find-and-update.company-information.service.gov.uk/search/companies?q=Chemring+Group+PLC,1620590234,15:57:14,20210509
35,1985-09-30,CHG.L,GBP,1985-09-30,1985-09-30,FY,8281000.0,0.0,0.0,0.0,0.0,0.0,0.0,0.0,8281000.0,8281000.0,0.0,0.0,0.0,0.0,0.0,0.19707764762709817,0.0,1632000.0,0.19707764762709817,0.0,0.0,0.0,0.0,0.0,280061053,280061053,https://find-and-update.company-information.service.gov.uk/search/companies?q=Chemring+Group+PLC,https://find-and-update.company-information.service.gov.uk/search/companies?q=Chemring+Group+PLC,1620590234,15:57:14,20210509
