,date,symbol,reportedCurrency,fillingDate,acceptedDate,period,revenue,costOfRevenue,grossProfit,grossProfitRatio,researchAndDevelopmentExpenses,generalAndAdministrativeExpenses,sellingAndMarketingExpenses,otherExpenses,operatingExpenses,costAndExpenses,interestExpense,depreciationAndAmortization,ebitda,ebitdaratio,operatingIncome,operatingIncomeRatio,totalOtherIncomeExpensesNet,incomeBeforeTax,incomeBeforeTaxRatio,incomeTaxExpense,netIncome,netIncomeRatio,eps,epsdiluted,weightedAverageShsOut,weightedAverageShsOutDil,link,finalLink,timestamp,est_time,est_date
0,2020-12-31,QDEL,USD,2021-02-19,2021-02-18 18:16:06,FY,1661668000,312813000,1348855000,0.811747593382071,84292000.0,66586000,133957000.0,3694000.0,284835000.0,597648000,9623000.0,49089000.0,1113109000.0,0.669874487563099,1064020000.0,0.640332485189581,-14078000.0,1040319000.0,0.626069106464107,230032000.0,810287000.0,0.487634714034332,19.24,18.6,42124000,42124000,https://www.sec.gov/Archives/edgar/data/353569/000035356921000028/0000353569-21-000028-index.htm,https://www.sec.gov/Archives/edgar/data/353569/000035356921000028/qdel-20201231.htm,1620596978,17:49:38,20210509
1,2019-12-31,QDEL,USD,2020-02-13,2020-02-13,FY,534890000,214085000,320805000,0.5997588289180953,52553000.0,163869000,111114000.0,0.0,0.0,430507000,14790000.0,51791000.0,156174000.0,0.29197405073940436,104383000.0,0.1951485352128475,-12415000.0,77178000.0,0.14428761053674588,4257000.0,72921000.0,0.1363289648338911,1.78,1.73,40860000,43111000,https://www.sec.gov/Archives/edgar/data/353569/000035356920000018/0000353569-20-000018-index.htm,https://www.sec.gov/ix?doc=/Archives/edgar/data/353569/000035356920000018/qdel-12312019x10k.htm,1620596978,17:49:38,20210509
2,2018-12-31,QDEL,USD,2019-02-15,2019-02-15,FY,522285000,206572000,315713000,0.6044841417999751,51649000.0,153938000,108987000.0,0.0,0.0,412159000,24283000.0,46266000.0,156392000.0,0.2994380462774156,110126000.0,0.21085422709823182,-22459000.0,63384000.0,0.12135902811683276,-10799000.0,74183000.0,0.1420354787137291,1.95,1.86,37995000,42554000,https://www.sec.gov/Archives/edgar/data/353569/000035356919000013/0000353569-19-000013-index.htm,https://www.sec.gov/Archives/edgar/data/353569/000035356919000013/qdel-12312018x10k.htm,1620596978,17:49:38,20210509
3,2017-12-31,QDEL,USD,2018-02-27,2018-02-27,FY,277743000,121601000,156142000,0.5621815851344588,33644000.0,96440000,67248000.0,0.0,0.0,251685000,17588000.0,30762000.0,56820000.0,0.20457761311716227,26058000.0,0.09382054633240082,-16506000.0,-8036000.0,-0.02893322243944942,129000.0,-8165000.0,-0.029397680589609818,-0.24,-0.24,33734000,33734000,https://www.sec.gov/Archives/edgar/data/353569/000035356918000021/0000353569-18-000021-index.htm,https://www.sec.gov/Archives/edgar/data/353569/000035356918000021/qdel-12312017x10k.htm,1620596978,17:49:38,20210509
4,2016-12-31,QDEL,USD,2016-12-31,2016-12-31,FY,191603000,73414000,118189000,0.6168431600757817,38672000.0,74883000,47821000.0,0.0,0.0,196042000,11760000.0,9073000.0,4634000.0,0.02418542507163249,-4439000.0,-0.023167695704138243,0.0,-16199000.0,-0.08454460525148354,-2391000.0,-13808000.0,-0.07206567746851562,-0.42,-0.42,32708000,32708000,,,1620596978,17:49:38,20210509
5,2015-12-31,QDEL,USD,2015-12-31,2015-12-31,FY,196129000,71688000,124441000,0.6344854661982675,35514000.0,77333000,47886000.0,0.0,0.0,193391000,12035000.0,8856000.0,11594000.0,0.05911415445956488,2738000.0,0.013960199664506524,0.0,-9297000.0,-0.04740247490172284,-3218000.0,-6079000.0,-0.030994906413635923,-0.18,-0.18,34104000,34104000,,,1620596978,17:49:38,20210509
6,2014-12-31,QDEL,USD,2015-02-24,2015-02-24,FY,182615000,74180000,108435000,0.5937902143854558,37913000.0,67344000,41533000.0,0.0,0.0,188265000,1775000.0,8828000.0,3178000.0,0.017402732524710456,-5650000.0,-0.03093940804424609,-3558000.0,-10983000.0,-0.060142923637160145,-3909000.0,-7074000.0,-0.03873723407168086,-0.21,-0.21,34451000,34451000,https://www.sec.gov/Archives/edgar/data/353569/000035356915000010/0000353569-15-000010-index.htm,https://www.sec.gov/Archives/edgar/data/353569/000035356915000010/qdel-12302014x10k.htm,1620596978,17:49:38,20210509
7,2013-12-31,QDEL,USD,2014-02-27,2014-02-27,FY,175410000,66976000,108434000,0.61817456245368,34186000.0,60087000,33829000.0,31000.0,0.0,169420000,777000.0,8171000.0,14161000.0,0.08073085913003819,5990000.0,0.03414856621629325,-1794000.0,3434000.0,0.019576991049541075,-3956000.0,7390000.0,0.04212986716834844,0.22,0.21,33836000,34947000,https://www.sec.gov/Archives/edgar/data/353569/000119312514073364/0001193125-14-073364-index.htm,https://www.sec.gov/Archives/edgar/data/353569/000119312514073364/d649166d10k.htm,1620596978,17:49:38,20210509
8,2012-12-31,QDEL,USD,2013-02-22,2013-02-22,FY,155741000,61285000,94456000,0.6064941152297725,27716000.0,50959000,30319000.0,-30000.0,0.0,146895000,1246000.0,6935000.0,15781000.0,0.10132848768147117,8846000.0,0.05679942982259007,-30000.0,7611000.0,0.04886959760114549,2618000.0,4993000.0,0.032059637475038684,0.15,0.15,33068000,33702000,https://www.sec.gov/Archives/edgar/data/353569/000119312513071645/0001193125-13-071645-index.htm,https://www.sec.gov/Archives/edgar/data/353569/000119312513071645/d444100d10k.htm,1620596978,17:49:38,20210509
9,2011-12-31,QDEL,USD,2011-12-31,2011-12-31,FY,158603000,62865000,95738000,0.6036329703725655,26325000.0,48549000,25751000.0,0.0,0.0,144863000,2083000.0,7124000.0,20864000.0,0.13154858357029817,13740000.0,0.08663140041487236,-376000.0,11484000.0,0.07240720541225576,3851000.0,7633000.0,0.048126454102381415,0.23,0.23,32903000,33320000,,,1620596978,17:49:38,20210509
10,2010-12-31,QDEL,USD,2010-12-31,2010-12-31,FY,113339000,52607000,60732000,0.5358437960454918,24571000.0,42443000,23972000.0,0.0,0.0,126352000,2345000.0,6731000.0,-6282000.0,-0.05542664043268425,-13013000.0,-0.11481484749291947,-2276000.0,-17420000.0,-0.15369819744306903,-6149000.0,-11271000.0,-0.09944502774861257,-0.39,-0.39,28582000,28582000,,,1620596978,17:49:38,20210509
11,2009-12-31,QDEL,USD,2009-12-31,2009-12-31,FY,164282000,55218000,109064000,0.6638828356119356,12526000.0,40130000,23347000.0,0.0,0.0,109238000,767000.0,1364000.0,56408000.0,0.3433608064182321,55044000.0,0.33505801000718277,-2500000.0,52149000.0,0.31743587246320354,19266000.0,32883000.0,0.20016191670420375,1.1,1.08,29964000,30418000,,,1620596978,17:49:38,20210509
12,2008-12-31,QDEL,USD,2008-12-31,2008-12-31,FY,128132000,50206000,77926000,0.6081696999968782,11147000.0,33684000,20898000.0,0.0,0.0,99513000,671000.0,4476000.0,33095000.0,0.25828832766209847,28619000.0,0.223355602035401,135000.0,29769000.0,0.23233072144351138,10921000.0,18848000.0,0.1470983048730996,0.59,0.58,31853000,32612000,,,1620596978,17:49:38,20210509
13,2007-12-31,QDEL,USD,2007-12-31,2007-12-31,FY,118065000,48573000,69492000,0.5885910303646297,12855000.0,31658000,0.0,0.0,0.0,98579000,0.0,5493000.0,24979000.0,0.21156989793757675,19486000.0,0.16504467877863888,-117000.0,20524000.0,0.17383644602549442,6893000.0,13631000.0,0.11545335196713674,0.43,0.41,32028000,32996000,,,1620596978,17:49:38,20210509
14,2006-12-31,QDEL,USD,2006-12-31,2006-12-31,FY,106015000,44818000,61197000,0.577248502570391,13047000.0,29736000,0.0,0.0,0.0,92181000,0.0,4580000.0,18414000.0,0.17369240201858227,13834000.0,0.1304909682592086,545000.0,15030000.0,0.14177239069942932,-5891000.0,21718000.0,0.20485780314106494,0.66,0.63,32985000,34367000,,,1620596978,17:49:38,20210509
15,2005-12-31,QDEL,USD,2005-12-31,2005-12-31,FY,92299000,37101000,55198000,0.5980346482627114,12829000.0,29183000,0.0,0.0,0.0,97589000,0.0,1476000.0,-3814000.0,-0.04132222450947464,-5290000.0,-0.0573137303762771,-16951000.0,-5327000.0,-0.05771460145830399,3000000.0,-9259000.0,-0.10031527968883737,-0.28,-0.28,32525000,32525000,,,1620596978,17:49:38,20210509
16,2004-12-31,QDEL,USD,2004-12-31,2004-12-31,FY,78691000,35234000,43457000,0.5522486688439593,11340000.0,28842000,0.0,0.0,0.0,76875000,0.0,1459000.0,3275000.0,0.04161848241857392,1816000.0,0.023077607350268772,654000.0,1584000.0,0.02012936676367056,0.0,-6287000.0,-0.079894778310099,-0.2,-0.2,31487000,32386000,,,1620596978,17:49:38,20210509
17,2003-12-31,QDEL,USD,2003-12-31,2003-12-31,FY,95105000,42812000,52293000,0.5498449082592923,8465000.0,28505000,0.0,0.0,0.0,81839000,0.0,2057000.0,15323000.0,0.161116660533095,13266000.0,0.13948793438830767,-1787000.0,10499000.0,0.11039377530098313,-9152000.0,19651000.0,0.2066242573997161,0.67,0.65,29177000,30374000,,,1620596978,17:49:38,20210509
18,2002-12-31,QDEL,USD,2002-12-31,2002-12-31,FY,76273000,38267000,38006000,0.49828904068281044,6748000.0,25847000,0.0,0.0,0.0,72807000,0.0,1945000.0,5411000.0,0.07094253536638129,3466000.0,0.04544203060060572,1985000.0,2841000.0,0.0372477809972074,1550000.0,1291000.0,0.016926041980779568,0.04,0.04,28824000,29629000,,,1620596978,17:49:38,20210509
