,date,symbol,reportedCurrency,fillingDate,acceptedDate,period,revenue,costOfRevenue,grossProfit,grossProfitRatio,researchAndDevelopmentExpenses,generalAndAdministrativeExpenses,sellingAndMarketingExpenses,otherExpenses,operatingExpenses,costAndExpenses,interestExpense,depreciationAndAmortization,ebitda,ebitdaratio,operatingIncome,operatingIncomeRatio,totalOtherIncomeExpensesNet,incomeBeforeTax,incomeBeforeTaxRatio,incomeTaxExpense,netIncome,netIncomeRatio,eps,epsdiluted,weightedAverageShsOut,weightedAverageShsOutDil,link,finalLink,timestamp,est_time,est_date
0,2020-12-31,0635.HK,HKD,2020-12-31,2020-12-31,FY,536320000,165611000,370709000,0.6912086068019093,0.0,140632000,88743000,4661000.0,0.0,370878000,17489000.0,15116000.0,180558000.0,0.33666094868735086,165442000,0.30847628281622913,0.0,-481791000.0,-0.8983274910501193,40697000.0,-507600000.0,-0.9464498806682577,-0.24617032018145604,-0.24617032018145604,2061987000,2061987000,https://www1.hkexnews.hk/search/titlesearch.xhtml,https://www1.hkexnews.hk/search/titlesearch.xhtml,1620584832,14:27:12,20210509
1,2019-12-31,0635.HK,HKD,2019-12-31,2019-12-31,FY,622566000,196028000,426538000,0.685128966246149,0.0,162749000,100041000,8955000.0,0.0,458818000,21613000.0,19542000.0,183290000.0,0.29441055245548264,163748000,0.2630211094084804,0.0,446822000.0,0.7177102508007183,49423000.0,416717000.0,0.6693539319525962,0.2021,0.2021,2061987000,2061987000,https://www1.hkexnews.hk/search/titlesearch.xhtml,https://www1.hkexnews.hk/search/titlesearch.xhtml,1620584832,14:27:12,20210509
2,2018-12-31,0635.HK,HKD,2018-12-31,2018-12-31,FY,733559000,244715000,488844000,0.6664003849724426,0.0,169293000,136721000,46734000.0,0.0,550729000,17157000.0,17904000.0,200734000.0,0.27364397410433244,182830000,0.24923693936002422,0.0,552586000.0,0.7532945543575909,32038000.0,520625000.0,0.7097247801472002,0.2574,0.2574,2022276000,2022276000,https://www1.hkexnews.hk/search/titlesearch.xhtml,https://www1.hkexnews.hk/search/titlesearch.xhtml,1620584832,14:27:12,20210509
3,2017-12-31,0635.HK,HKD,2017-12-31,2017-12-31,FY,1009261000,367224000,642037000,0.636145655088228,0.0,160097000,217973000,5032000.0,0.0,745294000,12309000.0,18553000.0,282520000.0,0.2799275905836052,263967000,0.2615448332988196,0.0,372119000.0,0.3687044282896099,61932000.0,282196000.0,0.27960656361436736,0.1354,0.1354,2084891000,2084891000,https://www1.hkexnews.hk/search/titlesearch.xhtml,https://www1.hkexnews.hk/search/titlesearch.xhtml,1620584832,14:27:12,20210509
4,2016-12-31,0635.HK,HKD,2016-12-31,2016-12-31,FY,1250726000,417997000,832729000,0.6657965053896697,0.0,182475000,288871000,-1959000.0,0.0,889343000,10528000.0,13176000.0,374559000.0,0.2994732659271495,361383000,0.28893858447013976,0.0,43239000.0,0.034571121092869264,95727000.0,-110132000.0,-0.08805445797081056,-0.051,-0.051,2161580000,2161580000,https://www1.hkexnews.hk/search/titlesearch.xhtml,https://www1.hkexnews.hk/search/titlesearch.xhtml,1620584832,14:27:12,20210509
5,2015-12-31,0635.HK,HKD,2015-12-31,2015-12-31,FY,1791204000,616571000,1174633000,0.6557784596282724,0.0,198117000,415469000,-241000.0,0.0,1230157000,10120000.0,13844000.0,574891000.0,0.32095227567602574,561047000,0.31322339610675276,0.0,702135000.0,0.39199052704214593,147840000.0,413718000.0,0.23097201658772534,0.184,0.184,2254180000,2254180000,https://www1.hkexnews.hk/search/titlesearch.xhtml,https://www1.hkexnews.hk/search/titlesearch.xhtml,1620584832,14:27:12,20210509
6,2014-12-31,0635.HK,HKD,2014-12-31,2014-12-31,FY,2397522000,845815000,1551707000,0.6472128305809082,0.0,230706000,529438000,-24142000.0,0.0,1605959000,8828000.0,12819000.0,804382000.0,0.3355055761740664,791563000,0.33015880563348327,0.0,1182938000.0,0.4934002691111906,169090000.0,757665000.0,0.3160200406920145,0.33044250026167965,0.3304093567251462,2292880000,2293110000,https://www1.hkexnews.hk/search/titlesearch.xhtml,https://www1.hkexnews.hk/search/titlesearch.xhtml,1620584832,14:27:12,20210509
7,2013-12-31,0635.HK,HKD,2013-12-31,2013-12-31,FY,1880818000,637585000,1243233000,0.66100654077109,0.0,200753000,371275000,17695000.0,0.0,1209613000,9492000.0,11369000.0,682574000.0,0.3629133706716971,671205000,0.3568686603382145,0.0,1433375000.0,0.7621019152305007,26295000.0,1177727000.0,0.6261780778363457,0.502,0.502,2347260000,2347260000,https://www1.hkexnews.hk/search/titlesearch.xhtml,https://www1.hkexnews.hk/search/titlesearch.xhtml,1620584832,14:27:12,20210509
8,2012-12-31,0635.HK,HKD,2012-12-31,2012-12-31,FY,490399000,168002000,322397000,0.6574177353542727,0.0,116216000,95322000,1568000.0,0.0,379540000,9862000.0,8973000.0,119832000.0,0.24435612633794115,110859000,0.22605878070713847,0.0,1195730000.0,2.438279849673429,6345000.0,1170133000.0,2.3860835768425304,0.4846354878523562,0.4846214377125155,2414460000,2414530000,https://www1.hkexnews.hk/search/titlesearch.xhtml,https://www1.hkexnews.hk/search/titlesearch.xhtml,1620584832,14:27:12,20210509
9,2011-12-31,0635.HK,HKD,2011-12-31,2011-12-31,FY,163077000,51968000,111109000,0.6813284522035603,0.0,119634000,27074000,1503000.0,0.0,198676000,8490000.0,10114000.0,-25485000.0,-0.15627586968119356,-35599000,-0.2182956517473341,0.0,695171000.0,4.262839026962723,7240000.0,732525000.0,4.491896466086573,0.291,0.291,2515330000,2515330000,https://www1.hkexnews.hk/search/titlesearch.xhtml,https://www1.hkexnews.hk/search/titlesearch.xhtml,1620584832,14:27:12,20210509
10,2010-12-31,0635.HK,HKD,2010-12-31,2010-12-31,FY,263725000,103800000,159925000,0.6064081903497962,0.0,150830000,62402000,203000.0,0.0,-35975000,0.0,11207000.0,310907000.0,1.1789060574462034,299700000,1.1364110342212532,0.0,290650000.0,1.1020949853066642,62975000.0,275001000.0,1.0427566593989952,0.112,0.104,2447110000,2632430000,https://www1.hkexnews.hk/search/titlesearch.xhtml,https://www1.hkexnews.hk/search/titlesearch.xhtml,1620584832,14:27:12,20210509
11,2009-12-31,0635.HK,HKD,2009-12-31,2009-12-31,FY,740635000,359435000,381200000,0.5146934724931984,0.0,126276000,236321000,-3692000.0,0.0,439374000,9317000.0,0.0,297569000.0,0.4017755034531179,301261000,0.40676041504924826,0.0,288252000.0,0.3891957576944109,88034000.0,239408000.0,0.32324694350118477,0.109,0.104,2205570000,2298650000,https://www1.hkexnews.hk/search/titlesearch.xhtml,https://www1.hkexnews.hk/search/titlesearch.xhtml,1620584832,14:27:12,20210509
12,2008-12-31,0635.HK,HKD,2008-12-31,2008-12-31,FY,801739000,450710000,351029000,0.4378345072398873,0.0,170546000,271966000,12537000.0,0.0,893222000,11350000.0,8212000.0,-83271000.0,-0.10386297785189444,-91483000,-0.11410571270700315,-411746000.0,-514579000.0,-0.6418285751348007,27480000.0,-454773000.0,-0.5672332267733016,-0.204,-0.204,2232390000,2232390000,https://www1.hkexnews.hk/search/titlesearch.xhtml,https://www1.hkexnews.hk/search/titlesearch.xhtml,1620584832,14:27:12,20210509
13,2007-12-31,0635.HK,HKD,2007-12-31,2007-12-31,FY,996049000,519888000,476161000,0.4780497746596804,0.0,258426000,245976000,15906000.0,0.0,1024290000,10440000.0,8196000.0,-20045000.0,-0.020124511946701416,-28241000,-0.028353022793055363,385307000.0,346626000.0,0.34800095176040535,30340000.0,315853000.0,0.3171058853530298,0.15,0.149,2108424000,2122143000,https://www1.hkexnews.hk/search/titlesearch.xhtml,https://www1.hkexnews.hk/search/titlesearch.xhtml,1620584832,14:27:12,20210509
14,2006-12-31,0635.HK,HKD,2006-12-31,2006-12-31,FY,1171852000,586826000,585026000,0.4992319849264242,0.0,258568000,296536000,13073000.0,0.0,1141930000,7324000.0,7554000.0,37476000.0,0.031980147663698145,29922000,0.02553394114615156,292124000.0,314722000.0,0.26856804442881865,54353000.0,260369000.0,0.22218590743540995,0.1393,0.1382,1869407000,1883882000,https://www1.hkexnews.hk/search/titlesearch.xhtml,https://www1.hkexnews.hk/search/titlesearch.xhtml,1620584832,14:27:12,20210509
15,2005-12-31,0635.HK,HKD,2005-12-31,2005-12-31,FY,1310264000,637264000,673000000,0.5136369464474335,0.0,269662000,305822000,26419000.0,0.0,1137852000,0.0,4979000.0,177391000.0,0.13538569326486877,172412000,0.13158569570712467,0.0,198831000.0,0.15174880787383305,2841000.0,195990000.0,0.1495805425471508,0.11,0.0082,1781727273,1781727273,https://www1.hkexnews.hk/search/titlesearch.xhtml,https://www1.hkexnews.hk/search/titlesearch.xhtml,1620584832,14:27:12,20210509
16,2004-12-31,0635.HK,HKD,2004-12-31,2004-12-31,FY,1312276000,584035000,728241000,0.5549449963269922,0.0,214538000,318646000,-3043000.0,0.0,1053627000,0.0,5495000.0,264144000.0,0.20128692439700185,258649000,0.1970995430839244,0.0,255606000.0,0.194780671139303,-4772000.0,260378000.0,0.1984171012805233,0.0214,0.0212,1563512773,1563512773,https://www1.hkexnews.hk/search/titlesearch.xhtml,https://www1.hkexnews.hk/search/titlesearch.xhtml,1620584832,14:27:12,20210509
17,2003-12-31,0635.HK,HKD,2003-12-31,2003-12-31,FY,977764000,425309000,552455000,0.5650187570824862,0.0,219331000,204514000,7446000.0,0.0,849154000,0.0,30024000.0,158634000.0,0.16224160431351534,128610000,0.13153480799047623,0.0,86756000.0,0.08872897754468359,15107000.0,71649000.0,0.07327841892317574,0.0557,0.0549,1286337522,1305081967,https://www1.hkexnews.hk/search/titlesearch.xhtml,https://www1.hkexnews.hk/search/titlesearch.xhtml,1620584832,14:27:12,20210509
18,2002-12-31,0635.HK,HKD,2002-12-31,2002-12-31,FY,485261000,238026000,247235000,0.5094887081385069,0.0,142941000,91360000,-10701000.0,0.0,472327000,0.0,30100000.0,43034000.0,0.08868217309860055,12934000,0.026653697700824916,0.0,2233000.0,0.00460164736090475,961000.0,1272000.0,0.0026212697908960334,0.0011,0.0011,1156363636,1156363636,https://www1.hkexnews.hk/search/titlesearch.xhtml,https://www1.hkexnews.hk/search/titlesearch.xhtml,1620584832,14:27:12,20210509
19,2001-12-31,0635.HK,HKD,2001-12-31,2001-12-31,FY,514617000,276014000,238603000,0.46365160886639967,0.0,211687000,124209000,5336000.0,0.0,611910000,0.0,35593000.0,-61700000.0,-0.11989498986625005,-97293000,-0.18905904779671096,0.0,-91957000.0,-0.17869017152562003,-5158000.0,-86799000.0,-0.16866718355592605,-0.0923,-0.0923,940400867,940400867,https://www1.hkexnews.hk/search/titlesearch.xhtml,https://www1.hkexnews.hk/search/titlesearch.xhtml,1620584832,14:27:12,20210509
20,2000-12-31,0635.HK,HKD,2000-12-31,2000-12-31,FY,971030000,508849000,462181000,0.4759698464517059,0.0,298325000,200647000,155273000.0,0.0,1007821000,0.0,12872000.0,-23919000.0,-0.024632606613595873,-36791000,-0.03788863371883464,0.0,118482000.0,0.12201682749245646,4436000.0,114046000.0,0.11744848253915945,0.1702,0.1702,670070505,670070505,https://www1.hkexnews.hk/search/titlesearch.xhtml,https://www1.hkexnews.hk/search/titlesearch.xhtml,1620584832,14:27:12,20210509
21,1999-12-31,0635.HK,HKD,1999-12-31,1999-12-31,FY,1081836000,553448000,528388000,0.4884178378238476,0.0,290811000,213783000,0.0,0.0,1058042000,0.0,28814000.0,52608000.0,0.04862844275842179,23794000,0.021994091525887473,0.0,39602000.0,0.03660628782920886,33610000.0,5992000.0,0.005538732303232653,0.0091,0.0091,658681319,658681319,https://www1.hkexnews.hk/search/titlesearch.xhtml,https://www1.hkexnews.hk/search/titlesearch.xhtml,1620584832,14:27:12,20210509
22,1998-12-31,0635.HK,HKD,1998-12-31,1998-12-31,FY,883995000,410503000,473492000,0.535627463956244,0.0,284990000,219773000,742000.0,0.0,915266000,0.0,23061000.0,-8210000.0,-0.00928738284718805,-31271000,-0.03537463447191443,0.0,-30529000.0,-0.03453526320850231,-12756000.0,-17773000.0,-0.02010531733776775,-0.026982699352978007,-0.026982699352978007,658681319,658681319,https://www1.hkexnews.hk/search/titlesearch.xhtml,https://www1.hkexnews.hk/search/titlesearch.xhtml,1620584832,14:27:12,20210509
