,date,symbol,reportedCurrency,fillingDate,acceptedDate,period,revenue,costOfRevenue,grossProfit,grossProfitRatio,researchAndDevelopmentExpenses,generalAndAdministrativeExpenses,sellingAndMarketingExpenses,otherExpenses,operatingExpenses,costAndExpenses,interestExpense,depreciationAndAmortization,ebitda,ebitdaratio,operatingIncome,operatingIncomeRatio,totalOtherIncomeExpensesNet,incomeBeforeTax,incomeBeforeTaxRatio,incomeTaxExpense,netIncome,netIncomeRatio,eps,epsdiluted,weightedAverageShsOut,weightedAverageShsOutDil,link,finalLink,timestamp,est_time,est_date
0,2020-03-31,TYT.L,JPY,2020-03-31,2020-03-31,FY,29929992000000,24522364000000,5407628000000,0.18067589192807001,0.0,2964759000000,0.0,14705000000.0,2964759000000,27487123000000,32217000000.0,1605383000000,4048252000000,0.1352573699318062,2442869000000,0.08161943377732944,-88915000000,2554607000000,0.0853527458343457,683430000000,2076183000000,0.06936797711138713,735.61,729.5,2798918000,2846018000,https://find-and-update.company-information.service.gov.uk/search/companies?q=Toyota+Motor+Corp,https://find-and-update.company-information.service.gov.uk/search/companies?q=Toyota+Motor+Corp,1620599179,18:26:19,20210509
1,2019-03-31,TYT.L,JPY,2019-03-31,2019-03-31,FY,30225681000000,24781785000000,5443896000000,0.18010829929687935,0.0,2976351000000,0.0,-50843000000.0,2976351000000,27758136000000,28078000000.0,1792375000000,4259920000000,0.1409371057677741,2467545000000,0.0816373665824105,-379497000000,2285465000000,0.07561335011773597,659944000000,1882873000000,0.06229381564637038,650.55,645.11,2871534000,2918674000,https://find-and-update.company-information.service.gov.uk/search/companies?q=Toyota+Motor+Corp,https://find-and-update.company-information.service.gov.uk/search/companies?q=Toyota+Motor+Corp,1620599179,18:26:19,20210509
2,2018-03-31,TYT.L,JPY,2018-03-31,2018-03-31,FY,29379510000000,23889153000000,5490357000000,0.18687707861703615,0.0,3090495000000,0.0,45948000000.0,3090495000000,26979648000000,27586000000.0,1734033000000,4133895000000,0.14070673745069268,2399862000000,0.08168488854987711,68612000000,2620429000000,0.08919239973709568,504406000000,2493983000000,0.08488851583978085,842.0,832.78,2947365000,2994766000,https://find-and-update.company-information.service.gov.uk/search/companies?q=Toyota+Motor+Corp,https://find-and-update.company-information.service.gov.uk/search/companies?q=Toyota+Motor+Corp,1620599179,18:26:19,20210509
3,2017-03-31,TYT.L,JPY,2017-03-31,2017-03-31,FY,27597193000000,22734336000000,4862857000000,0.17620839191869986,0.0,2868485000000,0.0,36222000000.0,2868485000000,25602821000000,29353000000.0,1610950000000,3605322000000,0.1306408952533687,1994372000000,0.07226720485666785,69823000000,2193825000000,0.0794944978643299,628900000000,1831109000000,0.06635127710271113,605.47,599.22,3008088000,3055826000,https://find-and-update.company-information.service.gov.uk/search/companies?q=Toyota+Motor+Corp,https://find-and-update.company-information.service.gov.uk/search/companies?q=Toyota+Motor+Corp,1620599179,18:26:19,20210509
4,2016-03-31,TYT.L,JPY,2016-03-31,2016-03-31,FY,28403118000000,22605465000000,5797653000000,0.20412030115848548,0.0,2943682000000,0.0,12524000000.0,2943682000000,25549147000000,35403000000.0,1625837000000,4479808000000,0.15772240216725503,2853971000000,0.10048090494853418,6951000000,2983381000000,0.1050370948710631,878269000000,2312694000000,0.08142394789191806,741.36,735.36,3111306000,3144947000,https://find-and-update.company-information.service.gov.uk/search/companies?q=Toyota+Motor+Corp,https://find-and-update.company-information.service.gov.uk/search/companies?q=Toyota+Motor+Corp,1620599179,18:26:19,20210509
5,2015-03-31,TYT.L,JPY,2015-03-31,2015-03-31,FY,27234521000000,21841676000000,5392845000000,0.1980150486215638,0.0,2642281000000,0.0,-70127000000.0,2642281000000,24483957000000,22871000000.0,1409075000000,4159639000000,0.15273406130403394,2750564000000,0.10099549758925447,18013000000,2892828000000,0.1062191620700801,893469000000,2173338000000,0.07980085274861269,688.02,687.66,3158829685,3160483378,https://find-and-update.company-information.service.gov.uk/search/companies?q=Toyota+Motor+Corp,https://find-and-update.company-information.service.gov.uk/search/companies?q=Toyota+Motor+Corp,1620599179,18:26:19,20210509
6,2014-03-31,TYT.L,JPY,2014-03-31,2014-03-31,FY,25691911000000,20801139000000,4890772000000,0.19036232843870587,0.0,2598660000000,0.0,2928000000.0,2598660000000,23399799000000,19630000000.0,1250853000000,3542965000000,0.1379019645521892,2292112000000,0.08921531761494893,53188000000,2441080000000,0.09501356282917219,767808000000,1823119000000,0.07096081720040211,575.3,574.92,3168988354,3171082933,https://find-and-update.company-information.service.gov.uk/search/companies?q=Toyota+Motor+Corp,https://find-and-update.company-information.service.gov.uk/search/companies?q=Toyota+Motor+Corp,1620599179,18:26:19,20210509
7,2013-03-31,TYT.L,JPY,2013-03-31,2013-03-31,FY,22064192000000,18640995000000,3423197000000,0.15514717239588924,0.0,2102309000000,0.0,1504000000.0,2102309000000,20743304000000,22967000000.0,1105109000000,2425997000000,0.10995177163070372,1320888000000,0.0598656864479787,7055000000,1403649000000,0.06361660558428787,551686000000,962163000000,0.0436074432274701,303.82,303.78,3166908832,3167301995,https://find-and-update.company-information.service.gov.uk/search/companies?q=Toyota+Motor+Corp,https://find-and-update.company-information.service.gov.uk/search/companies?q=Toyota+Motor+Corp,1620599179,18:26:19,20210509
8,2012-03-31,TYT.L,JPY,2012-03-31,2012-03-31,FY,18583653000000,16388564000000,2195089000000,0.11811934930123803,0.0,1839462000000,0.0,-36802000000.0,1839462000000,18228026000000,22922000000.0,1067830000000,1423457000000,0.07659726534928304,355627000000,0.019136549740785627,303000000,432873000000,0.023293213664719203,262272000000,283559000000,0.01525851779518268,90.21,90.2,3143321140,3143669623,https://find-and-update.company-information.service.gov.uk/search/companies?q=Toyota+Motor+Corp,https://find-and-update.company-information.service.gov.uk/search/companies?q=Toyota+Motor+Corp,1620599179,18:26:19,20210509
9,2011-03-31,TYT.L,JPY,2011-03-31,2011-03-31,FY,18993688000000,16615326000000,2378362000000,0.12521854628758775,0.0,1910083000000,0.0,0.0,1910083000000,18525409000000,29318000000.0,1175573000000,1643852000000,0.08654727823264234,468279000000,0.024654453626910162,33558000000,563290000000,0.029656694371309036,-312821000000,408183000000,0.021490455144888135,130.17,130.16,3135880538,3136009527,https://find-and-update.company-information.service.gov.uk/search/companies?q=Toyota+Motor+Corp,https://find-and-update.company-information.service.gov.uk/search/companies?q=Toyota+Motor+Corp,1620599179,18:26:19,20210509
10,2010-03-31,TYT.L,JPY,2010-03-31,2010-03-31,FY,18950973000000,16683797000000,2267176000000,0.11963375178678161,0.0,2119660000000,0.0,0.0,2119660000000,18803457000000,33409000000.0,1414569000000,1562085000000,0.08242769381814855,147516000000,0.007784085809208846,99137000000,291468000000,0.015380107396068793,-92664000000,209456000000,0.011052519572477888,66.79,66.79,3136038329,3136038329,https://find-and-update.company-information.service.gov.uk/search/companies?q=Toyota+Motor+Corp,https://find-and-update.company-information.service.gov.uk/search/companies?q=Toyota+Motor+Corp,1620599179,18:26:19,20210509
11,2009-03-31,TYT.L,JPY,2009-03-31,2009-03-31,FY,20529570000000,18455800000000,2073770000000,0.10101380593943272,0.0,2534781000000,0.0,0.0,2534781000000,20990581000000,46882000000.0,1495170000000,1034159000000,0.05037411889289449,-461011000000,-0.022455950124625115,-190955000000,-560381000000,-0.02729628530943415,-56442000000,-436937000000,-0.021283300137314127,-139.13,-139.13,3140417000,3140417000,https://find-and-update.company-information.service.gov.uk/search/companies?q=Toyota+Motor+Corp,https://find-and-update.company-information.service.gov.uk/search/companies?q=Toyota+Motor+Corp,1620599179,18:26:19,20210509
12,2008-03-31,TYT.L,JPY,2008-03-31,2008-03-31,FY,26163526150960,21417389877800,4746136273160,0.18140277597810925,0.0,2486588927920,0.0,0.0,2486588927920,23903978805720,0.0,1483996431720,3743543776960,0.1430825399971036,2259547345240,0.08636249304481047,315784230280,2425565893840,0.09270791252848769,907169222320,1709642062640,0.06534448196223999,541.605153,541.394763,3177445000,3178662000,https://find-and-update.company-information.service.gov.uk/search/companies?q=Toyota+Motor+Corp,https://find-and-update.company-information.service.gov.uk/search/companies?q=Toyota+Motor+Corp,1620599179,18:26:19,20210509
13,2007-03-31,TYT.L,JPY,2007-03-31,2007-03-31,FY,23901501396480,19190927182560,4710574213920,0.19708277466677182,0.0,2476229665440,0.0,0.0,2476229665440,21667156848000,0.0,1379911587840,3614256136320,0.15121460683019167,2234344548480,0.09348134710939349,270161993760,2377849698240,0.09948536950863633,896494814880,1640883596640,0.06865190472434735,510.985432,510.696065,3210423000,3212235000,https://find-and-update.company-information.service.gov.uk/search/companies?q=Toyota+Motor+Corp,https://find-and-update.company-information.service.gov.uk/search/companies?q=Toyota+Motor+Corp,1620599179,18:26:19,20210509
14,2006-03-31,TYT.L,JPY,2006-03-31,2006-03-31,FY,21078507853350,16978460710050,4100047143300,0.1945131587029478,0.0,2217984967800,0.0,0.0,2217984967800,19196445677850,0.0,1213629961950,3095692137450,0.1468648615446469,1882062175500,0.08928820714417338,301553676900,2091454834050,0.09922214838929434,796727884050,1374882318450,0.0652267384397179,420.732233,420.592521,3253450000,3254499000,https://find-and-update.company-information.service.gov.uk/search/companies?q=Toyota+Motor+Corp,https://find-and-update.company-information.service.gov.uk/search/companies?q=Toyota+Motor+Corp,1620599179,18:26:19,20210509
15,2005-03-31,TYT.L,JPY,2005-03-31,2005-03-31,FY,18524369332140,14848426891340,3675942440800,0.1984381964584455,0.0,2006219577740,0.0,0.0,2006219577740,16854646469080,0.0,996300502260,2666023365320,0.1439197911420616,1669722863060,0.0901365565068394,173181068900,1752077699540,0.09458231306693526,656908500360,1169588804020,0.06313784739709058,356.256514,356.186276,3296092000,3296754000,https://find-and-update.company-information.service.gov.uk/search/companies?q=Toyota+Motor+Corp,https://find-and-update.company-information.service.gov.uk/search/companies?q=Toyota+Motor+Corp,1620599179,18:26:19,20210509
16,2004-03-31,TYT.L,JPY,2004-03-31,2004-03-31,FY,17059738161350,13682027394900,3377710766450,0.19799311891564866,0.0,1733423775850,0.0,0.0,1733423775850,15415451170750,0.0,956734828350,2601021818950,0.15246551818965148,1644286990600,0.09638406961750705,181713937650,1741764059850,0.10209793628580334,672018383300,1146267782250,0.06719140536675691,343.620326,343.580293,3389074000,3389377000,https://find-and-update.company-information.service.gov.uk/search/companies?q=Toyota+Motor+Corp,https://find-and-update.company-information.service.gov.uk/search/companies?q=Toyota+Motor+Corp,1620599179,18:26:19,20210509
17,2003-03-31,TYT.L,JPY,2003-03-31,2003-03-31,FY,15214416317300,12109597113340,3104819203960,0.20407087194199977,0.0,1856780509580,0.0,0.0,1856780509580,13966377622920,0.0,854480032460,2102518726840,0.1381925328577521,1248038694380,0.08203000814174388,-14156786400,1244381524560,0.08178963284612104,507402819220,736978705340,0.04843949908890009,207.3892082850021,207.38792436678725,3553602000,3553624000,https://find-and-update.company-information.service.gov.uk/search/companies?q=Toyota+Motor+Corp,https://find-and-update.company-information.service.gov.uk/search/companies?q=Toyota+Motor+Corp,1620599179,18:26:19,20210509
18,2002-03-31,TYT.L,JPY,2002-03-31,2002-03-31,FY,14280226566970,11304642188450,2975584378520,0.20837095017823404,0.0,1884793731990,0.0,0.0,1884793731990,13189435920440,0.0,807825703620,1898616350150,0.13295421758513817,1090790646530,0.07638468769487076,-132112331260,976886956500,0.06840836536582187,421722763670,555164192830,0.0388764275010936,151.8790756746908,151.87899257408273,3655304000,3655306000,https://find-and-update.company-information.service.gov.uk/search/companies?q=Toyota+Motor+Corp,https://find-and-update.company-information.service.gov.uk/search/companies?q=Toyota+Motor+Corp,1620599179,18:26:19,20210509
19,2001-03-31,TYT.L,JPY,2001-03-31,2001-03-31,FY,13371418913100,10835855877480,2535563035620,0.1896255776666981,0.0,1730730483480,0.0,0.0,1730730483480,12566586360960,0.0,798779283180,1603611835320,0.11992832217296992,804832552140,0.060190512119211545,396615226650,1220112024750,0.0912477600679053,533192107560,686919917190,0.05137225313590493,183.87186603520152,183.86797789097847,3735862000,3735941000,https://find-and-update.company-information.service.gov.uk/search/companies?q=Toyota+Motor+Corp,https://find-and-update.company-information.service.gov.uk/search/companies?q=Toyota+Motor+Corp,1620599179,18:26:19,20210509
20,2000-03-31,TYT.L,JPY,2000-03-31,2000-03-31,FY,12295108692800,8925092314200,3370016378600,0.27409406966637695,0.0,1897759932200,0.0,0.0,2693793620800,11618885935000,0.0,796033688600,1472256446400,0.11974326402353414,676222757800,0.054999331416727956,181052195600,875667883600,0.07122083305475697,409165631600,466502252000,0.03794210068864077,124.332098,124.332098,3749405128,3749405128,https://find-and-update.company-information.service.gov.uk/search/companies?q=Toyota+Motor+Corp,https://find-and-update.company-information.service.gov.uk/search/companies?q=Toyota+Motor+Corp,1620599179,18:26:19,20210509
21,1999-03-31,TYT.L,JPY,1999-03-31,1999-03-31,FY,12603548754800,9094676575200,3508872179600,0.2784035074457631,0.0,1913778710500,0.0,0.0,2767535995850,11862212571050,0.0,853757285350,1595093469100,0.12655907475999698,741336183750,0.0588196386726132,102536619150,866976292000,0.06878826819865447,420745499950,446230792050,0.035405170458840424,117.899249,117.899249,3780357000,3780357000,https://find-and-update.company-information.service.gov.uk/search/companies?q=Toyota+Motor+Corp,https://find-and-update.company-information.service.gov.uk/search/companies?q=Toyota+Motor+Corp,1620599179,18:26:19,20210509
22,1998-03-31,TYT.L,JPY,1998-03-31,1998-03-31,FY,11774836066635,8597204650845,3177631415790,0.26986629773930265,0.0,1776086717250,0.0,0.0,2427802074090,11025006724935,0.0,651715356840,1401544698540,0.11902880775651699,749829341700,0.06368066081401381,103490822880,815482663365,0.06925639208479,357386711265,458095952100,0.038904656464649544,119.781045,119.781045,3824444444,3824444444,https://find-and-update.company-information.service.gov.uk/search/companies?q=Toyota+Motor+Corp,https://find-and-update.company-information.service.gov.uk/search/companies?q=Toyota+Motor+Corp,1620599179,18:26:19,20210509
23,1997-03-31,TYT.L,JPY,1997-03-31,1997-03-31,FY,12222186510856,9300217890296,2921968620560,0.23907085839057085,0.0,1650022286952,0.0,0.0,2258256185440,11558474075736,0.0,608233898488,1271946333608,0.10406864045792713,663712435120,0.05430390335890201,126305887504,738723575680,0.060441196427811865,353493094408,385230481272,0.031518949651916234,100.262416,100.262416,3842222222,3842222222,https://find-and-update.company-information.service.gov.uk/search/companies?q=Toyota+Motor+Corp,https://find-and-update.company-information.service.gov.uk/search/companies?q=Toyota+Motor+Corp,1620599179,18:26:19,20210509
24,1996-03-31,TYT.L,JPY,1996-03-31,1996-03-31,FY,10829982520818,8553227387580,2276755133238,0.21022703673450013,0.0,1369703051010,0.0,0.0,1925081277714,10478308665294,0.0,555378226704,907052082228,0.08375379004392793,351673855524,0.03247224590141238,143407020510,445075844013,0.041096635489249425,185433095826,259642748187,0.023974438341696318,66.402056,66.402056,3910161290,3910161290,https://find-and-update.company-information.service.gov.uk/search/companies?q=Toyota+Motor+Corp,https://find-and-update.company-information.service.gov.uk/search/companies?q=Toyota+Motor+Corp,1620599179,18:26:19,20210509
25,1995-03-31,TYT.L,JPY,1995-03-31,1995-03-31,FY,8279477792775,6674247082804,1605230709971,0.19388067099736506,0.0,1007750103878,0.0,0.0,1344519283296,8018766366100,0.0,336769179418,597480606093,0.0721640447679424,260711426675,0.031488873235762174,80075343908,296411828167,0.035800787874044504,161887323997,134524504170,0.016247945527119043,34.991923,34.991923,3844444444,3844444444,https://find-and-update.company-information.service.gov.uk/search/companies?q=Toyota+Motor+Corp,https://find-and-update.company-information.service.gov.uk/search/companies?q=Toyota+Motor+Corp,1620599179,18:26:19,20210509
26,1994-06-30,TYT.L,JPY,1994-06-30,1994-06-30,FY,9354894889441,7685465352344,1669429537097,0.17845518916319503,0.0,1073701823056,0.0,0.0,1533316922426,9218782274770,0.0,459615099370,595727714041,0.0636808559670089,136112614671,0.01454988177629149,161736476390,249436431847,0.026663734311813847,123728896637,125707535210,0.013437621341089341,33.469508,33.469508,3755882353,3755882353,https://find-and-update.company-information.service.gov.uk/search/companies?q=Toyota+Motor+Corp,https://find-and-update.company-information.service.gov.uk/search/companies?q=Toyota+Motor+Corp,1620599179,18:26:19,20210509
27,1993-06-30,TYT.L,JPY,1993-06-30,1993-06-30,FY,10172511798526,8430468966304,1742042832222,0.17125001835578332,0.0,1078530934327,0.0,0.0,1560824112694,9991293078998,0.0,482293178367,663511897895,0.06522596493730713,181218719528,0.017814549947659793,211340036369,336637458850,0.03309285509000627,160828412591,175809046259,0.017282756682029582,45.880858,45.880858,3831860465,3831860465,https://find-and-update.company-information.service.gov.uk/search/companies?q=Toyota+Motor+Corp,https://find-and-update.company-information.service.gov.uk/search/companies?q=Toyota+Motor+Corp,1620599179,18:26:19,20210509
28,1992-06-30,TYT.L,JPY,1992-06-30,1992-06-30,FY,10165805331690,8301493575654,1864311756036,0.18339046393347275,0.0,1173629765013,0.0,0.0,1645758703743,9947252279397,0.0,472128938730,690681991023,0.06794168966328008,218553052293,0.021498842950661436,282925122090,450491268210,0.04431437092403074,212590112859,237901155351,0.023402096301154574,61.642201,61.642201,3859387755,3859387755,https://find-and-update.company-information.service.gov.uk/search/companies?q=Toyota+Motor+Corp,https://find-and-update.company-information.service.gov.uk/search/companies?q=Toyota+Motor+Corp,1620599179,18:26:19,20210509
29,1991-06-30,TYT.L,JPY,1991-06-30,1991-06-30,FY,9869663824800,7855203371520,2014460453280,0.20410628862739622,0.0,1129978118016,0.0,0.0,1513874577888,9369077949408,0.0,383896459872,884482335264,0.08961625755089214,500585875392,0.050719648032403364,286974631104,733537373664,0.07432242745905933,301448805504,432088568160,0.04377946157337896,111.657917,111.657917,3869753086,3869753086,https://find-and-update.company-information.service.gov.uk/search/companies?q=Toyota+Motor+Corp,https://find-and-update.company-information.service.gov.uk/search/companies?q=Toyota+Motor+Corp,1620599179,18:26:19,20210509
30,1990-06-30,TYT.L,JPY,1990-06-30,1990-06-30,FY,9202212883065,7146918627870,2055294255195,0.22334782745326348,0.0,1071884072130,0.0,0.0,1411640243745,8558558871615,0.0,339756171615,983410183065,0.10686670647174308,643654011450,0.06994556848761109,334490049885,857388541665,0.09317199597097647,415643116545,441745425120,0.04800426057660024,125.565041,125.565041,3518060606,3518060606,https://find-and-update.company-information.service.gov.uk/search/companies?q=Toyota+Motor+Corp,https://find-and-update.company-information.service.gov.uk/search/companies?q=Toyota+Motor+Corp,1620599179,18:26:19,20210509
31,1989-06-30,TYT.L,JPY,1989-06-30,1989-06-30,FY,8037326023950,6422893682720,1614432341230,0.20086684755840922,0.0,849904276220,0.0,0.0,1145546937800,7568440620520,0.0,295642661580,764528065010,0.09512219147659601,468885403430,0.05833848247947058,261440355420,645050312010,0.08025683045428901,298089796280,346960515730,0.0431686502073091,100.044625,100.044625,3468057554,3468057554,https://find-and-update.company-information.service.gov.uk/search/companies?q=Toyota+Motor+Corp,https://find-and-update.company-information.service.gov.uk/search/companies?q=Toyota+Motor+Corp,1620599179,18:26:19,20210509
