,date,symbol,reportedCurrency,fillingDate,acceptedDate,period,revenue,costOfRevenue,grossProfit,grossProfitRatio,researchAndDevelopmentExpenses,generalAndAdministrativeExpenses,sellingAndMarketingExpenses,otherExpenses,operatingExpenses,costAndExpenses,interestExpense,depreciationAndAmortization,ebitda,ebitdaratio,operatingIncome,operatingIncomeRatio,totalOtherIncomeExpensesNet,incomeBeforeTax,incomeBeforeTaxRatio,incomeTaxExpense,netIncome,netIncomeRatio,eps,epsdiluted,weightedAverageShsOut,weightedAverageShsOutDil,link,finalLink,timestamp,est_time,est_date
0,2020-12-31,FIX,USD,2021-02-25,2021-02-25 16:18:11,FY,2856659000,2309676000,546983000,0.19147647654130226,0.0,357777000,0.0,52000.0,357777000,2667453000,7011000.0,60629000.0,249835000.0,0.0874570608532555,189206000.0,0.06623331661216827,10616000.0,191540000.0,0.06705035497761545,41401000.0,150139000.0,0.0525575506211977,4.0738861453302215,4.0738861453302215,36358000,36561000,https://www.sec.gov/Archives/edgar/data/1035983/000155837021001828/0001558370-21-001828-index.htm,https://www.sec.gov/Archives/edgar/data/1035983/000155837021001828/fix-20201231x10k.htm,1620592096,16:28:16,20210509
1,2019-12-31,FIX,USD,2020-02-26,2020-02-26 17:03:00,FY,2615277000,2113334000,501943000,0.19192727959600456,0.0,340005000,0.0,-2804000.0,340005000,2453339000,8418000.0,51572000.0,213510000.0,0.0816395356973659,161938000.0,0.061920018414875364,-1103000.0,151742000.0,0.05802138740944076,37418000.0,114324000.0,0.043713916346146124,3.1,3.08,36854000,37131000,https://www.sec.gov/Archives/edgar/data/1035983/000155837020001491/0001558370-20-001491-index.htm,https://www.sec.gov/Archives/edgar/data/1035983/000155837020001491/fix-20191231x10ka923f7.htm,1620592096,16:28:16,20210509
2,2018-12-31,FIX,USD,2019-02-21,2019-02-21 16:35:34,FY,2182879000,1736600000,446279000,0.2044451387365035,0.0,296986000,0.0,2075000.0,296986000,2033586000,2853000.0,42689000.0,191982000.0,0.08794898846889819,149293000.0,0.06839270523011125,3020000.0,148676000.0,0.06811005099229046,35773000.0,112903000.0,0.051722060636434725,3.03,3.0,37202000,37592000,https://www.sec.gov/Archives/edgar/data/1035983/000155837019000857/0001558370-19-000857-index.htm,https://www.sec.gov/Archives/edgar/data/1035983/000155837019000857/fix-20181231x10k.htm,1620592096,16:28:16,20210509
3,2017-12-31,FIX,USD,2018-02-22,2018-02-22 16:31:21,FY,1787922000,1421641000,366281000,0.20486408243760074,0.0,266586000,0.0,4764000.0,266586000,1688227000,2227000.0,37456000.0,137151000.0,0.07670972223620494,99695000.0,0.055760262472300245,4329000.0,100938000.0,0.05645548295731022,45666000.0,55272000.0,0.030914100279542396,1.48,1.47,37239000,37672000,https://www.sec.gov/Archives/edgar/data/1035983/000155837018000936/0001558370-18-000936-index.htm,https://www.sec.gov/Archives/edgar/data/1035983/000155837018000936/fix-20171231x10k.htm,1620592096,16:28:16,20210509
4,2016-12-31,FIX,USD,2017-02-23,2017-02-23 16:12:26,FY,1634340000,1290331000,344009000,0.2104880257473965,0.0,243201000,0.0,1828000.0,243201000,1533532000,1321000.0,26166000.0,126974000.0,0.07769130046379578,100808000.0,0.061681167933232986,2589000.0,101061000.0,0.061835970483497926,36165000.0,64896000.0,0.039707771944638204,1.74,1.72,37335000,37811000,https://www.sec.gov/Archives/edgar/data/1035983/000155837017000882/0001558370-17-000882-index.htm,https://www.sec.gov/Archives/edgar/data/1035983/000155837017000882/fix-20161231x10k.htm,1620592096,16:28:16,20210509
5,2015-12-31,FIX,USD,2016-02-23,2016-02-23 16:43:21,FY,1580519000,1262390000,318129000,0.20128135125234178,0.0,228965000,0.0,301000.0,228965000,1491355000,717000.0,23416000.0,112580000.0,0.07122976693098912,89164000.0,0.056414380339622615,1181000.0,88664000.0,0.05609802855897335,31224000.0,49364000.0,0.031232778599940905,1.32,1.3,37442000,37868000,https://www.sec.gov/Archives/edgar/data/1035983/000104746916010332/0001047469-16-010332-index.htm,https://www.sec.gov/Archives/edgar/data/1035983/000104746916010332/a2227387z10-k.htm,1620592096,16:28:16,20210509
6,2014-12-31,FIX,USD,2015-02-26,2015-02-26 16:32:26,FY,1410795000,1161024000,249771000,0.17704273122601086,0.0,207652000,0.0,-154000.0,207652000,1368676000,1858000.0,21336000.0,63455000.0,0.0449781860582154,42119000.0,0.029854798181167357,-51000.0,40228000.0,0.028514419175004163,11614000.0,23063000.0,0.01634752036972062,0.6142434815031826,0.61018070217213,37547000,37797000,https://www.sec.gov/Archives/edgar/data/1035983/000104746915001294/0001047469-15-001294-index.htm,https://www.sec.gov/Archives/edgar/data/1035983/000104746915001294/a2223211z10-k.htm,1620592096,16:28:16,20210509
7,2013-12-31,FIX,USD,2014-02-28,2014-02-27 18:50:32,FY,1357272000,1117389000,239883000,0.17673907661839336,0.0,194214000,0.0,1850000.0,194214000,1311603000,376000.0,18572000.0,64241000.0,0.04733096976877148,45669000.0,0.03364764026665252,2439000.0,46780000.0,0.0344661939537543,18148000.0,27269000.0,0.020091035547775242,0.7321519667069405,0.7264759164535379,37245000,37536000,https://www.sec.gov/Archives/edgar/data/1035983/000104746914001513/0001047469-14-001513-index.htm,https://www.sec.gov/Archives/edgar/data/1035983/000104746914001513/a2218454z10-k.htm,1620592096,16:28:16,20210509
8,2012-12-31,FIX,USD,2013-02-28,2013-02-28 17:08:12,FY,1331185000,1123564000,207621000,0.15596705191239385,0.0,185809000,0.0,807000.0,185809000,1309373000,699000.0,20630000.0,42442000.0,0.03188287127634401,21812000.0,0.016385400977324716,1298000.0,21539000.0,0.016180320541472448,10045000.0,13463000.0,0.010113545450106485,0.36276676007760295,0.3613355162511071,37112000,37259000,https://www.sec.gov/Archives/edgar/data/1035983/000104746913001962/0001047469-13-001962-index.htm,https://www.sec.gov/Archives/edgar/data/1035983/000104746913001962/a2213101z10-k.htm,1620592096,16:28:16,20210509
9,2011-12-31,FIX,USD,2012-02-29,2012-02-29 17:25:47,FY,1240020000,1058568000,181452000,0.1463298979048725,0.0,172137000,0.0,0.0,172137000,1230705000,1886000.0,20053000.0,29368000.0,0.023683488975984258,9315000.0,0.00751197561329656,-52221000.0,-44664000.0,-0.0360187738907437,-8172000.0,-36830000.0,-0.029701133852679796,-0.99,-0.99,37389000,37389000,https://www.sec.gov/Archives/edgar/data/1035983/000104746912001931/0001047469-12-001931-index.htm,https://www.sec.gov/Archives/edgar/data/1035983/000104746912001931/a2207539z10-k.htm,1620592096,16:28:16,20210509
10,2010-12-31,FIX,USD,2011-03-02,2011-03-01 18:43:14,FY,1108282000,919600000,188682000,0.17024728363358785,0.0,163431000,0.0,0.0,162906000,1082506000,1699000.0,17442000.0,43218000.0,0.03899549031744628,25776000.0,0.023257618548347802,-3893000.0,20377000.0,0.018386114725313592,6360000.0,14740000.0,0.013299864114007085,0.3925537297930704,0.39005027785128343,37549000,37790000,https://www.sec.gov/Archives/edgar/data/1035983/000104746911001639/0001047469-11-001639-index.htm,https://www.sec.gov/Archives/edgar/data/1035983/000104746911001639/a2202340z10-k.htm,1620592096,16:28:16,20210509
11,2009-12-31,FIX,USD,2010-03-02,2010-03-01 19:44:50,FY,1128907000,903357000,225550000,0.19979502297354876,0.0,169023000,0.0,0.0,169023000,1072380000,1202000.0,13499000.0,70026000.0,0.06202991034691077,56527000.0,0.05007232659554773,17000.0,56033000.0,0.04963473519076416,21437000.0,34182000.0,0.030278844935853883,0.9,0.89,38046000,38451000,https://www.sec.gov/Archives/edgar/data/1035983/000104746910001681/0001047469-10-001681-index.htm,https://www.sec.gov/Archives/edgar/data/1035983/000104746910001681/a2196867z10-k.htm,1620592096,16:28:16,20210509
12,2008-12-31,FIX,USD,2009-02-27,2009-02-26 18:54:04,FY,1328465000,1067224000,261241000,0.19664876379882043,0.0,182169000,0.0,0.0,184716000,1251940000,1387000.0,12693000.0,89218000.0,0.0671587132517605,76525000.0,0.057604076885729015,2906000.0,80591000.0,0.06066475217638402,30901000.0,49690000.0,0.03740407161648971,1.26,1.24,39424000,40025000,https://www.sec.gov/Archives/edgar/data/1035983/000104746909001904/0001047469-09-001904-index.htm,https://www.sec.gov/Archives/edgar/data/1035983/000104746909001904/a2190986z10-k.htm,1620592096,16:28:16,20210509
13,2007-12-31,FIX,USD,2008-02-28,2008-02-27 19:18:04,FY,1109534000,912471000,197063000,0.1776087979277787,0.0,147158000,0.0,0.0,147192000,1059663000,615000.0,6960000.0,56831000.0,0.05122060252322146,49871000.0,0.04494769876362509,-29000.0,52546000.0,0.04735862082640099,20080000.0,32466000.0,0.029260932968255143,0.8,0.79,40573000,41334000,https://www.sec.gov/Archives/edgar/data/1035983/000104746908001857/0001047469-08-001857-index.htm,https://www.sec.gov/Archives/edgar/data/1035983/000104746908001857/a2182896z10-k.htm,1620592096,16:28:16,20210509
14,2006-12-31,FIX,USD,2007-03-01,2007-02-28 20:01:46,FY,1056525000,885508000,171017000,0.16186744279595844,0.0,126620000,0.0,0.0,126495000,1012003000,616000.0,5365000.0,49887000.0,0.047218002413572796,44522000.0,0.04214003454721848,225000.0,46591000.0,0.0440983412602636,17874000.0,28724000.0,0.02718724119164241,0.71,0.7,40247000,41146000,https://www.sec.gov/Archives/edgar/data/1035983/000110465907015093/0001104659-07-015093-index.htm,https://www.sec.gov/Archives/edgar/data/1035983/000110465907015093/a07-5471_110k.htm,1620592096,16:28:16,20210509
15,2005-12-31,FIX,USD,2006-02-28,2006-02-27 19:08:04,FY,899531000,752354000,147177000,0.1636152617308353,0.0,114611000,0.0,0.0,148452000,900806000,1075000.0,5113000.0,3838000.0,0.004266667852469787,-1275000.0,-0.001417405292313439,-34604000.0,-2347000.0,-0.0026091374282820714,14027000.0,-6226000.0,-0.006921384588190957,-0.16,-0.16,39298000,39298000,https://www.sec.gov/Archives/edgar/data/1035983/000110465906012318/0001104659-06-012318-index.htm,https://www.sec.gov/Archives/edgar/data/1035983/000110465906012318/a06-1884_110k.htm,1620592096,16:28:16,20210509
16,2004-12-31,FIX,USD,2005-03-02,2005-03-02 16:03:30,FY,819552000,687948000,131604000,0.16058041466557338,0.0,108000000,0.0,0.0,111347000,799295000,1566000.0,3347000.0,23604000.0,0.02880110108937566,20257000.0,0.02471716254734294,-403000.0,18460000.0,0.02252450119089454,8267000.0,10713000.0,0.01307177579946117,0.28,0.27,38409000,39505000,https://www.sec.gov/Archives/edgar/data/1035983/000110465905009133/0001104659-05-009133-index.htm,https://www.sec.gov/Archives/edgar/data/1035983/000110465905009133/a05-3947_110k.htm,1620592096,16:28:16,20210509
17,2003-12-31,FIX,USD,2004-02-27 00:00:00,2004-02-27 08:17:23,FY,784976000,658427000,126549000,0.1612138460284136,0.0,114542000,0.0,0.0,117268000,775695000,3893000.0,2726000.0,12007000.0,0.015296009049958216,9281000.0,0.01182329141273109,-7573000.0,-2119000.0,-0.00269944558814537,-1095000.0,-5579000.0,-0.007107223660341208,-0.15,-0.17,37702000,38111000,https://www.sec.gov/Archives/edgar/data/1035983/000104746904005828/0001047469-04-005828-index.html,https://www.sec.gov/Archives/edgar/data/1035983/000104746904005828/a2129426z10-k.htm,1620592096,16:28:16,20210509
18,2002-12-31,FIX,USD,2003-03-31 00:00:00,2003-03-31 14:59:08,FY,819282000,676268000,143014000,0.17456016365549346,0.0,127051000,0.0,0.0,127269000,803537000,4951000.0,218000.0,15963000.0,0.019484133668260746,15745000.0,0.01921804702166043,-483000.0,10382000.0,0.012672071399103117,4903000.0,-209080000.0,-0.25519906454676167,-5.559898949607765,-5.44947480908072,37605000,38367000,https://www.sec.gov/Archives/edgar/data/1035983/000095012903001732/0000950129-03-001732-index.html,https://www.sec.gov/Archives/edgar/data/1035983/000095012903001732/h03366e10vk.txt,1620592096,16:28:16,20210509
19,2001-12-31,FIX,USD,2002-03-06 00:00:00,2002-03-06 00:00:00,FY,1546282000,1270113000,276169000,0.17860196264329534,0.0,212988000,0.0,0.0,225072000,1495185000,21962000.0,12084000.0,63181000.0,0.040859946633279055,51097000.0,0.03304507198557572,335000.0,29656000.0,0.01917890785768702,16532000.0,13124000.0,0.008487455716357043,0.35057164226947324,0.34998266620443214,37436000,37499000,https://www.sec.gov/Archives/edgar/data/1035983/000095013402001814/0000950134-02-001814-index.html,https://www.sec.gov/Archives/edgar/data/1035983/000095013402001814/h94489e10-k.txt,1620592096,16:28:16,20210509
20,2000-12-31,FIX,USD,2001-03-27 00:00:00,2001-03-27 00:00:00,FY,1591066000,1294499000,296567000,0.18639515896889255,0.0,225894000,0.0,0.0,250796000,1545295000,26886000.0,24902000.0,70673000.0,0.04441864762366866,45771000.0,0.028767505559165994,-30467000.0,-11068000.0,-0.006956342477307666,5785000.0,-16853000.0,-0.0105922695852969,-0.45,-0.45,37397000,37397000,https://www.sec.gov/Archives/edgar/data/1035983/000095012901001677/0000950129-01-001677-index.html,https://www.sec.gov/Archives/edgar/data/1035983/000095012901001677/h85278e10-k.txt,1620592096,16:28:16,20210509
21,1999-12-31,FIX,USD,2000-03-16 00:00:00,2000-03-16 00:00:00,FY,1370000000,1066000000,304000000,0.22189781021897811,0.0,187800000,0.0,0.0,210900000,1276900000,0.0,23100000.0,116200000.0,0.08481751824817518,93100000.0,0.06795620437956204,0.0,74000000.0,0.05401459854014599,31700000.0,42300000.0,0.030875912408759126,1.1,1.09,38561000,39699000,https://www.sec.gov/Archives/edgar/data/1035983/000089056600000296/0000890566-00-000296-index.html,https://www.sec.gov/Archives/edgar/data/1035983/0000890566-00-000296.txt,1620592096,16:28:16,20210509
22,1998-12-31,FIX,USD,1999-03-31 00:00:00,1999-03-31 00:00:00,FY,854000000,633500000,220500000,0.2581967213114754,0.0,130400000,0.0,0.0,144400000,777900000,7600000.0,14000000.0,90100000.0,0.10550351288056206,76100000.0,0.08911007025761124,-6400000.0,62000000.0,0.07259953161592506,27000000.0,35000000.0,0.040983606557377046,1.06,1.04,32962000,34329000,https://www.sec.gov/Archives/edgar/data/1035983/000089056699000401/0000890566-99-000401-index.html,https://www.sec.gov/Archives/edgar/data/1035983/0000890566-99-000401.txt,1620592096,16:28:16,20210509
23,1997-12-31,FIX,USD,1997-12-31,1997-12-31,FY,237700000,167900000,69800000,0.2936474547749264,0.0,61200000,0.0,0.0,65200000,233100000,0.0,4000000.0,8600000.0,0.0361800588977703,4600000.0,0.019352124526714348,1300000.0,4600000.0,0.019352124526714348,7400000.0,-2800000.0,-0.011779554059739168,-0.15986297459320584,-0.1581206234470296,17515000,17708000,,,1620592096,16:28:16,20210509
