,date,symbol,reportedCurrency,fillingDate,acceptedDate,period,revenue,costOfRevenue,grossProfit,grossProfitRatio,researchAndDevelopmentExpenses,generalAndAdministrativeExpenses,sellingAndMarketingExpenses,otherExpenses,operatingExpenses,costAndExpenses,interestExpense,depreciationAndAmortization,ebitda,ebitdaratio,operatingIncome,operatingIncomeRatio,totalOtherIncomeExpensesNet,incomeBeforeTax,incomeBeforeTaxRatio,incomeTaxExpense,netIncome,netIncomeRatio,eps,epsdiluted,weightedAverageShsOut,weightedAverageShsOutDil,link,finalLink,timestamp,est_time,est_date
0,2020-12-31,NCP.TO,CAD,2020-12-31,2020-12-31,FY,0.0,211174.0,-211174.0,0.0,0.0,1871334.0,0.0,85020.0,0.0,2433203.0,7721.0,257612.0,-2081794.0,0.0,-2433203.0,0.0,76920.0,-2355227.0,0.0,0.0,-2355227.0,0.0,-0.00935518130272147,-0.00935518130272147,251756425.0,251756425.0,https://www.sedar.com/ModifyCompanyDocumentSearchForm.do?lang=EN&company_search=NICKEL CREEK PLATINUM CORP&document_selection=0&industry_group=A&FromDate=13&FromMonth=05&FromYear=2000&ToDate=13&ToMonth=11&ToYear=2020&Variable=Issuer,https://www.sedar.com/ModifyCompanyDocumentSearchForm.do?lang=EN&company_search=NICKEL CREEK PLATINUM CORP&document_selection=0&industry_group=A&FromDate=13&FromMonth=05&FromYear=2000&ToDate=13&ToMonth=11&ToYear=2020&Variable=Issuer,1620595569,17:26:09,20210509
1,2019-12-31,NCP.TO,CAD,2019-12-31,2019-12-31,FY,0.0,306657.0,-306657.0,0.0,0.0,2603378.0,0.0,39980.0,3075924.0,3382581.0,23262.0,364388.0,-3018193.0,0.0,-3382581.0,0.0,39477.0,-3336748.0,0.0,0.0,-3336748.0,0.0,-0.01,-0.01,251756425.0,251756425.0,https://www.sedar.com/ModifyCompanyDocumentSearchForm.do?lang=EN&company_search=NICKEL CREEK PLATINUM CORP&document_selection=0&industry_group=A&FromDate=13&FromMonth=05&FromYear=2000&ToDate=13&ToMonth=11&ToYear=2020&Variable=Issuer,https://www.sedar.com/ModifyCompanyDocumentSearchForm.do?lang=EN&company_search=NICKEL CREEK PLATINUM CORP&document_selection=0&industry_group=A&FromDate=13&FromMonth=05&FromYear=2000&ToDate=13&ToMonth=11&ToYear=2020&Variable=Issuer,1620595569,17:26:09,20210509
2,2018-12-31,NCP.TO,CAD,2018-12-31,2018-12-31,FY,0.0,13044.0,-13044.0,0.0,0.0,3912127.0,0.0,16361.0,4097619.0,4110663.0,0.0,13044.0,-4097619.0,0.0,-4110663.0,0.0,-28982104.0,-32996651.0,0.0,0.0,-32996651.0,0.0,-0.14,-0.14,236569139.0,236569139.0,https://www.sedar.com/ModifyCompanyDocumentSearchForm.do?lang=EN&company_search=NICKEL CREEK PLATINUM CORP&document_selection=0&industry_group=A&FromDate=13&FromMonth=05&FromYear=2000&ToDate=13&ToMonth=11&ToYear=2020&Variable=Issuer,https://www.sedar.com/ModifyCompanyDocumentSearchForm.do?lang=EN&company_search=NICKEL CREEK PLATINUM CORP&document_selection=0&industry_group=A&FromDate=13&FromMonth=05&FromYear=2000&ToDate=13&ToMonth=11&ToYear=2020&Variable=Issuer,1620595569,17:26:09,20210509
3,2017-12-31,NCP.TO,CAD,2017-12-31,2017-12-31,FY,0.0,0.0,0.0,0.0,0.0,4417028.0,0.0,0.0,4429733.0,4429733.0,0.0,12705.0,-4417028.0,0.0,-4429733.0,0.0,674992.0,-3651222.0,0.0,0.0,-3651222.0,0.0,-0.02,-0.02,216526485.0,216526485.0,https://www.sedar.com/ModifyCompanyDocumentSearchForm.do?lang=EN&company_search=NICKEL CREEK PLATINUM CORP&document_selection=0&industry_group=A&FromDate=13&FromMonth=05&FromYear=2000&ToDate=13&ToMonth=11&ToYear=2020&Variable=Issuer,https://www.sedar.com/ModifyCompanyDocumentSearchForm.do?lang=EN&company_search=NICKEL CREEK PLATINUM CORP&document_selection=0&industry_group=A&FromDate=13&FromMonth=05&FromYear=2000&ToDate=13&ToMonth=11&ToYear=2020&Variable=Issuer,1620595569,17:26:09,20210509
4,2016-12-31,NCP.TO,CAD,2016-12-31,2016-12-31,FY,0.0,0.0,0.0,0.0,0.0,5708001.0,0.0,0.0,5781796.0,5781796.0,0.0,23236.0,-5758560.0,0.0,-5781796.0,0.0,-8727784.0,-14375384.0,0.0,0.0,-14375384.0,0.0,-0.08,-0.08,177661221.0,177661221.0,https://www.sedar.com/ModifyCompanyDocumentSearchForm.do?lang=EN&company_search=NICKEL CREEK PLATINUM CORP&document_selection=0&industry_group=A&FromDate=13&FromMonth=05&FromYear=2000&ToDate=13&ToMonth=11&ToYear=2020&Variable=Issuer,https://www.sedar.com/ModifyCompanyDocumentSearchForm.do?lang=EN&company_search=NICKEL CREEK PLATINUM CORP&document_selection=0&industry_group=A&FromDate=13&FromMonth=05&FromYear=2000&ToDate=13&ToMonth=11&ToYear=2020&Variable=Issuer,1620595569,17:26:09,20210509
5,2015-12-31,NCP.TO,CAD,2015-12-31,2015-12-31,FY,0.0,0.0,0.0,0.0,650712.0,5252874.0,0.0,0.0,6054809.0,6054809.0,0.0,23478.0,-6031331.0,0.0,-6054809.0,0.0,1687642.0,-4264291.0,0.0,0.0,-4264291.0,0.0,-0.04,-0.04,114212138.0,114212138.0,https://www.sedar.com/ModifyCompanyDocumentSearchForm.do?lang=EN&company_search=NICKEL CREEK PLATINUM CORP&document_selection=0&industry_group=A&FromDate=13&FromMonth=05&FromYear=2000&ToDate=13&ToMonth=11&ToYear=2020&Variable=Issuer,https://www.sedar.com/ModifyCompanyDocumentSearchForm.do?lang=EN&company_search=NICKEL CREEK PLATINUM CORP&document_selection=0&industry_group=A&FromDate=13&FromMonth=05&FromYear=2000&ToDate=13&ToMonth=11&ToYear=2020&Variable=Issuer,1620595569,17:26:09,20210509
6,2014-12-31,NCP.TO,CAD,2014-12-31,2014-12-31,FY,0.0,0.0,0.0,0.0,728778.0,6098024.0,0.0,0.0,6213416.0,6213416.0,0.0,25887.0,-6187529.0,0.0,-6213416.0,0.0,589747.0,-5590831.0,0.0,0.0,-5590831.0,0.0,-0.06,-0.06,90146186.0,90146186.0,https://www.sedar.com/ModifyCompanyDocumentSearchForm.do?lang=EN&company_search=NICKEL CREEK PLATINUM CORP&document_selection=0&industry_group=A&FromDate=13&FromMonth=05&FromYear=2000&ToDate=13&ToMonth=11&ToYear=2020&Variable=Issuer,https://www.sedar.com/ModifyCompanyDocumentSearchForm.do?lang=EN&company_search=NICKEL CREEK PLATINUM CORP&document_selection=0&industry_group=A&FromDate=13&FromMonth=05&FromYear=2000&ToDate=13&ToMonth=11&ToYear=2020&Variable=Issuer,1620595569,17:26:09,20210509
7,2013-03-31,NCP.TO,CAD,2013-03-31,2013-03-31,FY,0.0,0.0,0.0,0.0,1263152.0,5461520.0,0.0,0.0,6931277.0,6931277.0,0.0,78033.0,-6853244.0,0.0,-6931277.0,0.0,-326303.0,-7257580.0,0.0,129842.0,-7387422.0,0.0,-0.12,-0.12,63818441.0,63818441.0,https://www.sedar.com/ModifyCompanyDocumentSearchForm.do?lang=EN&company_search=NICKEL CREEK PLATINUM CORP&document_selection=0&industry_group=A&FromDate=13&FromMonth=05&FromYear=2000&ToDate=13&ToMonth=11&ToYear=2020&Variable=Issuer,https://www.sedar.com/ModifyCompanyDocumentSearchForm.do?lang=EN&company_search=NICKEL CREEK PLATINUM CORP&document_selection=0&industry_group=A&FromDate=13&FromMonth=05&FromYear=2000&ToDate=13&ToMonth=11&ToYear=2020&Variable=Issuer,1620595569,17:26:09,20210509
8,2011-07-31,NCP.TO,CAD,2011-07-31,2011-07-31,FY,0.0,0.0,0.0,0.0,0.0,1536984.0,0.0,0.0,1543515.0,1543515.0,0.0,196.0,-1543319.0,0.0,-1543515.0,0.0,38750.0,-1504765.0,0.0,-83402.0,-1421363.0,0.0,-0.1,-0.1,13717707.0,13717707.0,https://www.sedar.com/ModifyCompanyDocumentSearchForm.do?lang=EN&company_search=NICKEL CREEK PLATINUM CORP&document_selection=0&industry_group=A&FromDate=13&FromMonth=05&FromYear=2000&ToDate=13&ToMonth=11&ToYear=2020&Variable=Issuer,https://www.sedar.com/ModifyCompanyDocumentSearchForm.do?lang=EN&company_search=NICKEL CREEK PLATINUM CORP&document_selection=0&industry_group=A&FromDate=13&FromMonth=05&FromYear=2000&ToDate=13&ToMonth=11&ToYear=2020&Variable=Issuer,1620595569,17:26:09,20210509
9,2010-07-31,NCP.TO,CAD,2010-07-31,2010-07-31,FY,0.0,0.0,0.0,0.0,0.0,350139.0,0.0,18297.0,352106.0,352106.0,0.0,281.0,-351825.0,0.0,-352106.0,0.0,18297.0,0.0,0.0,0.0,-300365.0,0.0,-0.1,-0.1,3479400.0,3479400.0,https://www.sedar.com/ModifyCompanyDocumentSearchForm.do?lang=EN&company_search=NICKEL CREEK PLATINUM CORP&document_selection=0&industry_group=A&FromDate=13&FromMonth=05&FromYear=2000&ToDate=13&ToMonth=11&ToYear=2020&Variable=Issuer,https://www.sedar.com/ModifyCompanyDocumentSearchForm.do?lang=EN&company_search=NICKEL CREEK PLATINUM CORP&document_selection=0&industry_group=A&FromDate=13&FromMonth=05&FromYear=2000&ToDate=13&ToMonth=11&ToYear=2020&Variable=Issuer,1620595569,17:26:09,20210509
10,2009-07-31,NCP.TO,CAD,2009-07-31,2009-07-31,FY,0.0,0.0,0.0,0.0,0.0,273738.0,0.0,0.0,274139.0,274139.0,0.0,401.0,-273738.0,0.0,-274139.0,0.0,-74305.0,-321696.0,0.0,0.0,-321696.0,0.0,-0.1,-0.1,3467733.0,3467733.0,https://www.sedar.com/ModifyCompanyDocumentSearchForm.do?lang=EN&company_search=NICKEL CREEK PLATINUM CORP&document_selection=0&industry_group=A&FromDate=13&FromMonth=05&FromYear=2000&ToDate=13&ToMonth=11&ToYear=2020&Variable=Issuer,https://www.sedar.com/ModifyCompanyDocumentSearchForm.do?lang=EN&company_search=NICKEL CREEK PLATINUM CORP&document_selection=0&industry_group=A&FromDate=13&FromMonth=05&FromYear=2000&ToDate=13&ToMonth=11&ToYear=2020&Variable=Issuer,1620595569,17:26:09,20210509
11,2008-07-31,NCP.TO,CAD,2008-07-31,2008-07-31,FY,0.0,0.0,0.0,0.0,0.0,472962.0,0.0,0.0,1924177.0,1924177.0,0.0,236.0,-1923941.0,0.0,-1924177.0,0.0,-1451319.0,-1826866.0,0.0,-320000.0,-1506866.0,0.0,-0.4,-0.4,3431457.0,3431457.0,https://www.sedar.com/ModifyCompanyDocumentSearchForm.do?lang=EN&company_search=NICKEL CREEK PLATINUM CORP&document_selection=0&industry_group=A&FromDate=13&FromMonth=05&FromYear=2000&ToDate=13&ToMonth=11&ToYear=2020&Variable=Issuer,https://www.sedar.com/ModifyCompanyDocumentSearchForm.do?lang=EN&company_search=NICKEL CREEK PLATINUM CORP&document_selection=0&industry_group=A&FromDate=13&FromMonth=05&FromYear=2000&ToDate=13&ToMonth=11&ToYear=2020&Variable=Issuer,1620595569,17:26:09,20210509
12,2007-07-31,NCP.TO,CAD,2007-07-31,2007-07-31,FY,4592.0,0.0,0.0,0.0,0.0,970592.0,0.0,0.0,970592.0,970592.0,0.0,0.0,-966000.0,-210.3658536585366,-966000.0,-210.3658536585366,0.0,-967428.0,-210.6768292682927,-115520.0,-851908.0,-185.52003484320556,-0.5,-0.5,1764510.0,1764510.0,https://www.sedar.com/ModifyCompanyDocumentSearchForm.do?lang=EN&company_search=NICKEL CREEK PLATINUM CORP&document_selection=0&industry_group=A&FromDate=13&FromMonth=05&FromYear=2000&ToDate=13&ToMonth=11&ToYear=2020&Variable=Issuer,https://www.sedar.com/ModifyCompanyDocumentSearchForm.do?lang=EN&company_search=NICKEL CREEK PLATINUM CORP&document_selection=0&industry_group=A&FromDate=13&FromMonth=05&FromYear=2000&ToDate=13&ToMonth=11&ToYear=2020&Variable=Issuer,1620595569,17:26:09,20210509
13,2006-09-30,NCP.TO,CAD,2006-09-30,2006-09-30,FY,0.0,0.0,0.0,0.0,0.0,12475.0,0.0,0.0,12475.0,12475.0,0.0,0.0,-12475.0,0.0,-12475.0,0.0,0.0,0.0,0.0,0.0,-12475.0,0.0,-1.1,-1.1,11731.0,11731.0,https://www.sedar.com/ModifyCompanyDocumentSearchForm.do?lang=EN&company_search=NICKEL CREEK PLATINUM CORP&document_selection=0&industry_group=A&FromDate=13&FromMonth=05&FromYear=2000&ToDate=13&ToMonth=11&ToYear=2020&Variable=Issuer,https://www.sedar.com/ModifyCompanyDocumentSearchForm.do?lang=EN&company_search=NICKEL CREEK PLATINUM CORP&document_selection=0&industry_group=A&FromDate=13&FromMonth=05&FromYear=2000&ToDate=13&ToMonth=11&ToYear=2020&Variable=Issuer,1620595569,17:26:09,20210509
