,date,symbol,reportedCurrency,fillingDate,acceptedDate,period,revenue,costOfRevenue,grossProfit,grossProfitRatio,researchAndDevelopmentExpenses,generalAndAdministrativeExpenses,sellingAndMarketingExpenses,otherExpenses,operatingExpenses,costAndExpenses,interestExpense,depreciationAndAmortization,ebitda,ebitdaratio,operatingIncome,operatingIncomeRatio,totalOtherIncomeExpensesNet,incomeBeforeTax,incomeBeforeTaxRatio,incomeTaxExpense,netIncome,netIncomeRatio,eps,epsdiluted,weightedAverageShsOut,weightedAverageShsOutDil,link,finalLink,timestamp,est_time,est_date
0,2020-03-31,LIO.L,GBP,2020-03-31,2020-03-31,FY,124025000.0,17393000.0,106632000.0,0.8597621447288853,0.0,52897000.0,0.0,0.0,79388000.0,96781000.0,148000.0,5392000.0,32636000.0,0.2631404958677686,27244000.0,0.21966539004233018,0.0,16508000.0,0.13310219713767385,3544000.0,12964000.0,0.10452731304172545,0.2583203656735593,0.2583203656735593,50185745,50185745,https://find-and-update.company-information.service.gov.uk/search/companies?q=Liontrust+Asset+Management+PLC,https://find-and-update.company-information.service.gov.uk/search/companies?q=Liontrust+Asset+Management+PLC,1620594454,17:07:34,20210509
1,2019-03-31,LIO.L,GBP,2019-03-31,2019-03-31,FY,97556000.0,12924000.0,84632000.0,0.8675222436344253,0.0,43373000.0,0.0,0.0,64661000.0,77585000.0,0.0,2215000.0,22186000.0,0.22741809832301446,19971000.0,0.20471319037270902,0.0,19029000.0,0.19505719791709378,2108000.0,16921000.0,0.1734490959038911,0.3372,0.3255,50185745,51986043,https://find-and-update.company-information.service.gov.uk/search/companies?q=Liontrust+Asset+Management+PLC,https://find-and-update.company-information.service.gov.uk/search/companies?q=Liontrust+Asset+Management+PLC,1620594454,17:07:34,20210509
2,2018-03-31,LIO.L,GBP,2018-03-31,2018-03-31,FY,76861000.0,50000.0,76811000.0,0.9993494750263463,0.0,39024000.0,0.0,0.0,56841000.0,56891000.0,0.0,2481000.0,22451000.0,0.29209872367000167,19970000.0,0.2598196744773032,0.0,12313000.0,0.16019828001196965,3590000.0,8723000.0,0.11349058690363123,0.1776,0.1688,49125724,51977398,https://find-and-update.company-information.service.gov.uk/search/companies?q=Liontrust+Asset+Management+PLC,https://find-and-update.company-information.service.gov.uk/search/companies?q=Liontrust+Asset+Management+PLC,1620594454,17:07:34,20210509
3,2017-03-31,LIO.L,GBP,2017-03-31,2017-03-31,FY,51508000.0,50000.0,51458000.0,0.9990292770055137,0.0,28348000.0,0.0,0.0,40929000.0,40979000.0,0.0,3118000.0,13647000.0,0.2649491341150889,10529000.0,0.20441484817892366,0.0,9103000.0,0.17672982837617457,2275000.0,6828000.0,0.13256193212704823,0.1515,0.1475,45059188,46285217,https://find-and-update.company-information.service.gov.uk/search/companies?q=Liontrust+Asset+Management+PLC,https://find-and-update.company-information.service.gov.uk/search/companies?q=Liontrust+Asset+Management+PLC,1620594454,17:07:34,20210509
4,2016-03-31,LIO.L,GBP,2016-03-31,2016-03-31,FY,44991000.0,51000.0,44940000.0,0.9988664399546576,0.0,25656000.0,0.0,0.0,33574000.0,33625000.0,0.0,2571000.0,13937000.0,0.30977306572425595,11366000.0,0.2526283034384655,0.0,9404000.0,0.2090195816941166,2094000.0,7310000.0,0.16247693983241093,0.1648,0.1606,44346674,45518720,https://find-and-update.company-information.service.gov.uk/search/companies?q=Liontrust+Asset+Management+PLC,https://find-and-update.company-information.service.gov.uk/search/companies?q=Liontrust+Asset+Management+PLC,1620594454,17:07:34,20210509
5,2015-03-31,LIO.L,GBP,2015-03-31,2015-03-31,FY,36821000.0,57000.0,36764000.0,0.9984519703430108,0.0,21264000.0,0.0,0.0,27651000.0,27708000.0,0.0,2539000.0,11652000.0,0.31644985198663805,9113000.0,0.2474946362130306,0.0,7265000.0,0.19730588522853806,1058000.0,6207000.0,0.16857228212161537,0.1461,0.1358,42472053,45700575,https://find-and-update.company-information.service.gov.uk/search/companies?q=Liontrust+Asset+Management+PLC,https://find-and-update.company-information.service.gov.uk/search/companies?q=Liontrust+Asset+Management+PLC,1620594454,17:07:34,20210509
6,2014-03-31,LIO.L,GBP,2014-03-31,2014-03-31,FY,28459000.0,87000.0,28372000.0,0.9969429705892687,0.0,17547000.0,0.0,0.0,23628000.0,23715000.0,81000.0,2717000.0,7461000.0,0.26216662567201937,4744000.0,0.16669594855757405,0.0,3678000.0,0.1292385537088443,1208000.0,2470000.0,0.08679152464949577,0.0657,0.0585,37617940,42200524,https://find-and-update.company-information.service.gov.uk/search/companies?q=Liontrust+Asset+Management+PLC,https://find-and-update.company-information.service.gov.uk/search/companies?q=Liontrust+Asset+Management+PLC,1620594454,17:07:34,20210509
7,2013-03-31,LIO.L,GBP,2013-03-31,2013-03-31,FY,20446000.0,105000.0,20341000.0,0.9948645211777365,0.0,15067000.0,0.0,0.0,20952000.0,21057000.0,228000.0,3276000.0,2665000.0,0.13034334344125992,-611000.0,-0.029883595813362026,0.0,-3935000.0,-0.19245818252959013,19000.0,-3954000.0,-0.19338745964980925,-0.1120444845507403,-0.10039113187294281,35289555,39385949,https://find-and-update.company-information.service.gov.uk/search/companies?q=Liontrust+Asset+Management+PLC,https://find-and-update.company-information.service.gov.uk/search/companies?q=Liontrust+Asset+Management+PLC,1620594454,17:07:34,20210509
8,2012-03-31,LIO.L,GBP,2012-03-31,2012-03-31,FY,13714000.0,76000.0,13638000.0,0.9944582178795391,0.0,7830000.0,0.0,212000.0,13961000.0,14037000.0,0.0,1109000.0,786000.0,0.0573136940352924,-323000.0,-0.023552574011958583,0.0,-1573000.0,-0.11470030625638034,250000.0,-237000.0,-0.017281610033542366,-0.00734471414868379,-0.0073000358471802486,32268104,32465594,https://find-and-update.company-information.service.gov.uk/search/companies?q=Liontrust+Asset+Management+PLC,https://find-and-update.company-information.service.gov.uk/search/companies?q=Liontrust+Asset+Management+PLC,1620594454,17:07:34,20210509
9,2011-03-31,LIO.L,GBP,2011-03-31,2011-03-31,FY,8929000.0,80000.0,8849000.0,0.9910404300593572,0.0,6203000.0,0.0,701000.0,10968000.0,11048000.0,0.0,238000.0,-1881000.0,-0.210661888229365,-2119000.0,-0.23731660880277747,0.0,-5112000.0,-0.572516519207078,-544000.0,-4552000.0,-0.5097995296225781,-0.14690019925759892,-0.1365429771870341,30987024,33337489,https://find-and-update.company-information.service.gov.uk/search/companies?q=Liontrust+Asset+Management+PLC,https://find-and-update.company-information.service.gov.uk/search/companies?q=Liontrust+Asset+Management+PLC,1620594454,17:07:34,20210509
10,2010-03-31,LIO.L,GBP,2010-03-31,2010-03-31,FY,13171000.0,102000.0,13069000.0,0.9922557133095437,0.0,3954000.0,0.0,1261000.0,12591000.0,12693000.0,0.0,268000.0,746000.0,0.056639586971376506,478000.0,0.036291853314099155,0.0,-1005000.0,-0.07630400121479007,-2094000.0,1089000.0,0.08268164907751879,0.0364,0.0318,29937673,33796420,https://find-and-update.company-information.service.gov.uk/search/companies?q=Liontrust+Asset+Management+PLC,https://find-and-update.company-information.service.gov.uk/search/companies?q=Liontrust+Asset+Management+PLC,1620594454,17:07:34,20210509
11,2009-03-31,LIO.L,GBP,2009-03-31,2009-03-31,FY,36004000.0,133000.0,35871000.0,0.9963059660037774,0.0,5351000.0,0.0,143000.0,22617000.0,22750000.0,23000.0,281000.0,13535000.0,0.3759304521719809,13254000.0,0.3681257638040218,0.0,12350000.0,0.34301744250638816,3873000.0,8477000.0,0.2354460615487168,0.2832,0.2832,29937673,29937673,https://find-and-update.company-information.service.gov.uk/search/companies?q=Liontrust+Asset+Management+PLC,https://find-and-update.company-information.service.gov.uk/search/companies?q=Liontrust+Asset+Management+PLC,1620594454,17:07:34,20210509
12,2008-03-31,LIO.L,GBP,2008-03-31,2008-03-31,FY,40997000.0,155000.0,40842000.0,0.996219235553821,0.0,4396000.0,0.0,0.0,25404000.0,25559000.0,54000.0,72000.0,15510000.0,0.37832036490474913,15438000.0,0.3765641388394273,0.0,16501000.0,0.4024928653316096,5428000.0,11073000.0,0.27009293362928993,0.3704,0.3594,29895377,30809065,https://find-and-update.company-information.service.gov.uk/search/companies?q=Liontrust+Asset+Management+PLC,https://find-and-update.company-information.service.gov.uk/search/companies?q=Liontrust+Asset+Management+PLC,1620594454,17:07:34,20210509
13,2007-03-31,LIO.L,GBP,2007-03-31,2007-03-31,FY,30236000.0,212000.0,30024000.0,0.9929884905410769,0.0,19141000.0,0.0,0.0,19141000.0,19353000.0,0.0,61000.0,10944000.0,0.3619526392379944,10883000.0,0.35993517661066277,0.0,11824000.0,0.3910570181240905,3809000.0,8015000.0,0.2650813599682498,0.2603,0.2517,30790440,31839738,https://find-and-update.company-information.service.gov.uk/search/companies?q=Liontrust+Asset+Management+PLC,https://find-and-update.company-information.service.gov.uk/search/companies?q=Liontrust+Asset+Management+PLC,1620594454,17:07:34,20210509
14,2006-03-31,LIO.L,GBP,2006-03-31,2006-03-31,FY,26887000.0,414000.0,26473000.0,0.9846022241231822,0.0,3183000.0,0.0,0.0,16959000.0,17373000.0,0.0,67000.0,9581000.0,0.35634321419273257,9514000.0,0.35385130360397216,0.0,10523000.0,0.3913787332167962,3275000.0,7248000.0,0.26957265593037527,0.2269,0.2252,31942107,32191237,https://find-and-update.company-information.service.gov.uk/search/companies?q=Liontrust+Asset+Management+PLC,https://find-and-update.company-information.service.gov.uk/search/companies?q=Liontrust+Asset+Management+PLC,1620594454,17:07:34,20210509
15,2005-03-31,LIO.L,GBP,2005-03-31,2005-03-31,FY,28321000.0,681000.0,27640000.0,0.9759542389039935,0.0,4172000.0,0.0,0.0,17837000.0,18518000.0,0.0,105000.0,9908000.0,0.3498464037286819,9803000.0,0.3461389075244518,0.0,10699000.0,0.37777620846721516,3192000.0,7507000.0,0.26506832385862084,0.228,0.2255,32924922,33292740,https://find-and-update.company-information.service.gov.uk/search/companies?q=Liontrust+Asset+Management+PLC,https://find-and-update.company-information.service.gov.uk/search/companies?q=Liontrust+Asset+Management+PLC,1620594454,17:07:34,20210509
16,2004-03-31,LIO.L,GBP,2004-03-31,2004-03-31,FY,24485000.0,0.0,0.0,0.0,0.0,0.0,0.0,-464000.0,15690000.0,15690000.0,0.0,104000.0,8899000.0,0.36344700837247296,8795000.0,0.3591995099040229,0.0,9070000.0,0.3704308760465591,1536000.0,7534000.0,0.30769859097406577,0.2298,0.2229,32237093,33799910,https://find-and-update.company-information.service.gov.uk/search/companies?q=Liontrust+Asset+Management+PLC,https://find-and-update.company-information.service.gov.uk/search/companies?q=Liontrust+Asset+Management+PLC,1620594454,17:07:34,20210509
17,2003-03-31,LIO.L,GBP,2003-03-31,2003-03-31,FY,22402000.0,0.0,0.0,0.0,0.0,0.0,0.0,-345000.0,14283000.0,14283000.0,0.0,104000.0,8223000.0,0.367065440585662,8119000.0,0.3624229979466119,0.0,8585000.0,0.38322471207927866,2506000.0,6079000.0,0.27135970002678333,0.1886,0.1816,32237093,33475251,https://find-and-update.company-information.service.gov.uk/search/companies?q=Liontrust+Asset+Management+PLC,https://find-and-update.company-information.service.gov.uk/search/companies?q=Liontrust+Asset+Management+PLC,1620594454,17:07:34,20210509
18,2002-03-31,LIO.L,GBP,2002-03-31,2002-03-31,FY,0.0,0.0,0.0,0.0,0.0,0.0,0.0,0.0,-5347000.0,-5347000.0,0.0,104000.0,5451000.0,0.0,5347000.0,0.0,0.0,5507000.0,0.0,1700000.0,3807000.0,0.0,0.115,0.111,33057000,34303000,https://find-and-update.company-information.service.gov.uk/search/companies?q=Liontrust+Asset+Management+PLC,https://find-and-update.company-information.service.gov.uk/search/companies?q=Liontrust+Asset+Management+PLC,1620594454,17:07:34,20210509
19,2001-03-31,LIO.L,GBP,2001-03-31,2001-03-31,FY,0.0,0.0,0.0,0.0,0.0,0.0,0.0,0.0,-5241000.0,-5241000.0,0.0,103000.0,5344000.0,0.0,5241000.0,0.0,0.0,5416000.0,0.0,1624000.0,3792000.0,0.0,0.115,0.11,32927000,34442000,https://find-and-update.company-information.service.gov.uk/search/companies?q=Liontrust+Asset+Management+PLC,https://find-and-update.company-information.service.gov.uk/search/companies?q=Liontrust+Asset+Management+PLC,1620594454,17:07:34,20210509
20,2000-03-31,LIO.L,GBP,2000-03-31,2000-03-31,FY,0.0,0.0,0.0,0.0,0.0,0.0,0.0,0.0,-3860000.0,-3860000.0,174000.0,84000.0,3944000.0,0.0,3860000.0,0.0,0.0,1792000.0,0.0,539000.0,1253000.0,0.0,0.039,0.038,32254000,32933000,https://find-and-update.company-information.service.gov.uk/search/companies?q=Liontrust+Asset+Management+PLC,https://find-and-update.company-information.service.gov.uk/search/companies?q=Liontrust+Asset+Management+PLC,1620594454,17:07:34,20210509
21,1999-03-31,LIO.L,GBP,1999-03-31,1999-03-31,FY,0.0,0.0,0.0,0.0,0.0,0.0,0.0,0.0,-871000.0,-871000.0,139000.0,44000.0,915000.0,0.0,871000.0,0.0,0.0,810000.0,0.0,116000.0,694000.0,0.0,0.023,0.023,30000000,30000000,https://find-and-update.company-information.service.gov.uk/search/companies?q=Liontrust+Asset+Management+PLC,https://find-and-update.company-information.service.gov.uk/search/companies?q=Liontrust+Asset+Management+PLC,1620594454,17:07:34,20210509
22,1998-06-30,LIO.L,GBP,1998-06-30,1998-06-30,FY,0.0,0.0,0.0,0.0,0.0,0.0,0.0,0.0,-291000.0,-291000.0,0.0,14000.0,305000.0,0.0,291000.0,0.0,0.0,371000.0,0.0,23000.0,348000.0,0.0,0.007,0.007,32900000,32900000,https://find-and-update.company-information.service.gov.uk/search/companies?q=Liontrust+Asset+Management+PLC,https://find-and-update.company-information.service.gov.uk/search/companies?q=Liontrust+Asset+Management+PLC,1620594454,17:07:34,20210509
23,1997-06-30,LIO.L,GBP,1997-06-30,1997-06-30,FY,0.0,0.0,0.0,0.0,0.0,0.0,0.0,0.0,469000.0,469000.0,0.0,4000.0,-465000.0,0.0,-469000.0,0.0,0.0,-429000.0,0.0,13000.0,-442000.0,0.0,-0.02,-0.02,32900000,32900000,https://find-and-update.company-information.service.gov.uk/search/companies?q=Liontrust+Asset+Management+PLC,https://find-and-update.company-information.service.gov.uk/search/companies?q=Liontrust+Asset+Management+PLC,1620594454,17:07:34,20210509
