,date,symbol,reportedCurrency,fillingDate,acceptedDate,period,revenue,costOfRevenue,grossProfit,grossProfitRatio,researchAndDevelopmentExpenses,generalAndAdministrativeExpenses,sellingAndMarketingExpenses,otherExpenses,operatingExpenses,costAndExpenses,interestExpense,depreciationAndAmortization,ebitda,ebitdaratio,operatingIncome,operatingIncomeRatio,totalOtherIncomeExpensesNet,incomeBeforeTax,incomeBeforeTaxRatio,incomeTaxExpense,netIncome,netIncomeRatio,eps,epsdiluted,weightedAverageShsOut,weightedAverageShsOutDil,link,finalLink,timestamp,est_time,est_date
0,2020-03-31,AIRTW,USD,2020-06-26,2020-06-26,FY,75275000,0.0,75275000.0,1.0,0.0,39617000,0.0,189877000.0,229494000,229494000,4692000.0,5712000.0,13003000.0,0.17273995350381932,7291000.0,0.09685818664895383,-4667000.0,2624000.0,0.034858850880106276,-544000.0,7656000.0,0.1017070740617735,2.743102830526693,2.736240171551108,2791000.0,2798000.0,https://www.sec.gov/Archives/edgar/data/353184/000035318420000035/0000353184-20-000035-index.htm,https://www.sec.gov/Archives/edgar/data/353184/000035318420000035/airt-20200331.htm,1620586400,14:53:20,20210509
1,2019-03-31,AIRTW,USD,2019-06-28,2019-06-28,FY,249834478,0.0,249834478.0,1.0,0.0,38376113,0.0,203393660.0,241769773,241769773,3427102.0,7910239.0,15974944.0,0.06394211130458943,8064705.0,0.03228019232797805,-3362589.0,4702116.0,0.018820925108663344,1502184.0,1339995.0,0.005363531129598534,0.6585554287039826,0.656895070915519,2034749.0,2039892.0,https://www.sec.gov/Archives/edgar/data/353184/000143774919013061/0001437749-19-013061-index.htm,https://www.sec.gov/Archives/edgar/data/353184/000143774919013061/airt20190331_10k.htm,1620586400,14:53:20,20210509
2,2018-03-31,AIRTW,USD,2018-06-29,2018-06-29,FY,194519345,3261156.0,191258189.0,0.9832347985749181,195653.0,29168766,0.0,160909403.0,190273822,193534978,670000.0,2678858.0,6924381.0,0.035597390069352745,4245523.0,0.021825710959493514,-1593916.0,2651607.0,0.013631585074481924,195000.0,2277109.0,0.011706336971266277,1.1146966476503397,1.1120406703179444,2042806.0,2047685.0,https://www.sec.gov/Archives/edgar/data/353184/000143774918012675/0001437749-18-012675-index.htm,https://www.sec.gov/Archives/edgar/data/353184/000143774918012675/airt20180331_10k.htm,1620586400,14:53:20,20210509
3,2017-03-31,AIRTW,USD,2017-10-13,2017-10-13,FY,148471659,10090073.0,138381586.0,0.932040410486691,1042496.0,22180477,0.0,128349459.0,151572432,161662505,424000.0,3181845.0,81072.0,0.0005460436055341714,-3100773.0,-0.020884612059194407,-1118413.0,-4219186.0,-0.02841745036337204,725000.0,-3213539.0,-0.02164412401426726,-1.51209,-1.51209,2125224.0,2125224.0,https://www.sec.gov/Archives/edgar/data/353184/000143774917017134/0001437749-17-017134-index.htm,https://www.sec.gov/Archives/edgar/data/353184/000143774917017134/airt20170331_10k.htm,1620586400,14:53:20,20210509
4,2016-03-31,AIRTW,USD,2017-10-13,2017-10-13,FY,148211938,0.0,148211938.0,1.0,777942.0,18139830,0.0,123262503.0,142180275,142180275,0.0,1257207.0,7288870.0,0.049178697062850635,6031663.0,0.04069620221820458,121746.0,6153409.0,0.04151763402486512,2395452.0,4413910.0,0.029781069322499513,1.8604256137021833,1.8415661725683654,2372527.0,2396824.0,https://www.sec.gov/Archives/edgar/data/353184/000143774917017130/0001437749-17-017130-index.htm,https://www.sec.gov/Archives/edgar/data/353184/000143774917017130/airt20170331_10ka.htm,1620586400,14:53:20,20210509
5,2015-03-31,AIRTW,USD,2015-06-08,2015-06-08,FY,112181158,0.0,112181158.0,1.0,0.0,14222996,0.0,94541459.0,108764455,108764455,0.0,856911.0,4273614.0,0.03809564882544714,3416703.0,0.030457013110882666,-1778.0,3414926.0,0.030441172661098755,931000.0,2483926.0,0.02214209626896524,1.052684977602231,1.0436979606105732,2359610.0,2379928.0,https://www.sec.gov/Archives/edgar/data/353184/000143774915011923/0001437749-15-011923-index.htm,https://www.sec.gov/Archives/edgar/data/353184/000143774915011923/airt20150331_10k.htm,1620586400,14:53:20,20210509
6,2014-03-31,AIRTW,USD,2014-06-02,2014-06-02,FY,100772045,0.0,100772045.0,1.0,0.0,12843507,0.0,85295998.0,98139505,98139505,0.0,752412.0,3384952.0,0.03359018862820537,2632540.0,0.02612371317859035,26096.0,2658636.0,0.026382673885401452,1192000.0,1466636.0,0.014553996596972901,0.6075079612821558,0.6027953299921334,2414184.0,2433058.0,https://www.sec.gov/Archives/edgar/data/353184/000035318414000011/0000353184-14-000011-index.htm,https://www.sec.gov/Archives/edgar/data/353184/000035318414000011/airt10k_033114.htm,1620586400,14:53:20,20210509
7,2013-03-31,AIRTW,USD,2013-06-04,2013-06-04,FY,103064239,375045.0,102689194.0,0.9963610559429833,0.0,12456893,0.0,87879318.0,100336211,100711256,0.0,532770.0,3260798.0,0.031638500721865324,2728028.0,0.026469200437214697,1832.0,2729860.0,0.026486975758875975,1060000.0,1669860.0,0.016202128072764405,0.6826102916829839,0.6803625210237422,2446286.0,2454368.0,https://www.sec.gov/Archives/edgar/data/353184/000035318413000009/0000353184-13-000009-index.htm,https://www.sec.gov/Archives/edgar/data/353184/000035318413000009/airt10k_033113.htm,1620586400,14:53:20,20210509
8,2012-03-31,AIRTW,USD,2012-03-31,2012-03-31,FY,89382131,87308591.0,2073540.0,0.02319859659644946,0.0,11335044,0.0,0.0,11335044,98643635,11649.0,278357.0,2351897.0,0.026312832035745488,2073540.0,0.02319859659644946,22684.0,2096224.0,0.023452383340468803,746000.0,1350224.0,0.0151061961142994,0.5525131905985221,0.5508400140502095,2443786.0,2451209.0,,,1620586400,14:53:20,20210509
