,date,symbol,reportedCurrency,fillingDate,acceptedDate,period,revenue,costOfRevenue,grossProfit,grossProfitRatio,researchAndDevelopmentExpenses,generalAndAdministrativeExpenses,sellingAndMarketingExpenses,otherExpenses,operatingExpenses,costAndExpenses,interestExpense,depreciationAndAmortization,ebitda,ebitdaratio,operatingIncome,operatingIncomeRatio,totalOtherIncomeExpensesNet,incomeBeforeTax,incomeBeforeTaxRatio,incomeTaxExpense,netIncome,netIncomeRatio,eps,epsdiluted,weightedAverageShsOut,weightedAverageShsOutDil,link,finalLink,timestamp,est_time,est_date
0,2020-12-31,0045.HK,HKD,2020-12-31,2020-12-31,FY,2710000000,1724000000,986000000,0.3638376383763838,0.0,0.0,0.0,0.0,0.0,0.0,0.0,553000000,-61000000,-0.022509225092250923,-614000000,-0.22656826568265684,0.0,-1949000000,-0.7191881918819188,0.0,-1940000000,-0.7158671586715867,-1.1953173136167592,-1.1953173136167592,1623000000,1623000000,https://www1.hkexnews.hk/search/titlesearch.xhtml,https://www1.hkexnews.hk/search/titlesearch.xhtml,1620584490,14:21:30,20210509
1,2019-12-31,0045.HK,HKD,2019-12-31,2019-12-31,FY,5874000000,2751000000,3123000000,0.5316649642492339,0.0,0.0,0.0,0.0,0.0,5073000000.0,108000000.0,589000000,1390000000,0.23663602315287707,801000000,0.13636363636363635,0.0,695000000,0.11831801157643854,192000000.0,494000000,0.08409942117807287,0.3,0.3,1623000000,1623000000,https://www1.hkexnews.hk/search/titlesearch.xhtml,https://www1.hkexnews.hk/search/titlesearch.xhtml,1620584490,14:21:30,20210509
2,2018-12-31,0045.HK,HKD,2018-12-31,2018-12-31,FY,6214000000,2761000000,3453000000,0.5556807209526875,0.0,0.0,0.0,0.0,0.0,5206000000.0,25000000.0,542000000,1550000000,0.24943675571290633,1008000000,0.16221435468297393,0.0,1426000000,0.22948181525587383,184000000.0,1243000000,0.20003218538783393,0.78,0.78,1600000000,1600000000,https://www1.hkexnews.hk/search/titlesearch.xhtml,https://www1.hkexnews.hk/search/titlesearch.xhtml,1620584490,14:21:30,20210509
3,2017-12-31,0045.HK,HKD,2017-12-31,2017-12-31,FY,5782000000,2568000000,3214000000,0.5558630231753718,0.0,0.0,0.0,0.0,0.0,4863000000.0,68000000.0,503000000,1422000000,0.24593566240055345,919000000,0.15894154271878244,0.0,1320000000,0.22829470771359392,168000000.0,1155000000,0.19975786924939468,0.73,0.73,1578000000,1578000000,https://www1.hkexnews.hk/search/titlesearch.xhtml,https://www1.hkexnews.hk/search/titlesearch.xhtml,1620584490,14:21:30,20210509
4,2016-12-31,0045.HK,HKD,2016-12-31,2016-12-31,FY,5631000000,2536000000,3095000000,0.5496359438820814,0.0,0.0,0.0,0.0,0.0,4807000000.0,91000000.0,464000000,1288000000,0.22873379506304387,824000000,0.1463328005682827,0.0,752000000,0.1335464393535784,85000000.0,675000000,0.11987213638785296,0.43,0.43,1554000000,1554000000,https://www1.hkexnews.hk/search/titlesearch.xhtml,https://www1.hkexnews.hk/search/titlesearch.xhtml,1620584490,14:21:30,20210509
5,2015-12-31,0045.HK,HKD,2015-12-31,2015-12-31,FY,5741000000,2517000000,3224000000,0.56157463856471,0.0,0.0,0.0,0.0,0.0,4727000000.0,79000000.0,426000000,1440000000,0.2508273819892005,1014000000,0.176624281484062,0.0,1129000000,0.19665563490681065,124000000.0,1000000000,0.17418568193694478,0.65,0.65,1528000000,1528000000,https://www1.hkexnews.hk/search/titlesearch.xhtml,https://www1.hkexnews.hk/search/titlesearch.xhtml,1620584490,14:21:30,20210509
6,2014-12-31,0045.HK,HKD,2014-12-31,2014-12-31,FY,5838000000,2519000000,3319000000,0.5685166152792052,0.0,0.0,0.0,0.0,0.0,4733000000.0,87000000.0,423000000,1528000000,0.2617334703665639,1105000000,0.18927714970880438,0.0,1362000000,0.23329907502569372,231000000.0,1146000000,0.1963001027749229,0.76,0.76,1509000000,1509000000,https://www1.hkexnews.hk/search/titlesearch.xhtml,https://www1.hkexnews.hk/search/titlesearch.xhtml,1620584490,14:21:30,20210509
7,2013-12-31,0045.HK,HKD,2013-12-31,2013-12-31,FY,5508000000,2414000000,3094000000,0.5617283950617284,0.0,0.0,0.0,0.0,0.0,4597000000.0,77000000.0,395000000,1306000000,0.23710965867828612,911000000,0.16539578794480755,0.0,1943000000,0.3527596223674655,231000000.0,1712000000,0.31082062454611475,1.14,1.14,1502000000,1502000000,https://www1.hkexnews.hk/search/titlesearch.xhtml,https://www1.hkexnews.hk/search/titlesearch.xhtml,1620584490,14:21:30,20210509
8,2012-12-31,0045.HK,HKD,2012-12-31,2012-12-31,FY,5178000000,2269000000,2909000000,0.5617999227500966,0.0,0.0,0.0,1073000000.0,0.0,4361000000.0,75000000.0,384000000,1201000000,0.23194283507145616,817000000,0.1577829277713403,0.0,1726000000,0.3333333333333333,170000000.0,1555000000,0.30030899961375046,1.04,1.04,1496000000,1496000000,https://www1.hkexnews.hk/search/titlesearch.xhtml,https://www1.hkexnews.hk/search/titlesearch.xhtml,1620584490,14:21:30,20210509
9,2011-12-31,0045.HK,HKD,2011-12-31,2011-12-31,FY,5009000000,418000000,4591000000,0.9165502096226792,0.0,0.0,0.0,1841000000.0,0.0,4175000000.0,137000000.0,377000000,1211000000,0.24176482331802754,834000000,0.16650029946097025,0.0,2482000000,0.49550808544619684,203000000.0,2259000000,0.4509882212018367,1.52,1.52,1484000000,1484000000,https://www1.hkexnews.hk/search/titlesearch.xhtml,https://www1.hkexnews.hk/search/titlesearch.xhtml,1620584490,14:21:30,20210509
10,2010-12-31,0045.HK,HKD,2010-12-31,2010-12-31,FY,4707000000,378000000,4329000000,0.9196940726577438,0.0,0.0,0.0,0.0,0.0,3913000000.0,132000000.0,349000000,1143000000,0.24282982791587,794000000,0.16868493732738474,0.0,3260000000,0.6925855109411515,225000000.0,3008000000,0.639048226046314,2.04,2.04,1474000000,1474000000,https://www1.hkexnews.hk/search/titlesearch.xhtml,https://www1.hkexnews.hk/search/titlesearch.xhtml,1620584490,14:21:30,20210509
11,2009-12-31,0045.HK,HKD,2009-12-31,2009-12-31,FY,4218000000,334000000,3884000000,0.9208155523944997,0.0,2043000000.0,0.0,-24000000.0,0.0,3632000000.0,42000000.0,338000000,924000000,0.21906116642958748,586000000,0.1389284020862968,0.0,2762000000,0.6548127074442864,458000000.0,2298000000,0.5448079658605974,1.57,1.57,1460000000,1460000000,https://www1.hkexnews.hk/search/titlesearch.xhtml,https://www1.hkexnews.hk/search/titlesearch.xhtml,1620584490,14:21:30,20210509
12,2008-12-31,0045.HK,HKD,2008-12-31,2008-12-31,FY,4938000000,390000000,4548000000,0.9210206561360875,0.0,0.0,0.0,0.0,0.0,3887000000.0,68000000.0,374000000,1425000000,0.2885783718104496,1051000000,0.2128392061563386,0.0,209000000,0.042324827865532606,-42000000.0,216000000,0.04374240583232078,0.15,0.15,1447000000,1447000000,https://www1.hkexnews.hk/search/titlesearch.xhtml,https://www1.hkexnews.hk/search/titlesearch.xhtml,1620584490,14:21:30,20210509
13,2007-12-31,0045.HK,HKD,2007-12-31,2007-12-31,FY,4542000000,380000000,4162000000,0.9163364156759137,0.0,0.0,0.0,0.0,0.0,3367000000.0,99000000.0,335000000,1510000000,0.33245266402465873,1175000000,0.2586966094231616,0.0,4224000000,0.9299867899603699,732000000.0,3437000000,0.7567151034786438,2.4,2.4,1434000000,1434000000,https://www1.hkexnews.hk/search/titlesearch.xhtml,https://www1.hkexnews.hk/search/titlesearch.xhtml,1620584490,14:21:30,20210509
14,2006-12-31,0045.HK,HKD,2006-12-31,2006-12-31,FY,3723000000,283000000,3440000000,0.923986032769272,0.0,0.0,0.0,1516000000.0,0.0,2693000000.0,0.0,251000000,1281000000,0.3440773569701853,1030000000,0.27665860864893904,0.0,2546000000,0.6838571044856299,423000000.0,2094000000,0.5624496373892023,1.47,1.47,1424489796,1424489796,https://www1.hkexnews.hk/search/titlesearch.xhtml,https://www1.hkexnews.hk/search/titlesearch.xhtml,1620584490,14:21:30,20210509
15,2005-12-31,0045.HK,HKD,2005-12-31,2005-12-31,FY,3269000000,232000000,3037000000,0.9290302844906699,0.0,0.0,0.0,2075000000.0,0.0,2422000000.0,0.0,238000000,1085000000,0.33190578158458245,847000000,0.25910064239828695,0.0,2929000000,0.8959926583052922,208000000.0,2664000000,0.8149281125726522,1.89,1.89,1409523810,1409523810,https://www1.hkexnews.hk/search/titlesearch.xhtml,https://www1.hkexnews.hk/search/titlesearch.xhtml,1620584490,14:21:30,20210509
16,2004-12-31,0045.HK,HKD,2004-12-31,2004-12-31,FY,3112000000,222000000,2890000000,0.9286632390745502,0.0,0.0,0.0,2634000000.0,0.0,2368000000.0,0.0,240000000,984000000,0.3161953727506427,744000000,0.2390745501285347,0.0,3386000000,1.0880462724935733,573000000.0,2786000000,0.8952442159383034,1.99,1.99,1400000000,1400000000,https://www1.hkexnews.hk/search/titlesearch.xhtml,https://www1.hkexnews.hk/search/titlesearch.xhtml,1620584490,14:21:30,20210509
