,date,symbol,reportedCurrency,fillingDate,acceptedDate,period,revenue,costOfRevenue,grossProfit,grossProfitRatio,researchAndDevelopmentExpenses,generalAndAdministrativeExpenses,sellingAndMarketingExpenses,otherExpenses,operatingExpenses,costAndExpenses,interestExpense,depreciationAndAmortization,ebitda,ebitdaratio,operatingIncome,operatingIncomeRatio,totalOtherIncomeExpensesNet,incomeBeforeTax,incomeBeforeTaxRatio,incomeTaxExpense,netIncome,netIncomeRatio,eps,epsdiluted,weightedAverageShsOut,weightedAverageShsOutDil,link,finalLink,timestamp,est_time,est_date
0,2020-02-29,VIDE,USD,2020-05-29 00:00:00,2020-05-29 10:52:02,FY,10597000.0,8220000.0,2377000.0,0.22430876663206567,0.0,3637000.0,623000.0,0.0,4260000.0,12480000.0,4000.0,226000.0,-1657000.0,-0.15636500896480135,-1883000.0,-0.17769179956591488,673000.0,-1206000.0,-0.11380579409266774,0.0,-1206000.0,-0.11380579409266774,-0.20517,-0.20517,5878000.0,5878000.0,https://www.sec.gov/Archives/edgar/data/758743/000119312520155251/0001193125-20-155251-index.htm,https://www.sec.gov/Archives/edgar/data/758743/000119312520155251/d858720d10k.htm,1620599508,18:31:48,20210509
1,2019-02-28,VIDE,USD,2019-05-29 00:00:00,2019-05-29 10:08:06,FY,15023000.0,10983000.0,4040000.0,0.268920987818678,0.0,3645000.0,844000.0,0.0,4488999.999999999,15471999.999999998,23000.0,256000.0,-193000.0,-0.012846967982426946,-449000.0,-0.029887505824402583,493000.0,67000.0,0.004459828263329561,0.0,67000.0,0.004459828263329561,0.01102,0.01102,6079000.0,6079000.0,https://www.sec.gov/Archives/edgar/data/758743/000119312519159078/0001193125-19-159078-index.html,https://www.sec.gov/Archives/edgar/data/758743/000119312519159078/d702665d10k.htm,1620599508,18:31:48,20210509
2,2018-02-28,VIDE,USD,2018-05-29 00:00:00,2018-05-29 12:46:06,FY,11944000.0,11354000.0,590000.0,0.049397186872069655,0.0,3291000.0,967000.0,0.0,4258000.000000001,15612000.000000002,-3000.0,261000.0,-3407000.0,-0.2852478231748158,-3668000.0,-0.3070997990622907,733000.0,-2938000.0,-0.2459812458137977,0.0,-2938000.0,-0.2459812458137977,-0.49881,-0.49881,5890000.0,5890000.0,https://www.sec.gov/Archives/edgar/data/758743/000119312518176407/0001193125-18-176407-index.html,https://www.sec.gov/Archives/edgar/data/758743/000119312518176407/d545400d10k.htm,1620599508,18:31:48,20210509
3,2017-02-28,VIDE,USD,2017-05-30 00:00:00,2017-05-30 14:12:09,FY,19639000.0,16900000.0,2739000.0,0.13946738632313255,0.0,3229000.0,1030000.0,0.0,4259000.0,21159000.0,211000.0,237000.0,-1283000.0,-0.06532919191404858,-1520000.0,-0.07739701614135139,322000.0,-987000.0,-0.050257141402311724,19000.0,-1006000.0,-0.05122460410407862,-0.17077,-0.17077,5891000.0,5891000.0,https://www.sec.gov/Archives/edgar/data/758743/000119312517187057/0001193125-17-187057-index.html,https://www.sec.gov/Archives/edgar/data/758743/000119312517187057/d294630d10k.htm,1620599508,18:31:48,20210509
4,2016-02-29,VIDE,USD,2016-05-26 00:00:00,2016-05-26 16:04:51,FY,18369000.0,16335000.0,2034000.0,0.11073003429691328,0.0,3217000.0,992000.0,271000.0,4209000.0,22222000.0,-2486000.0,335000.0,-3518000.0,-0.19151831890685395,-3853000.0,-0.20975556644346452,200000.0,-6139000.0,-0.33420436605149983,7000.0,-6146000.0,-0.33458544286569764,-1.04011,-1.04011,5909000.0,5909000.0,https://www.sec.gov/Archives/edgar/data/758743/000119312516604208/0001193125-16-604208-index.html,https://www.sec.gov/Archives/edgar/data/758743/000119312516604208/d137464d10k.htm,1620599508,18:31:48,20210509
5,2015-02-28,VIDE,USD,2015-05-29 00:00:00,2015-05-29 16:02:07,FY,12818000.0,11433000.0,1385000.0,0.10805117803089405,0.0,3789000.0,1115000.0,0.0,4904000.0,16337000.0,15000.0,378000.0,-3141000.0,-0.24504602902168826,-3519000.0,-0.27453580901856767,-1253000.0,-4757000.0,-0.3711187392728975,1280000.0,-5993000.0,-0.46754563894523327,-0.93875,-0.93875,6384000.0,6384000.0,https://www.sec.gov/Archives/edgar/data/758743/000119312515206591/0001193125-15-206591-index.html,https://www.sec.gov/Archives/edgar/data/758743/000119312515206591/d901967d10k.htm,1620599508,18:31:48,20210509
6,2014-02-28,VIDE,USD,2014-05-29 00:00:00,2014-05-29 17:02:17,FY,14410000.0,15490000.0,-1080000.0,-0.07494795281054822,0.0,3061000.0,1686000.0,0.0,4747000.0,20239999.999999996,714000.0,390000.0,-5440000.0,-0.37751561415683554,-5830000.0,-0.40458015267175573,590000.0,-5950000.0,-0.41290770298403884,-490000.0,-2680000.0,-0.18598195697432338,-0.3545,-0.3545,7560000.0,7560000.0,https://www.sec.gov/Archives/edgar/data/758743/000119312514217419/0001193125-14-217419-index.html,https://www.sec.gov/Archives/edgar/data/758743/000119312514217419/d721880d10k.htm,1620599508,18:31:48,20210509
7,2013-02-28,VIDE,USD,2013-05-29 00:00:00,2013-05-29 15:18:05,FY,49100000.0,36190000.0,12910000.0,0.2629327902240326,900000.0,7375000.0,5350000.0,0.0,12725000.0,48910000.0,713000.0,1060000.0,1250000.0,0.025458248472505093,190000.0,0.003869653767820774,380000.0,-140000.0,-0.0028513238289205704,-150000.0,10000.0,0.00020366598778004074,0.00131,0.00131,7620000.0,7620000.0,https://www.sec.gov/Archives/edgar/data/758743/000119312513239279/0001193125-13-239279-index.html,https://www.sec.gov/Archives/edgar/data/758743/000119312513239279/d444260d10k.htm,1620599508,18:31:48,20210509
8,2012-02-29,VIDE,USD,2012-05-29,2012-05-29,FY,64230000.0,44290000.0,19950000.0,0.31060252218589446,0.0,8437000.0,0.0,0.0,13922000.0,58210000.0,-790000.0,1090000.0,7110000.0,0.11069593647828117,6020000.0,0.09372567336135762,120000.0,5350000.0,0.08329441071150552,1770000.0,3580000.0,0.05573719445741865,0.45897,0.45897,7800000.0,7800000.0,https://www.sec.gov/Archives/edgar/data/758743/000119312512250615/0001193125-12-250615-index.htm,https://www.sec.gov/Archives/edgar/data/758743/000119312512250615/d330408d10k.htm,1620599508,18:31:48,20210509
9,2011-02-28,VIDE,USD,2011-05-27 00:00:00,2011-05-27 13:34:05,FY,59040000.0,43540000.0,15500000.0,0.2625338753387534,0.0,6689000.0,0.0,0.0,11076000.0,54620000.0,-950000.0,1210000.0,5630000.0,0.0953590785907859,4420000.0,0.07486449864498645,250000.0,3720000.0,0.06300813008130081,1320000.0,1090000.0,0.018462059620596206,0.12529,0.12529,8700000.0,8700000.0,https://www.sec.gov/Archives/edgar/data/758743/000095012311054849/0000950123-11-054849-index.html,https://www.sec.gov/Archives/edgar/data/758743/000095012311054849/g27351e10vk.htm,1620599508,18:31:48,20210509
10,2010-02-28,VIDE,USD,2010-05-28 00:00:00,2010-05-28 15:29:27,FY,70430000.0,46650000.0,23780000.0,0.3376402101377254,0.0,14642000.0,0.0,0.0,21603000.0,68250000.0,-1090000.0,2200000.0,4380000.0,0.06218940792276019,2180000.0,0.03095271901178475,340000.0,1430000.0,0.020303847792134035,490000.0,940000.0,0.013346585261962233,0.11151,0.11151,8430000.0,8430000.0,https://www.sec.gov/Archives/edgar/data/758743/000095012310054201/0000950123-10-054201-index.html,https://www.sec.gov/Archives/edgar/data/758743/000095012310054201/g23590e10vk.htm,1620599508,18:31:48,20210509
11,2009-02-28,VIDE,USD,2009-05-29 00:00:00,2009-05-29 17:31:37,FY,72900000.0,48020000.0,24880000.0,0.3412894375857339,0.0,16854000.0,0.0,0.0,24242000.0,72270000.0,-1080000.0,2390000.0,3030000.0,0.04156378600823045,640000.0,0.008779149519890261,330000.0,-120000.0,-0.0016460905349794238,-430000.0,310000.0,0.004252400548696845,0.03209,0.03209,9660000.0,9660000.0,https://www.sec.gov/Archives/edgar/data/758743/000095014409004682/0000950144-09-004682-index.html,https://www.sec.gov/Archives/edgar/data/758743/000095014409004682/g19267e10vk.htm,1620599508,18:31:48,20210509
12,2008-02-29,VIDE,USD,2008-02-29,2008-02-29,FY,88200000.0,59710000.0,28500000.0,0.3231292517006803,0.0,0.0,0.0,0.0,23290000.0,83000000.0,-1770000.0,2350000.0,7560000.0,0.08571428571428572,5210000.0,0.0590702947845805,500000.0,3930000.0,0.0445578231292517,1160000.0,2770000.0,0.03140589569160998,0.28675,0.28675,9660000.0,9660000.0,,,1620599508,18:31:48,20210509
13,2007-02-28,VIDE,USD,2007-02-28,2007-02-28,FY,81940000.0,54350000.0,27590000.0,0.33670978764949966,0.0,0.0,0.0,0.0,22740000.000000004,77090000.0,-2090000.0,2250000.0,7100000.0,0.08664876739077373,4850000.0,0.059189650964120086,20000.0,2780000.0,0.03392726385159873,1160000.0,1620000.0,0.019770563827190626,0.16463,0.16463,9840000.0,9840000.0,,,1620599508,18:31:48,20210509
14,2006-02-28,VIDE,USD,2006-02-28,2006-02-28,FY,83880000.0,59380000.0,24500000.0,0.2920839294229852,0.0,0.0,0.0,0.0,22359999.999999993,81739999.99999999,-1470000.0,1930000.0,4070000.0,0.04852169766332856,2140000.0,0.025512637100619934,80000.0,750000.0,0.00894134477825465,310000.0,450000.0,0.00536480686695279,0.04649,0.04649,9680000.0,9680000.0,,,1620599508,18:31:48,20210509
15,2005-02-28,VIDE,USD,2005-02-28,2005-02-28,FY,82740000.0,55730000.0,27010000.0,0.3264442832970752,0.0,0.0,0.0,0.0,20232000.0,75960000.0,-1060000.0,1450000.0,8230000.0,0.09946821368141165,6780000.0,0.08194343727338652,180000.0,5900000.0,0.07130771090161953,2170000.0,3720000.0,0.044960116026105876,0.37576,0.37576,9900000.0,9900000.0,,,1620599508,18:31:48,20210509
16,2004-02-29,VIDE,USD,2004-02-29,2004-02-29,FY,76590000.0,51600000.0,24990000.0,0.3262828045436741,0.0,0.0,0.0,0.0,18719000.0,70319999.99999999,-1180000.0,1320000.0,7590000.0,0.0990990990990991,6270000.0,0.08186447316882099,-100000.0,4980000.0,0.06502154328241284,1870000.0,3170000.0,0.04138921530225878,0.32347,0.32347,9800000.0,9800000.0,,,1620599508,18:31:48,20210509
17,2003-02-28,VIDE,USD,2003-02-28,2003-02-28,FY,76580000.0,57040000.0,19540000.0,0.25515800470096633,0.0,0.0,0.0,0.0,22162000.0,79200000.0,-1490000.0,1310000.0,-1310000.0,-0.017106294071559155,-2620000.0,-0.03421258814311831,-180000.0,-4290000.0,-0.05601984852441891,-1030000.0,-3290000.0,-0.04296160877513711,-0.34559,-0.34559,9520000.0,9520000.0,,,1620599508,18:31:48,20210509
18,2002-02-28,VIDE,USD,2002-05-29 00:00:00,2002-05-29 12:30:20,FY,72370000.0,49450000.0,22910000.0,0.3165676385242504,0.0,19260000.0,0.0,0.0,19261000.0,68720000.0,-1590000.0,1660000.0,5310000.0,0.07337294459029985,3650000.0,0.05043526323062042,110000.0,2180000.0,0.030122979135000692,990000.0,1180000.0,0.01630509879784441,0.11626,0.11626,10150000.0,10150000.0,https://www.sec.gov/Archives/edgar/data/758743/000091205702022177/0000912057-02-022177-index.html,https://www.sec.gov/Archives/edgar/data/758743/000091205702022177/a2081000z10-k.htm,1620599508,18:31:48,20210509
19,2001-02-28,VIDE,USD,2001-02-28,2001-02-28,FY,70810000.0,49920000.0,20880000.0,0.29487360542296287,0.0,18390000.0,0.0,0.0,18394000.0,68319999.99999999,-2090000.0,1470000.0,3960000.0,0.05592430447676882,2490000.0,0.035164524784634936,-80000.0,320000.0,0.00451913571529445,290000.0,30000.0,0.00042366897330885467,0.00323,0.00323,9280000.0,9280000.0,,,1620599508,18:31:48,20210509
20,2000-02-29,VIDE,USD,2000-02-29,2000-02-29,FY,63840000.0,43520000.0,20320000.0,0.3182957393483709,0.0,17600000.0,0.0,0.0,19041000.0,61130000.0,-2090000.0,1440000.0,4150000.0,0.0650062656641604,2710000.0,0.04244987468671679,-60000.0,1000000.0,0.015664160401002505,320000.0,710000.0,0.011121553884711779,0.06781,0.06781,10470000.0,10470000.0,,,1620599508,18:31:48,20210509
21,1999-02-28,VIDE,USD,1999-02-28,1999-02-28,FY,58890000.0,38900000.0,19990000.0,0.3394464255391408,0.0,16400000.0,0.0,0.0,17600000.0,55300000.0,-1160000.0,1220000.0,4810000.0,0.08167770419426049,3590000.0,0.06096111394124639,-160000.0,2280000.0,0.03871625063678044,1170000.0,1120000.0,0.01901850908473425,0.10487,0.10487,10680000.0,10680000.0,,,1620599508,18:31:48,20210509
22,1998-02-28,VIDE,USD,1998-02-28,1998-02-28,FY,57910000.0,35950000.0,21960000.0,0.3792091175962701,0.0,15020000.0,0.0,0.0,16400000.0,50969999.99999999,-1220000.0,1420000.0,8360000.0,0.14436194094284235,6940000.0,0.11984113279226385,40000.0,5750000.0,0.09929200483508893,2210000.0,3540000.0,0.061129338628906925,0.33115,0.33115,10690000.0,10690000.0,,,1620599508,18:31:48,20210509
23,1997-02-28,VIDE,USD,1997-02-28,1997-02-28,FY,53870000.0,35510000.0,18360000.0,0.3408204937813254,0.0,14390000.0,0.0,0.0,15700000.0,49900000.0,-1320000.0,1300000.0,5270000.0,0.09782810469649156,3970000.0,0.07369593465750882,30000.0,2680000.0,0.04974939669574902,770000.0,1900000.0,0.035270094672359385,0.18868,0.18868,10070000.0,10070000.0,,,1620599508,18:31:48,20210509
24,1996-02-29,VIDE,USD,1996-02-29,1996-02-29,FY,48110000.0,30230000.0,17890000.0,0.3718561629598836,0.0,14180000.0,0.0,0.0,15800000.0,44409999.99999999,-1100000.0,1620000.0,5320000.0,0.11057992101434214,3700000.0,0.07690708792350863,140000.0,2740000.0,0.05695281646227396,930000.0,1780000.0,0.03699854500103929,0.18678,0.18678,9530000.0,9530000.0,,,1620599508,18:31:48,20210509
25,1995-02-28,VIDE,USD,1995-02-28,1995-02-28,FY,48440000.0,32690000.0,15750000.0,0.32514450867052025,0.0,14530000.0,0.0,0.0,16100000.0,47210000.0,-1280000.0,0.0,-1270000.0,-0.026218,1230000.0,0.025392237819983485,70000.0,20000.0,0.00041288191577208916,0.0,10000.0,0.00020644095788604458,0.00101,0.00101,9910000.0,9910000.0,,,1620599508,18:31:48,20210509
26,1994-02-28,VIDE,USD,1994-02-28,1994-02-28,FY,53070000.0,35530000.0,17540000.0,0.33050687770868664,0.0,15910000.0,0.0,0.0,17700000.0,51440000.0,-1040000.0,1750000.0,3380000.0,0.06368946674203882,1630000.0,0.030714151121160733,230000.0,820000.0,0.01545129074806859,320000.0,500000.0,0.00942151874882231,0.0504,0.0504,9920000.0,9920000.0,,,1620599508,18:31:48,20210509
27,1993-02-28,VIDE,USD,1993-02-28,1993-02-28,FY,61020000.0,41090000.0,19930000.0,0.32661422484431335,0.0,15880000.0,0.0,0.0,17500000.0,59039999.99999999,0.0,0.0,-330000.0,-0.005408,1980000.0,0.032448377581120944,-2310000.0,-330000.0,-0.005408062930186824,470000.0,-800000.0,-0.013110455588331694,-0.08089,-0.08089,9890000.0,9890000.0,,,1620599508,18:31:48,20210509
28,1992-02-29,VIDE,USD,1992-02-29,1992-02-29,FY,54510000.0,35430000.0,19080000.0,0.3500275178866263,0.0,14940000.0,0.0,0.0,16500000.0,50370000.0,0.0,0.0,2760000.0,0.050633,4140000.0,0.0759493670886076,-1380000.0,2760000.0,0.05063291139240506,1070000.0,1690000.0,0.031003485598972664,0.17053,0.17053,9910000.0,9910000.0,,,1620599508,18:31:48,20210509
29,1991-02-28,VIDE,USD,1991-02-28,1991-02-28,FY,54110000.0,35090000.0,19020000.0,0.35150619109221953,0.0,14840000.0,0.0,0.0,16200000.0,49929999.99999999,0.0,0.0,2650000.0,0.048974,4190000.0,0.07743485492515247,-1540000.0,2650000.0,0.04897431158750693,1100000.0,1550000.0,0.02864535206061726,0.15657,0.15657,9900000.0,9900000.0,,,1620599508,18:31:48,20210509
30,1990-02-28,VIDE,USD,1990-02-28,1990-02-28,FY,54540000.0,37070000.0,17480000.0,0.3204987165383205,0.0,12380000.0,0.0,0.0,13300000.0,49450000.0,0.0,0.0,1820000.0,0.03337,5100000.0,0.09350935093509351,-3280000.0,1820000.0,0.03337000366703337,1140000.0,680000.0,0.012467913458012467,0.0689,0.0689,9870000.0,9870000.0,,,1620599508,18:31:48,20210509
31,1989-02-28,VIDE,USD,1989-02-28,1989-02-28,FY,40580000.0,26520000.0,14060000.0,0.34647609659931,0.0,8690000.0,0.0,0.0,9800000.0,35210000.0,0.0,0.0,4160000.0,0.102514,5370000.0,0.13233119763430262,-1210000.0,4160000.0,0.10251355347461803,1590000.0,2570000.0,0.06333169048792509,0.26251,0.26251,9790000.0,9790000.0,,,1620599508,18:31:48,20210509
32,1988-02-28,VIDE,USD,1988-02-28,1988-02-28,FY,25710000.0,16410000.0,9300000.0,0.3617269544924154,0.0,4950000.0,0.0,0.0,4960000.000000001,21370000.0,0.0,0.0,3480000.0,0.135356,4350000.0,0.1691948658109685,-640000.0,3710000.0,0.1443018280824582,1570000.0,1910000.0,0.07429015947102295,0.19119,0.19119,9990000.0,9990000.0,,,1620599508,18:31:48,20210509
33,1987-02-28,VIDE,USD,1987-02-28,1987-02-28,FY,23290000.0,15610000.0,7680000.0,0.32975525976814085,0.0,3630000.0,0.0,0.0,5400000.0,19240000.0,0.0,0.0,3320000.0,0.14255,4050000.0,0.17389437526835552,-690000.0,3360000.0,0.14426792614856163,1660000.0,1660000.0,0.07127522541863461,0.17131,0.17131,9690000.0,9690000.0,,,1620599508,18:31:48,20210509
34,1986-02-28,VIDE,USD,1986-02-28,1986-02-28,FY,12840000.0,8670000.0,4160000.0,0.32398753894080995,0.0,2410000.0,0.0,0.0,3600000.0,11080000.0,0.0,0.0,1690000.0,0.13162,1750000.0,0.13629283489096572,-50000.0,1710000.0,0.13317757009345793,690000.0,1000000.0,0.0778816199376947,0.11364,0.11364,8800000.0,8800000.0,,,1620599508,18:31:48,20210509
35,1985-02-28,VIDE,USD,1985-02-28,1985-02-28,FY,10840000.0,7570000.0,3270000.0,0.3016605166051661,0.0,1740000.0,0.0,0.0,1740000.0000000002,9310000.0,0.0,0.0,1420000.0,0.130996,1530000.0,0.1411439114391144,-110000.0,1420000.0,0.13099630996309963,620000.0,800000.0,0.07380073800738007,0.11478,0.11478,6970000.0,6970000.0,,,1620599508,18:31:48,20210509
36,1984-02-28,VIDE,USD,1984-02-28,1984-02-28,FY,6490000.0,4450000.0,2040000.0,0.31432973805855163,0.0,1180000.0,0.0,0.0,1179999.9999999998,5630000.0,0.0,0.0,710000.0,0.109399,860000.0,0.1325115562403698,-150000.0,700000.0,0.10785824345146379,300000.0,410000.0,0.06317411402157165,0.06457,0.06457,6350000.0,6350000.0,,,1620599508,18:31:48,20210509
37,1983-02-28,VIDE,USD,1983-02-28,1983-02-28,FY,3290000.0,2180000.0,1110000.0,0.3373860182370821,0.0,630000.0,0.0,0.0,629999.9999999999,2810000.0,0.0,0.0,250000.0,0.075988,480000.0,0.1458966565349544,-300000.0,190000.0,0.057750759878419454,120000.0,130000.0,0.03951367781155015,0.02257,0.02257,5760000.0,5760000.0,,,1620599508,18:31:48,20210509
