,date,symbol,reportedCurrency,fillingDate,acceptedDate,period,revenue,costOfRevenue,grossProfit,grossProfitRatio,researchAndDevelopmentExpenses,generalAndAdministrativeExpenses,sellingAndMarketingExpenses,otherExpenses,operatingExpenses,costAndExpenses,interestExpense,depreciationAndAmortization,ebitda,ebitdaratio,operatingIncome,operatingIncomeRatio,totalOtherIncomeExpensesNet,incomeBeforeTax,incomeBeforeTaxRatio,incomeTaxExpense,netIncome,netIncomeRatio,eps,epsdiluted,weightedAverageShsOut,weightedAverageShsOutDil,link,finalLink,timestamp,est_time,est_date
0,2020-06-30,CRESY,ARS,2020-06-30,2020-06-30,FY,121256000000.0,80487000000.0,40769000000.0,0.3362225374414462,0.0,8656000000.0,16348000000.0,177000000.0,1151000000.0,108102000000.0,24244000000.0,2987000000.0,16141000000.0,0.13311506234743023,13154000000.0,0.10848122979481428,19577000000.0,10025000000.0,0.08267632117173583,8107000000.0,3929000000.0,0.03240252028765587,84.69,82.18,49900000,51472378,,,1620590670,16:04:30,20210509
1,2019-06-30,CRESY,ARS,2019-06-30,2019-06-30,FY,82665000000.0,51607000000.0,31058000000.0,0.3757091876852356,0.0,6871000000.0,9840000000.0,-431000000.0,2563000000.0,70691000000.0,16807000000.0,1254000000.0,13228000000.0,0.16001935522893607,11974000000.0,0.14484969455029334,-23638000000.0,-27147000000.0,-0.32839774995463616,1830000000.0,-18749000000.0,-0.22680699207645316,-373.462535,-373.462535,50201180,50201180,,,1620590670,16:04:30,20210509
2,2018-06-30,CRESY,ARS,2018-06-30,2018-06-30,FY,38986000000.0,23435000000.0,15551000000.0,0.39888677986969684,0.0,4097000000.0,5312000000.0,-61000000.0,494000000.0,33758000000.0,8185000000.0,584000000.0,5812000000.0,0.14907915662032525,5228000000.0,0.13409942030472477,8120000000.0,5534000000.0,0.14194839173036475,233000000.0,5392000000.0,0.13830605858513312,101.428796,97.506135,53213882,55248216,,,1620590670,16:04:30,20210509
3,2017-06-30,CRESY,ARS,2017-06-30,2017-06-30,FY,77918000000.0,54713000000.0,23205000000.0,0.2978130855514772,0.0,3717000000.0,13946000000.0,-146000000.0,4388000000.0,73253000000.0,6736000000.0,590000000.0,5255000000.0,0.06744269616776612,4665000000.0,0.059870633229805695,7029000000.0,4872000000.0,0.06252727226058163,2862000000.0,1511000000.0,0.01939218152416643,28.392591,28.205798,53320952,53535093,,,1620590670,16:04:30,20210509
4,2016-06-30,CRESY,ARS,2016-06-30,2016-06-30,FY,35384000000.0,24222000000.0,11162000000.0,0.31545331223151707,0.0,1785000000.0,6279000000.0,-26000000.0,2725000000.0,32769000000.0,2739000000.0,291000000.0,2906000000.0,0.08212751526113497,2615000000.0,0.07390345919059461,-1781000000.0,-2088000000.0,-0.0590097219082071,-197000000.0,-1038000000.0,-0.029335292787700657,-35.403439,-35.403439,53410066,53410066,,,1620590670,16:04:30,20210509
5,2015-06-30,CRESY,ARS,2015-06-30,2015-06-30,FY,5651805000.0,3480034000.0,2171771000.0,0.3842614881440531,0.0,539254000.0,474158000.0,-5210000.0,452000000.0,4574015000.0,873753000.0,12658000.0,1090448000.0,0.19293800830000327,1077790000.0,0.1906983698128297,314198000.0,479561000.0,0.08485094584827325,303350000.0,-249619000.0,-0.04416624423524874,-4.726637,-4.726637,53088527,53088527,,,1620590670,16:04:30,20210509
6,2014-06-30,CRESY,ARS,2014-06-30,2014-06-30,FY,4604011000.0,2779386000.0,1824625000.0,0.3963120418261381,0.0,480265000.0,352726000.0,-3124000.0,565000000.0,3664780000.0,715537000.0,9973000.0,949204000.0,0.20616892531316716,939231000.0,0.20400277062761143,-2051309000.0,-1797823000.0,-0.3904905961345444,-389415000.0,-1067880000.0,-0.23194557962611298,-19.701306,-19.701306,54142796,54142796,,,1620590670,16:04:30,20210509
7,2013-06-30,CRESY,ARS,2013-06-30,2013-06-30,FY,3528551000.0,2222022000.0,1306529000.0,0.3702735202070198,0.0,299179000.0,277638000.0,-7866000.0,563000000.0,2838634000.0,473465000.0,10689000.0,700606000.0,0.19855345721232312,689917000.0,0.19552416841927464,-31415000.0,187782000.0,0.05321787895371216,33519000.0,-26907000.0,-0.007625509734732473,-0.45817,-0.45817,54189722,54189722,,,1620590670,16:04:30,20210509
8,2012-06-30,CRESY,ARS,2012-06-30,2012-06-30,FY,3457815000.0,2225878000.0,1231937000.0,0.35627614548493775,0.0,360504000.0,242983000.0,244165000.0,685000000.0,2829365000.0,396221000.0,181967000.0,810417000.0,0.2343725734314878,628450000.0,0.18174772218872323,366569000.0,186048000.0,0.05380507632710252,13419000.0,78263000.0,0.022633657381901578,1.466144,1.282876,54189698,60994506,,,1620590670,16:04:30,20210509
9,2011-06-30,CRESY,ARS,2011-06-30,2011-06-30,FY,2540308000.0,1486294000.0,1054014000.0,0.41491582910418734,0.0,256016000.0,176207000.0,0.0,464000000.0,1813180000.0,290854000.0,124718000.0,851846000.0,0.335331778666209,727128000.0,0.2862361571903879,48885000.0,507015000.0,0.19958800271463145,125443000.0,212565000.0,0.08367686123100034,3.940261,3.482091,54189526,60994334,,,1620590670,16:04:30,20210509
10,2010-06-30,CRESY,ARS,2010-06-30,2010-06-30,FY,1882355000.0,994134000.0,888221000.0,0.4718668901455889,0.0,239678000.0,219454000.0,0.0,373000000.0,1295385000.0,0.0,136864000.0,723834000.0,0.38453639191332134,586970000.0,0.3118274714387031,-181611000.0,516202000.0,0.27423201255873625,145952000.0,185406000.0,0.09849682976909244,3.482091,3.115555,53096663,59901471,,,1620590670,16:04:30,20210509
11,2009-06-30,CRESY,ARS,2009-06-30,2009-06-30,FY,1427175000.0,851192000.0,575983000.0,0.4035826019934486,0.0,134664000.0,212482000.0,0.0,359000000.0,1189509000.0,93000.0,87595000.0,325261000.0,0.22790547760435825,237666000.0,0.16652898207998318,115539000.0,311508000.0,0.21826895790635345,92682000.0,124616000.0,0.0873165519295111,2.262524,2.001464,55726159,62534006,,,1620590670,16:04:30,20210509
12,2008-06-30,CRESY,ARS,2008-06-30,2008-06-30,FY,322022650.88276,256443659.84122,65578991.04154,0.2036471374351104,0.0,42721361.26919,0.0,0.0,96000000.0,278461524.56658,0.0,6466231.08089,50027357.39707,0.15535353572157148,43561126.31618,0.1352734852556675,24467468.99279,23470922.16026,0.07288593549528026,283737.95771,22921048.89063,0.071178374650965,0.539559,0.513455,42342603,44277103,,,1620590670,16:04:30,20210509
13,2007-06-30,CRESY,ARS,2007-06-30,2007-06-30,FY,208262021.3729,171072762.8797,37189258.4932,0.17856956466686455,0.0,31353715.1928,0.0,0.0,67000000.0,171118922.3689,0.0,4357478.7454,41500577.749400005,0.19927098313855243,37143099.004,0.1783479232514221,54849016.0636,56692667.0365,0.2722179812851711,8184292.5802,48237687.5486,0.2316201832221192,1.70262,1.362101,28331444,35414169,,,1620590670,16:04:30,20210509
14,2006-06-30,CRESY,ARS,2006-06-30,2006-06-30,FY,112465454.29124,92423066.75858,20042387.53266,0.17820927909790263,0.0,25522696.18374,0.0,0.0,40000000.0,101345977.39669,0.0,5117766.3715,16237243.26605,0.1443753850315859,11119476.89455,0.09887015497003245,31553310.19416,38460706.53933,0.341977959202764,5437865.62557,32919803.36154,0.2927103577627583,1.655112,1.132438,19889768,29069842,,,1620590670,16:04:30,20210509
15,2005-06-30,CRESY,ARS,2005-06-30,2005-06-30,FY,78139185.0423,59632796.41476,18506388.62754,0.23683877196213038,0.0,13860917.89188,0.0,0.0,25000000.0,41897283.97662,0.0,4167335.26266,40409236.328339994,0.5171443278614282,36241901.06568,0.46381211995058236,46079192.77386,114448460.92362,1.4646743610349182,37771241.83848,76765682.0853,0.982422353698001,4.255763,2.171298,18038053,36912635,,,1620590670,16:04:30,20210509
16,2004-06-30,CRESY,ARS,2004-06-30,2004-06-30,FY,62482875.35496,39109162.72494,23373712.63002,0.3740818983959347,0.0,10235808.72108,0.0,0.0,0.0,45432624.3627,0.0,3603275.36952,20653526.361780003,0.33054698978638614,17050250.99226,0.2728787831129561,27020385.90672,40364540.87064,0.6460096569073112,8294020.24482,32212257.91836,0.5155373810082339,2.002247,1.131686,16088052,16088052,,,1620590670,16:04:30,20210509
17,2003-06-30,CRESY,ARS,2003-06-30,2003-06-30,FY,72340665.82596,51319404.18295,21021261.64301,0.29058706334807277,0.0,10410673.89837,0.0,0.0,0.0,44542923.87586,0.0,3573171.39298,31370913.34308,0.43365530279405184,27797741.9501,0.3842616270214722,64202348.85816,76033996.08253,1.0510546898400903,10655823.8261,65378172.25643,0.9037540850635708,4.649215,1.63585,14062195,39322688,,,1620590670,16:04:30,20210509
18,2002-06-30,CRESY,ARS,2002-06-30,2002-06-30,FY,72669491.61505,40227808.95806,32441682.65699,0.44642781910244245,0.0,16582716.35196,0.0,0.0,0.0,59578608.53561,0.0,3629268.32295,16720151.40239,0.23008488198818253,13090883.07944,0.18014276401967907,-41251336.25175,-32820408.12712,-0.45163943489488817,7779944.4804,-40600352.60752,-0.5586987290703928,-2.876175,-2.876175,13761047,13761047,,,1620590670,16:04:30,20210509
19,2001-06-30,CRESY,ARS,2001-06-30,2001-06-30,FY,34795305.1215,27161696.5587,7633608.5628,0.21938616535031324,0.0,8745771.3354,0.0,0.0,0.0,33976796.9805,0.0,1687811.202,2506319.343,0.07203038841729675,818508.141,0.023523522444820987,6600275.9064,5887400.2011,0.16920099365538194,2052927.6867,3834472.5144,0.11020085902424467,0.278872,0.278872,13750580,13750580,,,1620590670,16:04:30,20210509
20,2000-06-30,CRESY,ARS,2000-06-30,2000-06-30,FY,35129670.6604,27794828.9222,7334841.7382,0.20879335331965454,0.0,8635016.6512,0.0,0.0,0.0,38119738.5272,0.0,1689892.9538,-1300174.913,-0.037010734474821734,-2990067.8668,-0.08511516933093712,3096572.5616,1376853.5742,0.03919346661430735,22371.5248,1354482.0494,0.03855663955673922,0.09572,0.09572,13751955,13751955,,,1620590670,16:04:30,20210509
21,1999-06-30,CRESY,ARS,1999-06-30,1999-06-30,FY,43606393.896,41810973.0555,1795420.8405,0.041173339047067894,0.0,9121480.978,0.0,0.0,0.0,52474035.857,0.0,1541581.8235,-7326060.137499999,-0.1680042645803834,-8867641.961,-0.20335646148931902,10447241.766,1058819.3255,0.02428128608903671,17998.996,1040820.3295,0.023868525610769988,0.078288,0.078288,14282250,14282250,,,1620590670,16:04:30,20210509
22,1998-06-30,CRESY,ARS,1998-06-30,1998-06-30,FY,51830063.9136,35462729.0354,16367334.8782,0.31578843710253035,0.0,9470994.4222,0.0,0.0,0.0,46106636.828,0.0,1172913.3704,6896340.456,0.13305676156402402,5723427.0856,0.11042678039411401,10626544.266,0.0,0.0,0.0,18868438.5574,0.36404428497046476,1.322599,1.322599,14282250,14282250,,,1620590670,16:04:30,20210509
