,date,symbol,reportedCurrency,fillingDate,acceptedDate,period,revenue,costOfRevenue,grossProfit,grossProfitRatio,researchAndDevelopmentExpenses,generalAndAdministrativeExpenses,sellingAndMarketingExpenses,otherExpenses,operatingExpenses,costAndExpenses,interestExpense,depreciationAndAmortization,ebitda,ebitdaratio,operatingIncome,operatingIncomeRatio,totalOtherIncomeExpensesNet,incomeBeforeTax,incomeBeforeTaxRatio,incomeTaxExpense,netIncome,netIncomeRatio,eps,epsdiluted,weightedAverageShsOut,weightedAverageShsOutDil,link,finalLink,timestamp,est_time,est_date
0,2020-12-31,2223.HK,HKD,2020-12-31,2020-12-31,FY,309279000,117577000,191702000,0.6198351650128201,0.0,45598000,136462000,17000.0,0.0,289666000,1173000.0,28065000.0,47678000.0,0.1541585429337265,19613000.0,0.06252930202179909,0.0,19339000,0.06252930202179909,3228000.0,16129000.0,0.05215032381765332,0.06241100173353145,0.06241100173353145,258432000,258432000,https://www1.hkexnews.hk/search/titlesearch.xhtml,https://www1.hkexnews.hk/search/titlesearch.xhtml,1620585476,14:37:56,20210509
1,2019-12-31,2223.HK,HKD,2019-12-31,2019-12-31,FY,378854000,150078000,228776000,0.603863229634635,0.0,48780000,154598000,1147000.0,203843000.0,353921000,1561000.0,30911000.0,55844000.0,0.14740242943191836,24933000.0,0.06581163192153178,0.0,24504000,0.06467926958670095,6886000.0,18498000.0,0.0488261968990693,0.0716,0.0716,258432000,258432000,https://www1.hkexnews.hk/search/titlesearch.xhtml,https://www1.hkexnews.hk/search/titlesearch.xhtml,1620585476,14:37:56,20210509
2,2018-12-31,2223.HK,HKD,2018-12-31,2018-12-31,FY,337624000,124296000,213328000,0.6318508162926806,0.0,49685000,151435000,440000.0,203997000.0,328293000,365000.0,13973000.0,23304000.0,0.06902352913300003,9331000.0,0.02763725327583347,0.0,10717000,0.03174241167689501,4672000.0,7837000.0,0.023212212401961946,0.0303,0.0303,258432000,258432000,https://www1.hkexnews.hk/search/titlesearch.xhtml,https://www1.hkexnews.hk/search/titlesearch.xhtml,1620585476,14:37:56,20210509
3,2017-12-31,2223.HK,HKD,2017-12-31,2017-12-31,FY,347449000,123104000,224345000,0.6456918857156014,0.0,46658000,145627000,438000.0,191683000.0,314787000,1257000.0,11965000.0,44627000.0,0.12844187204453028,32662000.0,0.09400516334771435,0.0,33144000,0.09539241730441014,6212000.0,27037000.0,0.07781573698585979,0.1046,0.1046,258432000,258432000,https://www1.hkexnews.hk/search/titlesearch.xhtml,https://www1.hkexnews.hk/search/titlesearch.xhtml,1620585476,14:37:56,20210509
4,2016-12-31,2223.HK,HKD,2016-12-31,2016-12-31,FY,356717000,132776000,223941000,0.6277833688890633,0.0,50148000,152431000,-340000.0,202177000.0,334953000,2066000.0,13274000.0,35038000.0,0.09822352172730764,21764000.0,0.06101195064995501,0.0,14591000,0.04090357342094714,6661000.0,7930000.0,0.0222305076573306,0.0307,0.0307,258432000,258432000,https://www1.hkexnews.hk/search/titlesearch.xhtml,https://www1.hkexnews.hk/search/titlesearch.xhtml,1620585476,14:37:56,20210509
5,2015-12-31,2223.HK,HKD,2015-12-31,2015-12-31,FY,370969000,141764000,229205000,0.617854861187862,0.0,61336000,178085000,-1025000.0,238541000.0,380305000,2890000.0,13751000.0,4415000.0,0.011901263987017784,-9336000.0,-0.025166523348312122,0.0,-14386000,-0.03877952066075602,1844000.0,-16230000.0,-0.04375028641207217,-0.0667,-0.0667,243316575,243316575,https://www1.hkexnews.hk/search/titlesearch.xhtml,https://www1.hkexnews.hk/search/titlesearch.xhtml,1620585476,14:37:56,20210509
6,2014-12-31,2223.HK,HKD,2014-12-31,2014-12-31,FY,460824000,182530000,278294000,0.6039051785497284,0.0,50009000,201957000,0.0,251449000.0,433979000,4282000.0,13680000.0,40525000.0,0.08794029824835511,26845000.0,0.05825434439178515,0.0,20129000,0.043680450670971996,7376000.0,12753000.0,0.027674339878131348,0.0635,0.0633,200788000,201418715,https://www1.hkexnews.hk/search/titlesearch.xhtml,https://www1.hkexnews.hk/search/titlesearch.xhtml,1620585476,14:37:56,20210509
7,2013-12-31,2223.HK,HKD,2013-12-31,2013-12-31,FY,493104000,189326000,303778000,0.6160525974236672,0.0,64045000,220780000,0.0,283297000.0,472623000,2915000.0,9773000.0,30254000.0,0.06135419708621305,20481000.0,0.041534848632337196,0.0,22415000,0.04545694214607872,11354000.0,11061000.0,0.022431373503358318,0.0552,0.0533,200408017,207473658,https://www1.hkexnews.hk/search/titlesearch.xhtml,https://www1.hkexnews.hk/search/titlesearch.xhtml,1620585476,14:37:56,20210509
8,2012-12-31,2223.HK,HKD,2012-12-31,2012-12-31,FY,472593000,180511000,292082000,0.618041316735542,0.0,52039000,176269000,0.0,225213000.0,405724000,691000.0,5602000.0,72471000.0,0.15334759507652462,66869000.0,0.14149384353979005,0.0,45330000,0.09591762891113495,13311000.0,32019000.0,0.06775174410116104,0.2061,0.2061,155327869,155327869,https://www1.hkexnews.hk/search/titlesearch.xhtml,https://www1.hkexnews.hk/search/titlesearch.xhtml,1620585476,14:37:56,20210509
9,2011-12-31,2223.HK,HKD,2011-12-31,2011-12-31,FY,430263000,176514000,253749000,0.5897532439461446,0.0,43726000,161470000,0.0,196281000.0,372795000,830000.0,6947000.0,64415000.0,0.1497107583036422,57468000.0,0.13356481965681455,0.0,57083000,0.13267001810520543,11219000.0,45864000.0,0.10659526847532788,0.3058,0.3058,150000000,150000000,https://www1.hkexnews.hk/search/titlesearch.xhtml,https://www1.hkexnews.hk/search/titlesearch.xhtml,1620585476,14:37:56,20210509
