,date,symbol,reportedCurrency,fillingDate,acceptedDate,period,revenue,costOfRevenue,grossProfit,grossProfitRatio,researchAndDevelopmentExpenses,generalAndAdministrativeExpenses,sellingAndMarketingExpenses,otherExpenses,operatingExpenses,costAndExpenses,interestExpense,depreciationAndAmortization,ebitda,ebitdaratio,operatingIncome,operatingIncomeRatio,totalOtherIncomeExpensesNet,incomeBeforeTax,incomeBeforeTaxRatio,incomeTaxExpense,netIncome,netIncomeRatio,eps,epsdiluted,weightedAverageShsOut,weightedAverageShsOutDil,link,finalLink,timestamp,est_time,est_date
0,2020-05-31,NWF.L,GBP,2020-05-31,2020-05-31,FY,687500000,646200000.0,41300000.0,0.06007272727272727,0.0,27800000.0,0.0,0.0,27800000.0,674000000,1500000.0,10500000.0,24000000.0,0.03490909090909091,13500000.0,0.019636363636363636,0.0,12000000.0,0.017454545454545455,3100000.0,8900000.0,0.012945454545454545,0.182,0.181,48750000.0,49228000.0,https://find-and-update.company-information.service.gov.uk/search/companies?q=NWF+Group+PLC,https://find-and-update.company-information.service.gov.uk/search/companies?q=NWF+Group+PLC,1620595941,17:32:21,20210509
1,2019-05-31,NWF.L,GBP,2019-05-31,2019-05-31,FY,671300000,640400000.0,30900000.0,0.04603009086846417,0.0,21300000.0,0.0,0.0,21300000.0,661700000,900000.0,4700000.0,14300000.0,0.02130195143750931,9600000.0,0.014300610755251006,0.0,8700000.0,0.012959928496946225,1900000.0,6800000.0,0.010129599284969463,0.1395301118292808,0.13948717948717948,48735000.0,48750000.0,https://find-and-update.company-information.service.gov.uk/search/companies?q=NWF+Group+PLC,https://find-and-update.company-information.service.gov.uk/search/companies?q=NWF+Group+PLC,1620595941,17:32:21,20210509
2,2018-05-31,NWF.L,GBP,2018-05-31,2018-05-31,FY,611000000,580700000.0,30300000.0,0.04959083469721767,0.0,19700000.0,0.0,0.0,19700000.0,600400000,900000.0,4500000.0,15100000.0,0.024713584288052374,10600000.0,0.01734860883797054,0.0,9700000.0,0.015875613747954175,1900000.0,7800000.0,0.01276595744680851,0.16,0.159,48658000.0,48831000.0,https://find-and-update.company-information.service.gov.uk/search/companies?q=NWF+Group+PLC,https://find-and-update.company-information.service.gov.uk/search/companies?q=NWF+Group+PLC,1620595941,17:32:21,20210509
3,2017-05-31,NWF.L,GBP,2017-05-31,2017-05-31,FY,555800000,528700000.0,27100000.0,0.04875854623965455,0.0,19300000.0,0.0,0.0,19300000.0,548000000,1100000.0,4200000.0,12000000.0,0.021590500179920834,7800000.0,0.014033825116948543,0.0,6700000.0,0.012054695933789134,1200000.0,5500000.0,0.009895645915797049,0.11312217194570136,0.11306635967436889,48620000.0,48644000.0,https://find-and-update.company-information.service.gov.uk/search/companies?q=NWF+Group+PLC,https://find-and-update.company-information.service.gov.uk/search/companies?q=NWF+Group+PLC,1620595941,17:32:21,20210509
4,2016-05-31,NWF.L,GBP,2016-05-31,2016-05-31,FY,465900000,439300000.0,26600000.0,0.05709379695213565,0.0,19500000.0,0.0,0.0,19500000.0,458800000,1100000.0,3900000.0,11000000.0,0.02361021678471775,7100000.0,0.015239321742863276,0.0,6000000.0,0.0128783000643915,1200000.0,4800000.0,0.0103026400515132,0.098,0.097,48469000.0,48889000.0,https://find-and-update.company-information.service.gov.uk/search/companies?q=NWF+Group+PLC,https://find-and-update.company-information.service.gov.uk/search/companies?q=NWF+Group+PLC,1620595941,17:32:21,20210509
5,2015-05-31,NWF.L,GBP,2015-05-31,2015-05-31,FY,492300000,466600000.0,25700000.0,0.052203940686573226,0.0,16600000.0,0.0,0.0,16600000.0,483200000,1200000.0,4000000.0,13100000.0,0.026609790777980907,9100000.0,0.018484663822872234,0.0,7900000.0,0.01604712573633963,1700000.0,6200000.0,0.012593946780418443,0.129,0.127,48126000.0,48679000.0,https://find-and-update.company-information.service.gov.uk/search/companies?q=NWF+Group+PLC,https://find-and-update.company-information.service.gov.uk/search/companies?q=NWF+Group+PLC,1620595941,17:32:21,20210509
6,2014-05-31,NWF.L,GBP,2014-05-31,2014-05-31,FY,537700000,511800000.0,25900000.0,0.04816812348893435,0.0,17400000.0,0.0,0.0,17400000.0,529200000,1600000.0,3700000.0,12200000.0,0.022689231913706528,8500000.0,0.015808071415287336,0.0,6900000.0,0.012832434442997954,1600000.0,5300000.0,0.009856797470708573,0.112,0.111,47489000.0,47849000.0,https://find-and-update.company-information.service.gov.uk/search/companies?q=NWF+Group+PLC,https://find-and-update.company-information.service.gov.uk/search/companies?q=NWF+Group+PLC,1620595941,17:32:21,20210509
7,2013-05-31,NWF.L,GBP,2013-05-31,2013-05-31,FY,545800000,518200000.0,27600000.0,0.050567973616709415,0.0,17900000.0,0.0,0.0,17900000.0,536100000,1300000.0,3600000.0,13300000.0,0.024367900329791133,9700000.0,0.017772077684133383,0.0,8400000.0,0.015390252839868083,2200000.0,6200000.0,0.011359472334188348,0.131,0.13,47277000.0,47523000.0,https://find-and-update.company-information.service.gov.uk/search/companies?q=NWF+Group+PLC,https://find-and-update.company-information.service.gov.uk/search/companies?q=NWF+Group+PLC,1620595941,17:32:21,20210509
8,2012-05-31,NWF.L,GBP,2012-05-31,2012-05-31,FY,540200000,518900000.0,21300000.0,0.03942984079970381,0.0,15000000.0,0.0,0.0,15000000.0,533900000,1200000.0,3100000.0,9400000.0,0.01740096260644206,6300000.0,0.011662347278785635,0.0,5100000.0,0.00944094779711218,1300000.0,3800000.0,0.007034431691965938,0.081,0.08,47143000.0,47431000.0,https://find-and-update.company-information.service.gov.uk/search/companies?q=NWF+Group+PLC,https://find-and-update.company-information.service.gov.uk/search/companies?q=NWF+Group+PLC,1620595941,17:32:21,20210509
9,2011-05-31,NWF.L,GBP,2011-05-31,2011-05-31,FY,463800000,438800000.0,25000000.0,0.05390254420008624,0.0,0.0,0.0,0.0,15700000.0,454500000,1400000.0,3800000.0,13100000.0,0.02824493316084519,9300000.0,0.020051746442432083,0.0,7600000.0,0.016386373436826217,2200000.0,5400000.0,0.01164294954721863,0.115,0.114,46983000.0,47359000.0,https://find-and-update.company-information.service.gov.uk/search/companies?q=NWF+Group+PLC,https://find-and-update.company-information.service.gov.uk/search/companies?q=NWF+Group+PLC,1620595941,17:32:21,20210509
10,2010-05-31,NWF.L,GBP,2010-05-31,2010-05-31,FY,379800000,358000000.0,21800000.0,0.0573986308583465,0.0,0.0,0.0,0.0,12800000.0,370800000,1300000.0,3300000.0,12300000.0,0.03238546603475513,9000000.0,0.023696682464454975,0.0,7100000.0,0.018694049499736704,2200000.0,4900000.0,0.012901527119536599,0.10440859985936801,0.10383115782335989,46931000.0,47192000.0,https://find-and-update.company-information.service.gov.uk/search/companies?q=NWF+Group+PLC,https://find-and-update.company-information.service.gov.uk/search/companies?q=NWF+Group+PLC,1620595941,17:32:21,20210509
11,2009-05-31,NWF.L,GBP,2009-05-31,2009-05-31,FY,380600000,357700000.0,22900000.0,0.06016815554387809,0.0,0.0,0.0,0.0,13765000.0,371465000,2600000.0,3500000.0,12635000.0,0.03319758276405675,9135000.0,0.02400157645822386,0.0,6200000.0,0.0162900683131897,4800000.0,-2300000.0,-0.00604308985811876,-0.049008118301336,-0.04894137674220662,46931000.0,46995000.0,https://find-and-update.company-information.service.gov.uk/search/companies?q=NWF+Group+PLC,https://find-and-update.company-information.service.gov.uk/search/companies?q=NWF+Group+PLC,1620595941,17:32:21,20210509
12,2008-05-31,NWF.L,GBP,2008-05-31,2008-05-31,FY,361200000,344300000.0,16900000.0,0.04678848283499446,0.0,0.0,0.0,0.0,11200000.0,355500000,1900000.0,2900000.0,8600000.0,0.023809523809523808,5700000.0,0.015780730897009966,0.0,4200000.0,0.011627906976744186,1400000.0,2500000.0,0.0069213732004429675,0.053304904051172705,0.05323112956456936,46900000.0,46965000.0,https://find-and-update.company-information.service.gov.uk/search/companies?q=NWF+Group+PLC,https://find-and-update.company-information.service.gov.uk/search/companies?q=NWF+Group+PLC,1620595941,17:32:21,20210509
13,2007-05-31,NWF.L,GBP,2007-05-31,2007-05-31,FY,298900000,282200000.0,16700000.0,0.05587152893944463,0.0,0.0,0.0,0.0,10300000.0,292500000,800000.0,2600000.0,9000000.0,0.03011040481766477,6400000.0,0.021411843425894948,0.0,5800000.0,0.019404483104717297,1800000.0,4200000.0,0.01405152224824356,0.0184,0.018,228560000.0,233385000.0,https://find-and-update.company-information.service.gov.uk/search/companies?q=NWF+Group+PLC,https://find-and-update.company-information.service.gov.uk/search/companies?q=NWF+Group+PLC,1620595941,17:32:21,20210509
14,2006-05-31,NWF.L,GBP,2006-05-31,2006-05-31,FY,292873000,270229000.0,22644000.0,0.07731678918848785,0.0,15922000.0,0.0,0.0,15494000.0,285723000,1215000.0,2728000.0,9878000.0,0.03372792985355427,7150000.0,0.02441331225479986,0.0,5507000.0,0.0188033721100955,1958000.0,3549000.0,0.012117880446473385,0.0834,0.0816,42600000.0,43445000.0,https://find-and-update.company-information.service.gov.uk/search/companies?q=NWF+Group+PLC,https://find-and-update.company-information.service.gov.uk/search/companies?q=NWF+Group+PLC,1620595941,17:32:21,20210509
15,2005-05-31,NWF.L,GBP,2005-05-31,2005-05-31,FY,235648000,218949000.0,16699000.0,0.07086417028788702,0.0,12015000.0,0.0,0.0,10837000.0,229786000,1031000.0,2515000.0,8377000.0,0.03554878462791961,5862000.0,0.024876086366105377,0.0,4185000.0,0.017759539652362846,1312000.0,2873000.0,0.012191913362303096,0.0722,0.07,39810000.0,41000000.0,https://find-and-update.company-information.service.gov.uk/search/companies?q=NWF+Group+PLC,https://find-and-update.company-information.service.gov.uk/search/companies?q=NWF+Group+PLC,1620595941,17:32:21,20210509
16,2004-05-31,NWF.L,GBP,2004-05-31,2004-05-31,FY,198770000,181111000.0,17659000.0,0.08884137445288524,0.0,11944000.0,0.0,546000.0,11864000.0,192975000,546000.0,2260000.0,8055000.0,0.04052422397746139,5795000.0,0.0291542989384716,0.0,5169000.0,0.026004930321477084,1740000.0,3429000.0,0.017251094229511495,0.0862,0.084,39803165.0,40823165.0,https://find-and-update.company-information.service.gov.uk/search/companies?q=NWF+Group+PLC,https://find-and-update.company-information.service.gov.uk/search/companies?q=NWF+Group+PLC,1620595941,17:32:21,20210509
17,2003-05-31,NWF.L,GBP,2003-05-31,2003-05-31,FY,168553000,151842000.0,16711000.0,0.09914388945910188,0.0,11145000.0,0.0,517000.0,10991000.0,162833000,517000.0,2038000.0,7758000.0,0.04602706567073858,5720000.0,0.033935913332898256,0.0,5049000.0,0.029954969653462116,1658000.0,3391000.0,0.020118301068506643,0.0852,0.0838,39801205.0,40465394.0,https://find-and-update.company-information.service.gov.uk/search/companies?q=NWF+Group+PLC,https://find-and-update.company-information.service.gov.uk/search/companies?q=NWF+Group+PLC,1620595941,17:32:21,20210509
18,2002-05-31,NWF.L,GBP,2002-05-31,2002-05-31,FY,154741000,140513000.0,14228000.0,0.09194718917416846,0.0,9374000.0,0.0,648000.0,9355000.0,149868000,648000.0,1879000.0,6752000.0,0.043634201666009655,4873000.0,0.03149133067512812,0.0,4206000.0,0.02718090228187746,1300000.0,2906000.0,0.018779767482438398,0.0734,0.0734,39593260.0,39593260.0,https://find-and-update.company-information.service.gov.uk/search/companies?q=NWF+Group+PLC,https://find-and-update.company-information.service.gov.uk/search/companies?q=NWF+Group+PLC,1620595941,17:32:21,20210509
19,2001-05-31,NWF.L,GBP,2001-05-31,2001-05-31,FY,147187000,134459000.0,12728000.0,0.08647502836527682,0.0,0.0,0.0,0.0,8722000.0,143181000,693000.0,1808000.0,5814000.0,0.039500771127884936,4006000.0,0.027217077595168053,0.0,3404000.0,0.023127042469783338,1055000.0,2349000.0,0.01595928988293803,0.0594,0.0594,39505000.0,39505000.0,https://find-and-update.company-information.service.gov.uk/search/companies?q=NWF+Group+PLC,https://find-and-update.company-information.service.gov.uk/search/companies?q=NWF+Group+PLC,1620595941,17:32:21,20210509
20,2000-05-31,NWF.L,GBP,2000-05-31,2000-05-31,FY,117128000,106639000.0,10489000.0,0.08955160166655284,0.0,0.0,0.0,0.0,7069000.0,113708000,468000.0,1661000.0,5081000.0,0.04337989208387405,3420000.0,0.029198825216856773,0.0,3088000.0,0.02636431937709173,952000.0,2136000.0,0.01823645925824739,0.054,0.054,39505000.0,39505000.0,https://find-and-update.company-information.service.gov.uk/search/companies?q=NWF+Group+PLC,https://find-and-update.company-information.service.gov.uk/search/companies?q=NWF+Group+PLC,1620595941,17:32:21,20210509
21,1999-05-31,NWF.L,GBP,1999-05-31,1999-05-31,FY,98547000,88796000.0,9751000.0,0.09894771022963662,0.0,0.0,0.0,0.0,5054000.0,93850000,431000.0,1858000.0,6555000.0,0.06651648452007672,4697000.0,0.047662536657635445,0.0,1626000.0,0.0164997412402204,853000.0,773000.0,0.007843972926623845,0.0196,0.0196,39505000.0,39505000.0,https://find-and-update.company-information.service.gov.uk/search/companies?q=NWF+Group+PLC,https://find-and-update.company-information.service.gov.uk/search/companies?q=NWF+Group+PLC,1620595941,17:32:21,20210509
22,1998-05-31,NWF.L,GBP,1998-05-31,1998-05-31,FY,85950000,0.0,0.0,0.0,0.0,0.0,0.0,0.0,83452000.0,83452000,388000.0,1427000.0,3925000.0,0.04566608493310064,2498000.0,0.029063408958696916,0.0,2189000.0,0.02546829552065154,634000.0,1555000.0,0.01809191390343223,0.0398,0.0398,39030000.0,39030000.0,https://find-and-update.company-information.service.gov.uk/search/companies?q=NWF+Group+PLC,https://find-and-update.company-information.service.gov.uk/search/companies?q=NWF+Group+PLC,1620595941,17:32:21,20210509
23,1997-05-31,NWF.L,GBP,1997-05-31,1997-05-31,FY,74460000,0.0,0.0,0.0,0.0,0.0,0.0,0.0,72297000.0,72297000,339000.0,1445000.0,3608000.0,0.048455546602202526,2163000.0,0.029049153908138597,0.0,1905000.0,0.02558420628525383,603000.0,1302000.0,0.01748589846897663,0.0342,0.0342,38015000.0,38015000.0,https://find-and-update.company-information.service.gov.uk/search/companies?q=NWF+Group+PLC,https://find-and-update.company-information.service.gov.uk/search/companies?q=NWF+Group+PLC,1620595941,17:32:21,20210509
24,1996-05-31,NWF.L,GBP,1996-05-31,1996-05-31,FY,67854000,0.0,0.0,0.0,0.0,0.0,0.0,0.0,65001000.0,65001000,323000.0,1315000.0,4168000.0,0.06142600288855484,2853000.0,0.04204615792731453,0.0,2572000.0,0.037904913490730094,891000.0,1681000.0,0.02477377899607982,0.0446,0.0408,37645000.0,41145000.0,https://find-and-update.company-information.service.gov.uk/search/companies?q=NWF+Group+PLC,https://find-and-update.company-information.service.gov.uk/search/companies?q=NWF+Group+PLC,1620595941,17:32:21,20210509
25,1995-05-31,NWF.L,GBP,1995-05-31,1995-05-31,FY,57287000,0.0,0.0,0.0,0.0,0.0,0.0,0.0,54928000.0,54928000,179000.0,1061000.0,3420000.0,0.05969940824270777,2359000.0,0.04117862691361042,0.0,2303000.0,0.040201092743554386,797000.0,1506000.0,0.026288686787578334,0.0414,0.039,36340000.0,38540000.0,https://find-and-update.company-information.service.gov.uk/search/companies?q=NWF+Group+PLC,https://find-and-update.company-information.service.gov.uk/search/companies?q=NWF+Group+PLC,1620595941,17:32:21,20210509
26,1994-05-31,NWF.L,GBP,1994-05-31,1994-05-31,FY,47333000,0.0,0.0,0.0,0.0,0.0,0.0,0.0,45454000.0,45454000,0.0,794000.0,2673000.0,0.05647222867766674,1879000.0,0.039697462658187736,0.0,2022000.0,0.04271861069444151,711000.0,1311000.0,0.027697378150550355,0.1482,0.1354,8840000.0,9675000.0,https://find-and-update.company-information.service.gov.uk/search/companies?q=NWF+Group+PLC,https://find-and-update.company-information.service.gov.uk/search/companies?q=NWF+Group+PLC,1620595941,17:32:21,20210509
27,1993-05-31,NWF.L,GBP,1993-05-31,1993-05-31,FY,39269000,0.0,0.0,0.0,0.0,0.0,0.0,0.0,37869000.0,37869000,0.0,631000.0,2031000.0,0.05172018640658026,1400000.0,0.03565153174259594,0.0,1511000.0,0.038478188902187474,505000.0,1006000.0,0.025618172095036796,0.1218,0.1084,8260000.0,9275000.0,https://find-and-update.company-information.service.gov.uk/search/companies?q=NWF+Group+PLC,https://find-and-update.company-information.service.gov.uk/search/companies?q=NWF+Group+PLC,1620595941,17:32:21,20210509
28,1992-05-31,NWF.L,GBP,1992-05-31,1992-05-31,FY,37845000,0.0,0.0,0.0,0.0,0.0,0.0,0.0,36540000.0,36540000,0.0,745000.0,2050000.0,0.05416831813978069,1305000.0,0.034482758620689655,0.0,1335000.0,0.035275465715418154,406000.0,929000.0,0.02454749636675915,0.453171,0.453171,2050000.0,2050000.0,https://find-and-update.company-information.service.gov.uk/search/companies?q=NWF+Group+PLC,https://find-and-update.company-information.service.gov.uk/search/companies?q=NWF+Group+PLC,1620595941,17:32:21,20210509
29,1991-05-31,NWF.L,GBP,1991-05-31,1991-05-31,FY,36959000,0.0,0.0,0.0,0.0,0.0,0.0,0.0,36959000.0,36959000,1000.0,655000.0,1887000.0,0.051056576206066184,0.0,0.03330717822451906,0.0,1231000.0,0.03330717822451906,362000.0,869000.0,0.023512540923726292,0.429136,0.429136,2025000.0,2025000.0,https://find-and-update.company-information.service.gov.uk/search/companies?q=NWF+Group+PLC,https://find-and-update.company-information.service.gov.uk/search/companies?q=NWF+Group+PLC,1620595941,17:32:21,20210509
30,1990-05-31,NWF.L,GBP,1990-05-31,1990-05-31,FY,31858000,0.0,0.0,0.0,0.0,0.0,0.0,0.0,31492000.0,31492000,2000.0,702000.0,1068000.0,0.03352376169251051,366000.0,0.011488480130579447,0.0,1222000.0,0.03835771234854667,402000.0,820000.0,0.02573921777889384,0.417303,0.417303,1965000.0,1965000.0,https://find-and-update.company-information.service.gov.uk/search/companies?q=NWF+Group+PLC,https://find-and-update.company-information.service.gov.uk/search/companies?q=NWF+Group+PLC,1620595941,17:32:21,20210509
31,1989-05-31,NWF.L,GBP,1989-05-31,1989-05-31,FY,28710000,0.0,0.0,0.0,0.0,0.0,0.0,0.0,28019000.0,28019000,6000.0,769000.0,1460000.0,0.050853361198188785,691000.0,0.024068268895855102,0.0,-307000.0,-0.010693138279345175,-121000.0,-186000.0,-0.006478578892371996,-0.096623,-0.096623,1925000.0,1925000.0,https://find-and-update.company-information.service.gov.uk/search/companies?q=NWF+Group+PLC,https://find-and-update.company-information.service.gov.uk/search/companies?q=NWF+Group+PLC,1620595941,17:32:21,20210509
