,date,symbol,reportedCurrency,fillingDate,acceptedDate,period,revenue,costOfRevenue,grossProfit,grossProfitRatio,researchAndDevelopmentExpenses,generalAndAdministrativeExpenses,sellingAndMarketingExpenses,otherExpenses,operatingExpenses,costAndExpenses,interestExpense,depreciationAndAmortization,ebitda,ebitdaratio,operatingIncome,operatingIncomeRatio,totalOtherIncomeExpensesNet,incomeBeforeTax,incomeBeforeTaxRatio,incomeTaxExpense,netIncome,netIncomeRatio,eps,epsdiluted,weightedAverageShsOut,weightedAverageShsOutDil,link,finalLink,timestamp,est_time,est_date
0,2020-03-31,FSC.NS,INR,2020-03-31,2020-03-31,FY,11409771000,9487580000,1922191000,0.16846885007595683,0.0,18508000.0,0.0,31930000.0,0.0,10640346000,808104000,1660852000,2430277000,0.21299962987863647,769425000,0.06743562162641126,0.0,110236000,0.009661543601532405,0.0,-57312000,-0.005023063127209126,-1.39,-1.39,41186178,41186178,,,1620592270,16:31:10,20210509
1,2019-03-31,FSC.NS,INR,2019-03-31,2019-03-31,FY,12284185000,10487169000,1797016000,0.1462869535097363,0.0,23886000.0,0.0,32311000.0,1040423000.0,11527592000,178483000,454221000,1210814000,0.0985668971934239,756593000,0.06159081778726061,0.0,636286000,0.05179716847312215,0.0,615300000,0.050088793029411396,15.36,15.34,40059473,40116515,https://www.nseindia.com/companies-listing/corporate-filings-annual-reports,https://www.nseindia.com/companies-listing/corporate-filings-annual-reports,1620592270,16:31:10,20210509
2,2018-03-31,FSC.NS,INR,2018-03-31,2018-03-31,FY,7936587000,6313057000,1623530000,0.20456274214596273,0.0,18713000.0,0.0,14394000.0,727574000.0,7040631000,90863000,254974000,1150930000,0.1450157353532444,895956000,0.11288933139648062,0.0,902424000,0.11370429127785028,313355000.0,583359000,0.07350250176807739,14.77406364310607,14.770631843876869,39485345,39494519,https://www.nseindia.com/companies-listing/corporate-filings-annual-reports,https://www.nseindia.com/companies-listing/corporate-filings-annual-reports,1620592270,16:31:10,20210509
3,2017-03-31,FSC.NS,INR,2017-03-31,2017-03-31,FY,5611830000,3752800000,1859030000,0.3312698353300082,0.0,12640000.0,0.0,0.0,1302550000.0,5055350000,127590000,191400000,747880000,0.13326847035637215,556480000,0.0991619489542627,0.0,581920000,0.1036952295418785,124380000.0,457540000,0.08153133648025689,11.422441,11.422441,40056238,40056238,https://www.nseindia.com/companies-listing/corporate-filings-annual-reports,https://www.nseindia.com/companies-listing/corporate-filings-annual-reports,1620592270,16:31:10,20210509
4,2016-03-31,FSC.NS,INR,2016-03-31,2016-03-31,FY,5198700000,3387470000,1811230000,0.3484005616788813,0.0,17520000.0,0.0,0.0,1315660000.0,4703130000,130800000,206870000,702440000,0.13511839498336123,495570000,0.09532575451555196,0.0,445930000,0.08577721353415277,151650000.0,294270000,0.05660453574932195,7.346421,7.346421,40056238,40056238,https://www.nseindia.com/companies-listing/corporate-filings-annual-reports,https://www.nseindia.com/companies-listing/corporate-filings-annual-reports,1620592270,16:31:10,20210509
5,2015-03-31,FSC.NS,INR,2015-03-31,2015-03-31,FY,4079630000,2616750000,1462880000,0.3585815380316352,0.0,8720000.0,0.0,0.0,1017050000.0,3633800000,102700000,195150000,640980000,0.15711718954905224,445830000,0.10928196919818708,0.0,365700000,0.08964048210254362,119130000.0,246570000,0.06043930454477489,6.155596,6.155596,40056238,40056238,https://www.nseindia.com/companies-listing/corporate-filings-annual-reports,https://www.nseindia.com/companies-listing/corporate-filings-annual-reports,1620592270,16:31:10,20210509
6,2014-03-31,FSC.NS,INR,2014-03-31,2014-03-31,FY,3301600000,2221580000,1080020000,0.32712018415313787,0.0,9370000.0,0.0,0.0,914400000.0,3135980000,106060000,132390000,298010000,0.0902622970680882,165620000,0.05016355706324206,0.0,48540000,0.014701962684758905,6270000.0,42280000,0.01280591228495275,1.055516,1.055516,40056238,40056238,https://www.nseindia.com/companies-listing/corporate-filings-annual-reports,https://www.nseindia.com/companies-listing/corporate-filings-annual-reports,1620592270,16:31:10,20210509
7,2013-03-31,FSC.NS,INR,2013-03-31,2013-03-31,FY,3535630000,2471000000,1064630000,0.30111465283414834,0.0,10530000.0,0.0,0.0,949800000.0,3420800000,103050000,138680000,253510000,0.07170150722784907,114830000,0.03247794593891329,0.0,-24690000,-0.006983196771155353,17070000.0,-41760000,-0.011811190650605409,-1.042534,-1.042534,40056238,40056238,https://www.nseindia.com/companies-listing/corporate-filings-annual-reports,https://www.nseindia.com/companies-listing/corporate-filings-annual-reports,1620592270,16:31:10,20210509
