,date,symbol,reportedCurrency,fillingDate,acceptedDate,period,revenue,costOfRevenue,grossProfit,grossProfitRatio,researchAndDevelopmentExpenses,generalAndAdministrativeExpenses,sellingAndMarketingExpenses,otherExpenses,operatingExpenses,costAndExpenses,interestExpense,depreciationAndAmortization,ebitda,ebitdaratio,operatingIncome,operatingIncomeRatio,totalOtherIncomeExpensesNet,incomeBeforeTax,incomeBeforeTaxRatio,incomeTaxExpense,netIncome,netIncomeRatio,eps,epsdiluted,weightedAverageShsOut,weightedAverageShsOutDil,link,finalLink,timestamp,est_time,est_date
0,2020-12-31,690D.DE,CNY,2020-12-31,2020-12-31,FY,209725821099.44,147475181245.03,62250639854.41,0.2968191495356898,6860161572.42,10052645415.72,33641711147.72,-43474487.85,0.0,197539558477.19,1327091393.08,4900722382.91,17086985005.16,0.08147296749434743,12186262622.25,0.058105685596395736,0.0,13554480464.79,0.06462952627260542,2231864187.51,8876593208.19,0.04232475124739756,1.3910498573879837,1.3910498573879837,6381218589.0,6381218589.0,https://www.bundesanzeiger.de/pub/de/suche;wwwsid=627BFD7A56A5CB624C47FDDEAB2FC509.web07-pub?0,https://www.bundesanzeiger.de/pub/de/suche;wwwsid=627BFD7A56A5CB624C47FDDEAB2FC509.web07-pub?0,1620585743,14:42:23,20210509
1,2019-12-31,690D.DE,CNY,2019-12-31,2019-12-31,FY,200761983256.57,140868398722.26,59893584534.31,0.2983313053735235,6266936518.17,10113263329.249996,33682126291.31,181164907.92,49582158149.08,190450556871.34,1747107740.65,4553155016.86,14864581402.09,0.07404081769352391,10311426385.23,0.051361449104894485,0.0,14630608797.96,0.0728753948363937,2296216280.86,8206247105.96,0.04087550328426758,1.286,1.212,6381218589.0,6770830946.0,https://www.bundesanzeiger.de/pub/de/suche;wwwsid=627BFD7A56A5CB624C47FDDEAB2FC509.web07-pub?0,https://www.bundesanzeiger.de/pub/de/suche;wwwsid=627BFD7A56A5CB624C47FDDEAB2FC509.web07-pub?0,1620585743,14:42:23,20210509
2,2018-12-31,690D.DE,CNY,2018-12-31,2018-12-31,FY,183316560236.03,130154144638.08,53162415597.95,0.290003344648735,5080604505.93,8324327164.18,28653223738.07,1581478834.43,42020743307.76,172174887945.84,1464649826.98,3099398199.26,14241070489.45,0.07768567373898927,11141672290.19,0.060778318531858194,0.0,11629376826.8,0.06343876849874636,1858776965.55,7440228855.9,0.04058677975585131,1.21,1.182,6148949468.0,6294609861.0,https://www.bundesanzeiger.de/pub/de/suche;wwwsid=627BFD7A56A5CB624C47FDDEAB2FC509.web07-pub?0,https://www.bundesanzeiger.de/pub/de/suche;wwwsid=627BFD7A56A5CB624C47FDDEAB2FC509.web07-pub?0,1620585743,14:42:23,20210509
3,2017-12-31,690D.DE,CNY,2017-12-31,2017-12-31,FY,159254466909.46,109889621609.45,49364845300.01,0.30997463529908464,4509850773.96,11133225318.880005,28276014979.78,-765907885.38,39309569296.51,149199190905.96,1214335487.98,2739228481.25,12794504484.75,0.08034000385071764,10055276003.5,0.0631396795244473,0.0,10544455901.77,0.06621136666618449,1492806717.73,6925792321.27,0.043488841824496395,1.136,1.088,6096648170.0,6365617942.0,https://www.bundesanzeiger.de/pub/de/suche;wwwsid=627BFD7A56A5CB624C47FDDEAB2FC509.web07-pub?0,https://www.bundesanzeiger.de/pub/de/suche;wwwsid=627BFD7A56A5CB624C47FDDEAB2FC509.web07-pub?0,1620585743,14:42:23,20210509
4,2016-12-31,690D.DE,CNY,2016-12-31,2016-12-31,FY,119065825201.51,82126882211.95,36938942989.56,0.31023967563357163,0.0,8382442112.27,21254103195.32,802869373.97,30324310582.36,112451192794.31,789048547.63,2390883871.24,9005516278.439999,0.07563476978552693,6614632407.2,0.05555441618957606,0.0,8183200333.09,0.06872837205168272,1491865997.46,5036652240.84,0.04230140959688343,0.826,0.823,6097641938.0,6119869065.0,https://www.bundesanzeiger.de/pub/de/suche;wwwsid=627BFD7A56A5CB624C47FDDEAB2FC509.web07-pub?0,https://www.bundesanzeiger.de/pub/de/suche;wwwsid=627BFD7A56A5CB624C47FDDEAB2FC509.web07-pub?0,1620585743,14:42:23,20210509
5,2015-12-31,690D.DE,CNY,2015-12-31,2015-12-31,FY,89748320410.91,64658463207.53,25089857203.38,0.27955795817132667,0.0,6549193839.439999,13101282436.95,612764161.27,20047727316.24,84706190523.77,119256405.78,1008863326.56,6050993213.700001,0.06742179893724706,5042129887.14,0.05618077156268506,0.0,6974858906.8,0.07771575974754533,1052769417.97,4300760542.82,0.04792023430777419,0.705,0.705,6100369564.0,6100369564.0,https://www.bundesanzeiger.de/pub/de/suche;wwwsid=627BFD7A56A5CB624C47FDDEAB2FC509.web07-pub?0,https://www.bundesanzeiger.de/pub/de/suche;wwwsid=627BFD7A56A5CB624C47FDDEAB2FC509.web07-pub?0,1620585743,14:42:23,20210509
6,2014-12-31,690D.DE,CNY,2014-12-31,2014-12-31,FY,88775444479.11,64345178404.56,24430266074.55,0.27519170664697434,0.0,5994655207.180002,11578015165.15,310055262.11,17972376838.54,82317555243.1,128729628.64,753315042.34,7211204278.35,0.08122971752675244,6457889236.01,0.0727440935261059,0.0,8046636224.37,0.09064033721918989,1354374055.85,4991557360.87,0.05622677971547163,0.87,0.869,5737422254.0,5744024581.0,https://www.bundesanzeiger.de/pub/de/suche;wwwsid=627BFD7A56A5CB624C47FDDEAB2FC509.web07-pub?0,https://www.bundesanzeiger.de/pub/de/suche;wwwsid=627BFD7A56A5CB624C47FDDEAB2FC509.web07-pub?0,1620585743,14:42:23,20210509
7,2013-12-31,690D.DE,CNY,2013-12-31,2013-12-31,FY,86487723560.83,64586109082.61,21901614478.22,0.25323379523124795,0.0,5443049447.18,10306817423.92,545430719.54,16183275607.23,80769384689.84,105467632.88,669259227.18,6387598098.17,0.07385554660456946,5718338870.99,0.06611734747496367,0.0,6713974133.46,0.0776292155352871,1162693071.16,4168152892.92,0.04819357847924376,0.766,0.765,5441452863.0,5448565873.0,https://www.bundesanzeiger.de/pub/de/suche;wwwsid=627BFD7A56A5CB624C47FDDEAB2FC509.web07-pub?0,https://www.bundesanzeiger.de/pub/de/suche;wwwsid=627BFD7A56A5CB624C47FDDEAB2FC509.web07-pub?0,1620585743,14:42:23,20210509
8,2012-12-31,690D.DE,CNY,2012-12-31,2012-12-31,FY,79856597810.97,59703870817.98,20152726992.99,0.2523614522208157,0.0,5188995999.969999,9628798167.66,158355071.28,15247666401.8,74951537219.78,115765879.25,651384697.91,5556445289.099999,0.06958029068872633,4905060591.19,0.06142336044419094,0.0,5428268523.39,0.06797520395546218,1067657942.46,3269459401.22,0.04094163151001244,0.609,0.6075,5368570445.0,5381826175.0,https://www.bundesanzeiger.de/pub/de/suche;wwwsid=627BFD7A56A5CB624C47FDDEAB2FC509.web07-pub?0,https://www.bundesanzeiger.de/pub/de/suche;wwwsid=627BFD7A56A5CB624C47FDDEAB2FC509.web07-pub?0,1620585743,14:42:23,20210509
9,2011-12-31,690D.DE,CNY,2011-12-31,2011-12-31,FY,73662501627.24,56263081343.94,17399420283.3,0.23620458033515637,0.0,4053202612.8999996,9099342578.93,355367059.66,13484426201.93,69747507545.87,52387213.31,613801413.59,4528795494.96,0.06148033795916151,3914994081.37,0.05314772095551878,0.0,4413541842.37,0.05991572027656871,765879164.87,2690022207.41,0.0365182032647021,0.501,0.4985,5369305803.0,5396233114.0,https://www.bundesanzeiger.de/pub/de/suche;wwwsid=627BFD7A56A5CB624C47FDDEAB2FC509.web07-pub?0,https://www.bundesanzeiger.de/pub/de/suche;wwwsid=627BFD7A56A5CB624C47FDDEAB2FC509.web07-pub?0,1620585743,14:42:23,20210509
10,2010-12-31,690D.DE,CNY,2010-12-31,2010-12-31,FY,60588248129.75,46420009145.9,14168238983.85,0.23384467155261948,0.0,3416664435.09,7815461209.67,729654901.24,11392351761.27,57812360907.17,36251358.82,448679406.57,3224566629.15,0.0532209913421589,2775887222.58,0.04581560464721517,0.0,3712306502.64,0.06127106521862258,888022311.38,2034594665.84,0.033580681545419606,0.38,0.378,5354196489.0,5382525571.0,https://www.bundesanzeiger.de/pub/de/suche;wwwsid=627BFD7A56A5CB624C47FDDEAB2FC509.web07-pub?0,https://www.bundesanzeiger.de/pub/de/suche;wwwsid=627BFD7A56A5CB624C47FDDEAB2FC509.web07-pub?0,1620585743,14:42:23,20210509
11,2009-12-31,690D.DE,CNY,2009-12-31,2009-12-31,FY,32979419367.01,24263147272.18,8716272094.83,0.2642942860161167,0.0,2116221142.7600002,4984187508.44,109649041.84,7235146851.58,31498294123.76,12403923.05,356907039.21,1838032282.46,0.05573270596445437,1481125243.25,0.04491059186844267,0.0,1740150380.28,0.05276473672610224,365542251.25,1149474619.69,0.03485430131131549,0.21475,0.214,5352617554.0,5371376728.0,https://www.bundesanzeiger.de/pub/de/suche;wwwsid=627BFD7A56A5CB624C47FDDEAB2FC509.web07-pub?0,https://www.bundesanzeiger.de/pub/de/suche;wwwsid=627BFD7A56A5CB624C47FDDEAB2FC509.web07-pub?0,1620585743,14:42:23,20210509
12,2008-12-31,690D.DE,CNY,2008-12-31,2008-12-31,FY,30408039342.38,23375986068.53,7032053273.85,0.23125638567723616,0.0,1691186469.2299995,4074594216.59,-29603856.13,5861234744.85,29237220813.38,24598558.26,325518524.08,1496337053.08,0.049208600272840984,1170818529.0,0.038503585049241174,0.0,1137126749.75,0.037395595847088195,158428166.59,768178067.1,0.025262334688885456,0.1435,0.1435,5353157262.0,5353157262.0,https://www.bundesanzeiger.de/pub/de/suche;wwwsid=627BFD7A56A5CB624C47FDDEAB2FC509.web07-pub?0,https://www.bundesanzeiger.de/pub/de/suche;wwwsid=627BFD7A56A5CB624C47FDDEAB2FC509.web07-pub?0,1620585743,14:42:23,20210509
13,2007-12-31,690D.DE,CNY,2007-12-31,2007-12-31,FY,29468645507.98,23867836251.2,5600809256.78,0.1900599488111295,0.0,1187483078.8399997,3502458838.78,-19178839.55,4755797788.34,28623634039.54,25702115.61,314233547.76,1159245016.2,0.03933825244482583,845011468.44,0.028674934116370367,0.0,880114911.59,0.029866147439714125,125828881.14,643632017.77,0.021841248780698347,0.12025,0.12025,5352449212.0,5352449212.0,https://www.bundesanzeiger.de/pub/de/suche;wwwsid=627BFD7A56A5CB624C47FDDEAB2FC509.web07-pub?0,https://www.bundesanzeiger.de/pub/de/suche;wwwsid=627BFD7A56A5CB624C47FDDEAB2FC509.web07-pub?0,1620585743,14:42:23,20210509
14,2006-12-31,690D.DE,CNY,2006-12-31,2006-12-31,FY,19661419981.82,16868521903.09,2792898078.73,0.14204966280728773,0.0,768060297.2700002,1386074104.76,-26478529.85,2190167126.87,19058689029.96,10842810.4,252622185.35,855353137.21,0.0435041384600352,602730951.86,0.030655514831447437,0.0,463053103.39,0.023551356098296238,106574863.23,313913735.16,0.015965974759211767,0.065592,0.065592,5359798379.0,5359798379.0,https://www.bundesanzeiger.de/pub/de/suche;wwwsid=627BFD7A56A5CB624C47FDDEAB2FC509.web07-pub?0,https://www.bundesanzeiger.de/pub/de/suche;wwwsid=627BFD7A56A5CB624C47FDDEAB2FC509.web07-pub?0,1620585743,14:42:23,20210509
15,2005-12-31,690D.DE,CNY,2005-12-31,2005-12-31,FY,16522672160.04,14567234642.53,1955437517.51,0.11834874520110711,0.0,574437299.9899999,915908531.84,-343556.3,1518139444.78,16085374087.31,3078280.68,217528366.83,654826439.5600001,0.039631993736684704,437298072.73,0.02646654660301275,0.0,325772924.78,0.019716721461549066,76031666.09,239126624.02,0.014472636248168535,0.045423,0.045423,0.0,0.0,https://www.bundesanzeiger.de/pub/de/suche;wwwsid=627BFD7A56A5CB624C47FDDEAB2FC509.web07-pub?0,https://www.bundesanzeiger.de/pub/de/suche;wwwsid=627BFD7A56A5CB624C47FDDEAB2FC509.web07-pub?0,1620585743,14:42:23,20210509
16,2004-12-31,690D.DE,CNY,2004-12-31,2004-12-31,FY,15319069768.81,13276840224.94,2042229543.87,0.13331289527958343,0.0,562983266.95,828456943.78,3684353.31,1407281501.69,14684121726.63,10385895.96,205639100.0,840587142.18,0.054871944241121996,634948042.18,0.041448211396802284,0.0,509806648.11,0.03327921706760412,112806764.9,369435583.36,0.024116058542417496,0.070175,0.070175,0.0,0.0,https://www.bundesanzeiger.de/pub/de/suche;wwwsid=627BFD7A56A5CB624C47FDDEAB2FC509.web07-pub?0,https://www.bundesanzeiger.de/pub/de/suche;wwwsid=627BFD7A56A5CB624C47FDDEAB2FC509.web07-pub?0,1620585743,14:42:23,20210509
17,2003-12-31,690D.DE,CNY,2003-12-31,2003-12-31,FY,11731745106.7,9972233680.4,1759511426.3,0.14997866134128185,0.0,483198751.97000015,630867822.66,6322586.63,1131627389.97,11103861070.37,23229366.31,190707255.4,818591291.73,0.06977574813337041,627884036.33,0.053520088496588236,0.0,494276672.75,0.042131555728032184,99624431.96,368952845.58,0.031449101751221224,0.070083,0.070083,0.0,0.0,https://www.bundesanzeiger.de/pub/de/suche;wwwsid=627BFD7A56A5CB624C47FDDEAB2FC509.web07-pub?0,https://www.bundesanzeiger.de/pub/de/suche;wwwsid=627BFD7A56A5CB624C47FDDEAB2FC509.web07-pub?0,1620585743,14:42:23,20210509
18,2002-12-31,690D.DE,CNY,2002-12-31,2002-12-31,FY,11611296303.93,10057750600.2,1553545703.73,0.133796060583191,0.0,509239368.93000007,364770178.39,23529549.69,881264936.45,10939015536.65,23670059.07,167842894.64,840123661.92,0.07235399389779147,672280767.28,0.05789885553540283,0.0,536981441.98,0.04624646791575299,107524103.92,397059657.32,0.03419598009789913,0.075422,0.075422,0.0,0.0,https://www.bundesanzeiger.de/pub/de/suche;wwwsid=627BFD7A56A5CB624C47FDDEAB2FC509.web07-pub?0,https://www.bundesanzeiger.de/pub/de/suche;wwwsid=627BFD7A56A5CB624C47FDDEAB2FC509.web07-pub?0,1620585743,14:42:23,20210509
19,2001-12-31,690D.DE,CNY,2001-12-31,2001-12-31,FY,11474304941.82,9508842528.1,1965462413.72,0.17129250300439094,0.0,588611646.24,347750803.49,16464934.91,965623885.34,10474466413.44,17808763.2,155414237.01,1155252765.3899999,0.10068172070096293,999838528.38,0.08713717592914264,0.0,897880145.49,0.078251375577228,200598570.63,617838607.39,0.05384540593288445,0.11736,0.11736,0.0,0.0,https://www.bundesanzeiger.de/pub/de/suche;wwwsid=627BFD7A56A5CB624C47FDDEAB2FC509.web07-pub?0,https://www.bundesanzeiger.de/pub/de/suche;wwwsid=627BFD7A56A5CB624C47FDDEAB2FC509.web07-pub?0,1620585743,14:42:23,20210509
20,2000-12-31,690D.DE,CNY,2000-12-31,2000-12-31,FY,4841264356.73,3947897753.07,893366603.66,0.18453167144613822,0.0,447686977.26,56256907.25,2720676.74,514490699.57,4462388452.64,13160791.9,101991386.12,480867290.21,0.09932679869908997,378875904.09,0.07825970163420476,0.0,502277993.42,0.10374934240510271,47597574.31,424089888.87,0.08759899431652783,0.094822,0.094822,0.0,0.0,https://www.bundesanzeiger.de/pub/de/suche;wwwsid=627BFD7A56A5CB624C47FDDEAB2FC509.web07-pub?0,https://www.bundesanzeiger.de/pub/de/suche;wwwsid=627BFD7A56A5CB624C47FDDEAB2FC509.web07-pub?0,1620585743,14:42:23,20210509
21,1999-12-31,690D.DE,CNY,1999-12-31,1999-12-31,FY,3989498798.77,3147008023.84,842490774.93,0.21117709703027052,0.0,365021761.3,85187187.14,-15390537.35,458440326.77,3605448350.61,7134331.28,103965935.74,488016383.90000004,0.12232523645588265,384050448.16,0.09626533746003543,0.0,405409142.84,0.10161906627594208,56007208.9,310638893.68,0.07786414017113451,0.069456,0.069456,0.0,0.0,https://www.bundesanzeiger.de/pub/de/suche;wwwsid=627BFD7A56A5CB624C47FDDEAB2FC509.web07-pub?0,https://www.bundesanzeiger.de/pub/de/suche;wwwsid=627BFD7A56A5CB624C47FDDEAB2FC509.web07-pub?0,1620585743,14:42:23,20210509
22,1998-12-31,690D.DE,CNY,1998-12-31,1998-12-31,FY,3845758674.59,3096673719.97,749084954.62,0.19478210101154114,0.0,357161318.92,82241854.38,11991793.07,447260042.66,3543933762.63,12843445.16,109503698.28,411328610.24,0.10695642785850366,301824911.96,0.07848254076737611,0.0,337187603.39,0.0876777853009583,38468158.63,274146480.59,0.07128540914471888,0.068395,0.068395,0.0,0.0,https://www.bundesanzeiger.de/pub/de/suche;wwwsid=627BFD7A56A5CB624C47FDDEAB2FC509.web07-pub?0,https://www.bundesanzeiger.de/pub/de/suche;wwwsid=627BFD7A56A5CB624C47FDDEAB2FC509.web07-pub?0,1620585743,14:42:23,20210509
23,1997-12-31,690D.DE,CNY,1997-12-31,1997-12-31,FY,3843453404.11,3081867034.37,761586369.74,0.1981515813163227,0.0,346738856.42,97756141.02,2626775.91,453457295.28,3535324329.65,18549512.95,0.0,308129074.46,0.0801698478067932,308129074.46,0.0801698478067932,0.0,323969881.59,0.08429135142982676,29113406.99,244624596.9,0.06364708276114665,0.06103,0.06103,0.0,0.0,https://www.bundesanzeiger.de/pub/de/suche;wwwsid=627BFD7A56A5CB624C47FDDEAB2FC509.web07-pub?0,https://www.bundesanzeiger.de/pub/de/suche;wwwsid=627BFD7A56A5CB624C47FDDEAB2FC509.web07-pub?0,1620585743,14:42:23,20210509
24,1996-12-31,690D.DE,CNY,1996-12-31,1996-12-31,FY,2646382399.07,2193183901.44,453198497.63,0.1712520827637247,0.0,211079838.22,20692659.69,399943.52,236288600.72,2429472502.16,16258630.31,0.0,216909896.91,0.0819646839346525,216909896.91,0.0819646839346525,0.0,213629098.75,0.08072495449828951,24311171.56,178248721.56,0.06735561785123749,0.057437,0.057437,0.0,0.0,https://www.bundesanzeiger.de/pub/de/suche;wwwsid=627BFD7A56A5CB624C47FDDEAB2FC509.web07-pub?0,https://www.bundesanzeiger.de/pub/de/suche;wwwsid=627BFD7A56A5CB624C47FDDEAB2FC509.web07-pub?0,1620585743,14:42:23,20210509
25,1995-12-31,690D.DE,CNY,1995-12-31,1995-12-31,FY,1534046361.82,1297021681.09,237024680.73,0.15450946374840507,0.0,79188586.66,9987228.36,503.94,94272962.1,1391294643.19,5416966.19,0.0,142751718.63,0.09305567431523952,142751718.63,0.09305567431523952,0.0,137896330.29,0.08989058852588987,20925273.26,117310344.02,0.0764711855780046,0.046543,0.046543,0.0,0.0,https://www.bundesanzeiger.de/pub/de/suche;wwwsid=627BFD7A56A5CB624C47FDDEAB2FC509.web07-pub?0,https://www.bundesanzeiger.de/pub/de/suche;wwwsid=627BFD7A56A5CB624C47FDDEAB2FC509.web07-pub?0,1620585743,14:42:23,20210509
26,1994-12-31,690D.DE,CNY,1994-12-31,1994-12-31,FY,926569850.0,0.0,926569850.0,1.0,0.0,0.0,0.0,23230.0,0.0,0.0,0.0,0.0,926569850.0,1.0,926569850.0,1.0,0.0,113416360.0,0.12240454402870976,17012450.0,96403910.0,0.10404386674140109,0.038249,0.038249,0.0,0.0,https://www.bundesanzeiger.de/pub/de/suche;wwwsid=627BFD7A56A5CB624C47FDDEAB2FC509.web07-pub?0,https://www.bundesanzeiger.de/pub/de/suche;wwwsid=627BFD7A56A5CB624C47FDDEAB2FC509.web07-pub?0,1620585743,14:42:23,20210509
27,1993-12-31,690D.DE,CNY,1993-12-31,1993-12-31,FY,795417259.95,612320772.48,183096487.47,0.2301892310980396,0.0,37976421.64,27648165.94,-933119.41,94769349.08,707090121.56,5771530.2,0.0,88327138.39,0.11104503615568041,88327138.39,0.11104503615568041,0.0,81781838.78,0.10281627379463806,0.0,69510000.0,0.08738809616020829,0.027578,0.027578,0.0,0.0,https://www.bundesanzeiger.de/pub/de/suche;wwwsid=627BFD7A56A5CB624C47FDDEAB2FC509.web07-pub?0,https://www.bundesanzeiger.de/pub/de/suche;wwwsid=627BFD7A56A5CB624C47FDDEAB2FC509.web07-pub?0,1620585743,14:42:23,20210509
28,1992-12-31,690D.DE,CNY,1992-12-31,1992-12-31,FY,588960795.0,0.0,588960795.0,1.0,0.0,0.0,0.0,0.0,0.0,0.0,0.0,0.0,588960795.0,1.0,588960795.0,1.0,0.0,69412745.0,0.11785630824544102,0.0,59000833.0,0.1001778615841484,0.0,0.0,0.0,0.0,https://www.bundesanzeiger.de/pub/de/suche;wwwsid=627BFD7A56A5CB624C47FDDEAB2FC509.web07-pub?0,https://www.bundesanzeiger.de/pub/de/suche;wwwsid=627BFD7A56A5CB624C47FDDEAB2FC509.web07-pub?0,1620585743,14:42:23,20210509
29,1991-12-31,690D.DE,CNY,1991-12-31,1991-12-31,FY,591049219.0,0.0,591049219.0,1.0,0.0,0.0,0.0,0.0,0.0,0.0,0.0,0.0,591049219.0,1.0,591049219.0,1.0,0.0,64381758.0,0.1089279131591239,0.0,54724494.0,0.09258872567768336,0.0,0.0,0.0,0.0,https://www.bundesanzeiger.de/pub/de/suche;wwwsid=627BFD7A56A5CB624C47FDDEAB2FC509.web07-pub?0,https://www.bundesanzeiger.de/pub/de/suche;wwwsid=627BFD7A56A5CB624C47FDDEAB2FC509.web07-pub?0,1620585743,14:42:23,20210509
30,1990-12-31,690D.DE,CNY,1990-12-31,1990-12-31,FY,535620013.0,0.0,535620013.0,1.0,0.0,0.0,0.0,0.0,0.0,0.0,0.0,0.0,535620013.0,1.0,535620013.0,1.0,0.0,46152555.0,0.08616659923048843,0.0,39229672.0,0.07324160981266396,0.0,0.0,0.0,0.0,https://www.bundesanzeiger.de/pub/de/suche;wwwsid=627BFD7A56A5CB624C47FDDEAB2FC509.web07-pub?0,https://www.bundesanzeiger.de/pub/de/suche;wwwsid=627BFD7A56A5CB624C47FDDEAB2FC509.web07-pub?0,1620585743,14:42:23,20210509
