,date,symbol,reportedCurrency,fillingDate,acceptedDate,period,revenue,costOfRevenue,grossProfit,grossProfitRatio,researchAndDevelopmentExpenses,generalAndAdministrativeExpenses,sellingAndMarketingExpenses,otherExpenses,operatingExpenses,costAndExpenses,interestExpense,depreciationAndAmortization,ebitda,ebitdaratio,operatingIncome,operatingIncomeRatio,totalOtherIncomeExpensesNet,incomeBeforeTax,incomeBeforeTaxRatio,incomeTaxExpense,netIncome,netIncomeRatio,eps,epsdiluted,weightedAverageShsOut,weightedAverageShsOutDil,link,finalLink,timestamp,est_time,est_date
0,2020-12-31,RMNI,USD,2021-03-03,2021-03-03 16:17:45,FY,326780000.0,126211000.0,200569000.0,0.6137737927657752,0.0,52222000.0,114741000.0,-205000.0,166963000.0,293174000.0,77000.0,8005000.0,41611000.0,0.12733643429830466,33606000.0,0.1028398310790134,-16004000.0,17549000.0,0.0537027969887998,4569000.0,12980000.0,0.039720913152579716,-0.19,-0.19,71231000.0,71231000.0,https://www.sec.gov/Archives/edgar/data/1635282/000163528221000023/0001635282-21-000023-index.htm,https://www.sec.gov/Archives/edgar/data/1635282/000163528221000023/rmni-20201231.htm,1620597330,17:55:30,20210509
1,2019-12-31,RMNI,USD,2020-03-16,2020-03-16 16:06:53,FY,281052000.0,105106000.0,175946000.0,0.6260265004340834,0.0,47364000.0,107280000.0,-112000.0,154644000.0,259750000.0,398000.0,1913000.0,23215000.0,0.08260037288473307,21302000.0,0.07579380328195494,-918000.0,20243000.0,0.07202581728648079,2714000.0,17529000.0,0.06236924127919389,-0.12,-0.12,66050000.0,66050000.0,https://www.sec.gov/Archives/edgar/data/1635282/000163528220000014/0001635282-20-000014-index.htm,https://www.sec.gov/Archives/edgar/data/1635282/000163528220000014/rmni-20191231.htm,1620597330,17:55:30,20210509
2,2018-12-31,RMNI,USD,2019-03-14,2019-03-14 16:53:01,FY,252790000.0,95981000.0,156809000.0,0.6203133035325764,0.0,36982000.0,93215000.0,-295000.0,130197000.0,226178000.0,32530000.0,1838000.0,28450000.0,0.11254400886111002,26612000.0,0.10527315162783338,-1977000.0,-65973000.0,-0.2609794691245698,1992000.0,-67965000.0,-0.26885952767118954,-1.28,-1.28,61384000.0,61384000.0,https://www.sec.gov/Archives/edgar/data/1635282/000163528219000016/0001635282-19-000016-index.htm,https://www.sec.gov/Archives/edgar/data/1635282/000163528219000016/rimini-123118x10k.htm,1620597330,17:55:30,20210509
3,2017-12-31,RMNI,USD,2018-03-15,2018-03-15 16:56:53,FY,212633000.0,82898000.0,129735000.0,0.6101357738450758,0.0,36144000.0,66759000.0,-69000.0,102903000.0,185801000.0,43357000.0,1973000.0,28805000.0,0.13546815404946552,26832000.0,0.1261892556658656,-17290000.0,-51978000.0,-0.24444935640281612,1319000.0,-53297000.0,-0.25065253276772653,-1.65,-1.65,32229000.0,32229000.0,https://www.sec.gov/Archives/edgar/data/1635282/000114420418014946/0001144204-18-014946-index.htm,https://www.sec.gov/Archives/edgar/data/1635282/000114420418014946/tv488036_10k.htm,1620597330,17:55:30,20210509
4,2016-12-31,RMNI,USD,2017-03-16,2017-03-16 15:07:15,FY,0.0,0.0,0.0,0.0,0.0,0.0,0.0,0.0,3334903.0,3334903.0,0.0,0.0,-3323285.0,0.0,-3334903.0,0.0,-11618.0,-2861165.0,0.0,0.0,-2861165.0,0.0,-0.52,-0.52,5466064.0,5466064.0,https://www.sec.gov/Archives/edgar/data/1635282/000114420417015054/0001144204-17-015054-index.htm,https://www.sec.gov/Archives/edgar/data/1635282/000114420417015054/v461052_10k.htm,1620597330,17:55:30,20210509
5,2015-12-31,RMNI,USD,2016-03-28,2016-03-28 17:12:51,FY,118163000.0,52766000.0,65397000.0,0.5534473566175537,0.0,35541000.0,50330000.0,-50000.0,85871000.0,138637000.0,829000.0,0.0,-19062000.0,-0.16131953318720751,-20474000.0,-0.17326912823811175,-22526000.0,0.0,0.0,0.0,-45269000.0,-0.3831063869400743,-1.8689208157873007,-1.8689208157873007,24222000.0,24222000.0,https://www.sec.gov/Archives/edgar/data/1635282/000114420416090669/0001144204-16-090669-index.htm,https://www.sec.gov/Archives/edgar/data/1635282/000114420416090669/v431809_10k.htm,1620597330,17:55:30,20210509
6,2014-12-31,RMNI,USD,2014-12-31,2014-12-31,FY,85300000.0,45300000.0,40100000.0,0.47010550996483,0.0,56800000.0,0.0,5300000.0,165300000.0,210600000.0,-700000.0,0.0,-127500000.0,-1.494725,-125300000.0,-1.4689331770222742,-800000.0,-126800000.0,-1.4865181711606097,1000000.0,-127800000.0,-1.4982415005861665,-5.28099,-5.28099,24200000.0,24200000.0,,,1620597330,17:55:30,20210509
