,date,symbol,reportedCurrency,fillingDate,acceptedDate,period,revenue,costOfRevenue,grossProfit,grossProfitRatio,researchAndDevelopmentExpenses,generalAndAdministrativeExpenses,sellingAndMarketingExpenses,otherExpenses,operatingExpenses,costAndExpenses,interestExpense,depreciationAndAmortization,ebitda,ebitdaratio,operatingIncome,operatingIncomeRatio,totalOtherIncomeExpensesNet,incomeBeforeTax,incomeBeforeTaxRatio,incomeTaxExpense,netIncome,netIncomeRatio,eps,epsdiluted,weightedAverageShsOut,weightedAverageShsOutDil,link,finalLink,timestamp,est_time,est_date
0,2020-06-30,LER.AX,AUD,2020-06-30,2020-06-30,FY,0.0,0.0,0.0,0.0,114404.0,569054.0,0.0,668683.0,1374241.0,0.0,110373.0,6253.0,-1367988.0,0.0,-1374241.0,0.0,534489.0,-949976.0,0.0,0.0,-949976.0,0.0,-0.0032195319555295356,-0.0032195319555295356,295066492.0,295066492.0,,,1620594390,17:06:30,20210509
1,2019-06-30,LER.AX,AUD,2019-06-30,2019-06-30,FY,358440.0,0.0,358440.0,1.0,3362746.0,1710665.0,0.0,2887285.0,8295193.0,0.0,251971.0,1601036.0,-6335717.0,-17.675809061488675,-7936753.0,-22.14248688762415,1409792.0,-6778388.0,-18.91080236580739,0.0,-6778388.0,-18.91080236580739,-0.022954,-0.022954,295066492.0,295066492.0,,,1620594390,17:06:30,20210509
2,2018-06-30,LER.AX,AUD,2018-06-30,2018-06-30,FY,0.0,0.0,0.0,0.0,1330574.0,1806058.0,0.0,951713.0,4106884.0,0.0,-9801.0,8578.0,-4098306.0,0.0,-4106884.0,0.0,-295383.0,-4385972.0,0.0,0.0,-4385972.0,0.0,-0.019717,-0.019717,222870175.0,222870175.0,,,1620594390,17:06:30,20210509
3,2017-06-30,LER.AX,AUD,2017-06-30,2017-06-30,FY,806627.0,0.0,806627.0,1.0,1185843.0,2496610.0,0.0,877652.0,5190158.0,0.0,42660.0,8353.0,-5181805.0,-6.424041099541672,-5190158.0,-6.434396567434514,-1991012.0,-7219515.0,-8.950252099173472,0.0,-7219515.0,-8.950252099173472,-0.048361,-0.048361,149207041.0,149207041.0,,,1620594390,17:06:30,20210509
4,2016-06-30,LER.AX,AUD,2016-06-30,2016-06-30,FY,0.0,0.0,0.0,0.0,762243.0,1213887.0,0.0,147881.0,3310942.0,0.0,0.0,4585.0,-3306357.0,0.0,-3310942.0,0.0,147881.0,-3153100.0,0.0,-546846.0,-2606254.0,0.0,-0.020306,-0.020306,128350706.0,128350706.0,,,1620594390,17:06:30,20210509
5,2015-06-30,LER.AX,AUD,2015-06-30,2015-06-30,FY,7809.0,0.0,7809.0,1.0,566535.0,1182097.0,0.0,2867.0,2455985.0,0.0,0.0,3180.0,-2444996.0,-313.0997566909976,-2448176.0,-313.50697912664873,2867.0,-2432465.0,-311.4950697912665,-518980.0,-1913485.0,-245.03585606351646,-0.017657,-0.017657,108523230.0,108523230.0,,,1620594390,17:06:30,20210509
6,2014-06-30,LER.AX,AUD,2014-06-30,2014-06-30,FY,0.0,0.0,0.0,0.0,247838.0,783584.0,0.0,733.0,1634062.0,0.0,0.0,1959.0,-1632103.0,0.0,-1634062.0,0.0,733.0,-1618887.0,0.0,-90504.0,-1528383.0,0.0,-0.024033,-0.024033,63589175.0,63589175.0,,,1620594390,17:06:30,20210509
7,2013-06-30,LER.AX,AUD,2013-06-30,2013-06-30,FY,718233.0,148741.0,569492.0,0.7929070371314044,383864.0,416477.0,0.0,0.0,1252263.0,0.0,0.0,1812.0,-680959.0,-0.9481031921395981,-682771.0,-0.9506260503207177,2545.0,-657423.0,-0.9153338819018341,-298812.0,-358611.0,-0.49929618939814796,-0.006834,-0.006834,52529486.0,52529486.0,,,1620594390,17:06:30,20210509
8,2012-06-30,LER.AX,AUD,2012-06-30,2012-06-30,FY,286917.0,4261.0,282656.0,0.9851490152204296,169532.0,620509.0,0.0,23854.0,1443728.0,0.0,0.0,229017.0,-932055.0,-3.248517864051276,-1161072.0,-4.046717343343197,-1982320.0,-3143392.0,-10.955753754570138,-172049.0,-2971343.0,-10.356106469815312,-0.086271,-0.086271,36431540.0,36431540.0,,,1620594390,17:06:30,20210509
9,2011-06-30,LER.AX,AUD,2011-06-30,2011-06-30,FY,0.0,45440.0,-45440.0,0.0,438939.0,397557.0,0.0,89744.0,1810913.0,0.0,0.0,177519.0,-1678834.0,0.0,-1856353.0,0.0,89744.0,-1688589.0,0.0,0.0,-1688589.0,0.0,-0.050295,-0.050295,35323919.0,35323919.0,,,1620594390,17:06:30,20210509
10,2010-06-30,LER.AX,AUD,2010-06-30,2010-06-30,FY,0.0,0.0,0.0,0.0,0.0,598441.0,0.0,0.0,733192.0,0.0,0.0,1609.0,-731583.0,0.0,-733192.0,0.0,0.0,-708742.0,0.0,0.0,904640.0,0.0,0.048224,0.048224,18978199.0,18978199.0,,,1620594390,17:06:30,20210509
11,2009-06-30,LER.AX,AUD,2009-06-30,2009-06-30,FY,31843.0,343901.0,-312058.0,-9.799893226140753,0.0,447522.0,0.0,0.0,594999.0,0.0,7116.0,72102.0,-834955.0,-26.220990484564897,-907057.0,-28.485287190277297,0.0,-876100.0,-27.513111201833997,0.0,-876100.0,-27.513111201833997,-0.050625,-0.050625,17203672.0,17203672.0,,,1620594390,17:06:30,20210509
12,2008-06-30,LER.AX,AUD,2008-06-30,2008-06-30,FY,233858.0,331487.0,-97629.0,-0.4174712859940648,0.0,609274.0,0.0,1979.0,814511.0,0.0,36708.0,65711.0,-846429.0,-3.6194143454575,-912140.0,-3.900401098102267,699467.0,-197870.0,-0.8461117430235442,0.0,-197870.0,-0.8461117430235442,-0.014464,-0.014464,13283987.0,13283987.0,,,1620594390,17:06:30,20210509
13,2007-06-30,LER.AX,AUD,2007-06-30,2007-06-30,FY,383978.0,0.0,383978.0,1.0,0.0,292255.0,0.0,432.0,958309.0,0.0,40773.0,199375.0,-374956.0,-0.9765038622004386,-574331.0,-1.495739339232977,7575.0,-605504.0,-1.5769236779190474,0.0,-605504.0,-1.5769236779190474,-0.066536,-0.066536,8621792.0,8621792.0,,,1620594390,17:06:30,20210509
14,2006-06-30,LER.AX,AUD,2006-06-30,2006-06-30,FY,210399.0,0.0,210399.0,1.0,0.0,224944.0,287.0,3600.0,1098058.0,0.0,27442.0,385515.0,-502144.0,-2.3866273128674567,-887659.0,-4.2189316489146815,3600.0,-910660.0,-4.328252510705849,0.0,-910660.0,-4.328252510705849,-0.115715,-0.115715,7655604.0,7655604.0,,,1620594390,17:06:30,20210509
15,2005-06-30,LER.AX,AUD,2005-06-30,2005-06-30,FY,1126950.0,0.0,1126950.0,1.0,0.0,164007.0,0.0,154710.0,1031648.0,0.0,21361.0,525286.0,620588.0,0.5506792670482276,95302.0,0.08456630728958694,154710.0,230961.0,0.20494343138559828,230961.0,230961.0,0.20494343138559828,0.030375,0.030375,7510382.0,7510382.0,,,1620594390,17:06:30,20210509
16,2004-06-30,LER.AX,AUD,2004-06-30,2004-06-30,FY,136927.0,0.0,136927.0,1.0,0.0,146646.0,0.0,54059.0,1214116.0,0.0,26794.0,680383.0,-396806.0,-2.8979383174976445,-1077189.0,-7.86688527463539,-3095941.0,-4199657.0,-30.670773477838555,-4199657.0,-4199657.0,-30.670773477838555,-0.572789,-0.572789,7333962.0,7333962.0,,,1620594390,17:06:30,20210509
17,2003-06-30,LER.AX,AUD,2003-06-30,2003-06-30,FY,187795.0,0.0,187795.0,1.0,0.0,322428.0,0.0,0.0,1847118.0,0.0,30513.0,1060847.0,-598476.0,-3.186858010064166,-1659323.0,-8.835820974999335,0.0,-1689626.0,-8.997183098591549,-1689626.0,-1689626.0,-8.997183098591549,-0.263251,-0.263251,6437188.0,6437188.0,,,1620594390,17:06:30,20210509
18,2002-06-30,LER.AX,AUD,2002-06-30,2002-06-30,FY,2503.0,0.0,2503.0,1.0,37508.0,0.0,0.0,-736612.0,415252.0,0.0,28197.0,377744.0,-35005.0,-13.985217738713544,-412749.0,-164.90171793847384,-3274120.0,-3677361.0,-1469.1813823411906,-3677361.0,-3677361.0,-1469.1813823411906,-0.6391546605912669,-0.5352042345242266,5753476.0,6870949.0,,,1620594390,17:06:30,20210509
19,2001-06-30,LER.AX,AUD,2001-06-30,2001-06-30,FY,1397.0,0.0,1397.0,1.0,249695.0,0.0,0.0,-607896.0,585504.0,0.0,56142.0,335809.0,-248298.0,-177.73657838224767,-584107.0,-418.11524695776666,-13541250.0,-14180717.0,-10150.835361488906,-14180717.0,-14180717.0,-10150.835361488906,-3.361879494330612,-2.0154818989598193,4218092.0,7035894.0,,,1620594390,17:06:30,20210509
20,2000-06-30,LER.AX,AUD,2000-06-30,2000-06-30,FY,0.0,0.0,0.0,0.0,0.0,0.0,0.0,0.0,0.0,0.0,39326.0,0.0,-946092.0,0.0,0.0,0.0,0.0,-985418.0,0.0,-985418.0,-985418.0,0.0,-0.569458,-0.569458,1727463.0,1727463.0,,,1620594390,17:06:30,20210509
21,1999-06-30,LER.AX,AUD,1999-06-30,1999-06-30,FY,0.0,0.0,0.0,0.0,0.0,0.0,0.0,0.0,0.0,0.0,24697.0,0.0,-908505.0,0.0,0.0,0.0,0.0,-933202.0,0.0,-933202.0,-933202.0,0.0,-0.4740548006581484,-0.39675032757765993,1968553.0,2352114.0,,,1620594390,17:06:30,20210509
22,1998-06-30,LER.AX,AUD,1998-06-30,1998-06-30,FY,0.0,0.0,0.0,0.0,0.0,0.0,0.0,0.0,0.0,0.0,12257.0,0.0,-1131399.0,0.0,0.0,0.0,0.0,-1143656.0,0.0,-1143656.0,-1143656.0,0.0,-0.611749,-0.611749,1824776.0,1824776.0,,,1620594390,17:06:30,20210509
