,date,symbol,reportedCurrency,fillingDate,acceptedDate,period,revenue,costOfRevenue,grossProfit,grossProfitRatio,researchAndDevelopmentExpenses,generalAndAdministrativeExpenses,sellingAndMarketingExpenses,otherExpenses,operatingExpenses,costAndExpenses,interestExpense,depreciationAndAmortization,ebitda,ebitdaratio,operatingIncome,operatingIncomeRatio,totalOtherIncomeExpensesNet,incomeBeforeTax,incomeBeforeTaxRatio,incomeTaxExpense,netIncome,netIncomeRatio,eps,epsdiluted,weightedAverageShsOut,weightedAverageShsOutDil,link,finalLink,timestamp,est_time,est_date
0,2018-12-31,PGLC,USD,2019-04-02 00:00:00,2019-04-02 17:03:08,FY,0.0,3197208.0,0.0,0.0,3197208000.0,5032979.0,0.0,3097036.0,8130015.0,14059354,0.0,993372.0,-13065982.0,0.0,-14059354,0.0,-139001.0,-14198355,0.0,0.0,-14198355,0.0,-0.42216,-0.42216,33632857,33632857,https://www.sec.gov/Archives/edgar/data/1432196/000114420419017788/0001144204-19-017788-index.html,https://www.sec.gov/Archives/edgar/data/1432196/000114420419017788/tv517056_10k.htm,1620596521,17:42:01,20210509
1,2017-12-31,PGLC,USD,2018-03-28 00:00:00,2018-03-28 15:46:02,FY,0.0,10.0,0.0,0.0,1219608000.0,4287909.0,0.0,5636605.0,9924514.0,12724227,0.0,1071942.0,-11652285.0,0.0,-12724227,0.0,-370274.0,-13094501,0.0,0.0,-13094501,0.0,-0.38933656453865934,-0.45837306401323136,33632857,28567344,https://www.sec.gov/Archives/edgar/data/1432196/000114420418017511/0001144204-18-017511-index.html,https://www.sec.gov/Archives/edgar/data/1432196/000114420418017511/tv482768_10k.htm,1620596521,17:42:01,20210509
2,2016-12-31,PGLC,USD,2017-03-29 00:00:00,2017-03-29 17:00:20,FY,0.0,10000.0,0.0,0.0,4792786000.0,4091967.0,0.0,10128091.0,14220058.0,15632970,488.0,1097066.0,-14535904.0,0.0,-15632970,0.0,-2605.0,-15635575,0.0,0.0,-15635575,0.0,-0.4648898843175886,-0.6135603505551251,33632857,25483353,https://www.sec.gov/Archives/edgar/data/1432196/000114420417017313/0001144204-17-017313-index.html,https://www.sec.gov/Archives/edgar/data/1432196/000114420417017313/v461870_10k.htm,1620596521,17:42:01,20210509
3,2015-12-31,PGLC,USD,2016-03-22 00:00:00,2016-03-22 14:19:00,FY,0.0,10000.0,0.0,0.0,8618648000.0,4689033.0,0.0,13171156.0,17860189.0,19121290,0.0,1125758.0,-17995532.0,0.0,-19121290,0.0,-2643.0,-19123933,0.0,0.0,-19123933,0.0,-0.5686086376783275,-0.903560501038432,33632857,21165083,https://www.sec.gov/Archives/edgar/data/1432196/000114420416089470/0001144204-16-089470-index.html,https://www.sec.gov/Archives/edgar/data/1432196/000114420416089470/v433533_10k.htm,1620596521,17:42:01,20210509
4,2014-12-31,PGLC,USD,2015-03-05,2015-03-05 16:35:55,FY,0.0,0.0,0.0,0.0,5894920000.0,4339556.0,0.0,10848760.0,15188316.0,16459173,4064.0,1020232.0,-15438941.0,0.0,-16459173,0.0,-4037.0,-16463210,0.0,0.0,-16463210,0.0,-0.4894978145924386,-0.05407610710811162,33632857,304445177,https://www.sec.gov/Archives/edgar/data/1432196/000114420415014256/0001144204-15-014256-index.htm,https://www.sec.gov/Archives/edgar/data/1432196/000114420415014256/v402671_10k.htm,1620596521,17:42:01,20210509
5,2013-12-31,PGLC,USD,2014-03-26,2014-03-25 21:02:12,FY,3830117000.0,0.0,3830117000.0,1.0,3204629000.0,3830117.0,0.0,10303225.0,14133342.0,15690653,0.0,969311.0,-14721342.0,-0.0038435750135048094,-15690653,-0.004096651094470482,1587265.0,-14103388,-0.0036822342502853046,0.0,-14103388,-0.0036822342502853046,-0.4193336296110675,-0.05173262363540481,33632857,272620776,https://www.sec.gov/Archives/edgar/data/1432196/000110465914022692/0001104659-14-022692-index.htm,https://www.sec.gov/Archives/edgar/data/1432196/000110465914022692/a13-27330_110k.htm,1620596521,17:42:01,20210509
6,2012-12-31,PGLC,USD,2013-04-01 00:00:00,2013-04-01 15:01:22,FY,0.0,0.0,0.0,0.0,5221001000.0,4172283000.0,0.0,22061046000.0,31454330000.0,31454330000,0.0,992648000.0,-30461682000.0,0.0,-31454330000,0.0,80000000.0,-49052749000,0.0,0.0,-49103047000,0.0,-1459.9725203243959,-180.72503119337625,33632857,271700310,https://www.sec.gov/Archives/edgar/data/1432196/000152153613000301/0001521536-13-000301-index.html,https://www.sec.gov/Archives/edgar/data/1432196/000152153613000301/q1101039_10k-pershing.htm,1620596521,17:42:01,20210509
7,2011-12-31,PGLC,USD,2012-04-16,2012-04-16 16:47:28,FY,0.0,0.0,0.0,0.0,2298090000.0,2037692.0,0.0,8522541.0,10560233.0,12236753,5964380.0,5839245.0,-6397508.0,0.0,-12236753,0.0,-9232810.0,-21469563,0.0,0.0,-24556772,0.0,-0.7301423129173951,-0.09038183283633353,33632857,271700310,https://www.sec.gov/Archives/edgar/data/1432196/000146929912000108/0001469299-12-000108-index.htm,https://www.sec.gov/Archives/edgar/data/1432196/000146929912000108/pershingform10k123111.htm,1620596521,17:42:01,20210509
8,2010-12-31,PGLC,USD,2011-03-15,2011-03-15 13:53:08,FY,906639000.0,444648000.0,461991000.0,0.5095644462680295,0.0,550054000.0,139130000.0,2090102000.0,2918416000.0,3363064000,0.0,8928000.0,-2002849000.0,-2.2090920421468745,-2011777000,-2.218939401459677,0.0,-2022497000,-2.230763291673974,0.0,-2022497000,-2.230763291673974,-108.1084,-108.1084,18708047,18708047,https://www.sec.gov/Archives/edgar/data/1432196/000146929911000152/0001469299-11-000152-index.htm,https://www.sec.gov/Archives/edgar/data/1432196/000146929911000152/empireform10k123110.htm,1620596521,17:42:01,20210509
