,date,symbol,reportedCurrency,fillingDate,acceptedDate,period,revenue,costOfRevenue,grossProfit,grossProfitRatio,researchAndDevelopmentExpenses,generalAndAdministrativeExpenses,sellingAndMarketingExpenses,otherExpenses,operatingExpenses,costAndExpenses,interestExpense,depreciationAndAmortization,ebitda,ebitdaratio,operatingIncome,operatingIncomeRatio,totalOtherIncomeExpensesNet,incomeBeforeTax,incomeBeforeTaxRatio,incomeTaxExpense,netIncome,netIncomeRatio,eps,epsdiluted,weightedAverageShsOut,weightedAverageShsOutDil,link,finalLink,timestamp,est_time,est_date
0,2020-04-30,MTS.AX,AUD,2020-04-30,2020-04-30,FY,13025400000.0,11712700000.0,1312700000.0,0.10078001443333794,0.0,724400000.0,0.0,14600000.0,993600000.0,0.0,26800000.0,157200000.0,476300000.0,0.0365670152164233,319100000.0,0.02449828796044651,-252700000.0,14400000.0,0.0011055322677230642,69600000.0,-56800000.0,-0.004360710611574309,-0.062,-0.062,910139794,910139794,,,1620595390,17:23:10,20210509
1,2019-04-30,MTS.AX,AUD,2019-04-30,2019-04-30,FY,12660300000.0,11382600000.0,1277700000.0,0.10092177910476055,0.0,550900000.0,493900000.0,86800000.0,1044800000.0,0.0,32500000.0,0.0,328000000.0,0.025907758899868093,232900000.0,0.018396088560302677,72100000.0,276100000.0,0.021808329976382865,81000000.0,192800000.0,0.01522870706065417,0.208,0.207,928588681,931400966,,,1620595390,17:23:10,20210509
2,2018-04-30,MTS.AX,AUD,2018-04-30,2018-04-30,FY,14463700000.0,13175600000.0,1288100000.0,0.08905743343681077,0.0,566100000.0,486500000.0,60200000.0,1052600000.0,0.0,31000000.0,68000000.0,303500000.0,0.02098356575426758,235500000.0,0.01628214080767715,-282900000.0,-73800000.0,-0.005102428839093731,72900000.0,-149500000.0,-0.010336221022283371,-0.153,-0.153,975641876,975641876,,,1620595390,17:23:10,20210509
3,2017-04-30,MTS.AX,AUD,2017-04-30,2017-04-30,FY,14121900000.0,12885600000.0,1236300000.0,0.08754487710577188,0.0,566900000.0,485300000.0,83500000.0,1052200000.0,0.0,29300000.0,0.0,281100000.0,0.01990525354237036,184100000.0,0.013036489424227618,79900000.0,238500000.0,0.016888662290484992,64800000.0,171900000.0,0.012172583009368429,0.179,0.179,958778523,958778523,,,1620595390,17:23:10,20210509
4,2016-04-30,MTS.AX,AUD,2016-04-30,2016-04-30,FY,13541300000.0,12412300000.0,1129000000.0,0.0833745652189967,0.0,509800000.0,475200000.0,108100000.0,985000000.0,0.0,41100000.0,60300000.0,204300000.0,0.015087177745120483,144000000.0,0.010634134093476993,131400000.0,248400000.0,0.01834388131124781,68400000.0,216500000.0,0.01598812521692895,0.233,0.233,928357876,928357876,,,1620595390,17:23:10,20210509
5,2015-04-30,MTS.AX,AUD,2015-04-30,2015-04-30,FY,13626200000.0,12364700000.0,1261500000.0,0.09257900221631857,0.0,611700000.0,516900000.0,123500000.0,1128600000.0,0.0,63600000.0,71800000.0,204700000.0,0.015022530125787087,132900000.0,0.009753269436820243,-446600000.0,-368800000.0,-0.027065506157255875,14000000.0,-384200000.0,-0.028195681848204195,-0.424,-0.424,907012053,907012053,,,1620595390,17:23:10,20210509
6,2014-04-30,MTS.AX,AUD,2014-04-30,2014-04-30,FY,13392700000.0,12144500000.0,1248200000.0,0.0932000268803154,0.0,516000000.0,479500000.0,117600000.0,995500000.0,0.0,65100000.0,69800000.0,322500000.0,0.024080282541981825,252700000.0,0.018868488056926536,81500000.0,277000000.0,0.020682909346136327,95800000.0,169200000.0,0.012633748235979302,0.192,0.192,882676013,882676013,,,1620595390,17:23:10,20210509
7,2013-04-30,MTS.AX,AUD,2013-04-30,2013-04-30,FY,12976600000.0,11758700000.0,1217900000.0,0.09385355177781546,0.0,453300000.0,430900000.0,109600000.0,884200000.0,0.0,69300000.0,59500000.0,393200000.0,0.03030069509732904,333700000.0,0.02571551870289598,113000000.0,385100000.0,0.02967649461338101,116100000.0,206000000.0,0.0158747283571968,0.2396,0.2387,859742607,863007960,,,1620595390,17:23:10,20210509
8,2012-04-30,MTS.AX,AUD,2012-04-30,2012-04-30,FY,12255100000.0,11086100000.0,1169000000.0,0.09538885851604638,0.0,406400000.0,436900000.0,70000000.0,843300000.0,0.0,80300000.0,54400000.0,380100000.0,0.031015658786954003,325700000.0,0.026576690520681186,-60900000.0,197200000.0,0.016091259965238962,71800000.0,90000000.0,0.007343881322877823,0.1169,0.1166,770441432,771869640,,,1620595390,17:23:10,20210509
9,2011-04-30,MTS.AX,AUD,2011-04-30,2011-04-30,FY,12364000000.0,11186900000.0,1177100000.0,0.09520381753477838,0.0,407900000.0,423800000.0,79500000.0,831700000.0,0.0,77500000.0,53300000.0,398700000.0,0.032246845681009384,345400000.0,0.027935943060498222,77800000.0,356900000.0,0.028866062762859915,106100000.0,241400000.0,0.019524425752183758,0.3146,0.3141,767676470,768545049,,,1620595390,17:23:10,20210509
10,2010-04-30,MTS.AX,AUD,2010-04-30,2010-04-30,FY,11517400000.0,10435300000.0,1082100000.0,0.0939534964488513,0.0,350200000.0,405800000.0,82500000.0,756000000.0,0.0,71700000.0,46700000.0,372800000.0,0.03236841648288676,326100000.0,0.02831368190737493,67400000.0,330000000.0,0.028652299998263495,99700000.0,227600000.0,0.019761404483650824,0.2974,0.2969,765178865,766588077,,,1620595390,17:23:10,20210509
11,2009-04-30,MTS.AX,AUD,2009-04-30,2009-04-30,FY,10981700000.0,9950900000.0,1030800000.0,0.09386524854986023,0.0,363500000.0,369500000.0,52000000.0,733000000.0,0.0,70200000.0,46600000.0,344400000.0,0.03136126464937122,297800000.0,0.027117841499949915,53900000.0,290700000.0,0.026471311363450104,87500000.0,202500000.0,0.01843976797763552,0.2647,0.2645,765423259,765595463,,,1620595390,17:23:10,20210509
12,2008-04-30,MTS.AX,AUD,2008-04-30,2008-04-30,FY,10117017000.0,9137000000.0,980017000.0,0.09686817764564397,0.0,383734000.0,335411000.0,65991000.0,719145000.0,0.0,61934000.0,47689000.0,308561000.0,0.03049920742448095,260872000.0,0.02578546621004986,74503000.0,284273000.0,0.028098499785065102,86835000.0,197436000.0,0.019515238533255406,0.2586,0.2574,763484392,767039627,,,1620595390,17:23:10,20210509
13,2007-04-30,MTS.AX,AUD,2007-04-30,2007-04-30,FY,9696773000.0,8744049000.0,952724000.0,0.09825165547342399,0.0,284781000.0,425583000.0,52344000.0,710364000.0,0.0,64685000.0,50576000.0,292936000.0,0.03020963778362142,242360000.0,0.024993881985274895,51655000.0,236798000.0,0.02442028910030172,70003000.0,166795000.0,0.017201083288223826,0.2215,0.2198,753116068,758848954,,,1620595390,17:23:10,20210509
14,2006-04-30,MTS.AX,AUD,2006-04-30,2006-04-30,FY,8217762000.0,7406154000.0,811608000.0,0.09876265581797088,0.0,254856000.0,368468000.0,-373000.0,623324000.0,0.0,45271000.0,41785000.0,230069000.0,0.027996551859253163,188284000.0,0.022911834146571778,-14284000.0,133486000.0,0.016243595275696715,52308000.0,81178000.0,0.009878358609071424,0.1367,0.1352,593675382,600428994,,,1620595390,17:23:10,20210509
15,2005-04-30,MTS.AX,AUD,2005-04-30,2005-04-30,FY,7468349000.0,6853457000.0,614892000.0,0.08233305647606988,0.0,0.0,486134000.0,36230000.0,486134000.0,0.0,8050000.0,58999000.0,187757000.0,0.02514036234782279,128758000.0,0.01724049050198377,36503000.0,163806000.0,0.021933361710868092,163806000.0,104937000.0,0.01405089665734689,0.1621,0.1586,647359655,647359655,,,1620595390,17:23:10,20210509
16,2004-04-30,MTS.AX,AUD,2004-04-30,2004-04-30,FY,7173897000.0,7012408000.0,161489000.0,0.022510638220760628,0.0,0.0,449065000.0,450152000.0,449065000.0,0.0,5886000.0,47791000.0,-239785000.0,-0.03342465050724871,-287576000.0,-0.04008644116301084,450817000.0,155651000.0,0.021696854582662673,155651000.0,101752000.0,0.014183643840997438,0.144146,0.14146,707651229,719298412,,,1620595390,17:23:10,20210509
17,2003-04-30,MTS.AX,AUD,2003-04-30,2003-04-30,FY,7099464000.0,6545230000.0,554234000.0,0.07806702027082608,0.0,0.0,451696000.0,30813000.0,451696000.0,0.0,6449000.0,28012000.0,130550000.0,0.018388712161932226,102538000.0,0.014443062180468836,31011000.0,126046000.0,0.01775429807095296,126046000.0,81318000.0,0.011454104140819646,0.117287,0.114601,693187399,693187399,,,1620595390,17:23:10,20210509
18,2002-04-30,MTS.AX,AUD,2002-04-30,2002-04-30,FY,6127359000.0,5620577000.0,506782000.0,0.08270806394728952,0.0,234853000.0,222821000.0,49393000.0,457674000.0,0.0,9598000.0,39651000.0,88759000.0,0.0144856862475334,49108000.0,0.008014545907951533,49807000.0,89226000.0,0.014561901791620174,89226000.0,0.0,0.0,0.079594,0.079594,594107126,594107126,,,1620595390,17:23:10,20210509
19,2001-04-30,MTS.AX,AUD,2001-04-30,2001-04-30,FY,5458198000.0,0.0,5458198000.0,1.0,0.0,0.0,0.0,-5418556000.0,39642000.0,0.0,16049000.0,39642000.0,5458198000.0,1.0,5418556000.0,0.9927371634374569,358000.0,57043000.0,0.010450885072326069,57043000.0,32705000.0,0.005991904287825396,0.060434,0.060434,540928431,540928431,,,1620595390,17:23:10,20210509
20,2000-04-30,MTS.AX,AUD,2000-04-30,2000-04-30,FY,5147653000.0,0.0,5147653000.0,1.0,0.0,10935000.0,0.0,-5105350000.0,42303000.0,0.0,15005000.0,42303000.0,5147653000.0,1.0,5105350000.0,0.991782080105244,-14000.0,24711000.0,0.004800440122906497,24711000.0,0.0,0.0,-0.023368,-0.023368,540288898,540288898,,,1620595390,17:23:10,20210509
21,1998-06-30,MTS.AX,AUD,1998-06-30,1998-06-30,FY,0.0,0.0,0.0,0.0,0.0,0.0,0.0,0.0,0.0,0.0,0.0,0.0,-1521000.0,0.0,0.0,0.0,0.0,-1521000.0,0.0,-1521000.0,-189000.0,0.0,-0.02686,-0.02686,540288894,540288894,,,1620595390,17:23:10,20210509
22,1997-06-30,MTS.AX,AUD,1997-06-30,1997-06-30,FY,5102865088.0,0.0,5102865088.0,1.0,0.0,0.0,0.0,-5102865088.0,112688000.0,0.0,28014000.0,47694000.0,5150559088.0,1.0093465140029192,5102865088.0,1.0,-5102865088.0,-308396000.0,-0.060435852150046106,-308396000.0,-143000.0,-2.802347260488655e-05,-0.483471,-0.483471,497902828,497902828,,,1620595390,17:23:10,20210509
23,1996-06-30,MTS.AX,AUD,1996-06-30,1996-06-30,FY,3917656000.0,0.0,3917656000.0,1.0,0.0,0.0,0.0,-3883608000.0,34048000.0,0.0,23696000.0,34048000.0,3917656000.0,1.0,3883608000.0,0.9913090889041815,-3883608000.0,79291000.0,0.02023939825242441,79291000.0,-643000.0,-0.00016412875454098062,0.134298,0.134298,385450127,385450127,,,1620595390,17:23:10,20210509
24,1995-06-30,MTS.AX,AUD,1995-06-30,1995-06-30,FY,3231906000.0,0.0,3231906000.0,1.0,0.0,0.0,0.0,-3208620000.0,23286000.0,0.0,15663000.0,23286000.0,3231906000.0,1.0,3208620000.0,0.99279496371491,-3208620000.0,69168000.0,0.02140161254689957,69168000.0,0.0,0.0,0.134387,0.134387,344713244,344713244,,,1620595390,17:23:10,20210509
25,1994-06-30,MTS.AX,AUD,1994-06-30,1994-06-30,FY,2299139000.0,0.0,2299139000.0,1.0,0.0,0.0,0.0,-2287288000.0,11851000.0,0.0,10067000.0,11851000.0,2299139000.0,1.0,2287288000.0,0.994845461714146,-2287288000.0,28868000.0,0.012556004660875223,28868000.0,0.0,0.0,0.16241,0.16241,344627708,344627708,,,1620595390,17:23:10,20210509
