,date,symbol,reportedCurrency,fillingDate,acceptedDate,period,revenue,costOfRevenue,grossProfit,grossProfitRatio,researchAndDevelopmentExpenses,generalAndAdministrativeExpenses,sellingAndMarketingExpenses,otherExpenses,operatingExpenses,costAndExpenses,interestExpense,depreciationAndAmortization,ebitda,ebitdaratio,operatingIncome,operatingIncomeRatio,totalOtherIncomeExpensesNet,incomeBeforeTax,incomeBeforeTaxRatio,incomeTaxExpense,netIncome,netIncomeRatio,eps,epsdiluted,weightedAverageShsOut,weightedAverageShsOutDil,link,finalLink,timestamp,est_time,est_date
0,2020-12-31,GLB.L,EUR,2020-12-31,2020-12-31,FY,3823100000,3146700000.0,676400000.0,0.1769244853652795,0.0,182800000.0,313900000.0,0.0,0.0,3704300000,22900000.0,60900000.0,179700000.0,0.04700374042007795,118800000.0,0.031074259109099944,0.0,154100000.0,0.040307603777039576,10300000.0,143800000.0,0.037613455049567104,0.4871025442246599,0.4871025442246599,295215046,295215046,https://find-and-update.company-information.service.gov.uk/search/companies?q=Glanbia+PLC,https://find-and-update.company-information.service.gov.uk/search/companies?q=Glanbia+PLC,1620592585,16:36:25,20210509
1,2019-12-31,GLB.L,EUR,2019-12-31,2019-12-31,FY,3875700000,3114900000.0,760800000.0,0.19630002322161158,0.0,180700000.0,340400000.0,0.0,584000000.0,3698900000,31400000.0,62900000.0,239700000.0,0.061846892174316895,176800000.0,0.04561756585907062,0.0,199100000.0,0.05137136517274299,18900000.0,180200000.0,0.046494826740975825,0.6104,0.6092,295215046,295786163,https://find-and-update.company-information.service.gov.uk/search/companies?q=Glanbia+PLC,https://find-and-update.company-information.service.gov.uk/search/companies?q=Glanbia+PLC,1620592585,16:36:25,20210509
2,2018-12-31,GLB.L,EUR,2018-12-31,2018-12-31,FY,2386300000,1706200000.0,680100000.0,0.28500188576457275,0.0,160300000.0,234900000.0,0.0,441100000.0,2147300000,19400000.0,45900000.0,284900000.0,0.11938985039601056,239000000.0,0.10015505175376105,0.0,266800000.0,0.11180488622553744,32800000.0,234000000.0,0.0980597577840171,0.7928,0.7904,295159530,296046538,https://find-and-update.company-information.service.gov.uk/search/companies?q=Glanbia+PLC,https://find-and-update.company-information.service.gov.uk/search/companies?q=Glanbia+PLC,1620592585,16:36:25,20210509
3,2017-12-31,GLB.L,EUR,2017-12-31,2017-12-31,FY,2387100000,1742400000.0,644700000.0,0.2700766620585648,0.0,154700000.0,212300000.0,0.0,429500000.0,2171900000,37200000.0,62500000.0,277700000.0,0.11633362657618031,215200000.0,0.0901512295253655,0.0,229700000.0,0.09622554564115454,-7500000.0,329400000.0,0.1379917054166143,1.1165,1.1136,295010462,295799175,https://find-and-update.company-information.service.gov.uk/search/companies?q=Glanbia+PLC,https://find-and-update.company-information.service.gov.uk/search/companies?q=Glanbia+PLC,1620592585,16:36:25,20210509
4,2016-12-31,GLB.L,EUR,2016-12-31,2016-12-31,FY,2847892000,2066581000.0,781311000.0,0.274347131141209,0.0,212088000.0,281588000.0,0.0,533363000.0,2599944000,22209000.0,39687000.0,287635000.0,0.100999265421582,247948000.0,0.08706369483112421,0.0,252794000.0,0.08876530430226989,40639000.0,211824000.0,0.0743792250548827,0.7177,0.7153,295142817,296133091,https://find-and-update.company-information.service.gov.uk/search/companies?q=Glanbia+PLC,https://find-and-update.company-information.service.gov.uk/search/companies?q=Glanbia+PLC,1620592585,16:36:25,20210509
5,2015-12-31,GLB.L,EUR,2015-12-31,2015-12-31,FY,2774326000,1782647000.0,991679000.0,0.3574486199530985,6646000.0,3346000.0,0.0,0.0,752591000.0,2535238000,19913000.0,74262000.0,313350000.0,0.11294635165441985,239088000.0,0.08617876918574097,0.0,218696000.0,0.07882851546645923,34779000.0,183271000.0,0.06605964836143986,0.6208,0.6187,295196003,296241298,https://find-and-update.company-information.service.gov.uk/search/companies?q=Glanbia+PLC,https://find-and-update.company-information.service.gov.uk/search/companies?q=Glanbia+PLC,1620592585,16:36:25,20210509
6,2014-12-31,GLB.L,EUR,2014-12-31,2014-12-31,FY,2538368000,1773010000.0,765358000.0,0.30151577706620947,7830000.0,4264000.0,0.0,0.0,580052000.0,2353062000,21885000.0,54742000.0,240048000.0,0.09456784831828954,185306000.0,0.07300202334728455,0.0,173577000.0,0.06838133793051283,26382000.0,146313000.0,0.05764057851343855,0.496,0.4932,295011089,296656520,https://find-and-update.company-information.service.gov.uk/search/companies?q=Glanbia+PLC,https://find-and-update.company-information.service.gov.uk/search/companies?q=Glanbia+PLC,1620592585,16:36:25,20210509
7,2013-12-31,GLB.L,EUR,2013-12-31,2013-12-31,FY,2382133000,1676122000.0,706011000.0,0.29637765817441764,7722000.0,3809000.0,0.0,0.0,538565000.0,2214687000,25110000.0,48214000.0,215660000.0,0.0905323086494331,167446000.0,0.07029246477841497,0.0,176004000.0,0.07388504336239832,25008000.0,150330000.0,0.06310730761044828,0.5101,0.4886,294712649,296753988,https://find-and-update.company-information.service.gov.uk/search/companies?q=Glanbia+PLC,https://find-and-update.company-information.service.gov.uk/search/companies?q=Glanbia+PLC,1620592585,16:36:25,20210509
8,2012-12-31,GLB.L,EUR,2012-12-31,2012-12-31,FY,2211757000,1495602000.0,716155000.0,0.3237946121567604,9391000.0,2887000.0,0.0,5100000.0,557642000.0,2053244000,23370000.0,44876000.0,203389000.0,0.09195811293917008,158513000.0,0.07166836139774849,0.0,149307000.0,0.06750605966206957,24060000.0,143790000.0,0.06501166267361197,0.4891,0.4847,294022876,296693141,https://find-and-update.company-information.service.gov.uk/search/companies?q=Glanbia+PLC,https://find-and-update.company-information.service.gov.uk/search/companies?q=Glanbia+PLC,1620592585,16:36:25,20210509
9,2011-12-31,GLB.L,EUR,2011-12-31,2011-12-31,FY,2671151000,2236515000.0,434636000.0,0.16271487459900244,8397000.0,0.0,68169000.0,0.0,273160000.0,2509675000,14499000.0,52612000.0,214088000.0,0.08014822074828416,161476000.0,0.06045184267006994,0.0,138693000.0,0.0519225607238228,25885000.0,112178000.0,0.041996128260813406,0.382,0.379,293536000,295949000,https://find-and-update.company-information.service.gov.uk/search/companies?q=Glanbia+PLC,https://find-and-update.company-information.service.gov.uk/search/companies?q=Glanbia+PLC,1620592585,16:36:25,20210509
10,2010-12-31,GLB.L,EUR,2010-12-31,2010-12-31,FY,2166695000,1784263000.0,382432000.0,0.17650476878379281,8037000.0,0.0,56390000.0,-121000.0,239417000.0,2023680000,13458000.0,47680000.0,190695000.0,0.0880119259978908,143015000.0,0.06600605992075488,0.0,134718000.0,0.06217672538128347,26085000.0,108047000.0,0.049867194044385575,0.369,0.366,293105000,294980000,https://find-and-update.company-information.service.gov.uk/search/companies?q=Glanbia+PLC,https://find-and-update.company-information.service.gov.uk/search/companies?q=Glanbia+PLC,1620592585,16:36:25,20210509
11,2009-12-31,GLB.L,EUR,2009-12-31,2009-12-31,FY,1830327000,1512203000.0,318124000.0,0.1738071940150585,7686000.0,0.0,51735000.0,0.0,228215000.0,1740418000,17064000.0,42593000.0,132502000.0,0.07239252876671765,89909000.0,0.04912182358671428,0.0,143032000.0,0.07814559911972013,29873000.0,112676000.0,0.06156058452943108,0.385,0.384,292986000,293817000,https://find-and-update.company-information.service.gov.uk/search/companies?q=Glanbia+PLC,https://find-and-update.company-information.service.gov.uk/search/companies?q=Glanbia+PLC,1620592585,16:36:25,20210509
12,2008-12-31,GLB.L,EUR,2008-12-31,2008-12-31,FY,2232161000,1900662000.0,331499000.0,0.1485103449079166,6880000.0,0.0,54110000.0,0.0,207159000.0,2107821000,21853000.0,34146000.0,158486000.0,0.07100115090264546,124340000.0,0.05570386723896708,0.0,100005000.0,0.04480187585035309,20636000.0,78399000.0,0.03512246652459209,0.268,0.266,293019000,294376000,https://find-and-update.company-information.service.gov.uk/search/companies?q=Glanbia+PLC,https://find-and-update.company-information.service.gov.uk/search/companies?q=Glanbia+PLC,1620592585,16:36:25,20210509
13,2007-12-31,GLB.L,EUR,2007-12-31,2007-12-31,FY,2206567000,1909816000.0,296751000.0,0.13448537932453444,7509000.0,0.0,45089000.0,0.0,186373000.0,2096189000,23046000.0,34062000.0,144440000.0,0.06545914989211749,110378000.0,0.050022501016284575,0.0,76081000.0,0.03447935186196476,15841000.0,59833000.0,0.027115877288113165,0.204,0.203,293013000,294124000,https://find-and-update.company-information.service.gov.uk/search/companies?q=Glanbia+PLC,https://find-and-update.company-information.service.gov.uk/search/companies?q=Glanbia+PLC,1620592585,16:36:25,20210509
14,2006-12-31,GLB.L,EUR,2006-12-31,2006-12-31,FY,1853427000,1596547000.0,256880000.0,0.13859731189844543,6275000.0,0.0,105724000.0,0.0,187077000.0,1783624000,20087000.0,29867000.0,99670000.0,0.05377605915960003,69803000.0,0.03766158580834314,0.0,61919000.0,0.033407843956087833,-4351000.0,65934000.0,0.035574101380847475,0.22506221007035115,0.2246940590719025,292959000,293439000,https://find-and-update.company-information.service.gov.uk/search/companies?q=Glanbia+PLC,https://find-and-update.company-information.service.gov.uk/search/companies?q=Glanbia+PLC,1620592585,16:36:25,20210509
15,2005-12-31,GLB.L,EUR,2005-12-31,2005-12-31,FY,1830012000,1589686000.0,240326000.0,0.1313248219137361,5991000.0,0.0,94743000.0,-5304000.0,156599000.0,1746285000,10763000.0,27398000.0,111125000.0,0.060723645528007464,83727000.0,0.04575215900223605,0.0,58370000.0,0.03189596570951447,657000.0,57396000.0,0.031363728762434345,0.197,0.196,291470000,292604000,https://find-and-update.company-information.service.gov.uk/search/companies?q=Glanbia+PLC,https://find-and-update.company-information.service.gov.uk/search/companies?q=Glanbia+PLC,1620592585,16:36:25,20210509
16,2004-12-31,GLB.L,EUR,2004-12-31,2004-12-31,FY,1753645000,1529413000.0,224232000.0,0.1278662443082836,4331000.0,0.0,77857000.0,0.0,139824000.0,1669237000,8756000.0,27588000.0,111996000.0,0.06386469325319549,84408000.0,0.048132888925637746,0.0,81906000.0,0.046706146340907084,8386000.0,61119000.0,0.03485254997448172,0.21,0.209,290617000,292150000,https://find-and-update.company-information.service.gov.uk/search/companies?q=Glanbia+PLC,https://find-and-update.company-information.service.gov.uk/search/companies?q=Glanbia+PLC,1620592585,16:36:25,20210509
17,2003-12-31,GLB.L,EUR,2003-12-31,2003-12-31,FY,2041073000,1773537000.0,267536000.0,0.131076154552042,4695000.0,0.0,0.0,-75569000.0,99801000.0,1873338000,15873000.0,38125000.0,205860000.0,0.10085871499941453,167735000.0,0.08217981424476244,0.0,-14885000.0,-0.007292732792996625,8726000.0,-34867000.0,-0.017082681511146343,-0.12,-0.12,290303000,290303000,https://find-and-update.company-information.service.gov.uk/search/companies?q=Glanbia+PLC,https://find-and-update.company-information.service.gov.uk/search/companies?q=Glanbia+PLC,1620592585,16:36:25,20210509
18,2002-12-31,GLB.L,EUR,2002-12-31,2002-12-31,FY,2316738000,2010118000.0,306620000.0,0.13234988160076797,5483000.0,0.0,0.0,-79920000.0,137799000.0,2147917000,20725000.0,53072000.0,221893000.0,0.0957782019373792,168821000.0,0.07287013032979991,0.0,-8112000.0,-0.003501474918614017,7939000.0,-29347000.0,-0.012667379738235398,-0.10060575311189807,-0.10043085304796877,291703000,292211000,https://find-and-update.company-information.service.gov.uk/search/companies?q=Glanbia+PLC,https://find-and-update.company-information.service.gov.uk/search/companies?q=Glanbia+PLC,1620592585,16:36:25,20210509
19,2001-12-31,GLB.L,EUR,2001-12-31,2001-12-31,FY,2625408000,2296087000.0,329321000.0,0.12543612269026377,3698000.0,0.0,0.0,-5532000.0,231855000.0,2527942000,28315000.0,55409000.0,152875000.0,0.0582290447808493,97466000.0,0.0371241346106967,0.0,61067000.0,0.02326000377846034,7421000.0,40112000.0,0.01527838720686461,0.137,0.137,292514000,292514000,https://find-and-update.company-information.service.gov.uk/search/companies?q=Glanbia+PLC,https://find-and-update.company-information.service.gov.uk/search/companies?q=Glanbia+PLC,1620592585,16:36:25,20210509
20,2000-12-31,GLB.L,EUR,2000-12-31,2000-12-31,FY,2401742000,0.0,2401742000.0,1.0,2612000.0,0.0,0.0,25843000.0,2345483000.0,2345483000,30657000.0,55827000.0,112086000.0,0.04666862635537039,56259000.0,0.023424247900065868,0.0,79530000.0,0.033113465143216884,5481000.0,59551000.0,0.024794919687460185,0.204,0.204,292514000,292514000,https://find-and-update.company-information.service.gov.uk/search/companies?q=Glanbia+PLC,https://find-and-update.company-information.service.gov.uk/search/companies?q=Glanbia+PLC,1620592585,16:36:25,20210509
21,1999-12-31,GLB.L,EUR,1999-12-31,1999-12-31,FY,2503903000,0.0,0.0,0.0,2889000.0,0.0,0.0,0.0,2331431000.0,2331431000,34650000.0,49913000.0,222385000.0,0.08881534148886758,172472000.0,0.06888126257287124,0.0,-34772000.0,-0.013887119429147216,8840000.0,-57281000.0,-0.022876684919503672,-0.196,-0.196,292514000,292514000,https://find-and-update.company-information.service.gov.uk/search/companies?q=Glanbia+PLC,https://find-and-update.company-information.service.gov.uk/search/companies?q=Glanbia+PLC,1620592585,16:36:25,20210509
22,1998-12-31,GLB.L,EUR,1998-12-31,1998-12-31,FY,2922025000,0.0,2922025000.0,1.0,3478000.0,0.0,0.0,-14700000.0,2768196000.0,2768196000,46601000.0,55964000.0,209793000.0,0.07179712699241109,153829000.0,0.052644655675430564,0.0,53606000.0,0.0183454967017736,10917000.0,29661000.0,0.010150837176273304,0.102,0.101,292031000,292959000,https://find-and-update.company-information.service.gov.uk/search/companies?q=Glanbia+PLC,https://find-and-update.company-information.service.gov.uk/search/companies?q=Glanbia+PLC,1620592585,16:36:25,20210509
23,1997-12-31,GLB.L,EUR,1997-12-31,1997-12-31,FY,3008745000,0.0,0.0,0.0,4120000.0,0.0,0.0,0.0,2666354000.0,2666354000,42654000.0,61526000.0,403917000.0,0.13424766804764113,342391000.0,0.11379861038406379,0.0,-149535000.0,-0.049700124138137326,-11541000.0,-151444000.0,-0.05033460795115571,-0.5197741664235581,-0.5174229301408663,291365000,292689000,https://find-and-update.company-information.service.gov.uk/search/companies?q=Glanbia+PLC,https://find-and-update.company-information.service.gov.uk/search/companies?q=Glanbia+PLC,1620592585,16:36:25,20210509
24,1996-12-31,GLB.L,EUR,1996-12-31,1996-12-31,FY,1675333000,0.0,1675333000.0,1.0,1105000.0,0.0,0.0,-196000.0,1617536000.0,1617536000,13308000.0,25924000.0,83721000.0,0.04997275168578426,57797000.0,0.03449881307178931,0.0,46288000.0,0.027629134028876647,6496000.0,38131000.0,0.02276025124557327,0.218,0.218,174739000,174739000,https://find-and-update.company-information.service.gov.uk/search/companies?q=Glanbia+PLC,https://find-and-update.company-information.service.gov.uk/search/companies?q=Glanbia+PLC,1620592585,16:36:25,20210509
25,1995-12-31,GLB.L,EUR,1995-12-31,1995-12-31,FY,1555797000,0.0,1555797000.0,1.0,961000.0,0.0,0.0,536000.0,1499164000.0,1499164000,17615000.0,24352000.0,80985000.0,0.0520537062354536,56633000.0,0.03640127857297578,0.0,40698000.0,0.026158939758850287,5683000.0,34291000.0,0.022040793239735006,0.196,0.196,174672000,174672000,https://find-and-update.company-information.service.gov.uk/search/companies?q=Glanbia+PLC,https://find-and-update.company-information.service.gov.uk/search/companies?q=Glanbia+PLC,1620592585,16:36:25,20210509
26,1994-12-31,GLB.L,EUR,1994-12-31,1994-12-31,FY,1512101000,0.0,1512101000.0,1.0,612000.0,0.0,0.0,-8105000.0,1454238000.0,1454238000,18135000.0,22271000.0,80134000.0,0.052995137229589824,57863000.0,0.0382666237242089,0.0,27604000.0,0.018255394315591353,4863000.0,22252000.0,0.014715948207163411,0.127,0.127,174672000,174672000,https://find-and-update.company-information.service.gov.uk/search/companies?q=Glanbia+PLC,https://find-and-update.company-information.service.gov.uk/search/companies?q=Glanbia+PLC,1620592585,16:36:25,20210509
27,1993-12-31,GLB.L,EUR,1993-12-31,1993-12-31,FY,1129371000,0.0,1129371000.0,1.0,409000.0,0.0,0.0,0.0,1087776000.0,1087776000,13741000.0,15806000.0,57401000.0,0.050825636571153326,41595000.0,0.036830235591315874,0.0,29237000.0,0.025887861473333388,4075000.0,25062000.0,0.022191113460501465,0.144,0.144,174672000,174672000,https://find-and-update.company-information.service.gov.uk/search/companies?q=Glanbia+PLC,https://find-and-update.company-information.service.gov.uk/search/companies?q=Glanbia+PLC,1620592585,16:36:25,20210509
28,1992-12-31,GLB.L,EUR,1992-12-31,1992-12-31,FY,831448000,0.0,831448000.0,1.0,351000.0,0.0,0.0,0.0,794939000.0,794939000,13833000.0,14052000.0,50561000.0,0.06081077830483686,36509000.0,0.04391014230595299,0.0,24973000.0,0.030035552433826287,2834000.0,21143000.0,0.02542913086567049,0.121,0.121,174653000,174653000,https://find-and-update.company-information.service.gov.uk/search/companies?q=Glanbia+PLC,https://find-and-update.company-information.service.gov.uk/search/companies?q=Glanbia+PLC,1620592585,16:36:25,20210509
29,1991-12-31,GLB.L,EUR,1991-12-31,1991-12-31,FY,575184000,0.0,575184000.0,1.0,365000.0,0.0,0.0,26577000.0,575184000.0,575184000,11872000.0,12065000.0,40254000.0,0.06998456146207127,0.0,0.02836831344404573,0.0,16317000.0,0.02836831344404573,348000.0,14077000.0,0.02447390748004117,0.097516,0.097516,144356000,144356000,https://find-and-update.company-information.service.gov.uk/search/companies?q=Glanbia+PLC,https://find-and-update.company-information.service.gov.uk/search/companies?q=Glanbia+PLC,1620592585,16:36:25,20210509
30,1990-12-31,GLB.L,EUR,1990-12-31,1990-12-31,FY,499662000,0.0,499662000.0,1.0,384000.0,0.0,0.0,21260000.0,499662000.0,499662000,9468000.0,10855000.0,33650000.0,0.06734552557528889,0.0,0.026672030292477715,0.0,13327000.0,0.026672030292477715,331000.0,12366000.0,0.024748730141575706,0.165604,0.165604,74672000,74672000,https://find-and-update.company-information.service.gov.uk/search/companies?q=Glanbia+PLC,https://find-and-update.company-information.service.gov.uk/search/companies?q=Glanbia+PLC,1620592585,16:36:25,20210509
31,1989-12-31,GLB.L,EUR,1989-12-31,1989-12-31,FY,403099000,0.0,403099000.0,1.0,323000.0,0.0,0.0,16364000.0,403099000.0,403099000,4872000.0,8772000.0,26800000.0,0.06648490817392254,0.0,0.032637143728959886,0.0,13156000.0,0.032637143728959886,453000.0,12266000.0,0.030429249390348276,0.164265,0.164265,74672000,74672000,https://find-and-update.company-information.service.gov.uk/search/companies?q=Glanbia+PLC,https://find-and-update.company-information.service.gov.uk/search/companies?q=Glanbia+PLC,1620592585,16:36:25,20210509
32,1988-12-31,GLB.L,EUR,1988-12-31,1988-12-31,FY,295443000,0.0,295443000.0,1.0,324000.0,0.0,0.0,10778000.0,295443000.0,295443000,2582000.0,8295000.0,20330000.0,0.06881191972732473,0.0,0.03199601953676344,0.0,9453000.0,0.03199601953676344,364000.0,9019000.0,0.030527039056603134,0.030550610892644003,0.030550610892644003,295215046,295215046,https://find-and-update.company-information.service.gov.uk/search/companies?q=Glanbia+PLC,https://find-and-update.company-information.service.gov.uk/search/companies?q=Glanbia+PLC,1620592585,16:36:25,20210509
33,1987-12-31,GLB.L,EUR,1987-12-31,1987-12-31,FY,256531000,0.0,0.0,0.0,214000.0,0.0,0.0,0.0,256531000.0,256531000,3435000.0,7148000.0,17207000.0,0.06707571404625562,0.0,0.0258214406835821,0.0,6624000.0,0.0258214406835821,179000.0,6304000.0,0.02457402809017234,0.084423,0.084423,74672000,74672000,https://find-and-update.company-information.service.gov.uk/search/companies?q=Glanbia+PLC,https://find-and-update.company-information.service.gov.uk/search/companies?q=Glanbia+PLC,1620592585,16:36:25,20210509
34,1986-12-31,GLB.L,EUR,1986-12-31,1986-12-31,FY,241759000,0.0,241759000.0,1.0,179000.0,0.0,0.0,8289000.0,241737000.0,241737000,4487000.0,6737000.0,6759000.0,0.02795759413300022,22000.0,9.099971459180424e-05,0.0,4050000.0,0.016752220186218508,175000.0,1006000.0,0.004161168767243412,0.013472,0.013472,74672000,74672000,https://find-and-update.company-information.service.gov.uk/search/companies?q=Glanbia+PLC,https://find-and-update.company-information.service.gov.uk/search/companies?q=Glanbia+PLC,1620592585,16:36:25,20210509
35,1985-12-31,GLB.L,EUR,1985-12-31,1985-12-31,FY,232195000,0.0,232195000.0,1.0,137000.0,0.0,0.0,6853000.0,231963000.0,231963000,2745000.0,6875000.0,7107000.0,0.030607894226835203,232000.0,0.0009991601886345529,0.0,4287000.0,0.018462929864984174,100000.0,3838000.0,0.016529210361980233,0.051398,0.051398,74672000,74672000,https://find-and-update.company-information.service.gov.uk/search/companies?q=Glanbia+PLC,https://find-and-update.company-information.service.gov.uk/search/companies?q=Glanbia+PLC,1620592585,16:36:25,20210509
