,date,symbol,reportedCurrency,fillingDate,acceptedDate,period,revenue,costOfRevenue,grossProfit,grossProfitRatio,researchAndDevelopmentExpenses,generalAndAdministrativeExpenses,sellingAndMarketingExpenses,otherExpenses,operatingExpenses,costAndExpenses,interestExpense,depreciationAndAmortization,ebitda,ebitdaratio,operatingIncome,operatingIncomeRatio,totalOtherIncomeExpensesNet,incomeBeforeTax,incomeBeforeTaxRatio,incomeTaxExpense,netIncome,netIncomeRatio,eps,epsdiluted,weightedAverageShsOut,weightedAverageShsOutDil,link,finalLink,timestamp,est_time,est_date
0,2020-03-31,SAREGAMA.NS,INR,2020-03-31,2020-03-31,FY,5214749000,2249194000,2965555000,0.568686047976614,0.0,236984000.0,1101139000.0,4759000.0,2406537000,4655731000,63791000.0,46376000,605394000,0.11609264415219217,559018000.0,0.10719940691296935,0.0,603477000,0.11572503297857673,168532000.0,439384000,0.08425793839741855,25.29,25.26,17370769,17397154,https://www.nseindia.com/companies-listing/corporate-filings-annual-reports,https://www.nseindia.com/companies-listing/corporate-filings-annual-reports,1620597584,17:59:44,20210509
1,2019-03-31,SAREGAMA.NS,INR,2019-03-31,2019-03-31,FY,5447198000,2793191000,2654007000,0.4872242573154124,0.0,151933000.0,1244860000.0,3017000.0,2302272000,5095463000,61499000.0,33251000,384986000,0.07067596955352091,351735000.0,0.06457173027306884,0.0,846797000,0.15545552043454267,303531000.0,541134000,0.09934171660365568,31.080914,31.055726,17410492,17424613,https://www.nseindia.com/companies-listing/corporate-filings-annual-reports,https://www.nseindia.com/companies-listing/corporate-filings-annual-reports,1620597584,17:59:44,20210509
2,2018-03-31,SAREGAMA.NS,INR,2018-03-31,2018-03-31,FY,3565862000,1551415000,2014447000,0.5649256757552592,0.0,161110000.0,533293000.0,5075000.0,1684951000,3236366000,31300000.0,41521000,371017000,0.10404693170963991,329496000.0,0.09240290286051452,0.0,389239000,0.1091570565546283,106222000.0,285148000,0.07996607832832567,16.381173,16.36631,17407056,17422864,https://www.nseindia.com/companies-listing/corporate-filings-annual-reports,https://www.nseindia.com/companies-listing/corporate-filings-annual-reports,1620597584,17:59:44,20210509
3,2017-03-31,SAREGAMA.NS,INR,2017-03-31,2017-03-31,FY,2184951000,811717000,1373234000,0.6284964742916431,0.0,107941000.0,271524000.0,27193000.0,1298040000,2109757000,1521000.0,42943000,118137000,0.05406848940777162,75194000.0,0.034414501743975034,0.0,145531000,0.0666060703420809,83542000.0,59577000,0.027266973035093234,3.4233874762985423,3.420543204790104,17402938,17417409,https://www.nseindia.com/companies-listing/corporate-filings-annual-reports,https://www.nseindia.com/companies-listing/corporate-filings-annual-reports,1620597584,17:59:44,20210509
4,2016-03-31,SAREGAMA.NS,INR,2016-03-31,2016-03-31,FY,2216799000,919982000,1296817000,0.5849953017842393,0.0,79445000.0,198873000.0,903000.0,1182884000,2102866000,2942000.0,54445000,168378000,0.07595546551581808,113933000.0,0.05139527760523169,0.0,91137000,0.0411119817358272,22477000.0,68348000,0.030831843572646865,3.93,3.92,17402938,17421986,https://www.nseindia.com/companies-listing/corporate-filings-annual-reports,https://www.nseindia.com/companies-listing/corporate-filings-annual-reports,1620597584,17:59:44,20210509
5,2015-03-31,SAREGAMA.NS,INR,2015-03-31,2015-03-31,FY,1865329000,716511000,1148818000,0.6158795579760996,0.0,0.0,0.0,846000.0,1008319000,1724830000,4012000.0,62679000,203178000,0.10892341243823475,140499000.0,0.07532129720816007,0.0,59818000,0.032068337542599724,-2832000.0,67672000,0.03627885482936254,3.888538820284253,3.8858834682853636,17402938,17414830,https://www.nseindia.com/companies-listing/corporate-filings-annual-reports,https://www.nseindia.com/companies-listing/corporate-filings-annual-reports,1620597584,17:59:44,20210509
6,2014-03-31,SAREGAMA.NS,INR,2014-03-31,2014-03-31,FY,1774920000,608797000,1166123000,0.6570003155071777,0.0,0.0,0.0,6028000.0,958818000,1567615000,0.0,32270000,239575000,0.1349779144975548,207305000.0,0.11679681337750433,0.0,220015000,0.12395769950194939,50742000.0,189054000,0.10651409640997904,10.863338132906064,10.863318781984844,17402938,17402969,https://www.nseindia.com/companies-listing/corporate-filings-annual-reports,https://www.nseindia.com/companies-listing/corporate-filings-annual-reports,1620597584,17:59:44,20210509
7,2013-03-31,SAREGAMA.NS,INR,2013-03-31,2013-03-31,FY,1859945000,558882000,1301063000,0.6995169211992828,0.0,0.0,0.0,12378000.0,1202202000,1761084000,0.0,129422000,228283000,0.12273642500181457,98861000.0,0.05315264698687327,0.0,72154000,0.03879362024145875,-2507000.0,81015000,0.04355773961057988,4.66,4.66,17402938,17402938,https://www.nseindia.com/companies-listing/corporate-filings-annual-reports,https://www.nseindia.com/companies-listing/corporate-filings-annual-reports,1620597584,17:59:44,20210509
8,2012-03-31,SAREGAMA.NS,INR,2012-03-31,2012-03-31,FY,1607812000,413707000,1194105000,0.7426894437906919,0.0,0.0,0.0,0.0,1057173000,1470880000,40770000.0,124188000,261120000,0.16240704759014113,136932000.0,0.08516667371558366,0.0,96162000,0.05980923142755496,87743000.0,11005000,0.0068447057243010995,0.6323644892603766,0.632139863228025,17402938,17409122,https://www.nseindia.com/companies-listing/corporate-filings-annual-reports,https://www.nseindia.com/companies-listing/corporate-filings-annual-reports,1620597584,17:59:44,20210509
9,2011-03-31,SAREGAMA.NS,INR,2011-03-31,2011-03-31,FY,1387172000,327384000,1059788000,0.7639917760739116,0.0,0.0,0.0,0.0,1193321000,1520705000,50022000.0,237371000,103838000,0.07485589386175615,-133533000.0,-0.09626275616866546,0.0,-183555000,-0.13232317261305734,-40812000.0,-133539000,-0.09626708151548619,-7.673359521248654,-7.672941989676443,17402938,17403885,https://www.nseindia.com/companies-listing/corporate-filings-annual-reports,https://www.nseindia.com/companies-listing/corporate-filings-annual-reports,1620597584,17:59:44,20210509
10,2010-03-31,SAREGAMA.NS,INR,2010-03-31,2010-03-31,FY,1115540000,301230000,814310000,0.729969342201983,0.0,0.0,0.0,0.0,927265000,1228495000,56658000.0,44339000,-68616000,-0.06150922423221041,-112955000.0,-0.10125589400649013,0.0,-169613000,-0.15204564605482546,35781000.0,-206445000,-0.18506283952166663,-12.755299060774526,-12.750268290176331,16185038,16191424,https://www.nseindia.com/companies-listing/corporate-filings-annual-reports,https://www.nseindia.com/companies-listing/corporate-filings-annual-reports,1620597584,17:59:44,20210509
11,2009-03-31,SAREGAMA.NS,INR,2009-03-31,2009-03-31,FY,1098622000,350119000,748503000,0.6813107693091891,0.0,0.0,0.0,0.0,756257000,1106376000,44421000.0,42303000,34549000,0.03144757705562059,-7754000.0,-0.007057932573715072,0.0,-52175000,-0.047491311843381984,8113000.0,-62128000,-0.05655084278305004,-4.233381653447343,-4.232909206659283,14675738,14677376,https://www.nseindia.com/companies-listing/corporate-filings-annual-reports,https://www.nseindia.com/companies-listing/corporate-filings-annual-reports,1620597584,17:59:44,20210509
12,2008-03-31,SAREGAMA.NS,INR,2008-03-31,2008-03-31,FY,1426515000,369438000,1057077000,0.74102059915248,0.0,0.0,0.0,0.0,938280000,1307718000,20146000.0,40383000,159180000,0.11158662895237695,118797000.0,0.08327777836195203,0.0,98651000,0.06915524898090802,14304000.0,81975000,0.0574652211858971,5.585749759228463,5.575750765743241,14675738,14702056,https://www.nseindia.com/companies-listing/corporate-filings-annual-reports,https://www.nseindia.com/companies-listing/corporate-filings-annual-reports,1620597584,17:59:44,20210509
13,2007-03-31,SAREGAMA.NS,INR,2007-03-31,2007-03-31,FY,1431896000,326083000,1105813000,0.7722718689066804,0.0,0.0,0.0,0.0,932678000,1258761000,6728000.0,33671000,206806000,0.1444280869560359,173135000.0,0.12091311100806204,0.0,166407000,0.11621444574186952,22701000.0,137372000,0.09593713509919714,9.361022895432553,9.353306918132622,14674892,14686998,https://www.nseindia.com/companies-listing/corporate-filings-annual-reports,https://www.nseindia.com/companies-listing/corporate-filings-annual-reports,1620597584,17:59:44,20210509
