,date,symbol,reportedCurrency,fillingDate,acceptedDate,period,revenue,costOfRevenue,grossProfit,grossProfitRatio,researchAndDevelopmentExpenses,generalAndAdministrativeExpenses,sellingAndMarketingExpenses,otherExpenses,operatingExpenses,costAndExpenses,interestExpense,depreciationAndAmortization,ebitda,ebitdaratio,operatingIncome,operatingIncomeRatio,totalOtherIncomeExpensesNet,incomeBeforeTax,incomeBeforeTaxRatio,incomeTaxExpense,netIncome,netIncomeRatio,eps,epsdiluted,weightedAverageShsOut,weightedAverageShsOutDil,link,finalLink,timestamp,est_time,est_date
0,2020-12-31,HTLD,USD,2021-02-22,2021-02-19 19:23:08,FY,645262000,512765000.0,132497000.0,0.20533829669188639,0.0,27510000.0,0.0,0.0,53908000.0,566673000,0.0,110381000.0,188970000.0,0.29285778489977715,78589000.0,0.12179393796628346,14830000.0,94261000.0,0.14608174663934959,23455000.0,70806000.0,0.10973217080813685,0.8636984630397658,0.8636984630397658,81980000,81980000,https://www.sec.gov/Archives/edgar/data/799233/000079923321000016/0000799233-21-000016-index.htm,https://www.sec.gov/Archives/edgar/data/799233/000079923321000016/htld-20201231.htm,1620593285,16:48:05,20210509
1,2019-12-31,HTLD,USD,2020-02-25 00:00:00,2020-02-25 17:13:52,FY,596815000,489144000.0,107671000.0,0.18040933957759103,0.0,21956000.0,0.0,0.0,44737000.0,533881000,1052000.0,100932000.0,163866000.0,0.2745674957901527,62934000.0,0.10544976248921357,31341000.0,97178000.0,0.16282767691830802,24211000.0,72967000.0,0.1222606670408753,0.8900585508660649,0.8895810982151565,81980000,82024000,https://www.sec.gov/Archives/edgar/data/799233/000079923320000007/0000799233-20-000007-index.html,https://www.sec.gov/Archives/edgar/data/799233/000079923320000007/htld-20191231.htm,1620593285,16:48:05,20210509
2,2018-12-31,HTLD,USD,2019-02-21 00:00:00,2019-02-21 16:03:02,FY,610803000,501160000.0,109643000.0,0.1795063220056221,0.0,23313000.0,0.0,0.0,44819000.0,545979000,0.0,101329000.0,166153000.0,0.27202387676550377,64824000.0,0.1061291447487979,24963000.0,91917000.0,0.150485508420882,19240000.0,72677000.0,0.11898599057306529,0.8822379761586832,0.8818954010435627,82378000,82410000,https://www.sec.gov/Archives/edgar/data/799233/000079923319000006/0000799233-19-000006-index.html,https://www.sec.gov/Archives/edgar/data/799233/000079923319000006/htld-20181231.htm,1620593285,16:48:05,20210509
3,2017-12-31,HTLD,USD,2018-03-01 00:00:00,2018-03-01 16:06:43,FY,607336000,521169000.0,86167000.0,0.14187698407471316,0.0,24631000.0,0.0,0.0,49297000.0,570466000,175000.0,103905000.0,140775000.0,0.23179096908465824,36870000.0,0.06070774661801705,26674000.0,64498000.0,0.10619821647325368,-10675000.0,75173000.0,0.12377497793643058,0.9024586424644049,0.9020471344916963,83298000,83336000,https://www.sec.gov/Archives/edgar/data/799233/000079923318000007/0000799233-18-000007-index.html,https://www.sec.gov/Archives/edgar/data/799233/000079923318000007/htld201710k.htm,1620593285,16:48:05,20210509
4,2016-12-31,HTLD,USD,2017-02-28 00:00:00,2017-02-28 12:41:50,FY,612937000,494255000.0,118682000.0,0.19362838268859606,0.0,28934000.0,0.0,0.0,42319000.0,536574000,0.0,105580000.0,181943000.0,0.29683801108433655,76363000.0,0.12458539784676076,9205000.0,86049000.0,0.14038800072438112,29663000.0,56386000.0,0.09199314122006014,0.6769271402331416,0.6763749775085468,83297000,83365000,https://www.sec.gov/Archives/edgar/data/799233/000079923317000012/0000799233-17-000012-index.html,https://www.sec.gov/Archives/edgar/data/799233/000079923317000012/htld201610k.htm,1620593285,16:48:05,20210509
5,2015-12-31,HTLD,USD,2016-02-29 00:00:00,2016-02-29 16:02:58,FY,736345000,598614000.0,137731000.0,0.18704683266675268,0.0,27619000.0,0.0,0.0,56191000.0,654805000,19000.0,111848000.0,193388000.0,0.2626323258798525,81540000.0,0.11073613591455092,35040000.0,116771000.0,0.1585819147274715,43715000.0,73056000.0,0.0992143628326396,0.8399751649918367,0.8386733862172681,86974000,87109000,https://www.sec.gov/Archives/edgar/data/799233/000079923316000056/0000799233-16-000056-index.html,https://www.sec.gov/Archives/edgar/data/799233/000079923316000056/htld201510k.htm,1620593285,16:48:05,20210509
6,2014-12-31,HTLD,USD,2015-03-02,2015-03-02 13:34:22,FY,871355000,717325000.0,154030000.0,0.17677066178538023,0.0,24440000.0,0.0,0.0,55706000.0,773031000,446000.0,109629000.0,207953000.0,0.23865473888369265,98324000.0,0.11284034635711047,33544000.0,131617000.0,0.15104865410768287,46783000.0,84834000.0,0.09735871143219468,0.97,0.96,87748000,87923000,https://www.sec.gov/Archives/edgar/data/799233/000079923315000005/htld201410k.htm,https://www.sec.gov/Archives/edgar/data/799233/000079923315000005/htld201410k.htm,1620593285,16:48:05,20210509
7,2013-12-31,HTLD,USD,2014-03-03,2014-03-03 15:58:03,FY,582257000,465628000.0,116629000.0,0.2003050199482359,0.0,18440000.0,0.0,0.0,37597000.0,503225000,208000.0,69649000.0,148681000.0,0.25535287682243407,79032000.0,0.13573387696498282,33270000.0,112556000.0,0.19330982710383904,41974000.0,70582000.0,0.12122138505848792,0.8283397293713105,0.8260905186034808,85209000,85441000,https://www.sec.gov/Archives/edgar/data/799233/000079923314000015/htld201310k.htm,https://www.sec.gov/Archives/edgar/data/799233/000079923314000015/htld201310k.htm,1620593285,16:48:05,20210509
8,2012-12-31,HTLD,USD,2013-03-01 00:00:00,2013-02-28 17:46:02,FY,545745000,433461000.0,112284000.0,0.20574444108512216,0.0,17859000.0,0.0,0.0,32492000.0,465953000,0.0,57821000.0,137613000.0,0.2521562268092241,79792000.0,0.14620747785137747,15109000.0,95575000.0,0.1751275778981026,34034000.0,61541000.0,0.11276511924067101,0.72,0.71,85892000,86201000,https://www.sec.gov/Archives/edgar/data/799233/000079923313000013/0000799233-13-000013-index.html,https://www.sec.gov/Archives/edgar/data/799233/000079923313000013/htld2012q410k.htm,1620593285,16:48:05,20210509
9,2011-12-31,HTLD,USD,2012-02-28 00:00:00,2012-02-28 17:22:45,FY,528623000,202562000.0,326061000.0,0.6168119813174985,0.0,194411000.0,0.0,0.0,219504000.0,422066000,0.0,57226000.0,163783000.0,0.3098295004190132,106557000.0,0.20157465717534045,0.0,107330000.0,0.2030369469357179,37398000.0,69932000.0,0.1322908764847538,0.7800035691978228,0.7798556979246819,89656000,89673000,https://www.sec.gov/Archives/edgar/data/799233/000079923312000017/0000799233-12-000017-index.html,https://www.sec.gov/Archives/edgar/data/799233/000079923312000017/htld2011q410k.htm,1620593285,16:48:05,20210509
10,2010-12-31,HTLD,USD,2011-02-23,2011-02-23 17:28:36,FY,499516000,161503000.0,338013000.0,0.6766810272343629,0.0,197932000.0,0.0,0.0,246564000.0,408067000,0.0,61949000.0,153398000.0,0.30709326628176076,91449000.0,0.18307521680987196,0.0,92873000.0,0.18592597634510205,30657000.0,62216000.0,0.12455256688474443,0.69,0.69,90689000,90689000,https://www.sec.gov/Archives/edgar/data/799233/000079923311000008/htld201010k.htm,https://www.sec.gov/Archives/edgar/data/799233/000079923311000008/htld201010k.htm,1620593285,16:48:05,20210509
11,2010-02-18,HTLD,USD,2010-02-24 00:00:00,2010-02-24 15:21:32,FY,459539000,104246000.0,355293000.0,0.7731509186380263,0.0,0.0,0.0,12970000.0,12970000.0,117216000,0.0,58730000.0,137694000.0,0.2996350690583389,78964000.0,0.1718330761915746,0.0,81302000.0,0.17692078365492375,0.0,56949000.0,0.12392636968788286,0.62491,0.62491,91131000,91131000,https://www.sec.gov/Archives/edgar/data/799233/000079923310000009/0000799233-10-000009-index.html,https://www.sec.gov/Archives/edgar/data/799233/000079923310000009/tenk12312009.htm,1620593285,16:48:05,20210509
12,2009-12-31,HTLD,USD,2010-02-24 00:00:00,2010-02-24 15:21:32,FY,459539000,97039000.0,362500000.0,0.7888340271445949,0.0,201970000.0,0.0,0.0,250278000.0,347317000,0.0,58730000.0,170952000.0,0.372007598919787,112222000.0,0.24420560605302272,0.0,81302000.0,0.17692078365492375,24353000.0,56949000.0,0.12392636968788286,0.62,0.62,91131000,91131000,https://www.sec.gov/Archives/edgar/data/799233/000079923310000009/0000799233-10-000009-index.html,https://www.sec.gov/Archives/edgar/data/799233/000079923310000009/tenk12312009.htm,1620593285,16:48:05,20210509
13,2008-12-31,HTLD,USD,2009-02-24 00:00:00,2009-02-24 17:28:27,FY,625600000,190372000.0,435228000.0,0.6956969309462916,0.0,242799000.0,0.0,0.0,288667000.0,479039000,0.0,46109000.0,192670000.0,0.30797634271099744,146561000.0,0.23427269820971866,0.0,107079000.0,0.17116208439897698,37111000.0,69968000.0,0.11184143222506394,0.73,0.73,95900000,95900000,https://www.sec.gov/Archives/edgar/data/799233/000079923309000012/0000799233-09-000012-index.html,https://www.sec.gov/Archives/edgar/data/799233/000079923309000012/tenk2008.txt,1620593285,16:48:05,20210509
14,2007-12-31,HTLD,USD,2007-12-31,2007-12-31,FY,591893000,276898000.0,314995000.0,0.5321823370102367,0.0,217724000.0,0.0,0.0,502864000.0,779762000,0.0,48478000.0,-139391000.0,-0.23550033536466894,-187869000.0,-0.31740365234932666,0.0,120735000.0,0.20398112496684367,44565000.0,76170000.0,0.12868880017165266,0.78,0.78,97735000,97735000,,,1620593285,16:48:05,20210509
15,2006-12-31,HTLD,USD,2006-12-31,2006-12-31,FY,571919173,261981897.0,309937276.0,0.541924961833724,0.0,230188069.0,0.0,0.0,472890984.0,734872881,0.0,47351247.0,-115602461.0,-0.2021307668242834,-162953708.0,-0.28492436640168384,0.0,135148171.0,0.23630641772521938,47977602.0,87170569.0,0.15241763716846052,0.89,0.89,98359361,98359361,,,1620593285,16:48:05,20210509
16,2005-12-31,HTLD,USD,2005-12-31,2005-12-31,FY,523792747,245877736.0,277915011.0,0.5305820147219411,0.0,221753230.0,0.0,0.0,449316417.0,695194153,0.0,38228334.0,-133173072.0,-0.2542476442500262,-171401406.0,-0.3272313467143141,0.0,111483855.0,0.21283963101535655,39578093.0,71905762.0,0.13727903338073522,0.727518,0.727518,99122813,99122813,,,1620593285,16:48:05,20210509
17,2004-12-31,HTLD,USD,2004-12-31,2004-12-31,FY,457086311,220874881.0,236211430.0,0.5167764256234748,0.0,194262576.0,0.0,0.0,400285619.0,621160500,0.0,29628157.0,-134446032.0,-0.2941370781939694,-164074189.0,-0.3589566894730304,0.0,96629142.0,0.21140239747849285,34182554.0,62446588.0,0.1366188102710431,0.622516,0.622516,99997500,99997500,,,1620593285,16:48:05,20210509
18,2003-12-31,HTLD,USD,2003-12-31,2003-12-31,FY,405116097,196010767.0,209105330.0,0.516161494318504,0.0,193468402.0,0.0,0.0,370007162.0,566017929,0.0,26533937.0,-134367895.0,-0.33167750181992894,-160901832.0,-0.3971746202916247,0.0,87142802.0,0.2151057502906383,29921477.0,57221325.0,0.14124673253849995,0.570014,0.570014,99997500,99997500,,,1620593285,16:48:05,20210509
19,2002-12-31,HTLD,USD,2002-12-31,2002-12-31,FY,340745026,214838710.0,125906316.0,0.369503019539308,0.0,183311769.0,0.0,0.0,342855099.0,557693809,0.0,20378720.0,-196570063.0,-0.5768831472245761,-216948783.0,-0.6366895081250578,0.0,64860473.0,0.19034899426528973,22052559.0,42807914.0,0.1256303415563284,0.430011,0.430011,99997500,99997500,,,1620593285,16:48:05,20210509
20,2001-12-31,HTLD,USD,2001-12-31,2001-12-31,FY,294617263,204681882.0,89935381.0,0.30526174903742825,0.0,161173931.0,0.0,0.0,307910147.0,512592029,0.0,17000927.0,-200973839.0,-0.6821522844708526,-217974766.0,-0.7398574129038732,0.0,57053855.0,0.19365414782228835,19398239.0,37655616.0,0.12781198092930487,0.375009,0.375009,99997500,99997500,,,1620593285,16:48:05,20210509
21,2000-12-31,HTLD,USD,2000-12-31,2000-12-31,FY,274827551,215902605.0,58924946.0,0.21440698279918813,0.0,155743681.0,0.0,0.0,303768310.0,519670915,0.0,16284550.0,-228558814.0,-0.8316444736648693,-244843364.0,-0.8908981763622381,0.0,51975685.0,0.18912108633533614,17671725.0,34303960.0,0.1248199457266204,0.339916,0.339916,100682137,100682137,,,1620593285,16:48:05,20210509
22,1999-12-31,HTLD,USD,1999-12-31,1999-12-31,FY,261004122,230895851.0,30108271.0,0.1153555383313065,0.0,156337681.0,0.0,0.0,306634798.0,537530649,0.0,16215587.0,-260310940.0,-0.9973441722119623,-276526527.0,-1.0594718768464508,0.0,50659148.0,0.1940932871550588,17535710.0,33123438.0,0.1269077198711827,0.2861850868567122,0.2805853300395199,115741314,118051211,,,1620593285,16:48:05,20210509
23,1998-12-31,HTLD,USD,1998-12-31,1998-12-31,FY,263489156,248426272.0,15062884.0,0.05716699779477832,0.0,158893943.0,0.0,0.0,317537272.0,565963544,0.0,18107708.0,-284366680.0,-1.0792348509401275,-302474388.0,-1.1479576335961241,0.0,50936700.0,0.19331611506623067,17827847.0,33108853.0,0.12565546720260473,0.279035,0.279035,118264543,118264543,,,1620593285,16:48:05,20210509
24,1997-12-31,HTLD,USD,1997-12-31,1997-12-31,FY,262504156,258615242.0,3888914.0,0.014814675924597552,0.0,161107773.0,0.0,0.0,320486938.0,579102180,0.0,16751384.0,-299846640.0,-1.1422548296721062,-316598024.0,-1.2060686155384146,0.0,46967865.0,0.17892236723292107,16894972.0,30072893.0,0.11456158812205625,0.253669,0.253669,118264543,118264543,,,1620593285,16:48:05,20210509
25,1996-12-31,HTLD,USD,1996-12-31,1996-12-31,FY,229011108,236725032.0,-7713924.0,-0.03368362376553368,0.0,144197420.0,0.0,0.0,286084675.0,522809707,0.0,13571284.0,-280227315.0,-1.2236407109125904,-293798599.0,-1.2829010853045608,0.0,39727759.0,0.17347524906957787,14697268.0,25030491.0,0.10929815247214995,0.210545,0.210545,118264543,118264543,,,1620593285,16:48:05,20210509
26,1995-12-31,HTLD,USD,1996-03-27 00:00:00,1996-03-27 00:00:00,FY,191506741,171362702.0,20144039.0,0.10518710148171756,0.0,112724843.0,0.0,0.0,224395561.0,395758263,0.0,15065539.0,-189185983.0,-0.9878815858497639,-204251522.0,-1.0665500385701827,0.0,32678875.0,0.1706408601042404,12093401.0,20585474.0,0.10749216394424466,0.113108,0.113108,182345603,182345603,https://www.sec.gov/Archives/edgar/data/799233/000079923396000020/0000799233-96-000020-index.html,https://www.sec.gov/Archives/edgar/data/799233/0000799233-96-000020.txt,1620593285,16:48:05,20210509
27,1994-12-31,HTLD,USD,1994-12-31,1994-12-31,FY,224200000,149800000.0,74400000.0,0.33184656556645853,0.0,0.0,0.0,0.0,0.0,197200000,0.0,20100000.0,47100000.0,0.21008028545941124,27000000.0,0.12042818911685994,-3100000.0,21800000.0,0.09723461195361284,11700000.0,10100000.0,0.04504906333630687,0.086403,0.086403,116894089,116894089,,,1620593285,16:48:05,20210509
28,1993-12-31,HTLD,USD,1993-12-31,1993-12-31,FY,116000000,14700000.0,101300000.0,0.8732758620689656,0.0,0.0,0.0,0.0,0.0,88500000,0.0,8700000.0,36200000.0,0.3120689655172414,27500000.0,0.23706896551724138,800000.0,22000000.0,0.1896551724137931,8000000.0,14700000.0,0.1267241379310345,0.09911,0.09911,113132188,113132188,,,1620593285,16:48:05,20210509
29,1992-12-31,HTLD,USD,1992-12-31,1992-12-31,FY,96500000,18600000.0,77900000.0,0.8072538860103627,0.0,0.0,0.0,0.0,0.0,73700000,0.0,7100000.0,29900000.0,0.30984455958549223,22800000.0,0.23626943005181347,600000.0,17800000.0,0.1844559585492228,6200000.0,11600000.0,0.12020725388601036,0.104192,0.104192,111332924,111332924,,,1620593285,16:48:05,20210509
30,1991-12-31,HTLD,USD,1991-12-31,1991-12-31,FY,73900000,34100000.0,39800000.0,0.5385656292286874,0.0,0.0,0.0,0.0,0.0,56000000,0.0,5200000.0,23100000.0,0.3125845737483085,17900000.0,0.2422192151556157,600000.0,14100000.0,0.19079837618403248,5100000.0,9000000.0,0.12178619756427606,0.081321,0.081321,110672520,110672520,,,1620593285,16:48:05,20210509
31,1990-12-31,HTLD,USD,1990-12-31,1990-12-31,FY,62900000,29200000.0,33700000.0,0.5357710651828299,0.0,0.0,0.0,0.0,0.0,48400000,0.0,4200000.0,18700000.0,0.2972972972972973,14500000.0,0.23052464228934816,300000.0,11200000.0,0.178060413354531,3900000.0,7300000.0,0.11605723370429252,0.066073,0.066073,110483859,110483859,,,1620593285,16:48:05,20210509
32,1989-12-31,HTLD,USD,1989-12-31,1989-12-31,FY,48300000,24900000.0,23400000.0,0.484472049689441,0.0,0.0,0.0,0.0,0.0,37100000,0.0,2700000.0,13900000.0,0.28778467908902694,11200000.0,0.2318840579710145,800000.0,9300000.0,0.19254658385093168,3400000.0,5900000.0,0.12215320910973085,0.050825,0.050825,116084604,116084604,,,1620593285,16:48:05,20210509
33,1988-12-31,HTLD,USD,1988-12-31,1988-12-31,FY,34600000,15600000.0,19000000.0,0.5491329479768786,0.0,0.0,0.0,0.0,0.0,24900000,0.0,2100000.0,11800000.0,0.34104046242774566,9700000.0,0.28034682080924855,600000.0,8400000.0,0.24277456647398843,3400000.0,5000000.0,0.14450867052023122,0.048284,0.048284,103553972,103553972,,,1620593285,16:48:05,20210509
34,1987-12-31,HTLD,USD,1987-12-31,1987-12-31,FY,26000000,10300000.0,15700000.0,0.6038461538461538,0.0,0.0,0.0,0.0,0.0,19400000,0.0,1800000.0,8400000.0,0.3230769230769231,6600000.0,0.25384615384615383,600000.0,5900000.0,0.22692307692307692,2400000.0,3500000.0,0.1346153846153846,0.027954,0.027954,125205695,125205695,,,1620593285,16:48:05,20210509
35,1986-12-31,HTLD,USD,1986-12-31,1986-12-31,FY,21600000,5300000.0,16300000.0,0.7546296296296297,0.0,0.0,0.0,0.0,0.0,15700000,0.0,1600000.0,7500000.0,0.3472222222222222,5900000.0,0.27314814814814814,600000.0,5400000.0,0.25,2400000.0,3000000.0,0.1388888888888889,0.027954,0.027954,107319167,107319167,,,1620593285,16:48:05,20210509
36,1985-12-31,HTLD,USD,1985-12-31,1985-12-31,FY,19000000,4600000.0,14400000.0,0.7578947368421053,0.0,0.0,0.0,0.0,0.0,14900000,0.0,1700000.0,5800000.0,0.30526315789473685,4100000.0,0.21578947368421053,300000.0,3600000.0,0.18947368421052632,1600000.0,2000000.0,0.10526315789473684,0.015248,0.015248,131164743,131164743,,,1620593285,16:48:05,20210509
