,date,symbol,reportedCurrency,fillingDate,acceptedDate,period,revenue,costOfRevenue,grossProfit,grossProfitRatio,researchAndDevelopmentExpenses,generalAndAdministrativeExpenses,sellingAndMarketingExpenses,otherExpenses,operatingExpenses,costAndExpenses,interestExpense,depreciationAndAmortization,ebitda,ebitdaratio,operatingIncome,operatingIncomeRatio,totalOtherIncomeExpensesNet,incomeBeforeTax,incomeBeforeTaxRatio,incomeTaxExpense,netIncome,netIncomeRatio,eps,epsdiluted,weightedAverageShsOut,weightedAverageShsOutDil,link,finalLink,timestamp,est_time,est_date
0,2020-12-31,MLND,USD,2021-03-29,2021-03-29 07:38:28,FY,0.0,0.0,0.0,0.0,20374000.0,15598000.0,0.0,-589000.0,35972000,35972000,0.0,1104000.0,-34868000,0.0,-35972000,0.0,-589000.0,-36406000,0.0,0.0,-36406000,0.0,-1.93,-1.93,18862537.0,18862537.0,https://www.sec.gov/Archives/edgar/data/1544227/000154422721000018/0001544227-21-000018-index.htm,https://www.sec.gov/Archives/edgar/data/1544227/000154422721000018/mlnd-20201231.htm,1620595107,17:18:27,20210509
1,2019-12-31,MLND,USD,2020-03-11,2020-03-11 06:39:47,FY,0.0,0.0,0.0,0.0,27843000.0,17556000.0,0.0,-207000.0,45399000,45399000,-1038000.0,1052000.0,-44347000,0.0,-45399000,0.0,-207000.0,-44568000,0.0,0.0,-44568000,0.0,-3.25,-3.25,13706744.0,13706744.0,https://www.sec.gov/Archives/edgar/data/1544227/000154422720000004/0001544227-20-000004-index.htm,https://www.sec.gov/Archives/edgar/data/1544227/000154422720000004/mlnd-20191231.htm,1620595107,17:18:27,20210509
2,2018-12-31,MLND,USD,2019-04-01,2019-03-29 17:36:37,FY,0.0,0.0,0.0,0.0,14425000.0,12449000.0,0.0,-303000.0,26874000,26874000,134000.0,32000.0,-26842000,0.0,-26874000,0.0,-169000.0,-27177000,0.0,0.0,-27192000,0.0,-17.58,-17.58,1547051.0,1547051.0,https://www.sec.gov/Archives/edgar/data/1544227/000155837019002660/0001558370-19-002660-index.htm,https://www.sec.gov/Archives/edgar/data/1544227/000155837019002660/mind-20181231x10k.htm,1620595107,17:18:27,20210509
3,2017-12-31,MLND,USD,2018-03-15,2018-03-15 16:18:53,FY,295000.0,790000.0,-495000.0,-1.6779661016949152,18337000.0,27744000.0,0.0,-36000.0,46081000,46871000,0.0,1650000.0,-44926000,-152.2915254237288,-46576000,-157.88474576271187,-5084000.0,-50908000,-172.56949152542373,67000.0,-50975000,-172.79661016949152,-21.449893,-21.449893,2378345.0,2378345.0,https://www.sec.gov/Archives/edgar/data/1544227/000154422718000002/0001544227-18-000002-index.htm,https://www.sec.gov/Archives/edgar/data/1544227/000154422718000002/ovas-20171231x10k.htm,1620595107,17:18:27,20210509
4,2016-12-31,MLND,USD,2017-03-02,2017-03-02 16:34:48,FY,653000.0,5401000.0,-4748000.0,-7.271056661562022,21641000.0,49223000.0,0.0,-164000.0,70864000,76265000,0.0,2238000.0,-73374000,-112.36447166921899,-75612000,-115.791730474732,-7106000.0,-82059000,-125.66462480857581,201000.0,-82260000,-125.97243491577335,-38.399808,-38.399808,2143210.0,2143210.0,https://www.sec.gov/Archives/edgar/data/1544227/000154422717000002/0001544227-17-000002-index.htm,https://www.sec.gov/Archives/edgar/data/1544227/000154422717000002/ovas-20161231x10k.htm,1620595107,17:18:27,20210509
5,2015-12-31,MLND,USD,2016-02-26,2016-02-26 17:33:31,FY,277000.0,2249000.0,-1972000.0,-7.11913357400722,18433000.0,51594000.0,0.0,-20000.0,70027000,72276000,0.0,1286000.0,-70713000,-255.28158844765343,-71999000,-259.9241877256318,-1581000.0,-73144000,-264.057761732852,75000.0,-73219000,-264.3285198555957,-40.499798,-40.499798,1805675.0,1805675.0,https://www.sec.gov/Archives/edgar/data/1544227/000154422716000008/0001544227-16-000008-index.htm,https://www.sec.gov/Archives/edgar/data/1544227/000154422716000008/ovas-20151231x10k.htm,1620595107,17:18:27,20210509
6,2014-12-31,MLND,USD,2015-03-16,2015-03-16 16:41:19,FY,0.0,0.0,0.0,0.0,21784000.0,26149000.0,0.0,122000.0,47933000,47933000,0.0,450000.0,-47483000,0.0,-47933000,0.0,-1461000.0,-49520000,0.0,0.0,-49520000,0.0,-32.849836,-32.849836,1509807.0,1509807.0,https://www.sec.gov/Archives/edgar/data/1544227/000104746915002286/0001047469-15-002286-index.htm,https://www.sec.gov/Archives/edgar/data/1544227/000104746915002286/a2223498z10-k.htm,1620595107,17:18:27,20210509
7,2013-12-31,MLND,USD,2014-02-27,2014-02-27 09:33:08,FY,0.0,0.0,0.0,0.0,15802000.0,13332000.0,0.0,0.0,29134000,29134000,0.0,231000.0,-28903000,0.0,-29134000,0.0,0.0,-29044000,0.0,0.0,-29044000,0.0,-26.999865,-26.999865,1077338.0,1077338.0,https://www.sec.gov/Archives/edgar/data/1544227/000104746914001433/0001047469-14-001433-index.htm,https://www.sec.gov/Archives/edgar/data/1544227/000104746914001433/a2218414z10-k.htm,1620595107,17:18:27,20210509
8,2012-12-31,MLND,USD,2013-02-25,2013-02-25 08:34:44,FY,0.0,0.0,0.0,0.0,6323000.0,7206000.0,0.0,0.0,13529000,13529000,0.0,93000.0,-13436000,0.0,-13529000,0.0,0.0,-13510000,0.0,0.0,-13510000,0.0,-34.949825,-34.949825,387335.0,387335.0,https://www.sec.gov/Archives/edgar/data/1544227/000104746913001570/0001047469-13-001570-index.htm,https://www.sec.gov/Archives/edgar/data/1544227/000104746913001570/a2213115z10-k.htm,1620595107,17:18:27,20210509
