,date,symbol,reportedCurrency,fillingDate,acceptedDate,period,revenue,costOfRevenue,grossProfit,grossProfitRatio,researchAndDevelopmentExpenses,generalAndAdministrativeExpenses,sellingAndMarketingExpenses,otherExpenses,operatingExpenses,costAndExpenses,interestExpense,depreciationAndAmortization,ebitda,ebitdaratio,operatingIncome,operatingIncomeRatio,totalOtherIncomeExpensesNet,incomeBeforeTax,incomeBeforeTaxRatio,incomeTaxExpense,netIncome,netIncomeRatio,eps,epsdiluted,weightedAverageShsOut,weightedAverageShsOutDil,link,finalLink,timestamp,est_time,est_date
0,2020-12-31,ETV,USD,2020-12-31,2020-12-31,FY,106799267,0.0,0.0,0.0,0.0,1047831.0,0.0,0.0,0.0,0.0,0.0,0.0,0.0,0.0,0.0,0.9900148565626391,0.0,105732861,0.9900148565626391,0.0,105732861,0.9900148565626391,1.300555270289045,1.300555270289045,81298245,81298245,,,1620591821,16:23:41,20210509
1,2019-12-31,ETV,USD,2019-12-31,2019-12-31,FY,209836036,0.0,0.0,0.0,0.0,962664.0,0.0,0.0,980844.0,0.0,0.0,0.0,0.0,0.0,0.0,0.9953256646537109,0.0,208855192,0.9953256646537109,0.0,208855192,0.9953256646537109,2.569,2.569,81298245,81298245,,,1620591821,16:23:41,20210509
2,2019-10-31,ETV,USD,2019-12-20,2019-12-20 17:30:27,FY,1683252000,0.0,1683252000.0,1.0,0.0,626513000.0,0.0,535868000.0,1162381000.0,1162381000.0,23795000.0,2561000.0,523432000.0,0.3109647278007096,520871000.0,0.30944326814998585,38167000.0,559038000,0.33211782905946347,135252000.0,400035000,0.23765603724219547,3.634567160924553,3.4971762772318775,110064000,114388000,https://www.sec.gov/Archives/edgar/data/350797/000035079719000065/0000350797-19-000065-index.htm,https://www.sec.gov/Archives/edgar/data/350797/000035079719000065/ev-20191031.htm,1620591821,16:23:41,20210509
3,2018-12-31,ETV,USD,2018-12-31,2018-12-31,FY,-33220396,0.0,0.0,0.0,0.0,907677.0,0.0,0.0,926447.0,0.0,0.0,0.0,0.0,0.0,0.0,1.027887897543425,0.0,-34146843,1.027887897543425,0.0,-34146843,1.027887897543425,-0.359,-0.359,95116554,95116554,,,1620591821,16:23:41,20210509
4,2018-10-31,ETV,USD,2018-12-21,2018-12-21 16:11:52,FY,1702249000,0.0,1702249000.0,1.0,0.0,604631000.0,0.0,542416000.0,1147047000.0,1147047000.0,23629000.0,6619000.0,561821000.0,0.3300463093237241,555202000.0,0.3261579240169916,-11967000.0,392198000,0.2303999003671026,156703000.0,381938000,0.22437258003970043,3.328580766046451,3.106904630202063,114745000,122932000,https://www.sec.gov/Archives/edgar/data/350797/000114420418066037/0001144204-18-066037-index.htm,https://www.sec.gov/Archives/edgar/data/350797/000114420418066037/tv509589_10k.htm,1620591821,16:23:41,20210509
5,2017-12-31,ETV,USD,2017-12-31,2017-12-31,FY,148344648,0.0,0.0,0.0,0.0,776374.0,0.0,0.0,795119.0,0.0,0.0,0.0,0.0,0.0,0.0,0.9946400560403096,0.0,147549529,0.9946400560403096,0.0,147549529,0.9946400560403096,2.256,2.256,65403160,65403160,,,1620591821,16:23:41,20210509
6,2017-10-31,ETV,USD,2017-12-20,2017-12-20 16:25:26,FY,1529010000,0.0,1529010000.0,1.0,0.0,553952000.0,0.0,492300000.0,1046252000.0,1046252000.0,27496000.0,2901000.0,485659000.0,0.31762970811178476,482758000.0,0.31573240201175923,-13589000.0,469169000,0.3068449519623809,173666000.0,282131000,0.1845187408846247,2.543599776411403,2.423431084540191,110918000,116418000,https://www.sec.gov/Archives/edgar/data/350797/000114420417064546/0001144204-17-064546-index.htm,https://www.sec.gov/Archives/edgar/data/350797/000114420417064546/tv481664_10k.htm,1620591821,16:23:41,20210509
7,2016-12-31,ETV,USD,2016-12-31,2016-12-31,FY,17300000,9260000.0,8040000.0,0.4647398843930636,0.0,370000.0,0.0,80000.0,460000.0000000009,9720000.0,44670000.0,0.0,96920000.0,5.602312,7580000.0,0.43815028901734104,0.0,52250000,3.020231213872832,0.0,52250000,3.020231213872832,0.81679,0.81679,63970000,63970000,,,1620591821,16:23:41,20210509
8,2016-10-31,ETV,USD,2016-12-21,2016-12-21 15:07:07,FY,1342860000,0.0,1342860000.0,1.0,0.0,491115000.0,0.0,437477000.0,928592000.0,928592000.0,29410000.0,5964000.0,420232000.0,0.3129380575786009,414268000.0,0.3084967904323608,-6216000.0,408052000,0.3038678641109274,153630000.0,241307000,0.17969631979506426,2.1954164164710592,2.117062343176993,109914000,113982000,https://www.sec.gov/Archives/edgar/data/350797/000114420416140665/0001144204-16-140665-index.htm,https://www.sec.gov/Archives/edgar/data/350797/000114420416140665/v455214_10k.htm,1620591821,16:23:41,20210509
9,2015-12-31,ETV,USD,2015-12-31,2015-12-31,FY,17180000,9820000.0,7360000.0,0.42840512223515714,0.0,360000.0,0.0,80000.0,439999.9999999995,10260000.0,60480000.0,0.0,127880000.0,7.443539,6920000.0,0.40279394644935973,0.0,67400000,3.923166472642608,0.0,67400000,3.923166472642608,1.05643,1.05643,63800000,63800000,,,1620591821,16:23:41,20210509
10,2015-10-31,ETV,USD,2015-12-18,2015-12-18 14:15:46,FY,1403563000,0.0,1403563000.0,1.0,0.0,483827000.0,0.0,519289000.0,1003116000.0,1003116000.0,29357000.0,6770000.0,407217000.0,0.29013090256725205,400447000.0,0.28530746393286227,-31063000.0,369384000,0.2631759315399451,143214000.0,230299000,0.1640816977934015,2.0323249616124532,1.949126147856629,113318000,118155000,https://www.sec.gov/Archives/edgar/data/350797/000114420415071650/0001144204-15-071650-index.htm,https://www.sec.gov/Archives/edgar/data/350797/000114420415071650/v426980_10k.htm,1620591821,16:23:41,20210509
11,2014-12-31,ETV,USD,2014-12-31,2014-12-31,FY,17290000,9820000.0,7460000.0,0.43146327356853675,0.0,360000.0,0.0,100000.0,459999.9999999991,10280000.0,77660000.0,0.0,162330000.0,9.388664,7010000.0,0.40543666859456334,0.0,84670000,4.897050318102949,0.0,84670000,4.897050318102949,1.3292,1.3292,63700000,63700000,,,1620591821,16:23:41,20210509
12,2014-10-31,ETV,USD,2014-12-19,2014-12-19 17:00:03,FY,1450294000,0.0,1450294000.0,1.0,0.0,461438000.0,0.0,468999000.0,930437000.0,930437000.0,29892000.0,4488000.0,524345000.0,0.3615439352296845,519857000.0,0.35844939026156075,-28708000.0,491149000,0.3386547830991509,186710000.0,304316000,0.20983055849365714,2.613500515286843,2.5027015913483286,116440000,121595000,https://www.sec.gov/Archives/edgar/data/350797/000114420414075076/0001144204-14-075076-index.htm,https://www.sec.gov/Archives/edgar/data/350797/000114420414075076/v396949_10k.htm,1620591821,16:23:41,20210509
13,2013-10-31,ETV,USD,2013-12-20,2013-12-20 16:50:42,FY,1357503000,0.0,1357503000.0,1.0,0.0,447134000.0,0.0,457362000.0,904496000.0,904496000.0,33708000.0,6562000.0,459569000.0,0.3385399516612486,453007000.0,0.33370607652432444,-93554000.0,359453000,0.2647898384018304,143896000.0,193841000,0.14279231795436179,1.6624870279681296,1.5830992127013166,116597000,122444000,https://www.sec.gov/Archives/edgar/data/350797/000114420413068469/0001144204-13-068469-index.htm,https://www.sec.gov/Archives/edgar/data/350797/000114420413068469/v363324_10k.htm,1620591821,16:23:41,20210509
14,2012-10-31,ETV,USD,2012-12-21,2012-12-21 10:03:54,FY,1209036000,0.0,1209036000.0,1.0,0.0,385395000.0,0.0,430649000.0,816044000.0,816044000.0,33930000.0,45551000.0,438543000.0,0.3627212092940161,392992000.0,0.32504573891927124,10746000.0,403738000,0.3339338117309989,142385000.0,203465000,0.1682869658140866,1.8108473731521284,1.7673244966384656,112359000,115126000,https://www.sec.gov/Archives/edgar/data/350797/000114420412069129/0001144204-12-069129-index.htm,https://www.sec.gov/Archives/edgar/data/350797/000114420412069129/v330384_10k.htm,1620591821,16:23:41,20210509
15,2011-10-31,ETV,USD,2011-12-21,2011-12-21 10:37:07,FY,1260031000,0.0,1260031000.0,1.0,0.0,369927000.0,0.0,452447000.0,822374000.0,822374000.0,33652000.0,59771000.0,497428000.0,0.3947744142802836,437657000.0,0.3473382797724818,-12672000.0,381376000,0.30267191838930946,156844000.0,214902000,0.17055294671321578,1.8634306227563602,1.7912231714940612,115326000,119975000,https://www.sec.gov/Archives/edgar/data/350797/000114420411070876/0001144204-11-070876-index.htm,https://www.sec.gov/Archives/edgar/data/350797/000114420411070876/v243203_10k.htm,1620591821,16:23:41,20210509
16,2010-10-31,ETV,USD,2010-12-22,2010-12-22 10:09:19,FY,1121661000,0.0,1121661000.0,1.0,0.0,348897000.0,0.0,419482000.0,768379000.0,768379000.0,33666000.0,60429000.0,413711000.0,0.36883782176611296,353282000.0,0.3149632553864314,0.0,326961000,0.2914971635815099,126263000.0,174298000,0.1553927612710079,1.4968396825942083,1.4213092830582557,116444000,122632000,https://www.sec.gov/Archives/edgar/data/350797/000114420410067744/0001144204-10-067744-index.htm,https://www.sec.gov/Archives/edgar/data/350797/000114420410067744/v205794_10k.htm,1620591821,16:23:41,20210509
17,2009-10-31,ETV,USD,2009-12-22,2009-12-22 08:54:29,FY,890371000,0.0,890371000.0,1.0,0.0,0.0,0.0,116023000.0,0.0,0.0,33682000.0,0.0,233220000.0,0.2619357548707224,233220000.0,0.2619357548707224,0.0,207663000,0.23323198981098892,0.0,130107000,0.146126726948654,1.1199225306649452,1.0776870320058314,116175000,120728000,https://www.sec.gov/Archives/edgar/data/350797/000114544309003319/0001145443-09-003319-index.htm,https://www.sec.gov/Archives/edgar/data/350797/000114544309003319/d25865_10-k.htm,1620591821,16:23:41,20210509
18,2008-10-31,ETV,USD,2008-12-19,2008-12-19 12:08:48,FY,1095800000,0.0,1095800000.0,1.0,0.0,0.0,0.0,107017000.0,0.0,0.0,33616000.0,1638000.0,365390000.0,0.3334458842854536,363752000.0,0.33195108596459205,0.0,322847000,0.29462219383099103,0.0,195663000,0.17855721847052383,1.6895173128399965,1.5718049854196958,115810000,124483000,https://www.sec.gov/Archives/edgar/data/350797/000114544308003420/0001145443-08-003420-index.htm,https://www.sec.gov/Archives/edgar/data/350797/000114544308003420/d24084_10-k.htm,1620591821,16:23:41,20210509
19,2007-10-31,ETV,USD,2007-12-21,2007-12-21 13:23:13,FY,1084100000,0.0,1084100000.0,1.0,0.0,0.0,0.0,84074000.0,0.0,0.0,2894000.0,5234000.0,238171000.0,0.21969467761276634,232937000.0,0.2148667097131261,0.0,238349000,0.21985886910801586,0.0,142811000,0.13173231251729545,1.146827595621833,1.055888267825984,124527000,135252000,https://www.sec.gov/Archives/edgar/data/350797/000114544307003892/0001145443-07-003892-index.htm,https://www.sec.gov/Archives/edgar/data/350797/000114544307003892/d22372_10k.htm,1620591821,16:23:41,20210509
20,2005-10-31,ETV,USD,2006-01-12,2006-01-12 09:54:10,FY,753175000,0.0,753175000.0,1.0,0.0,0.0,0.0,61726000.0,0.0,0.0,1464000.0,1282000.0,261696000.0,0.34745709828393134,260414000.0,0.3457549706243569,0.0,261190000,0.3467852756663458,0.0,159884000,0.2122800146048395,1.21500710534915,1.1288691821057388,131591000,141632000,https://www.sec.gov/Archives/edgar/data/350797/000110465906001782/0001104659-06-001782-index.htm,https://www.sec.gov/Archives/edgar/data/350797/000110465906001782/a05-21838_110k.htm,1620591821,16:23:41,20210509
21,2004-10-31,ETV,USD,2005-01-13,2005-01-13 16:09:56,FY,661813000,0.0,661813000.0,1.0,0.0,0.0,0.0,49381000.0,0.0,0.0,5898000.0,6627000.0,229189000.0,0.34630477189175796,222562000.0,0.3362913693142927,0.0,221658000,0.33492542455346147,0.0,138943000,0.2099429899382454,2.0600000077096365,1.9900000004296725,67448058,69820603,https://www.sec.gov/Archives/edgar/data/350797/000114544305000091/0001145443-05-000091-index.htm,https://www.sec.gov/Archives/edgar/data/350797/000114544305000091/d15995.htm,1620591821,16:23:41,20210509
