,date,symbol,reportedCurrency,fillingDate,acceptedDate,period,revenue,costOfRevenue,grossProfit,grossProfitRatio,researchAndDevelopmentExpenses,generalAndAdministrativeExpenses,sellingAndMarketingExpenses,otherExpenses,operatingExpenses,costAndExpenses,interestExpense,depreciationAndAmortization,ebitda,ebitdaratio,operatingIncome,operatingIncomeRatio,totalOtherIncomeExpensesNet,incomeBeforeTax,incomeBeforeTaxRatio,incomeTaxExpense,netIncome,netIncomeRatio,eps,epsdiluted,weightedAverageShsOut,weightedAverageShsOutDil,link,finalLink,timestamp,est_time,est_date
0,2020-12-31,GGAL,ARS,2020-12-31,2020-12-31,FY,215514000000.0,0.0,0.0,0.0,0.0,63197000000.0,0.0,0.0,0.0,0.0,90175000000.0,8284000000.0,0.0,0.0,0.0,0.22138236959083865,0.0,47711000000.0,0.22138236959083865,20933000000.0,26439000000.0,0.12267880508922854,185.30732110754047,185.30732110754047,142676500,142676500,,,1620592516,16:35:16,20210509
1,2019-12-31,GGAL,ARS,2019-12-31,2019-12-31,FY,155346738000.0,0.0,0.0,0.0,0.0,49965219000.0,0.0,-30798238000.0,4288000000.0,0.0,96051605000.0,5064576000.0,0.0,0.0,0.0,0.2372602828647744,0.0,36857611000.0,0.2372602828647744,13038494000.0,23708123000.0,0.15261423126889218,291.3,291.3,142676500,142676500,,,1620592516,16:35:16,20210509
2,2018-12-31,GGAL,ARS,2018-12-31,2018-12-31,FY,84324660000.0,0.0,0.0,0.0,0.0,33415807000.0,1078668000.0,-18063668000.0,3873000000.0,0.0,44910325000.0,1651975000.0,0.0,0.0,0.0,0.04001735672577868,0.0,3374450000.0,0.04001735672577868,6944201000.0,-3465822000.0,-0.04110093061744927,101.1,101.1,142676500,142676500,,,1620592516,16:35:16,20210509
3,2017-12-31,GGAL,ARS,2017-12-31,2017-12-31,FY,45128177000.0,0.0,0.0,0.0,0.0,15299458000.0,866837000.0,137739000.0,3391000000.0,0.0,15997909000.0,487208000.0,0.0,0.0,0.0,0.2943712084802362,0.0,13284436000.0,0.2943712084802362,4954967000.0,8329469000.0,0.1845735758393254,58.380121,58.380121,142676459,142676459,,,1620592516,16:35:16,20210509
4,2016-12-31,GGAL,ARS,2016-12-31,2016-12-31,FY,32324363000.0,0.0,0.0,0.0,0.0,13782498000.0,749271000.0,912139000.0,3210000000.0,0.0,16939158000.0,301387000.0,0.0,0.0,0.0,0.289887166531325,0.0,9370418000.0,0.289887166531325,3352541000.0,6017877000.0,0.18617155734824534,46.282,46.282,130026500,130026500,,,1620592516,16:35:16,20210509
5,2015-12-31,GGAL,ARS,2015-12-31,2015-12-31,FY,23880969000.0,0.0,0.0,0.0,0.0,10298750000.0,544603000.0,679313000.0,3571000000.0,0.0,11020463000.0,218611000.0,0.0,0.0,0.0,0.2989753472733874,0.0,7139821000.0,0.2989753472733874,2801424000.0,4338397000.0,0.1816675445623668,33.4,33.4,130026500,130026500,,,1620592516,16:35:16,20210509
6,2014-12-31,GGAL,ARS,2014-12-31,2014-12-31,FY,17746723000.0,0.0,0.0,0.0,0.0,7300425000.0,413927000.0,502372000.0,2824000000.0,0.0,8552565000.0,172582000.0,0.0,0.0,0.0,0.31329569971875937,0.0,5559972000.0,0.31329569971875937,1992272000.0,3337790000.0,0.18807923017674869,25.67,25.67,130026500,130026500,,,1620592516,16:35:16,20210509
7,2013-12-31,GGAL,ARS,2013-12-31,2013-12-31,FY,13286392000.0,0.0,0.0,0.0,0.0,5845973000.0,382949000.0,312349000.0,2002000000.0,0.0,4990644000.0,152856000.0,0.0,0.0,0.0,0.24568663938261043,0.0,3264289000.0,0.24568663938261043,1231995000.0,1823653000.0,0.13725720270785327,14.69,14.46,124140700,126108000,,,1620592516,16:35:16,20210509
8,2012-12-31,GGAL,ARS,2012-12-31,2012-12-31,FY,9767906000.0,0.0,0.0,0.0,0.0,4417208000.0,359251000.0,232557000.0,2260000000.0,0.0,3038672000.0,117246000.0,0.0,0.0,0.0,0.23668286734127048,0.0,2311896000.0,0.23668286734127048,789278000.0,1336215000.0,0.13679646384803457,10.76371,10.76371,124140700,124140700,,,1620592516,16:35:16,20210509
9,2011-12-31,GGAL,ARS,2011-12-31,2011-12-31,FY,11001127000.0,0.0,0.0,0.0,0.0,2858820000.0,738439000.0,0.0,1930000000.0,0.0,2274201000.0,211934000.0,0.0,0.0,0.0,0.16914685195434978,0.0,1860806000.0,0.16914685195434978,753863000.0,1106943000.0,0.10062087275240073,8.917,8.917,124140700,124140700,,,1620592516,16:35:16,20210509
10,2010-12-31,GGAL,ARS,2010-12-31,2010-12-31,FY,6250225000.0,0.0,0.0,0.0,0.0,1602711000.0,481297000.0,0.0,1308000000.0,0.0,1412681000.0,152708000.0,0.0,0.0,0.0,0.10673087768840321,0.0,667092000.0,0.10673087768840321,258191000.0,408901000.0,0.06542180481502666,3.294,3.294,124140700,124140700,,,1620592516,16:35:16,20210509
11,2009-12-31,GGAL,ARS,2009-12-31,2009-12-31,FY,3971322000.0,0.0,0.0,0.0,0.0,1501377000.0,127836000.0,0.0,1145000000.0,0.0,1460459000.0,87069000.0,0.0,0.0,0.0,0.09701227953814875,0.0,385267000.0,0.09701227953814875,155992000.0,229275000.0,0.05773266433696386,1.85,1.85,124140700,124140700,,,1620592516,16:35:16,20210509
12,2008-12-31,GGAL,ARS,2008-12-31,2008-12-31,FY,3209339000.0,0.0,0.0,0.0,0.0,1031304000.0,146496000.0,0.0,1193000000.0,0.0,1421019000.0,83777000.0,0.0,0.0,0.0,0.07815721555123968,0.0,250833000.0,0.07815721555123968,74014000.0,176819000.0,0.05509514576054446,1.424343,1.424343,124125404,124125404,,,1620592516,16:35:16,20210509
13,2007-12-31,GGAL,ARS,2007-12-31,2007-12-31,FY,2196353465.64,0.0,0.0,0.0,0.0,670880431.89,113857872.66,0.0,981000000.0,0.0,1247246918.73,214658042.76,0.0,0.0,0.0,0.05352234317883152,0.0,117553983.93,0.05352234317883152,71495963.1,46058020.83,0.02097022248492187,0.370115,0.370115,124442363,124442363,,,1620592516,16:35:16,20210509
14,2006-12-31,GGAL,ARS,2006-12-31,2006-12-31,FY,1524510200.2,0.0,0.0,0.0,0.0,505957270.79999995,84393606.6,0.0,724000000.0,0.0,1869121256.4,92808766.4,0.0,0.0,0.0,0.04934361894733881,0.0,75224850.4,0.04934361894733881,94113774.8,-18888924.4,-0.012390159408262382,-0.149862,-0.149862,126042518,126042518,,,1620592516,16:35:16,20210509
15,2005-12-31,GGAL,ARS,2005-12-31,2005-12-31,FY,1487300727.78,0.0,0.0,0.0,0.0,392139103.38,68103811.16,0.0,619000000.0,0.0,1845130461.43,219580572.07,0.0,0.0,0.0,0.08504506926369898,0.0,126487593.41,0.08504506926369898,19294666.3,107192927.11,0.07207212711446738,0.860778,0.860778,124530227,124530227,,,1620592516,16:35:16,20210509
16,2004-12-31,GGAL,ARS,2004-12-31,2004-12-31,FY,1184119455.7,0.0,0.0,0.0,0.0,299024808.8,38088564.45,0.0,0.0,0.0,1176467854.6,237128290.5,0.0,0.0,0.0,-0.05621356737243245,0.0,-66563578.8,-0.05621356737243245,44155743.1,-110719321.9,-0.09350350707188368,-0.930053,-0.930053,119046249,119046249,,,1620592516,16:35:16,20210509
17,2003-12-31,GGAL,ARS,2003-12-31,2003-12-31,FY,1335937815.25,0.0,0.0,0.0,0.0,244571737.45000002,20108495.35,0.0,0.0,0.0,1509515449.75,216835679.55,0.0,0.0,0.0,-0.16274873505943302,0.0,-217422189.55,-0.16274873505943302,592375.1,-218014564.65,-0.16319215023432956,-1.990028,-1.990028,109553492,109553492,,,1620592516,16:35:16,20210509
18,2002-12-31,GGAL,ARS,2002-12-31,2002-12-31,FY,2050945066.7,0.0,0.0,0.0,0.0,492481367.3,15258270.2,0.0,0.0,0.0,4527832789.1,232723956.2,0.0,0.0,0.0,-1.3434305976480008,0.0,-2755302356.7,-1.3434305976480008,65946418.8,-2821248775.5,-1.3755847590981214,-13.351188,-13.351188,211310687,211310687,,,1620592516,16:35:16,20210509
19,2001-12-31,GGAL,ARS,2001-12-31,2001-12-31,FY,1518929807.6,0.0,0.0,0.0,0.0,317509501.6,24748253.4,0.0,0.0,0.0,964902631.5,81979715.4,0.0,0.0,0.0,0.12656204285288794,0.0,192238859.4,0.12656204285288794,72181905.3,120056954.1,0.07904048857247536,1.10099,1.10099,109044545,109044545,,,1620592516,16:35:16,20210509
20,2000-12-31,GGAL,ARS,2000-12-31,2000-12-31,FY,653227161.6,0.0,0.0,0.0,0.0,155997004.79999998,15107788.8,0.0,0.0,0.0,442790400.0,33955584.0,0.0,0.0,0.0,0.2178154718053904,0.0,142282982.4,0.2178154718053904,52373068.8,89909913.6,0.13763958219339298,0.881398,0.881398,102367342,102367342,,,1620592516,16:35:16,20210509
