,date,symbol,reportedCurrency,fillingDate,acceptedDate,period,revenue,costOfRevenue,grossProfit,grossProfitRatio,researchAndDevelopmentExpenses,generalAndAdministrativeExpenses,sellingAndMarketingExpenses,otherExpenses,operatingExpenses,costAndExpenses,interestExpense,depreciationAndAmortization,ebitda,ebitdaratio,operatingIncome,operatingIncomeRatio,totalOtherIncomeExpensesNet,incomeBeforeTax,incomeBeforeTaxRatio,incomeTaxExpense,netIncome,netIncomeRatio,eps,epsdiluted,weightedAverageShsOut,weightedAverageShsOutDil,link,finalLink,timestamp,est_time,est_date
0,2020-12-31,HXL,USD,2021-02-09,2021-02-09 12:49:40,FY,1502000000,1262000000,239000000,0.15912117177097204,0.0,121000000.0,0.0,57000000.0,57000000,1319000000,-41000000.0,140000000,154000000,0.10252996005326231,14000000.0,0.009320905459387484,0.0,-27000000.0,-0.017976031957390146,-61000000.0,31000000.0,0.020639147802929428,0.37349397590361444,0.36904761904761907,83000000.0,84000000.0,https://www.sec.gov/Archives/edgar/data/717605/000156459021004881/0001564590-21-004881-index.htm,https://www.sec.gov/Archives/edgar/data/717605/000156459021004881/hxl-10k_20201231.htm,1620593328,16:48:48,20210509
1,2019-12-31,HXL,USD,2020-02-18,2020-02-18 16:24:19,FY,2355700000,1715300000,640400000,0.27185125440421104,56500000.0,0.0,0.0,0.0,215200000,1930500000,45500000.0,141700000,566900000,0.2406503374793055,425200000.0,0.18049836566625632,0.0,379700000.0,0.16118351233179098,76800000.0,306600000.0,0.13015239631532027,3.61,3.57,84900000.0,85800000.0,https://www.sec.gov/Archives/edgar/data/717605/000156459020005037/0001564590-20-005037-index.htm,https://www.sec.gov/Archives/edgar/data/717605/000156459020005037/hxl-10k_20191231.htm,1620593328,16:48:48,20210509
2,2018-12-31,HXL,USD,2019-02-06,2019-02-06 17:15:32,FY,2189100000,1608300000,580800000,0.265314512813485,55900000.0,0.0,0.0,0.0,209600000,1817900000,37700000.0,123100000,494300000,0.2258005573066557,371200000.0,0.1695674021287287,0.0,333500000.0,0.15234571285002968,62500000.0,276600000.0,0.12635329587501712,3.15,3.11,87900000.0,89000000.0,https://www.sec.gov/Archives/edgar/data/717605/000156459019002166/0001564590-19-002166-index.htm,https://www.sec.gov/Archives/edgar/data/717605/000156459019002166/hxl-10k_20181231.htm,1620593328,16:48:48,20210509
3,2017-12-31,HXL,USD,2018-02-07,2018-02-07 17:18:24,FY,1973300000,1421500000,551800000,0.2796331019105052,49400000.0,0.0,0.0,0.0,201200000,1622700000,27400000.0,104500000,455100000,0.2306288957583743,350600000.0,0.17767192013378605,0.0,323200000.0,0.1637865504484873,42500000.0,284000000.0,0.14392135002280443,3.13,3.09,90600000.0,91900000.0,https://www.sec.gov/Archives/edgar/data/717605/000156459018001551/0001564590-18-001551-index.htm,https://www.sec.gov/Archives/edgar/data/717605/000156459018001551/hxl-10k_20171231.htm,1620593328,16:48:48,20210509
4,2016-12-31,HXL,USD,2017-02-09,2017-02-09 16:16:13,FY,2004300000,1439700000,564600000,0.28169435713216584,46900000.0,0.0,0.0,-400000.0,204500000,1644200000,22100000.0,93300000,453400000,0.226213640672554,360100000.0,0.17966372299555955,-400000.0,337600000.0,0.1684378586040014,90300000.0,249800000.0,0.12463204111161004,2.69,2.65,92800000.0,94200000.0,https://www.sec.gov/Archives/edgar/data/717605/000156459017001309/0001564590-17-001309-index.htm,https://www.sec.gov/Archives/edgar/data/717605/000156459017001309/hxl-10k_20161231.htm,1620593328,16:48:48,20210509
5,2015-12-31,HXL,USD,2016-02-04,2016-02-04 15:52:56,FY,1861200000,1328400000,532800000,0.2862669245647969,44300000.0,0.0,0.0,0.0,200400000,1528800000,14200000.0,76400000,408800000,0.21964324091983667,332400000.0,0.17859445519019987,0.0,318200000.0,0.17096496883730927,83000000.0,237200000.0,0.127444659359553,2.48,2.44,95800000.0,97200000.0,https://www.sec.gov/Archives/edgar/data/717605/000156459016012334/0001564590-16-012334-index.htm,https://www.sec.gov/Archives/edgar/data/717605/000156459016012334/hxl-10k_20151231.htm,1620593328,16:48:48,20210509
6,2014-12-31,HXL,USD,2015-02-05,2015-02-05 15:16:30,FY,1855500000,1346700000,508800000,0.2742118027485853,47900000.0,0.0,0.0,-500000.0,203000000,1549700000,8000000.0,71200000,377000000,0.20317973592023714,305800000.0,0.1648073295607653,-500000.0,297300000.0,0.16022635408245756,89300000.0,209400000.0,0.11285367825383993,2.16,2.12,96800000.0,98700000.0,https://www.sec.gov/Archives/edgar/data/717605/000156459015000511/0001564590-15-000511-index.htm,https://www.sec.gov/Archives/edgar/data/717605/000156459015000511/hxl-10k_20141231.htm,1620593328,16:48:48,20210509
7,2013-12-31,HXL,USD,2014-02-05,2014-02-05 16:12:29,FY,1678200000,1224200000,454000000,0.2705279466094625,41700000.0,0.0,0.0,-1000000.0,183100000,1407300000,7300000.0,59300000,330200000,0.1967584316529615,270900000.0,0.1614229531641044,-1000000.0,262600000.0,0.15647717792873317,76000000.0,187900000.0,0.11196520081039209,1.88,1.84,100000000.0,102100000.0,https://www.sec.gov/Archives/edgar/data/717605/000110465914006768/0001104659-14-006768-index.htm,https://www.sec.gov/Archives/edgar/data/717605/000110465914006768/a13-27095_110k.htm,1620593328,16:48:48,20210509
8,2012-12-31,HXL,USD,2013-02-08,2013-02-08 13:36:47,FY,1578200000,1171500000,406700000,0.25769864402483844,36700000.0,0.0,0.0,-1100000.0,157900000,1329400000,10000000.0,57200000,306000000,0.1938917754403751,248800000.0,0.15764795336459259,-1100000.0,237700000.0,0.15061462425548092,74100000.0,164300000.0,0.10410594347991382,1.64,1.61,100200000.0,102000000.0,https://www.sec.gov/Archives/edgar/data/717605/000110465913008842/0001104659-13-008842-index.htm,https://www.sec.gov/Archives/edgar/data/717605/000110465913008842/a12-29199_110k.htm,1620593328,16:48:48,20210509
9,2011-12-31,HXL,USD,2012-02-07,2012-02-07 15:31:11,FY,1392400000,1050300000,342100000,0.24569089342143063,32600000.0,0.0,0.0,0.0,150100000,1200400000,11600000.0,55300000,247300000,0.17760700948003447,192000000.0,0.13789141051422005,-4900000.0,175500000.0,0.12604136742315428,41600000.0,135500000.0,0.09731399023269176,1.37,1.35,98800000.0,100700000.0,https://www.sec.gov/Archives/edgar/data/717605/000110465912007354/0001104659-12-007354-index.htm,https://www.sec.gov/Archives/edgar/data/717605/000110465912007354/a11-31242_110k.htm,1620593328,16:48:48,20210509
10,2010-12-31,HXL,USD,2011-02-10,2011-02-10 16:47:04,FY,1173600000,891000000,282600000,0.24079754601226994,30800000.0,0.0,0.0,0.0,152800000,1043800000,0.0,53200000,183000000,0.15593047034764826,129800000.0,0.11059986366734834,-6800000.0,99800000.0,0.08503749147920928,22900000.0,77400000.0,0.06595092024539877,0.79,0.77,97600000.0,99900000.0,https://www.sec.gov/Archives/edgar/data/717605/000110465911006385/0001104659-11-006385-index.htm,https://www.sec.gov/Archives/edgar/data/717605/000110465911006385/a11-2093_110k.htm,1620593328,16:48:48,20210509
11,2009-12-31,HXL,USD,2010-02-10,2010-02-10 16:31:07,FY,1108300000,859800000,248500000,0.22421726969232159,30100000.0,0.0,0.0,0.0,144800000,1004600000,26100000.0,46600000,150300000,0.1356131011458991,103700000.0,0.09356672381124244,0.0,77600000.0,0.07001714337273302,22000000.0,56300000.0,0.05079852025624831,0.58,0.57,96900000.0,98200000.0,https://www.sec.gov/Archives/edgar/data/717605/000110465910006099/0001104659-10-006099-index.htm,https://www.sec.gov/Archives/edgar/data/717605/000110465910006099/a09-35834_110k.htm,1620593328,16:48:48,20210509
12,2008-12-31,HXL,USD,2009-02-12,2009-02-12 17:16:28,FY,1324900000,1035700000,289200000,0.21828062495282663,31400000.0,0.0,0.0,0.0,154500000,1190200000,0.0,45600000,180300000,0.13608574232017512,134700000.0,0.10166805041889954,2100000.0,110700000.0,0.08355347573401767,15600000.0,111200000.0,0.08393086270661937,1.15,1.14,96400000.0,97600000.0,https://www.sec.gov/Archives/edgar/data/717605/000110465909008902/0001104659-09-008902-index.htm,https://www.sec.gov/Archives/edgar/data/717605/000110465909008902/a09-1351_110k.htm,1620593328,16:48:48,20210509
13,2007-12-31,HXL,USD,2008-02-22,2008-02-22 16:25:27,FY,1171100000,888100000,283000000,0.24165314661429424,34200000.0,0.0,0.0,0.0,160800000,1048900000,0.0,41500000,163700000,0.13978310989667833,122200000.0,0.104346341046879,-16700000.0,92400000.0,0.07890017931858936,33400000.0,61300000.0,0.0523439501323542,0.65,0.64,94700000.0,96500000.0,https://www.sec.gov/Archives/edgar/data/717605/000110465908012379/0001104659-08-012379-index.htm,https://www.sec.gov/Archives/edgar/data/717605/000110465908012379/a08-2556_110k.htm,1620593328,16:48:48,20210509
14,2006-12-31,HXL,USD,2007-03-01,2007-02-28 20:03:02,FY,1193100000,928300000,264800000,0.22194283798508088,30400000.0,0.0,0.0,0.0,143600000,1071900000,0.0,45000000,166200000,0.13930098063867236,121200000.0,0.1015841086245914,5000000.0,94100000.0,0.07887017014500042,34100000.0,65900000.0,0.05523426368284302,0.71,0.69,93400000.0,95500000.0,https://www.sec.gov/Archives/edgar/data/717605/000110465907015094/0001104659-07-015094-index.htm,https://www.sec.gov/Archives/edgar/data/717605/000110465907015094/a07-5530_110k.htm,1620593328,16:48:48,20210509
15,2005-12-31,HXL,USD,2006-03-08,2006-03-07 20:31:51,FY,1161400000,907200000,254200000,0.21887377303254693,25400000.0,0.0,0.0,0.0,147100000,1054300000,0.0,49300000,156400000,0.1346650594110556,107100000.0,0.09221629068365765,-55300000.0,29400000.0,0.02531427587394524,-108300000.0,141300000.0,0.12166350955743069,1.84,1.51,60000000.0,93700000.0,https://www.sec.gov/Archives/edgar/data/717605/000110465906014722/0001104659-06-014722-index.htm,https://www.sec.gov/Archives/edgar/data/717605/000110465906014722/a06-1976_110k.htm,1620593328,16:48:48,20210509
16,2004-12-31,HXL,USD,2005-03-11,2005-03-11 16:19:01,FY,1074500000,845400000,229100000,0.21321544904606793,21300000.0,0.0,0.0,0.0,137400000,982800000,0.0,55300000,147000000,0.13680781758957655,91700000.0,0.08534201954397394,-7000000.0,38900000.0,0.03620288506281991,11200000.0,28800000.0,0.02680316426244765,0.09,0.08,39300000.0,42100000.0,https://www.sec.gov/Archives/edgar/data/717605/000110465905010630/0001104659-05-010630-index.htm,https://www.sec.gov/Archives/edgar/data/717605/000110465905010630/a05-1857_110k.htm,1620593328,16:48:48,20210509
17,2003-12-31,HXL,USD,2004-03-15,2004-03-15 15:36:10,FY,896900000,722400000,174500000,0.19455903668190433,17700000.0,0.0,0.0,0.0,112700000,835100000,0.0,55700000,117500000,0.13100680120414762,61800000.0,0.0689040026758836,-5800000.0,3800000.0,0.0042368156985171145,13500000.0,-11100000.0,-0.012375961645668414,-0.54,-0.54,38600000.0,38600000.0,https://www.sec.gov/Archives/edgar/data/717605/000110465904007436/0001104659-04-007436-index.htm,https://www.sec.gov/Archives/edgar/data/717605/000110465904007436/a04-3339_110k.htm,1620593328,16:48:48,20210509
18,2002-12-31,HXL,USD,2002-12-31,2002-12-31,FY,850800000,689500000,161300000,0.18958627174424073,14700000.0,0.0,0.0,0.0,100600000,790100000,0.0,47200000,107900000,0.1268218147625764,60700000.0,0.07134461683121768,-200000.0,7700000.0,0.009050305594734367,11300000.0,-13600000.0,-0.015984955336154207,-0.35,-0.35,38400000.0,38400000.0,,,1620593328,16:48:48,20210509
19,2001-12-31,HXL,USD,2001-12-31,2001-12-31,FY,1009400000,818600000,190800000,0.18902318208836932,18600000.0,120900000.0,0.0,0.0,448600000,1267200000,0.0,63200000,-194600000,-0.1927877947295423,-257800000.0,-0.25539924707747175,-377000000.0,-381000000.0,-0.37745195165444817,40500000.0,-433700000.0,-0.42966118486229443,-11.54,-11.54,37600000.0,37600000.0,,,1620593328,16:48:48,20210509
20,2000-12-31,HXL,USD,2001-03-27 00:00:00,2001-03-27 00:00:00,FY,1055700000,824300000,231400000,0.21919105806573838,21200000.0,123900000.0,0.0,0.0,145100000,969400000,0.0,58700000,145000000,0.13734962584067442,86300000.0,0.08174670834517382,62900000.0,80500000.0,0.07625272331154684,26300000.0,54200000.0,0.0513403429004452,1.47,1.32,36800000.0,45700000.0,https://www.sec.gov/Archives/edgar/data/717605/000071760501000008/0000717605-01-000008-index.html,https://www.sec.gov/Archives/edgar/data/717605/000071760501000008/0000717605-01-000008-0001.txt,1620593328,16:48:48,20210509
21,1999-12-31,HXL,USD,1999-12-31,1999-12-31,FY,1151500000,847700000,303800000,0.26382978723404255,24800000.0,148800000.0,0.0,0.0,234900000,1082600000,0.0,61300000,130200000,0.11306990881458967,68900000.0,0.0598349978289188,-20000000.0,-25000000.0,-0.021710811984368215,-1700000.0,-23300000.0,-0.020234476769431176,-0.64,-0.64,36400000.0,36400000.0,,,1620593328,16:48:48,20210509
22,1998-12-31,HXL,USD,1998-12-31,1998-12-31,FY,1089000000,770300000,318700000,0.292653810835629,23600000.0,130600000.0,0.0,0.0,201700000,972000000,0.0,47500000,164500000,0.15105601469237834,117000000.0,0.10743801652892562,500000.0,78800000.0,0.07235996326905418,28400000.0,50400000.0,0.04628099173553719,1.38,1.24,36675000.0,45671000.0,,,1620593328,16:48:48,20210509
23,1997-12-31,HXL,USD,1997-12-31,1997-12-31,FY,936900000,678400000,258500000,0.2759099156793681,18400000.0,127700000.0,0.0,0.0,181900000,860300000,0.0,35800000,112400000,0.11997011420642545,76600000.0,0.08175899242181663,0.0,50700000.0,0.054114633365353826,-22900000.0,73600000.0,0.07855694311025724,2.0,1.74,36748000.0,45997000.0,,,1620593328,16:48:48,20210509
24,1996-12-31,HXL,USD,1997-03-28 00:00:00,1997-03-28 00:00:00,FY,695300000,527200000,168100000,0.2417661441104559,0.0,138600000.0,0.0,0.0,165300000,692500000,0.0,26700000,29500000,0.0424277290378254,2800000.0,0.00402703868833597,3000000.0,-15800000.0,-0.02272400402703869,3400000.0,-19200000.0,-0.027613979577160937,-0.5756948817126922,-0.5090232591285235,33351000.0,37719298.0,https://www.sec.gov/Archives/edgar/data/717605/000091205797010871/0000912057-97-010871-index.html,https://www.sec.gov/Archives/edgar/data/717605/0000912057-97-010871.txt,1620593328,16:48:48,20210509
25,1995-12-31,HXL,USD,1996-04-01 00:00:00,1996-04-01 00:00:00,FY,350200000,271500000,78700000,0.22472872644203312,0.0,49300000.0,0.0,0.0,60900000,332400000,0.0,11600000,29400000,0.08395202741290692,17800000.0,0.0508280982295831,-2600000.0,6500000.0,0.01856082238720731,3300000.0,2700000.0,0.007709880068532267,0.17,0.17,15742000.0,15742000.0,https://www.sec.gov/Archives/edgar/data/717605/000091205796005837/0000912057-96-005837-index.html,https://www.sec.gov/Archives/edgar/data/717605/0000912057-96-005837.txt,1620593328,16:48:48,20210509
26,1994-12-31,HXL,USD,1995-03-27 00:00:00,1995-03-27 00:00:00,FY,313800000,251200000,62600000,0.19949012109623965,0.0,45800000.0,0.0,0.0,60000000,311200000,0.0,14200000,16800000,0.05353728489483748,2600000.0,0.0082855321861058,-15300000.0,-24500000.0,-0.07807520713830465,3600000.0,-30000000.0,-0.09560229445506692,-4.1,-4.1,7310000.0,7310000.0,https://www.sec.gov/Archives/edgar/data/717605/000091205795001747/0000912057-95-001747-index.html,https://www.sec.gov/Archives/edgar/data/717605/0000912057-95-001747.txt,1620593328,16:48:48,20210509
