,date,symbol,reportedCurrency,fillingDate,acceptedDate,period,revenue,costOfRevenue,grossProfit,grossProfitRatio,researchAndDevelopmentExpenses,generalAndAdministrativeExpenses,sellingAndMarketingExpenses,otherExpenses,operatingExpenses,costAndExpenses,interestExpense,depreciationAndAmortization,ebitda,ebitdaratio,operatingIncome,operatingIncomeRatio,totalOtherIncomeExpensesNet,incomeBeforeTax,incomeBeforeTaxRatio,incomeTaxExpense,netIncome,netIncomeRatio,eps,epsdiluted,weightedAverageShsOut,weightedAverageShsOutDil,link,finalLink,timestamp,est_time,est_date
0,2020-06-30,RHP.AX,AUD,2020-06-30,2020-06-30,FY,55828000.0,3448000.0,52380000.0,0.9382388765494017,0.0,16162000.0,29015000.0,3403000.0,45177000.0,0.0,0.0,0.0,10628000.0,0.1903704234434334,7203000.0,0.12902127964462276,-22000.0,7150000.0,0.12807193522963387,2351000.0,5015000.0,0.08982947624847747,0.03652635194207117,0.03652635194207117,137298135.0,137298135.0,,,1620597251,17:54:11,20210509
1,2019-06-30,RHP.AX,AUD,2019-06-30,2019-06-30,FY,48356000.0,2476000.0,45880000.0,0.9487964265034329,0.0,32850000.0,3283000.0,291000.0,37917000.0,0.0,0.0,1785000.0,9748000.0,0.20158822069650095,7963000.0,0.16467449747704524,271000.0,8491000.0,0.1755935147654893,2277000.0,6214000.0,0.12850525270907437,0.0453,0.0442,137298135.0,140588235.0,,,1620597251,17:54:11,20210509
2,2018-06-30,RHP.AX,AUD,2018-06-30,2018-06-30,FY,196608000.0,162537000.0,34071000.0,0.1732940673828125,0.0,27709000.0,0.0,23000.0,28910000.0,0.0,0.0,1201000.0,6362000.0,0.032358805338541664,5161000.0,0.026250203450520832,23000.0,5190000.0,0.026397705078125,2124000.0,3066000.0,0.015594482421875,0.0226,0.0222,135778667.0,138108108.0,,,1620597251,17:54:11,20210509
3,2017-06-30,RHP.AX,AUD,2017-06-30,2017-06-30,FY,156970000.0,128780000.0,28190000.0,0.17958845639294133,0.0,0.0,11347000.0,-126000.0,24747000.0,0.0,0.0,0.0,3443000.0,0.021934127540294324,3443000.0,0.021934127540294324,-126000.0,3344000.0,0.021303433777154872,837000.0,2507000.0,0.01597120468879404,0.0183,0.018,136782823.0,139277778.0,,,1620597251,17:54:11,20210509
4,2016-06-30,RHP.AX,AUD,2016-06-30,2016-06-30,FY,143043000.0,117276000.0,25767000.0,0.18013464482707997,0.0,22589000.0,2050000.0,2541000.0,27119000.0,0.0,0.0,365000.0,-987000.0,-0.006900023069985948,-1352000.0,-0.009451703333962514,2413000.0,1168000.0,0.008165376844725012,1297000.0,-129000.0,-0.0009018267234328139,-0.001,-0.001,134232325.0,134232325.0,,,1620597251,17:54:11,20210509
5,2015-06-30,RHP.AX,AUD,2015-06-30,2015-06-30,FY,108769000.0,88686000.0,20083000.0,0.18463900559902177,0.0,16994000.0,1254000.0,-185000.0,21546000.0,0.0,18000.0,182000.0,-1281000.0,-0.011777252709871379,-1463000.0,-0.013450523586683706,-157000.0,-1535000.0,-0.014112476900587484,786000.0,-2321000.0,-0.02133880057737039,-0.0198,-0.0198,117317393.0,117317393.0,,,1620597251,17:54:11,20210509
6,2014-06-30,RHP.AX,AUD,2014-06-30,2014-06-30,FY,74548000.0,62557000.0,11991000.0,0.16084938563073456,0.0,8797000.0,713000.0,-86000.0,10611000.0,0.0,0.0,98000.0,1478000.0,0.0198261522777271,1380000.0,0.018511563019799324,-86000.0,1370000.0,0.018377421258786285,486000.0,884000.0,0.01185813167355261,0.0051,0.005,174694609.0,174694609.0,,,1620597251,17:54:11,20210509
7,2013-06-30,RHP.AX,AUD,2013-06-30,2013-06-30,FY,61022.0,0.0,61022.0,1.0,0.0,668695.0,0.0,597300.0,1483075.0,0.0,0.0,469828.0,-952225.0,-15.604618006620562,-1422053.0,-23.303939562780638,576925.0,-823001.0,-13.48695552423716,0.0,-823001.0,-13.48695552423716,-0.042,-0.042,19341729.0,19341729.0,,,1620597251,17:54:11,20210509
8,2012-06-30,RHP.AX,AUD,2012-06-30,2012-06-30,FY,0.0,0.0,0.0,0.0,0.0,356510.0,0.0,0.0,356510.0,0.0,0.0,0.0,-356510.0,0.0,-356510.0,0.0,0.0,-354265.0,0.0,0.0,28465238.0,0.0,8.03,8.03,3542650.0,3542650.0,,,1620597251,17:54:11,20210509
9,2011-06-30,RHP.AX,AUD,2011-06-30,2011-06-30,FY,50365000.0,48019000.0,2346000.0,0.04657996624640127,0.0,11431000.0,4880000.0,-35625000.0,26984000.0,0.0,3001000.0,0.0,-60132000.0,-1.1939243522287302,-24638000.0,-0.4891889208775936,-43503000.0,-71011000.0,-1.4099275290380224,4082000.0,-75093000.0,-1.4909758761044376,-109.715781,-109.715781,684443.0,684443.0,,,1620597251,17:54:11,20210509
10,2010-06-30,RHP.AX,AUD,2010-06-30,2010-06-30,FY,130626000.0,108563000.0,22063000.0,0.16890205625220095,0.0,4990000.0,12671000.0,174000.0,22139000.0,0.0,1872000.0,0.0,309000.0,0.00236553212989757,-76000.0,-0.0005818137277417972,174000.0,-1563000.0,-0.011965458637637224,-489000.0,-1074000.0,-0.008221946626245924,-1.679997,-1.679997,644367.0,644367.0,,,1620597251,17:54:11,20210509
11,2009-06-30,RHP.AX,AUD,2009-06-30,2009-06-30,FY,173944000.0,145943000.0,28001000.0,0.1609770960768983,0.0,4535000.0,15754000.0,93000.0,26659000.0,0.0,1437000.0,0.0,1413000.0,0.008123304051878765,1342000.0,0.007715126707446075,-3040000.0,-3157000.0,-0.018149519385549373,-455000.0,-2702000.0,-0.01553373499517086,-6.17682,-6.17682,440464.0,440464.0,,,1620597251,17:54:11,20210509
12,2008-06-30,RHP.AX,AUD,2008-06-30,2008-06-30,FY,151763000.0,128650000.0,23113000.0,0.1522966731021395,0.0,4750000.0,15518000.0,-1130000.0,25205000.0,0.0,1844000.0,0.0,-3256000.0,-0.0214545047211771,-2092000.0,-0.01378465106778332,-1130000.0,-5100000.0,-0.03360502889373563,-403000.0,-4697000.0,-0.03094957268899534,-10.511791,-10.511791,449274.0,449274.0,,,1620597251,17:54:11,20210509
13,2007-06-30,RHP.AX,AUD,2007-06-30,2007-06-30,FY,154846000.0,127682000.0,27164000.0,0.17542590703021066,0.0,3405000.0,18562000.0,137000.0,22451000.0,0.0,1268000.0,0.0,4810000.0,0.031063120778063367,4713000.0,0.03043669193908787,137000.0,3542000.0,0.022874339666507367,1085000.0,2457000.0,0.015867377910956694,5.484413,5.484413,447406.0,447406.0,,,1620597251,17:54:11,20210509
14,2006-06-30,RHP.AX,AUD,2006-06-30,2006-06-30,FY,140972000.0,118975000.0,21997000.0,0.15603807848367052,0.0,3390000.0,10363000.0,91000.0,13753000.0,0.0,387000.0,0.0,8304000.0,0.05890531453054507,8244000.0,0.05847969809607582,101000.0,7927000.0,0.05623102460062991,1725000.0,6202000.0,0.04399455210963879,14.053808,14.053808,440430.0,440430.0,,,1620597251,17:54:11,20210509
15,2005-06-30,RHP.AX,AUD,2005-06-30,2005-06-30,FY,116218000.0,99307000.0,16911000.0,0.1455110223889587,0.0,2719000.0,6608000.0,67000.0,9327000.0,0.0,2152000.0,0.0,7534000.0,0.06482644684988556,7584000.0,0.06525667280455695,67000.0,5382000.0,0.04630952176082879,5382000.0,3899000.0,0.03354901994527526,8.912171,8.912171,437603.0,437603.0,,,1620597251,17:54:11,20210509
