,date,symbol,reportedCurrency,fillingDate,acceptedDate,period,revenue,costOfRevenue,grossProfit,grossProfitRatio,researchAndDevelopmentExpenses,generalAndAdministrativeExpenses,sellingAndMarketingExpenses,otherExpenses,operatingExpenses,costAndExpenses,interestExpense,depreciationAndAmortization,ebitda,ebitdaratio,operatingIncome,operatingIncomeRatio,totalOtherIncomeExpensesNet,incomeBeforeTax,incomeBeforeTaxRatio,incomeTaxExpense,netIncome,netIncomeRatio,eps,epsdiluted,weightedAverageShsOut,weightedAverageShsOutDil,link,finalLink,timestamp,est_time,est_date
0,2020-03-31,IDFC.NS,INR,2020-03-31,2020-03-31,FY,3702500000,0.0,0.0,0.0,0.0,282400000.0,142200000.0,0.0,2703500000,0.0,25800000,315700000,0.0,0.0,0.0,-2.4743011478730588,0.0,-9161100000,-2.4743011478730588,603900000,-9961300000,-2.6904253882511817,-6.24,-6.24,1596358316,1596358316,https://www.nseindia.com/companies-listing/corporate-filings-annual-reports,https://www.nseindia.com/companies-listing/corporate-filings-annual-reports,1620593431,16:50:31,20210509
1,2019-03-31,IDFC.NS,INR,2019-03-31,2019-03-31,FY,3968700000,1101100000.0,2799100000.0,0.7052939249628342,0.0,298200000.0,231300000.0,373600000.0,3287400000,3932600000.0,48000000,139300000,106900000.0,0.026935772419180083,-32400000.0,-0.00816388237962053,0.0,-7003200000,-1.7646080580542747,-1484600000,-8391800000,-2.114495930657394,-5.15,-5.15,1596357061,1596357061,https://www.nseindia.com/companies-listing/corporate-filings-annual-reports,https://www.nseindia.com/companies-listing/corporate-filings-annual-reports,1620593431,16:50:31,20210509
2,2018-03-31,IDFC.NS,INR,2018-03-31,2018-03-31,FY,39588500000,9867800000.0,101112000000.0,2.554075047046491,0.0,3370400000.0,337600000.0,0.0,22196500000,24036900000.0,73661700000,1827100000,88770000000.0,2.242317844828675,86942900000.0,2.1961655531278024,0.0,13761500000,0.34761357464920367,3288200000,5896500000,0.14894476931432107,3.6943929715747896,3.6935227740631715,1596067350,1596443385,https://www.nseindia.com/companies-listing/corporate-filings-annual-reports,https://www.nseindia.com/companies-listing/corporate-filings-annual-reports,1620593431,16:50:31,20210509
3,2017-03-31,IDFC.NS,INR,2017-03-31,2017-03-31,FY,36735800000,0.0,0.0,0.0,0.0,2841200000.0,192300000.0,0.0,17480000000,0.0,66503300000,1486200000,0.0,0.0,0.0,0.48766053822157135,0.0,17914600000,0.48766053822157135,4828700000,6990800000,0.19029938098530588,4.3805832094230714,4.379700411363492,1595860566,1596182237,https://www.nseindia.com/companies-listing/corporate-filings-annual-reports,https://www.nseindia.com/companies-listing/corporate-filings-annual-reports,1620593431,16:50:31,20210509
4,2016-03-31,IDFC.NS,INR,2016-03-31,2016-03-31,FY,26956700000,0.0,0.0,0.0,0.0,1708900000.0,117000000.0,0.0,12292800000,0.0,57355500000,623800000,0.0,0.0,0.0,-0.3558744208304429,0.0,-9593200000,-0.3558744208304429,-3674600000,-9348000000,-0.3467783519496081,-5.865249513963563,-5.861527669138829,1593794088,1594806086,https://www.nseindia.com/companies-listing/corporate-filings-annual-reports,https://www.nseindia.com/companies-listing/corporate-filings-annual-reports,1620593431,16:50:31,20210509
5,2015-03-31,IDFC.NS,INR,2015-03-31,2015-03-31,FY,40965900000,0.0,0.0,0.0,0.0,1102200000.0,130100000.0,0.0,6978100000,0.0,56520700000,-613000000,0.0,0.0,0.0,0.5727055917238484,0.0,23461400000,0.5727055917238484,5962700000,17069500000,0.41667582062154135,10.96,10.91,1556765804,1564497370,https://www.nseindia.com/companies-listing/corporate-filings-annual-reports,https://www.nseindia.com/companies-listing/corporate-filings-annual-reports,1620593431,16:50:31,20210509
6,2014-03-31,IDFC.NS,INR,2014-03-31,2014-03-31,FY,37007600000,0.0,0.0,0.0,0.0,538800000.0,88200000.0,0.0,5420600000,0.0,50549700000,309600000,0.0,0.0,0.0,0.6924658718749662,0.0,25626500000,0.6924658718749662,7384600000,18026800000,0.4871107556285736,11.89,11.88,1515648733,1517877652,https://www.nseindia.com/companies-listing/corporate-filings-annual-reports,https://www.nseindia.com/companies-listing/corporate-filings-annual-reports,1620593431,16:50:31,20210509
7,2013-03-31,IDFC.NS,INR,2013-03-31,2013-03-31,FY,34167600000,0.0,0.0,0.0,0.0,589500000.0,85800000.0,0.0,5247800000,0.0,46728100000,344000000,0.0,0.0,0.0,0.7590699961366909,0.0,25935600000,0.7590699961366909,7511300000,18362000000,0.5374097097835376,12.13,12.06,1513583202,1523030046,https://www.nseindia.com/companies-listing/corporate-filings-annual-reports,https://www.nseindia.com/companies-listing/corporate-filings-annual-reports,1620593431,16:50:31,20210509
8,2012-03-31,IDFC.NS,INR,2012-03-31,2012-03-31,FY,63364500000,0.0,0.0,0.0,0.0,430300000.0,56600000.0,0.0,7954900000,7954900000.0,33700500000,384400000,55794000000.0,0.8805245839547381,55409600000.0,0.8744580956213652,0.0,21726700000,0.3428844226656882,6218600000,15540100000,0.24524931152301369,10.24,10.2,1469679676,1474421114,https://www.nseindia.com/companies-listing/corporate-filings-annual-reports,https://www.nseindia.com/companies-listing/corporate-filings-annual-reports,1620593431,16:50:31,20210509
9,2011-03-31,IDFC.NS,INR,2011-03-31,2011-03-31,FY,49167394344,0.0,0.0,0.0,0.0,29565036.0,64947917.0,0.0,7578210370,7578210370.0,22985017181,401726338,41990910312.0,0.8540397731514979,41589183974.0,0.8458691888982565,0.0,17788381989,0.3617922451725521,4997541654,12816532308,0.2606713753901426,8.77,8.71,1418087937,1428542814,https://www.nseindia.com/companies-listing/corporate-filings-annual-reports,https://www.nseindia.com/companies-listing/corporate-filings-annual-reports,1620593431,16:50:31,20210509
10,2010-03-31,IDFC.NS,INR,2010-03-31,2010-03-31,FY,40333999818,0.0,0.0,0.0,0.0,509453645.0,114339078.0,0.0,6762522233,6762522233.0,19375011921,405742123,33977219708.0,0.8423964858758407,33571477585.0,0.8323369300462469,0.0,14287218993,0.35422271675183553,3665759010,10622916414,0.2633737408125656,8.2,8.12,1295934260,1308531013,https://www.nseindia.com/companies-listing/corporate-filings-annual-reports,https://www.nseindia.com/companies-listing/corporate-filings-annual-reports,1620593431,16:50:31,20210509
11,2009-03-31,IDFC.NS,INR,2009-03-31,2009-03-31,FY,36263836485,0.0,0.0,0.0,0.0,0.0,130820779.0,0.0,5176961944,5176961944.0,20488763471,238053249,31324927790.0,0.8638062275335124,31086874541.0,0.8572417469910727,0.0,10358913942,0.2856541101569552,2781653175,7498256524,0.20676953270240844,5.79,5.78,1295043809,1297625220,https://www.nseindia.com/companies-listing/corporate-filings-annual-reports,https://www.nseindia.com/companies-listing/corporate-filings-annual-reports,1620593431,16:50:31,20210509
12,2008-03-31,IDFC.NS,INR,2008-03-31,2008-03-31,FY,27951250000,0.0,0.0,0.0,0.0,208720000.0,60490000.0,0.0,3225450000,3225450000.0,14715450000,72890000,24798690000.0,0.887212199812173,24725800000.0,0.8846044452394795,0.0,10003780000,0.3579009883278923,2480400000,7421500000,0.2655158534949242,5.95,5.93,1248046048,1252550109,https://www.nseindia.com/companies-listing/corporate-filings-annual-reports,https://www.nseindia.com/companies-listing/corporate-filings-annual-reports,1620593431,16:50:31,20210509
13,2007-03-31,IDFC.NS,INR,2007-03-31,2007-03-31,FY,15660670000,0.0,0.0,0.0,0.0,6520000.0,14570000.0,0.0,993500000,993500000.0,8418720000,44220000,14711390000.0,0.9393844580085016,14667170000.0,0.9365608240260475,0.0,6161970000,0.3934678401371078,1241030000,5039250000,0.3217774207616915,4.48,4.45,1124668564,1131637822,https://www.nseindia.com/companies-listing/corporate-filings-annual-reports,https://www.nseindia.com/companies-listing/corporate-filings-annual-reports,1620593431,16:50:31,20210509
14,2006-03-31,IDFC.NS,INR,2006-03-31,2006-03-31,FY,10346860000,0.0,0.0,0.0,0.0,4540000.0,8200000.0,0.0,931330000,931330000.0,4940120000,38570000,9454100000.0,0.913716818435738,9415530000.0,0.9099891174713874,0.0,4426240000,0.4277858210123651,516940000,3907640000,0.3776643348803405,3.62,3.59,1080726367,1089080031,https://www.nseindia.com/companies-listing/corporate-filings-annual-reports,https://www.nseindia.com/companies-listing/corporate-filings-annual-reports,1620593431,16:50:31,20210509
