,date,symbol,reportedCurrency,fillingDate,acceptedDate,period,revenue,costOfRevenue,grossProfit,grossProfitRatio,researchAndDevelopmentExpenses,generalAndAdministrativeExpenses,sellingAndMarketingExpenses,otherExpenses,operatingExpenses,costAndExpenses,interestExpense,depreciationAndAmortization,ebitda,ebitdaratio,operatingIncome,operatingIncomeRatio,totalOtherIncomeExpensesNet,incomeBeforeTax,incomeBeforeTaxRatio,incomeTaxExpense,netIncome,netIncomeRatio,eps,epsdiluted,weightedAverageShsOut,weightedAverageShsOutDil,link,finalLink,timestamp,est_time,est_date
0,2020-12-31,BRY.TO,CAD,2020-12-31,2020-12-31,FY,45155719.0,39003250.0,6152469.0,0.13625005063035317,0.0,8147200.0,0.0,0.0,0.0,47892266.0,2052037.0,1182269.0,-1554278.0,-0.034420401987176864,-2736547.0,-0.11345854109863691,-334718.0,-5123302.0,-0.11345854109863691,25014.0,-5148316.0,-0.1140124908652213,-0.21519478718863722,-0.21519478718863722,23923981.0,23923981.0,https://www.sedar.com/ModifyCompanyDocumentSearchForm.do?lang=EN&company_search=Bri-Chem Corp&document_selection=0&industry_group=A&FromDate=13&FromMonth=05&FromYear=2000&ToDate=13&ToMonth=11&ToYear=2020&Variable=Issuer,https://www.sedar.com/ModifyCompanyDocumentSearchForm.do?lang=EN&company_search=Bri-Chem Corp&document_selection=0&industry_group=A&FromDate=13&FromMonth=05&FromYear=2000&ToDate=13&ToMonth=11&ToYear=2020&Variable=Issuer,1620589694,15:48:14,20210509
1,2019-12-31,BRY.TO,CAD,2019-12-31,2019-12-31,FY,91726026.0,76798827.0,14927199.0,0.16273678966534535,0.0,13433410.0,0.0,0.0,13555651.0,90354478.0,2662585.0,1480545.0,2852093.0,0.031093606955129617,1371548.0,0.014952659128609802,-2349570.0,-3640607.0,-0.03969001120794222,15218.0,-3655825.0,-0.03985591831919111,-0.15,-0.15,23923981.0,23923981.0,https://www.sedar.com/ModifyCompanyDocumentSearchForm.do?lang=EN&company_search=Bri-Chem Corp&document_selection=0&industry_group=A&FromDate=13&FromMonth=05&FromYear=2000&ToDate=13&ToMonth=11&ToYear=2020&Variable=Issuer,https://www.sedar.com/ModifyCompanyDocumentSearchForm.do?lang=EN&company_search=Bri-Chem Corp&document_selection=0&industry_group=A&FromDate=13&FromMonth=05&FromYear=2000&ToDate=13&ToMonth=11&ToYear=2020&Variable=Issuer,1620589694,15:48:14,20210509
2,2018-12-31,BRY.TO,CAD,2018-12-31,2018-12-31,FY,121436493.0,106017131.0,15419362.0,0.1269746977953324,0.0,16274039.0,0.0,0.0,16776523.0,122793654.0,2880849.0,1066033.0,-291128.0,-0.002397368310035106,-1357161.0,-0.011175890924320418,-2901638.0,-7139648.0,-0.05879326571132123,2215768.0,-9355416.0,-0.0770395765628706,-0.39,-0.39,23923981.0,23923981.0,https://www.sedar.com/ModifyCompanyDocumentSearchForm.do?lang=EN&company_search=Bri-Chem Corp&document_selection=0&industry_group=A&FromDate=13&FromMonth=05&FromYear=2000&ToDate=13&ToMonth=11&ToYear=2020&Variable=Issuer,https://www.sedar.com/ModifyCompanyDocumentSearchForm.do?lang=EN&company_search=Bri-Chem Corp&document_selection=0&industry_group=A&FromDate=13&FromMonth=05&FromYear=2000&ToDate=13&ToMonth=11&ToYear=2020&Variable=Issuer,1620589694,15:48:14,20210509
3,2017-12-31,BRY.TO,CAD,2017-12-31,2017-12-31,FY,116209916.0,96455185.0,19754731.0,0.16999178452207125,0.0,14552757.0,0.0,0.0,14967178.0,111422363.0,3300974.0,954453.0,5742006.0,0.049410637212748694,4787553.0,0.04119745685041197,670421.0,2157000.0,0.018561238784476877,448972.0,1708028.0,0.014697781900126319,0.07211839585983014,0.0720271593603452,23683666.0,23713666.0,https://www.sedar.com/ModifyCompanyDocumentSearchForm.do?lang=EN&company_search=Bri-Chem Corp&document_selection=0&industry_group=A&FromDate=13&FromMonth=05&FromYear=2000&ToDate=13&ToMonth=11&ToYear=2020&Variable=Issuer,https://www.sedar.com/ModifyCompanyDocumentSearchForm.do?lang=EN&company_search=Bri-Chem Corp&document_selection=0&industry_group=A&FromDate=13&FromMonth=05&FromYear=2000&ToDate=13&ToMonth=11&ToYear=2020&Variable=Issuer,1620589694,15:48:14,20210509
4,2016-12-31,BRY.TO,CAD,2016-12-31,2016-12-31,FY,62091325.0,52138781.0,9952544.0,0.16028880040810853,0.0,12153520.0,0.0,0.0,12358843.0,64497624.0,2960239.0,1063916.0,-1342383.0,-0.021619493544388045,-2406299.0,-0.038754189896897835,-175540.0,-5542078.0,-0.08925688089278172,1250986.0,-6793064.0,-0.10940439747420433,-0.29,-0.29,23655900.0,23655900.0,https://www.sedar.com/ModifyCompanyDocumentSearchForm.do?lang=EN&company_search=Bri-Chem Corp&document_selection=0&industry_group=A&FromDate=13&FromMonth=05&FromYear=2000&ToDate=13&ToMonth=11&ToYear=2020&Variable=Issuer,https://www.sedar.com/ModifyCompanyDocumentSearchForm.do?lang=EN&company_search=Bri-Chem Corp&document_selection=0&industry_group=A&FromDate=13&FromMonth=05&FromYear=2000&ToDate=13&ToMonth=11&ToYear=2020&Variable=Issuer,1620589694,15:48:14,20210509
5,2015-12-31,BRY.TO,CAD,2015-12-31,2015-12-31,FY,96822080.0,84952427.0,11869653.0,0.12259241900194666,0.0,14460905.0,0.0,0.0,15423549.0,100375976.0,3307832.0,1610928.0,-1942968.0,-0.02006740611232479,-3553896.0,-0.03670542917483285,-7461603.0,-14323331.0,-0.14793455170556138,34036.0,-14357367.0,-0.14828608309179064,-0.61,-0.61,23655900.0,23655900.0,https://www.sedar.com/ModifyCompanyDocumentSearchForm.do?lang=EN&company_search=Bri-Chem Corp&document_selection=0&industry_group=A&FromDate=13&FromMonth=05&FromYear=2000&ToDate=13&ToMonth=11&ToYear=2020&Variable=Issuer,https://www.sedar.com/ModifyCompanyDocumentSearchForm.do?lang=EN&company_search=Bri-Chem Corp&document_selection=0&industry_group=A&FromDate=13&FromMonth=05&FromYear=2000&ToDate=13&ToMonth=11&ToYear=2020&Variable=Issuer,1620589694,15:48:14,20210509
6,2014-12-31,BRY.TO,CAD,2014-12-31,2014-12-31,FY,184707721.0,152957843.0,31749878.0,0.1718925328519429,0.0,18084912.0,0.0,0.0,20252402.0,173210245.0,3241958.0,2167490.0,13664966.0,0.07398156355358854,11497476.0,0.06224686189485279,-6452687.0,1802831.0,0.0097604528399763,691845.0,-8380012.0,-0.04536904009551393,-0.34897039098744864,-0.34877820630451084,24013533.0,24026765.0,https://www.sedar.com/ModifyCompanyDocumentSearchForm.do?lang=EN&company_search=Bri-Chem Corp&document_selection=0&industry_group=A&FromDate=13&FromMonth=05&FromYear=2000&ToDate=13&ToMonth=11&ToYear=2020&Variable=Issuer,https://www.sedar.com/ModifyCompanyDocumentSearchForm.do?lang=EN&company_search=Bri-Chem Corp&document_selection=0&industry_group=A&FromDate=13&FromMonth=05&FromYear=2000&ToDate=13&ToMonth=11&ToYear=2020&Variable=Issuer,1620589694,15:48:14,20210509
7,2013-12-31,BRY.TO,CAD,2013-12-31,2013-12-31,FY,179947009.0,152090420.0,27856589.0,0.1548044013335059,0.0,19246715.0,0.0,0.0,20922960.0,173013380.0,3824807.0,1676245.0,8609874.0,0.04784671914163353,6933629.0,0.03853150457199319,-3136597.0,64165.0,0.00035657719656790736,464958.0,109481.0,0.0006084068893859747,0.006215839948011798,0.006208065603026297,17613227.0,17635284.0,https://www.sedar.com/ModifyCompanyDocumentSearchForm.do?lang=EN&company_search=Bri-Chem Corp&document_selection=0&industry_group=A&FromDate=13&FromMonth=05&FromYear=2000&ToDate=13&ToMonth=11&ToYear=2020&Variable=Issuer,https://www.sedar.com/ModifyCompanyDocumentSearchForm.do?lang=EN&company_search=Bri-Chem Corp&document_selection=0&industry_group=A&FromDate=13&FromMonth=05&FromYear=2000&ToDate=13&ToMonth=11&ToYear=2020&Variable=Issuer,1620589694,15:48:14,20210509
8,2012-12-31,BRY.TO,CAD,2012-12-31,2012-12-31,FY,160068060.0,134685523.0,25382537.0,0.15857340308866116,0.0,16605521.0,0.0,0.0,17618618.0,152304141.0,2262607.0,1013097.0,8777016.0,0.0548330254018197,7763919.0,0.04850386141994849,982740.0,6484052.0,0.04050809386957023,1591532.0,5365835.0,0.03352220924024443,0.3104697663102172,0.3083662934128268,17282955.0,17400848.0,https://www.sedar.com/ModifyCompanyDocumentSearchForm.do?lang=EN&company_search=Bri-Chem Corp&document_selection=0&industry_group=A&FromDate=13&FromMonth=05&FromYear=2000&ToDate=13&ToMonth=11&ToYear=2020&Variable=Issuer,https://www.sedar.com/ModifyCompanyDocumentSearchForm.do?lang=EN&company_search=Bri-Chem Corp&document_selection=0&industry_group=A&FromDate=13&FromMonth=05&FromYear=2000&ToDate=13&ToMonth=11&ToYear=2020&Variable=Issuer,1620589694,15:48:14,20210509
9,2011-12-31,BRY.TO,CAD,2011-12-31,2011-12-31,FY,185723319.0,154686351.0,31036968.0,0.1671140068307739,0.0,14663024.0,0.0,0.0,16318823.0,171005174.0,1898073.0,1448019.0,16166164.0,0.08704434148088856,14718145.0,0.07924769533113933,0.0,12820072.0,0.06902779935781785,3357805.0,10097640.0,0.054369263129526564,0.64,0.61,15878345.0,16470219.0,https://www.sedar.com/ModifyCompanyDocumentSearchForm.do?lang=EN&company_search=Bri-Chem Corp&document_selection=0&industry_group=A&FromDate=13&FromMonth=05&FromYear=2000&ToDate=13&ToMonth=11&ToYear=2020&Variable=Issuer,https://www.sedar.com/ModifyCompanyDocumentSearchForm.do?lang=EN&company_search=Bri-Chem Corp&document_selection=0&industry_group=A&FromDate=13&FromMonth=05&FromYear=2000&ToDate=13&ToMonth=11&ToYear=2020&Variable=Issuer,1620589694,15:48:14,20210509
10,2010-12-31,BRY.TO,CAD,2010-12-31,2010-12-31,FY,152495386.0,131877684.0,20617702.0,0.1352021365420197,0.0,10451916.0,0.0,0.0,10704188.0,142581872.0,1759580.0,898637.0,10812151.0,0.0709014959967379,9913514.0,0.06500861606396406,-8119.0,9763392.0,0.06402417972173925,2823246.0,6973587.0,0.04572982293379027,0.5026012270999834,0.49991340247276084,13874990.0,13949590.0,https://www.sedar.com/ModifyCompanyDocumentSearchForm.do?lang=EN&company_search=Bri-Chem Corp&document_selection=0&industry_group=A&FromDate=13&FromMonth=05&FromYear=2000&ToDate=13&ToMonth=11&ToYear=2020&Variable=Issuer,https://www.sedar.com/ModifyCompanyDocumentSearchForm.do?lang=EN&company_search=Bri-Chem Corp&document_selection=0&industry_group=A&FromDate=13&FromMonth=05&FromYear=2000&ToDate=13&ToMonth=11&ToYear=2020&Variable=Issuer,1620589694,15:48:14,20210509
11,2009-12-31,BRY.TO,CAD,2009-12-31,2009-12-31,FY,96479615.0,83172710.0,13306905.0,0.1379245242634934,0.0,9734956.0,0.0,0.0,11262183.0,94434893.0,1831095.0,1527227.0,3571949.0,0.037022836378441185,2044722.0,0.021193305964166628,-6884132.0,-9770057.0,-0.1012655056718458,-1322719.0,-8447338.0,-0.08755567691682849,-0.58,-0.58,14485860.0,14485860.0,https://www.sedar.com/ModifyCompanyDocumentSearchForm.do?lang=EN&company_search=Bri-Chem Corp&document_selection=0&industry_group=A&FromDate=13&FromMonth=05&FromYear=2000&ToDate=13&ToMonth=11&ToYear=2020&Variable=Issuer,https://www.sedar.com/ModifyCompanyDocumentSearchForm.do?lang=EN&company_search=Bri-Chem Corp&document_selection=0&industry_group=A&FromDate=13&FromMonth=05&FromYear=2000&ToDate=13&ToMonth=11&ToYear=2020&Variable=Issuer,1620589694,15:48:14,20210509
12,2008-12-31,BRY.TO,CAD,2008-12-31,2008-12-31,FY,111282825.0,92843778.0,18439047.0,0.1656953532586902,0.0,8699903.0,0.0,0.0,10051493.0,102895271.0,1904978.0,1351590.0,9739144.0,0.08751704497077605,8387554.0,0.0753715049918979,14442.0,6497018.0,0.05838293555182482,2010230.0,4486788.0,0.04031878234579325,0.33,0.33,13515723.0,13515723.0,https://www.sedar.com/ModifyCompanyDocumentSearchForm.do?lang=EN&company_search=Bri-Chem Corp&document_selection=0&industry_group=A&FromDate=13&FromMonth=05&FromYear=2000&ToDate=13&ToMonth=11&ToYear=2020&Variable=Issuer,https://www.sedar.com/ModifyCompanyDocumentSearchForm.do?lang=EN&company_search=Bri-Chem Corp&document_selection=0&industry_group=A&FromDate=13&FromMonth=05&FromYear=2000&ToDate=13&ToMonth=11&ToYear=2020&Variable=Issuer,1620589694,15:48:14,20210509
13,2007-12-31,BRY.TO,CAD,2007-12-31,2007-12-31,FY,59518665.0,48622056.0,10896609.0,0.18307885433922283,0.0,0.0,0.0,0.0,5905048.0,54527104.0,0.0,668405.0,5659966.0,0.09509564772664172,4991561.0,0.08386547312511125,7874.0,3445377.0,0.05788733668673516,1044857.0,2400520.0,0.04033222183326861,0.19,0.19,12634316.0,12634316.0,https://www.sedar.com/ModifyCompanyDocumentSearchForm.do?lang=EN&company_search=Bri-Chem Corp&document_selection=0&industry_group=A&FromDate=13&FromMonth=05&FromYear=2000&ToDate=13&ToMonth=11&ToYear=2020&Variable=Issuer,https://www.sedar.com/ModifyCompanyDocumentSearchForm.do?lang=EN&company_search=Bri-Chem Corp&document_selection=0&industry_group=A&FromDate=13&FromMonth=05&FromYear=2000&ToDate=13&ToMonth=11&ToYear=2020&Variable=Issuer,1620589694,15:48:14,20210509
14,2006-12-31,BRY.TO,CAD,2006-12-31,2006-12-31,FY,291558.0,0.0,0.0,0.0,482341.0,0.0,0.0,-2252.0,655600.0,655600.0,0.0,42344.0,-321698.0,-1.1033756576736018,-364042.0,-1.2486091961119228,-2159.0,0.0,0.0,0.0,-365540.0,-1.253747110351971,-0.04,-0.04,8764696.0,8764696.0,https://www.sedar.com/ModifyCompanyDocumentSearchForm.do?lang=EN&company_search=Bri-Chem Corp&document_selection=0&industry_group=A&FromDate=13&FromMonth=05&FromYear=2000&ToDate=13&ToMonth=11&ToYear=2020&Variable=Issuer,https://www.sedar.com/ModifyCompanyDocumentSearchForm.do?lang=EN&company_search=Bri-Chem Corp&document_selection=0&industry_group=A&FromDate=13&FromMonth=05&FromYear=2000&ToDate=13&ToMonth=11&ToYear=2020&Variable=Issuer,1620589694,15:48:14,20210509
15,2005-12-31,BRY.TO,CAD,2005-12-31,2005-12-31,FY,269771.0,0.0,0.0,0.0,267424.0,0.0,0.0,0.0,423320.0,423320.0,0.0,25210.0,-128339.0,-0.47573312179589355,-153549.0,-0.56918275129647,-2114.0,0.0,0.0,0.0,-154230.0,-0.5717071145527133,-0.1,-0.1,1711852.0,1711852.0,https://www.sedar.com/ModifyCompanyDocumentSearchForm.do?lang=EN&company_search=Bri-Chem Corp&document_selection=0&industry_group=A&FromDate=13&FromMonth=05&FromYear=2000&ToDate=13&ToMonth=11&ToYear=2020&Variable=Issuer,https://www.sedar.com/ModifyCompanyDocumentSearchForm.do?lang=EN&company_search=Bri-Chem Corp&document_selection=0&industry_group=A&FromDate=13&FromMonth=05&FromYear=2000&ToDate=13&ToMonth=11&ToYear=2020&Variable=Issuer,1620589694,15:48:14,20210509
16,2004-12-31,BRY.TO,CAD,2004-12-31,2004-12-31,FY,302885.0,0.0,0.0,0.0,0.0,0.0,0.0,0.0,482691.0,482691.0,0.0,28178.0,-151628.0,-0.5006124436667382,-179806.0,-0.5936444525149809,283418.0,0.0,0.0,0.0,107135.0,0.35371510639351567,0.05,0.05,1591518.0,1591518.0,https://www.sedar.com/ModifyCompanyDocumentSearchForm.do?lang=EN&company_search=Bri-Chem Corp&document_selection=0&industry_group=A&FromDate=13&FromMonth=05&FromYear=2000&ToDate=13&ToMonth=11&ToYear=2020&Variable=Issuer,https://www.sedar.com/ModifyCompanyDocumentSearchForm.do?lang=EN&company_search=Bri-Chem Corp&document_selection=0&industry_group=A&FromDate=13&FromMonth=05&FromYear=2000&ToDate=13&ToMonth=11&ToYear=2020&Variable=Issuer,1620589694,15:48:14,20210509
17,2003-12-31,BRY.TO,CAD,2003-12-31,2003-12-31,FY,240588.0,0.0,0.0,0.0,0.0,0.0,0.0,0.0,705390.0,705390.0,0.0,44234.0,-420568.0,-1.7480838612067102,-464802.0,-1.9319417427303107,-4274.0,0.0,0.0,0.0,-458504.0,-1.9057642110163433,-0.3,-0.3,1499852.0,1499852.0,https://www.sedar.com/ModifyCompanyDocumentSearchForm.do?lang=EN&company_search=Bri-Chem Corp&document_selection=0&industry_group=A&FromDate=13&FromMonth=05&FromYear=2000&ToDate=13&ToMonth=11&ToYear=2020&Variable=Issuer,https://www.sedar.com/ModifyCompanyDocumentSearchForm.do?lang=EN&company_search=Bri-Chem Corp&document_selection=0&industry_group=A&FromDate=13&FromMonth=05&FromYear=2000&ToDate=13&ToMonth=11&ToYear=2020&Variable=Issuer,1620589694,15:48:14,20210509
18,2002-12-31,BRY.TO,CAD,2002-12-31,2002-12-31,FY,226983.0,0.0,0.0,0.0,0.0,0.0,0.0,0.0,1013562.0,1013562.0,0.0,59127.0,-727452.0,-3.204874373851786,-786579.0,-3.465365247617663,0.0,0.0,0.0,0.0,-770640.0,-3.3951441297365883,-0.55,-0.55,1499852.0,1499852.0,https://www.sedar.com/ModifyCompanyDocumentSearchForm.do?lang=EN&company_search=Bri-Chem Corp&document_selection=0&industry_group=A&FromDate=13&FromMonth=05&FromYear=2000&ToDate=13&ToMonth=11&ToYear=2020&Variable=Issuer,https://www.sedar.com/ModifyCompanyDocumentSearchForm.do?lang=EN&company_search=Bri-Chem Corp&document_selection=0&industry_group=A&FromDate=13&FromMonth=05&FromYear=2000&ToDate=13&ToMonth=11&ToYear=2020&Variable=Issuer,1620589694,15:48:14,20210509
19,2001-12-31,BRY.TO,CAD,2001-12-31,2001-12-31,FY,67226.0,0.0,0.0,0.0,0.0,990990.0,0.0,0.0,1776021.0,1776021.0,0.0,217088.0,-1491707.0,-22.189435635022164,-1708795.0,-25.418662422277094,-567943.0,0.0,0.0,0.0,-1634779.0,-24.3176598339928,-1.1,-1.1,1499852.0,1499852.0,https://www.sedar.com/ModifyCompanyDocumentSearchForm.do?lang=EN&company_search=Bri-Chem Corp&document_selection=0&industry_group=A&FromDate=13&FromMonth=05&FromYear=2000&ToDate=13&ToMonth=11&ToYear=2020&Variable=Issuer,https://www.sedar.com/ModifyCompanyDocumentSearchForm.do?lang=EN&company_search=Bri-Chem Corp&document_selection=0&industry_group=A&FromDate=13&FromMonth=05&FromYear=2000&ToDate=13&ToMonth=11&ToYear=2020&Variable=Issuer,1620589694,15:48:14,20210509
20,2000-12-31,BRY.TO,CAD,2000-12-31,2000-12-31,FY,114972.0,0.0,0.0,0.0,0.0,986129.0,0.0,0.0,1101034.0,1101034.0,0.0,114904.0,-871158.0,-7.57713182340048,-986062.0,-8.576540375047838,-1.0,0.0,0.0,0.0,-842827.0,-7.330715304595902,-0.65,-0.65,1308685.0,1308685.0,https://www.sedar.com/ModifyCompanyDocumentSearchForm.do?lang=EN&company_search=Bri-Chem Corp&document_selection=0&industry_group=A&FromDate=13&FromMonth=05&FromYear=2000&ToDate=13&ToMonth=11&ToYear=2020&Variable=Issuer,https://www.sedar.com/ModifyCompanyDocumentSearchForm.do?lang=EN&company_search=Bri-Chem Corp&document_selection=0&industry_group=A&FromDate=13&FromMonth=05&FromYear=2000&ToDate=13&ToMonth=11&ToYear=2020&Variable=Issuer,1620589694,15:48:14,20210509
21,1999-12-31,BRY.TO,CAD,1999-12-31,1999-12-31,FY,30000.0,13730.0,16270.0,0.5423333333333333,0.0,76417.0,0.0,0.0,221617.0,235347.0,0.0,47634.0,-157713.0,-5.2571,-205347.0,-6.8449,-97566.0,0.0,0.0,0.0,-190625.0,-6.354166666666667,-0.25,-0.25,782500.0,782500.0,https://www.sedar.com/ModifyCompanyDocumentSearchForm.do?lang=EN&company_search=Bri-Chem Corp&document_selection=0&industry_group=A&FromDate=13&FromMonth=05&FromYear=2000&ToDate=13&ToMonth=11&ToYear=2020&Variable=Issuer,https://www.sedar.com/ModifyCompanyDocumentSearchForm.do?lang=EN&company_search=Bri-Chem Corp&document_selection=0&industry_group=A&FromDate=13&FromMonth=05&FromYear=2000&ToDate=13&ToMonth=11&ToYear=2020&Variable=Issuer,1620589694,15:48:14,20210509
22,1998-12-31,BRY.TO,CAD,1998-12-31,1998-12-31,FY,100000.0,0.0,0.0,0.0,0.0,51757.0,0.0,0.0,89637.0,89637.0,0.0,37880.0,48243.0,0.48243,10363.0,0.10363,-100000.0,0.0,0.0,0.0,-77301.0,-0.77301,-0.1,-0.1,778459.0,778459.0,https://www.sedar.com/ModifyCompanyDocumentSearchForm.do?lang=EN&company_search=Bri-Chem Corp&document_selection=0&industry_group=A&FromDate=13&FromMonth=05&FromYear=2000&ToDate=13&ToMonth=11&ToYear=2020&Variable=Issuer,https://www.sedar.com/ModifyCompanyDocumentSearchForm.do?lang=EN&company_search=Bri-Chem Corp&document_selection=0&industry_group=A&FromDate=13&FromMonth=05&FromYear=2000&ToDate=13&ToMonth=11&ToYear=2020&Variable=Issuer,1620589694,15:48:14,20210509
