,date,symbol,reportedCurrency,fillingDate,acceptedDate,period,revenue,costOfRevenue,grossProfit,grossProfitRatio,researchAndDevelopmentExpenses,generalAndAdministrativeExpenses,sellingAndMarketingExpenses,otherExpenses,operatingExpenses,costAndExpenses,interestExpense,depreciationAndAmortization,ebitda,ebitdaratio,operatingIncome,operatingIncomeRatio,totalOtherIncomeExpensesNet,incomeBeforeTax,incomeBeforeTaxRatio,incomeTaxExpense,netIncome,netIncomeRatio,eps,epsdiluted,weightedAverageShsOut,weightedAverageShsOutDil,link,finalLink,timestamp,est_time,est_date
0,2020-03-31,0160.HK,HKD,2020-03-31,2020-03-31,FY,638477000,263294000,375183000.0,0.5876217937372842,0.0,103561000,0.0,8349000.0,0.0,395589000,189479000.0,35342000.0,278230000.0,0.43577137469321525,242888000.0,0.3804177754249566,0.0,-23585000,-0.03693946688760911,-10323000.0,-35946000.0,-0.05629960045545885,-0.05,-0.05,720429301,720429301,https://www1.hkexnews.hk/search/titlesearch.xhtml,https://www1.hkexnews.hk/search/titlesearch.xhtml,1620584564,14:22:44,20210509
1,2019-03-31,0160.HK,HKD,2019-03-31,2019-03-31,FY,1478353000,744358000,733995000.0,0.49649508608566423,0.0,92868000,0.0,4072000.0,0.0,862765000,118480000.0,5314000.0,620902000.0,0.41999576555802304,615588000.0,0.4164012248766025,0.0,1761126000,1.1912756966705516,460564000.0,1158507000.0,0.7836470721133586,1.61,1.61,720429301,720429301,https://www1.hkexnews.hk/search/titlesearch.xhtml,https://www1.hkexnews.hk/search/titlesearch.xhtml,1620584564,14:22:44,20210509
2,2018-03-31,0160.HK,HKD,2018-03-31,2018-03-31,FY,1781043000,891999000,889044000.0,0.4991704299110128,0.0,115382000,0.0,5074000.0,0.0,1041790000,102338000.0,5722000.0,744975000.0,0.4182801875081062,739253000.0,0.4150674632785396,0.0,3494110000,1.9618335997502587,385190000.0,2979893000.0,1.6731168197511233,4.14,4.14,720429301,720429301,https://www1.hkexnews.hk/search/titlesearch.xhtml,https://www1.hkexnews.hk/search/titlesearch.xhtml,1620584564,14:22:44,20210509
3,2017-03-31,0160.HK,HKD,2017-03-31,2017-03-31,FY,1574444000,940808000,633636000.0,0.4024506428936183,0.0,99982000,0.0,0.0,0.0,1029407000,111118000.0,4679000.0,549716000.0,0.34914928698639014,545037000.0,0.3461774442279306,0.0,1003877000,0.6376073077225992,303098000.0,584879000.0,0.3714828853868413,0.81,0.81,720429301,720429301,https://www1.hkexnews.hk/search/titlesearch.xhtml,https://www1.hkexnews.hk/search/titlesearch.xhtml,1620584564,14:22:44,20210509
4,2016-03-31,0160.HK,HKD,2016-03-31,2016-03-31,FY,1569505000,1033255000,536250000.0,0.34166823297791343,0.0,93816000,0.0,0.0,0.0,1120089000,112175000.0,7930000.0,457346000.0,0.2913950576774206,449416000.0,0.28634250926247445,0.0,899329000,0.5730016788732754,370091000.0,460100000.0,0.2931497510361547,0.64,0.64,720429301,720429301,https://www1.hkexnews.hk/search/titlesearch.xhtml,https://www1.hkexnews.hk/search/titlesearch.xhtml,1620584564,14:22:44,20210509
5,2015-03-31,0160.HK,HKD,2015-03-31,2015-03-31,FY,360698000,169109000,191589000.0,0.5311618029487272,0.0,83603000,0.0,0.0,0.0,245385000,70189000.0,7889000.0,123202000.0,0.34156552018586184,115313000.0,0.31969403767140375,0.0,2540032000,7.04199080671365,649462000.0,1898184000.0,5.262529872635834,2.63,2.63,720429301,720429301,https://www1.hkexnews.hk/search/titlesearch.xhtml,https://www1.hkexnews.hk/search/titlesearch.xhtml,1620584564,14:22:44,20210509
6,2014-03-31,0160.HK,HKD,2014-03-31,2014-03-31,FY,382237000,174191000,208046000.0,0.5442853517582024,0.0,79572000,0.0,0.0,0.0,-339058000,71794000.0,8504000.0,729799000.0,1.9092840305883523,721295000.0,1.8870360535479296,0.0,629233000,1.646185481782245,191700000.0,436782000.0,1.142699424702475,0.828,0.828,527408166,527408166,https://www1.hkexnews.hk/search/titlesearch.xhtml,https://www1.hkexnews.hk/search/titlesearch.xhtml,1620584564,14:22:44,20210509
7,2013-03-31,0160.HK,HKD,2013-03-31,2013-03-31,FY,238370000,96196000,142174000.0,0.5964425053488275,0.0,74139000,0.0,0.0,0.0,-237343000,56692000.0,8336000.0,484049000.0,2.0306624155724293,475713000.0,1.9956915719259973,0.0,425903000,1.7867307127574779,24641000.0,401863000.0,1.6858790955237655,0.831927,0.831927,483214986,483214986,https://www1.hkexnews.hk/search/titlesearch.xhtml,https://www1.hkexnews.hk/search/titlesearch.xhtml,1620584564,14:22:44,20210509
8,2012-03-31,0160.HK,HKD,2012-03-31,2012-03-31,FY,899422000,587277000,312145000.0,0.3470506614247817,0.0,63162000,0.0,0.0,0.0,480501000,48412000.0,7963000.0,426884000.0,0.4746203673025565,418921000.0,0.46576690363366696,0.0,372333000,0.41396919354874573,102851000.0,206487000.0,0.22957743973351774,0.427394,0.423418,483214986,488117560,https://www1.hkexnews.hk/search/titlesearch.xhtml,https://www1.hkexnews.hk/search/titlesearch.xhtml,1620584564,14:22:44,20210509
9,2011-03-31,0160.HK,HKD,2011-03-31,2011-03-31,FY,145534000,82557000,62977000.0,0.43273049596657825,0.0,60866000,0.0,0.0,0.0,-488229000,41651000.0,4163000.0,637926000.0,4.383346846784944,633763000.0,4.354741847265931,0.0,592306000,4.069880577734413,126902000.0,464285000.0,3.190216719117182,0.964121,0.924363,483214986,506824751,https://www1.hkexnews.hk/search/titlesearch.xhtml,https://www1.hkexnews.hk/search/titlesearch.xhtml,1620584564,14:22:44,20210509
10,2010-03-31,0160.HK,HKD,2010-03-31,2010-03-31,FY,812584000,620020000,192564000.0,0.2369773463420397,0.0,60886000,0.0,0.0,0.0,354599000,23068000.0,3242000.0,461227000.0,0.5676053183424729,457985000.0,0.563615576974196,0.0,511366000,0.6293084776466187,107309000.0,373866000.0,0.46009520246522206,0.775272,0.705697,483214986,532122736,https://www1.hkexnews.hk/search/titlesearch.xhtml,https://www1.hkexnews.hk/search/titlesearch.xhtml,1620584564,14:22:44,20210509
11,2009-03-31,0160.HK,HKD,2009-03-31,2009-03-31,FY,194858000,152909000,41949000.0,0.21527984481006682,0.0,49513000,0.0,0.0,0.0,-171509000,28619000.0,3092000.0,369459000.0,1.8960422461484774,366367000.0,1.8801742807582957,0.0,111798000,0.5737408779726776,38678000.0,76500000.0,0.39259358096665264,0.15903,0.149091,483214986,555447663,https://www1.hkexnews.hk/search/titlesearch.xhtml,https://www1.hkexnews.hk/search/titlesearch.xhtml,1620584564,14:22:44,20210509
12,2008-03-31,0160.HK,HKD,2008-03-31,2008-03-31,FY,1250745000,1009228000,241517000.0,0.1930985132860815,0.0,65731000,0.0,0.0,0.0,655339000,79954000.0,2993000.0,598399000.0,0.47843405330423067,595406000.0,0.4760410795166081,0.0,515945000,0.41251014395420327,79021000.0,399516000.0,0.3194224242351558,0.824969,0.765333,483214986,553641846,https://www1.hkexnews.hk/search/titlesearch.xhtml,https://www1.hkexnews.hk/search/titlesearch.xhtml,1620584564,14:22:44,20210509
13,2007-03-31,0160.HK,HKD,2007-03-31,2007-03-31,FY,392218000,269157000,123061000.0,0.3137566353405504,0.0,58032000,0.0,0.0,0.0,401433000,0.0,2596000.0,-6619000.0,-0.016875819059808575,-9215000.0,-0.023494587193856477,0.0,167150000,0.4261660607111351,61713000.0,105437000.0,0.26882244058151333,0.238545,0.238545,425080597,425080597,https://www1.hkexnews.hk/search/titlesearch.xhtml,https://www1.hkexnews.hk/search/titlesearch.xhtml,1620584564,14:22:44,20210509
14,2006-03-31,0160.HK,HKD,2006-03-31,2006-03-31,FY,1059427000,736109000,323318000.0,0.3051819521307273,0.0,42727000,0.0,0.0,0.0,782335000,0.0,0.0,277092000.0,0.2615489316394617,277092000.0,0.2615489316394617,0.0,747166000,0.7052548217102264,162520000.0,584646000.0,0.5518511421740243,1.292121,1.292121,402248815,402248815,https://www1.hkexnews.hk/search/titlesearch.xhtml,https://www1.hkexnews.hk/search/titlesearch.xhtml,1620584564,14:22:44,20210509
15,2005-03-31,0160.HK,HKD,2005-03-31,2005-03-31,FY,176212000,129277000,46935000.0,0.26635529929857216,0.0,35597000,0.0,0.0,0.0,148253000,18386000.0,1076000.0,29035000.0,0.16477311420334598,27959000.0,0.1586668331328173,0.0,232202000,1.3177422649989785,1902000.0,229616000.0,1.3030667604930424,0.566545,0.566545,402679155,402679155,https://www1.hkexnews.hk/search/titlesearch.xhtml,https://www1.hkexnews.hk/search/titlesearch.xhtml,1620584564,14:22:44,20210509
16,2004-03-31,0160.HK,HKD,2004-03-31,2004-03-31,FY,330727000,335929000,-5202000.0,-0.015728984933192632,0.0,28756000,0.0,0.0,0.0,177063000,29285000.0,1522000.0,155186000.0,0.46922688501392384,153664000.0,0.4646249021095949,0.0,137624000,0.41612568674465644,3157000.0,134415000.0,0.4064228200298131,0.427394,0.427394,310999983,310999983,https://www1.hkexnews.hk/search/titlesearch.xhtml,https://www1.hkexnews.hk/search/titlesearch.xhtml,1620584564,14:22:44,20210509
17,2003-03-31,0160.HK,HKD,2003-03-31,2003-03-31,FY,473877000,421694000,52183000.0,0.11011929255903959,0.0,39157000,0.0,0.0,0.0,920186000,33027000.0,2047000.0,-444262000.0,-0.9375048799583015,-446309000.0,-0.9418245662904087,0.0,-477882000,-1.0084515602149926,2865000.0,-479101000.0,-1.011023957693663,-3.569235,-3.569235,134228968,134228968,https://www1.hkexnews.hk/search/titlesearch.xhtml,https://www1.hkexnews.hk/search/titlesearch.xhtml,1620584564,14:22:44,20210509
18,2002-03-31,0160.HK,HKD,2002-03-31,2002-03-31,FY,640031000,545483000,94548000.0,0.14772409461416713,0.0,35431000,0.0,0.0,0.0,567739000,46220000.0,2118000.0,74410000.0,0.11625999365655726,72292000.0,0.11295077894664478,0.0,30647000,0.047883618137246474,13186000.0,3156000.0,0.004931011154147221,0.002385,0.002385,1342289690,1342289690,https://www1.hkexnews.hk/search/titlesearch.xhtml,https://www1.hkexnews.hk/search/titlesearch.xhtml,1620584564,14:22:44,20210509
19,2001-03-31,0160.HK,HKD,2001-03-31,2001-03-31,FY,322491000,365294000,-42803000.0,-0.1327261846067022,0.0,52852000,0.0,0.0,0.0,705786000,59760000.0,2653000.0,-380642000.0,-1.1803182104306786,-383295000.0,-1.1885447965989748,0.0,-395442000,-1.226210964026903,1339000.0,-397101000.0,-1.2313552936361014,-0.296194,-0.296194,1342285304,1342285304,https://www1.hkexnews.hk/search/titlesearch.xhtml,https://www1.hkexnews.hk/search/titlesearch.xhtml,1620584564,14:22:44,20210509
20,2000-03-31,0160.HK,HKD,2000-03-31,2000-03-31,FY,166050000,147756000,18294000.0,0.11017163504968383,0.0,41646000,0.0,0.0,0.0,143366000,77978000.0,1733000.0,24417000.0,0.14704607046070461,22684000.0,0.1366094549834387,0.0,-31409000,-0.18915386931647094,-82110000.0,50326000.0,0.30307738632941883,0.042739,0.042739,1175159183,1175159183,https://www1.hkexnews.hk/search/titlesearch.xhtml,https://www1.hkexnews.hk/search/titlesearch.xhtml,1620584564,14:22:44,20210509
