,date,symbol,reportedCurrency,fillingDate,acceptedDate,period,revenue,costOfRevenue,grossProfit,grossProfitRatio,researchAndDevelopmentExpenses,generalAndAdministrativeExpenses,sellingAndMarketingExpenses,otherExpenses,operatingExpenses,costAndExpenses,interestExpense,depreciationAndAmortization,ebitda,ebitdaratio,operatingIncome,operatingIncomeRatio,totalOtherIncomeExpensesNet,incomeBeforeTax,incomeBeforeTaxRatio,incomeTaxExpense,netIncome,netIncomeRatio,eps,epsdiluted,weightedAverageShsOut,weightedAverageShsOutDil,link,finalLink,timestamp,est_time,est_date
0,2020-03-31,6033.HK,HKD,2020-03-31,2020-03-31,FY,1087240000,569156000,518084000,0.4765130054081895,0.0,0.0,0.0,4376000.0,428229000,997385000,8384000.0,97059000,186914000,0.1719160442956477,89855000,0.08264504617195835,0.0,99284000,0.0913174644052831,16670000.0,80201000,0.07376568191015784,0.19864369165533521,0.19864369165533521,403743000,403743000,https://www1.hkexnews.hk/search/titlesearch.xhtml,https://www1.hkexnews.hk/search/titlesearch.xhtml,1620585692,14:41:32,20210509
1,2019-03-31,6033.HK,HKD,2019-03-31,2019-03-31,FY,1239247000,661798000,577449000,0.46596764002656454,0.0,0.0,0.0,5223000.0,435318000,1097116000,4899000.0,31152000,173283000,0.13982926728892625,142131000,0.11469142148417547,0.0,158121000,0.12759441822332432,29110000.0,131753000,0.10631698119906685,0.3263288775285268,0.32631513770556764,403743000,403760000,https://www1.hkexnews.hk/search/titlesearch.xhtml,https://www1.hkexnews.hk/search/titlesearch.xhtml,1620585692,14:41:32,20210509
2,2018-03-31,6033.HK,HKD,2018-03-31,2018-03-31,FY,1297573000,745637000,551936000,0.42536026874788546,0.0,0.0,0.0,4427000.0,421718000,1167355000,3708000.0,30253000,160471000,0.1236701133577841,130218000,0.10035504746168424,0.0,151906000,0.1170693286620483,24428000.0,128168000,0.09877517488418763,0.317723323293546,0.31733078480987587,403395000,403894000,https://www1.hkexnews.hk/search/titlesearch.xhtml,https://www1.hkexnews.hk/search/titlesearch.xhtml,1620585692,14:41:32,20210509
3,2017-03-31,6033.HK,HKD,2017-03-31,2017-03-31,FY,1092263000,630220000,462043000,0.42301442051960014,0.0,0.0,0.0,4256000.0,386592000,1016812000,3448000.0,24846000,100297000,0.0918249542463674,75451000,0.06907768550248429,0.0,109401000,0.10015994316387171,13659000.0,95593000,0.08751829916421228,0.2381477919890783,0.23776041148496727,401402000,402056000,https://www1.hkexnews.hk/search/titlesearch.xhtml,https://www1.hkexnews.hk/search/titlesearch.xhtml,1620585692,14:41:32,20210509
4,2016-03-31,6033.HK,HKD,2016-03-31,2016-03-31,FY,1428914000,1002971000,425943000,0.2980886183493198,0.0,0.0,0.0,3227000.0,354146000,1357117000,5437000.0,22958000,94755000,0.0663125982389423,71797000,0.05024585104491943,0.0,103703000,0.07257469658775825,13934000.0,89769000,0.06282323498824982,0.22,0.22,400035000,400035000,https://www1.hkexnews.hk/search/titlesearch.xhtml,https://www1.hkexnews.hk/search/titlesearch.xhtml,1620585692,14:41:32,20210509
5,2015-03-31,6033.HK,HKD,2015-03-31,2015-03-31,FY,1358304000,980125000,378179000,0.2784200002355879,0.0,0.0,0.0,3893000.0,140021000,1120146000,3938000.0,20865000,259023000,0.1906958972365538,238158000,0.17533482931655947,0.0,97247000,0.07159442952387683,10430000.0,86817000,0.06391573609442364,0.23,0.23,384384000,384384000,https://www1.hkexnews.hk/search/titlesearch.xhtml,https://www1.hkexnews.hk/search/titlesearch.xhtml,1620585692,14:41:32,20210509
6,2014-03-31,6033.HK,HKD,2014-03-31,2014-03-31,FY,1198346000,832569000,365777000,0.3052348820791324,0.0,0.0,0.0,3480000.0,308483000,1141052000,4123000.0,17707000,75001000,0.06258709921842273,57294000,0.047810899356279406,0.0,87167000,0.07273942584195216,6429000.0,80738000,0.06737453122887714,0.27,0.27,300000000,300000000,https://www1.hkexnews.hk/search/titlesearch.xhtml,https://www1.hkexnews.hk/search/titlesearch.xhtml,1620585692,14:41:32,20210509
7,2013-03-31,6033.HK,HKD,2013-03-31,2013-03-31,FY,1091089000,747514000,343575000,0.3148918190908349,0.0,0.0,0.0,3559000.0,311415000,1058929000,4352000.0,12996000,45156000,0.04138617473001744,32160000,0.029475139058316967,0.0,54541000,0.04998767286628313,4157000.0,50384000,0.04617771785802991,0.17,0.17,300000000,300000000,https://www1.hkexnews.hk/search/titlesearch.xhtml,https://www1.hkexnews.hk/search/titlesearch.xhtml,1620585692,14:41:32,20210509
