,date,symbol,reportedCurrency,fillingDate,acceptedDate,period,revenue,costOfRevenue,grossProfit,grossProfitRatio,researchAndDevelopmentExpenses,generalAndAdministrativeExpenses,sellingAndMarketingExpenses,otherExpenses,operatingExpenses,costAndExpenses,interestExpense,depreciationAndAmortization,ebitda,ebitdaratio,operatingIncome,operatingIncomeRatio,totalOtherIncomeExpensesNet,incomeBeforeTax,incomeBeforeTaxRatio,incomeTaxExpense,netIncome,netIncomeRatio,eps,epsdiluted,weightedAverageShsOut,weightedAverageShsOutDil,link,finalLink,timestamp,est_time,est_date
0,2020-11-30,BABB,USD,2021-02-26,2021-02-26 13:13:40,FY,2371533.0,671659.0,1699874.0,0.7167827729995745,0.0,1437705.0,25216.0,1466483.0,1466483.0,2138142.0,0.0,3562.0,236953.0,0.09991553986387708,233391.0,0.09841355781260476,298766.0,233769.0,0.09857294838401996,299940.0,-66171.0,-0.02790220502940503,-0.009110060868660157,-0.009110060868660157,7263508.0,7263508.0,https://www.sec.gov/Archives/edgar/data/1123596/000143774921004215/0001437749-21-004215-index.htm,https://www.sec.gov/Archives/edgar/data/1123596/000143774921004215/babs20201130_10k.htm,1620589085,15:38:05,20210509
1,2019-11-30,BABB,USD,2020-02-24,2020-02-24 14:40:41,FY,3069692.0,987943.0,2081749.0,0.678162173924941,0.0,1543724.0,62487.0,0.0,1608268.0,2596211.0,0.0,2057.0,475538.0,0.15491391318738165,473481.0,0.15424381338583806,0.0,474093.0,0.1544431819218345,25000.0,449093.0,0.14629904237949606,0.06,0.06,7263508.0,7263508.0,https://www.sec.gov/Archives/edgar/data/1123596/000143774920003344/0001437749-20-003344-index.htm,https://www.sec.gov/Archives/edgar/data/1123596/000143774920003344/babs20191130_10k.htm,1620589085,15:38:05,20210509
2,2018-11-30,BABB,USD,2019-02-25,2019-02-25 15:18:40,FY,2173331.0,0.0,0.0,0.0,0.0,1620378.0,14027.0,0.0,1635615.0,1635615.0,0.0,1210.0,538926.0,0.24797235211755594,537716.0,0.24741560305356156,0.0,537875.0,0.2474887626413096,30000.0,507875.0,0.23368506683979567,0.07,0.07,7263508.0,7263508.0,https://www.sec.gov/Archives/edgar/data/1123596/000143774919003265/0001437749-19-003265-index.htm,https://www.sec.gov/Archives/edgar/data/1123596/000143774919003265/babs20181130_10k.htm,1620589085,15:38:05,20210509
3,2017-11-30,BABB,USD,2018-02-26,2018-02-26 13:31:38,FY,2220893.0,0.0,0.0,0.0,0.0,1725726.0,24065.0,0.0,1761327.0,1761327.0,0.0,11536.0,471102.0,0.21212278124159967,459566.0,0.20692847426688274,0.0,459673.0,0.20697665308504282,5500.0,454173.0,0.20450017177774887,0.06,0.06,7263508.0,7263508.0,https://www.sec.gov/Archives/edgar/data/1123596/000143774918003295/0001437749-18-003295-index.htm,https://www.sec.gov/Archives/edgar/data/1123596/000143774918003295/babs20171130_10k.htm,1620589085,15:38:05,20210509
4,2016-11-30,BABB,USD,2017-02-23,2017-02-23 14:31:32,FY,2386167.0,0.0,0.0,0.0,0.0,1865644.0,40650.0,0.0,1926446.0,1926446.0,1323.0,20152.0,479873.0,0.20110620924688002,459721.0,0.19266086573152674,0.0,458900.0,0.19231679928521347,9500.0,449400.0,0.18833551884675298,0.06,0.06,7263508.0,7263508.0,https://www.sec.gov/Archives/edgar/data/1123596/000143774917003067/0001437749-17-003067-index.htm,https://www.sec.gov/Archives/edgar/data/1123596/000143774917003067/babs20161024_10k.htm,1620589085,15:38:05,20210509
5,2015-11-30,BABB,USD,2016-02-24,2016-02-24 15:06:31,FY,2215780.0,0.0,2215780.0,1.0,0.0,1836879.0,57491.0,0.0,1911515.0,1911515.0,2850.0,17145.0,321410.0,0.1450550144869978,304265.0,0.13731733294821688,-201258.0,101862.0,0.04597117042305644,-8500.0,110362.0,0.04980729133758767,0.02,0.02,7263508.0,7263508.0,https://www.sec.gov/Archives/edgar/data/1123596/000143774916025934/0001437749-16-025934-index.htm,https://www.sec.gov/Archives/edgar/data/1123596/000143774916025934/babs20151130_10k.htm,1620589085,15:38:05,20210509
6,2014-11-30,BABB,USD,2015-02-23,2015-02-23 16:11:38,FY,2534590.0,0.0,2534590.0,1.0,0.0,1658173.0,37951.0,0.0,1714107.0,1714107.0,4308.0,17983.0,838466.0,0.3308093222177946,820483.0,0.3237142890960668,-282485.0,534363.0,0.21082818128375794,22417.0,511946.0,0.20198375279631026,0.07,0.07,7263508.0,7263508.0,https://www.sec.gov/Archives/edgar/data/1123596/000143774915003221/0001437749-15-003221-index.htm,https://www.sec.gov/Archives/edgar/data/1123596/000143774915003221/babs20141130_10k.htm,1620589085,15:38:05,20210509
7,2013-11-30,BABB,USD,2014-02-26,2014-02-26 16:02:25,FY,2450194.0,0.0,2450194.0,1.0,0.0,1744411.0,60547.0,0.0,1822451.0,1822451.0,5699.0,17493.0,645236.0,0.2633407803626978,627743.0,0.25620134568936176,-242412.0,380600.0,0.15533463880819234,30067.0,350533.0,0.14306336559472432,0.048259463609044005,0.048225602481245376,7263508.0,7268608.0,https://www.sec.gov/Archives/edgar/data/1123596/000143774914002837/0001437749-14-002837-index.htm,https://www.sec.gov/Archives/edgar/data/1123596/000143774914002837/babs20131130_10k.htm,1620589085,15:38:05,20210509
8,2012-11-30,BABB,USD,2013-02-22,2013-02-22 15:52:47,FY,2674822.0,0.0,2674822.0,1.0,0.0,1797437.0,59951.0,0.0,1876312.0,1876312.0,7028.0,18924.0,817434.0,0.305603139199543,798510.0,0.2985282759002281,-359944.0,434080.0,0.1622836958870534,15000.0,419080.0,0.15667584609368398,0.057696639144611664,0.05767796241601132,7263508.0,7265860.0,https://www.sec.gov/Archives/edgar/data/1123596/000143774913001868/0001437749-13-001868-index.htm,https://www.sec.gov/Archives/edgar/data/1123596/000143774913001868/bab_10k-113012.htm,1620589085,15:38:05,20210509
9,2011-11-30,BABB,USD,2012-02-24,2012-02-24 12:06:09,FY,3023276.0,397148.0,2626128.0,0.8686365386421881,0.0,1706850.0,72862.0,0.0,1806101.0,2203249.0,8296.0,26389.0,846416.0,0.27996649991598516,820027.0,0.27123788896547985,-416371.0,399063.0,0.131996880205446,5000.0,394063.0,0.13034304509412967,0.054252435599988325,0.054239315427585914,7263508.0,7265265.0,https://www.sec.gov/Archives/edgar/data/1123596/000143774912001724/0001437749-12-001724-index.htm,https://www.sec.gov/Archives/edgar/data/1123596/000143774912001724/bab_10k-113011.htm,1620589085,15:38:05,20210509
10,2010-11-30,BABB,USD,2011-02-24,2011-02-24 14:01:54,FY,2913741.0,134957.0,2778784.0,0.9536825682172849,0.0,2269510.0,69356.0,0.0,2367270.0,2502227.0,9507.0,28404.0,439918.0,0.15098047492896588,411514.0,0.14123218227014686,0.0,409528.0,0.14055058428322903,0.0,409528.0,0.14055058428322903,0.06,0.06,7263508.0,7263508.0,https://www.sec.gov/Archives/edgar/data/1123596/000114036111011853/0001140361-11-011853-index.htm,https://www.sec.gov/Archives/edgar/data/1123596/000114036111011853/form10k.htm,1620589085,15:38:05,20210509
11,2009-11-30,BABB,USD,2010-02-23,2010-02-23 17:00:45,FY,3172905.0,592086.0,2580819.0,0.8133930892982929,0.0,1690577.0,73549.0,0.0,4194414.0,4786500.0,10663.0,31231.0,-1582364.0,-0.49871143321341166,-1613595.0,-0.5085544634963858,-456424.0,-2065943.0,-0.6511203455508437,252000.0,-2317943.0,-0.7305428306236713,-0.32,-0.32,7263508.0,7263508.0,https://www.sec.gov/Archives/edgar/data/1123596/000114036110007972/0001140361-10-007972-index.htm,https://www.sec.gov/Archives/edgar/data/1123596/000114036110007972/form10k.htm,1620589085,15:38:05,20210509
12,2008-11-30,BABB,USD,2009-02-20,2009-02-20 16:16:40,FY,3777810.0,626057.0,3151753.0,0.8342804429021047,0.0,1908751.0,139127.0,0.0,2547128.0,3173185.0,11767.0,38960.0,643585.0,0.17035928222965158,604625.0,0.1600464290157525,0.0,623378.0,0.16501041608762748,0.0,623378.0,0.16501041608762748,0.08582326886677898,0.0857262066313775,7263508.0,7271732.0,https://www.sec.gov/Archives/edgar/data/1123596/000114036109004691/0001140361-09-004691-index.htm,https://www.sec.gov/Archives/edgar/data/1123596/000114036109004691/form10ksb.htm,1620589085,15:38:05,20210509
13,2007-11-30,BABB,USD,2008-02-27,2008-02-27 13:23:06,FY,3994899.0,592824.0,3402075.0,0.8516047589688751,0.0,2542619.0,122937.0,0.0,2710368.0,3303192.0,0.0,44812.0,736519.0,0.18436486128935925,691707.0,0.1731475564213263,0.0,743713.0,0.18616565775505214,-500000.0,1243713.0,0.3113252675474399,0.1712713816733963,0.17088509502387036,7261651.0,7278066.0,https://www.sec.gov/Archives/edgar/data/1123596/000114036108005149/0001140361-08-005149-index.htm,https://www.sec.gov/Archives/edgar/data/1123596/000114036108005149/form10ksb.htm,1620589085,15:38:05,20210509
14,2006-11-30,BABB,USD,2006-11-30,2006-11-30,FY,3917391.0,631644.0,3285747.0,0.8387590107803893,0.0,1944423.0,110055.0,0.0,2596246.0,3227890.0,0.0,69653.0,759154.0,0.19379071427896782,689501.0,0.1760102578476338,-472115.0,0.0,0.0,0.0,716607.0,0.1829296590511389,0.09921786734897321,0.09871776981020779,7222560.0,7259149.0,,,1620589085,15:38:05,20210509
15,2005-11-30,BABB,USD,2005-11-30,2005-11-30,FY,5125095.0,1649223.0,3475872.0,0.6782063551992695,0.0,1907218.0,149648.0,0.0,2748889.0,4398112.0,0.0,84664.0,811647.0,0.15836721075414212,726983.0,0.14184771209119051,-607359.0,0.0,0.0,0.0,692857.0,0.1351891038117342,0.0964473732015569,0.09568895141795962,7183783.0,7240721.0,,,1620589085,15:38:05,20210509
16,2004-11-30,BABB,USD,2005-03-01,2005-02-28 18:21:51,FY,5708046.0,2221500.0,3486546.0,0.6108125267385722,0.0,1910223.0,149033.0,0.0,2777054.0,4998554.0,0.0,153720.0,863212.0,0.15122723257661203,709492.0,0.12429682591906233,-564078.0,0.0,0.0,0.0,652276.0,0.11427308049024132,0.09368549728750182,0.09066793436862326,6962401.0,7194120.0,https://www.sec.gov/Archives/edgar/data/1123596/000112359605000008/0001123596-05-000008-index.htm,https://www.sec.gov/Archives/edgar/data/1123596/000112359605000008/year200410ksb.htm,1620589085,15:38:05,20210509
17,2003-11-30,BABB,USD,2004-02-27,2004-02-26 18:37:08,FY,7157590.0,3482903.0,3674687.0,0.5133972468386706,0.0,2560762.0,189725.0,0.0,2975495.0,6458398.0,0.0,448215.0,1147407.0,0.16030633215928825,699192.0,0.09768539410611672,223207.0,0.0,0.0,0.0,588858.0,0.08227042901311754,0.08,0.079576,7067472.0,7399921.0,https://www.sec.gov/Archives/edgar/data/1123596/000112359604000002/0001123596-04-000002-index.htm,https://www.sec.gov/Archives/edgar/data/1123596/000112359604000002/bab_10ksb-2003.htm,1620589085,15:38:05,20210509
18,2002-11-30,BABB,USD,2003-02-27,2003-02-27 16:45:17,FY,8550256.0,4462926.0,4087330.0,0.47803597927360303,0.0,2784718.0,198921.0,0.0,3700075.0,8163001.0,0.0,716436.0,1103691.0,0.1290828017313166,387255.0,0.04529162635598279,44098.0,326335.0,0.038166693488475664,0.0,326335.0,0.038166693488475664,0.04,0.037528,8598645.0,8695715.0,https://www.sec.gov/Archives/edgar/data/1123596/000112359603000003/0001123596-03-000003-index.htm,https://www.sec.gov/Archives/edgar/data/1123596/000112359603000003/qtrfour2002.htm,1620589085,15:38:05,20210509
19,2001-11-25,BABB,USD,2002-02-25,2002-02-25 00:00:00,FY,10516852000.0,2193420000.0,8323432000.0,0.7914375898795571,0.0,4469023000.0,0.0,6828955000.0,11297978000.0,11297978000.0,225849000.0,847244000.0,66118000.0,0.0062868622663892195,-781126000.0,-0.07427374655457736,1102413000.0,-909580000.0,-0.08648785777340977,180000000.0,-1089580000.0,-0.10360324553392973,-490.00014,-490.00014,2223632.0,2223632.0,https://www.sec.gov/Archives/edgar/data/1123596/000112359602000002/0001123596-02-000002-index.htm,https://www.sec.gov/Archives/edgar/data/1123596/000112359602000002/qtrfour2001.htm,1620589085,15:38:05,20210509
20,2000-11-30,BABB,USD,2000-11-30,2000-11-30,FY,13568112.0,8475545.0,5092567.0,0.37533350255363457,0.0,4049937.0,246169.0,0.0,5218341.0,13693886.0,0.0,922235.0,796461.0,0.05870094527521589,-125774.0,-0.009269823244383597,147789.0,-307916.0,-0.0226940933270598,0.0,-307916.0,-0.0226940933270598,-0.035,-0.035,8797600.0,8797600.0,,,1620589085,15:38:05,20210509
21,1999-11-30,BABB,USD,1999-11-30,1999-11-30,FY,14940901.0,0.0,0.0,0.0,0.0,5294527.0,435719.0,0.0,18328633.0,18328633.0,0.0,1247868.0,-2139864.0,-0.1432218846775037,-3387732.0,-0.2267421489507226,215620.0,-3464569.0,-0.23188487762551938,0.0,-3464569.0,-0.23188487762551938,-0.58,-0.58,6186809.0,6186809.0,,,1620589085,15:38:05,20210509
