,date,symbol,reportedCurrency,fillingDate,acceptedDate,period,revenue,costOfRevenue,grossProfit,grossProfitRatio,researchAndDevelopmentExpenses,generalAndAdministrativeExpenses,sellingAndMarketingExpenses,otherExpenses,operatingExpenses,costAndExpenses,interestExpense,depreciationAndAmortization,ebitda,ebitdaratio,operatingIncome,operatingIncomeRatio,totalOtherIncomeExpensesNet,incomeBeforeTax,incomeBeforeTaxRatio,incomeTaxExpense,netIncome,netIncomeRatio,eps,epsdiluted,weightedAverageShsOut,weightedAverageShsOutDil,link,finalLink,timestamp,est_time,est_date
0,2020-12-31,0814.HK,CNY,2020-12-31,2020-12-31,FY,11983797935,9720906586,2262891349,0.1888292310396003,0.0,250296132,1742320397.0,7014730.0,0.0,11734134798,171561580.0,318975674,568638811,0.04745063410483815,249663137.0,0.01384191655264254,0.0,165878731,0.01384191655264254,79908305,56304490,0.004698384460869166,0.14,0.14,412220000,412220000,https://www1.hkexnews.hk/search/titlesearch.xhtml,https://www1.hkexnews.hk/search/titlesearch.xhtml,1620584924,14:28:44,20210509
1,2019-12-31,0814.HK,CNY,2019-12-31,2019-12-31,FY,11658221930,9032735798,2625486132,0.22520467938973263,0.0,52092452,867190901.0,4998077.0,0.0,11307558987,195397827.0,386620010,737282953,0.06324145803939074,350662943.0,0.030078595613079052,0.0,178802243,0.015337007999469436,81715652,52935436,0.004540609736016579,0.13,0.13,412220000,412220000,https://www1.hkexnews.hk/search/titlesearch.xhtml,https://www1.hkexnews.hk/search/titlesearch.xhtml,1620584924,14:28:44,20210509
2,2018-12-31,0814.HK,CNY,2018-12-31,2018-12-31,FY,11650283772,8942576973,2707706799,0.23241552326026896,0.0,38955249,1143573249.0,17267356.0,0.0,11306208762,161956707.0,203511878,547586888,0.04700202147144747,344075010.0,0.029533616239197646,0.0,177589578,0.015243369301167955,71212617,63312317,0.005434401276315967,0.15,0.15,412220000,412220000,https://www1.hkexnews.hk/search/titlesearch.xhtml,https://www1.hkexnews.hk/search/titlesearch.xhtml,1620584924,14:28:44,20210509
3,2017-12-31,0814.HK,CNY,2017-12-31,2017-12-31,FY,11955737287,9259177609,2696559678,0.22554524353191402,0.0,55922641,1104941014.0,-14810414.0,0.0,11634239437,163151952.0,219036045,540533895,0.04521125565277737,321497850.0,0.026890675353796772,0.0,148189130,0.012394813171508258,53346663,47485004,0.003971733642193069,0.12,0.12,412220000,412220000,https://www1.hkexnews.hk/search/titlesearch.xhtml,https://www1.hkexnews.hk/search/titlesearch.xhtml,1620584924,14:28:44,20210509
4,2016-12-31,0814.HK,CNY,2016-12-31,2016-12-31,FY,11881573977,9502184820,2379389157,0.2002587503647203,0.0,51586894,866426837.0,3813504.0,0.0,11601231252,149054166.0,207308780,487651505,0.04104266875280846,280342725.0,0.023594746415136512,0.0,134450037,0.011315843949653842,59129332,26685806,0.002245982396916233,0.06,0.06,412220000,412220000,https://www1.hkexnews.hk/search/titlesearch.xhtml,https://www1.hkexnews.hk/search/titlesearch.xhtml,1620584924,14:28:44,20210509
5,2015-12-31,0814.HK,CNY,2015-12-31,2015-12-31,FY,11532477247,9231521802,2300955445,0.1995196171402427,0.0,51486222,772997111.0,1118831.0,0.0,11266414224,161945840.0,198781210,464844233,0.04030740516925123,266063023.0,0.023070760713550274,0.0,113379113,0.009831288679064498,41033483,24864512,0.0021560425802243078,0.06,0.06,412220000,412220000,https://www1.hkexnews.hk/search/titlesearch.xhtml,https://www1.hkexnews.hk/search/titlesearch.xhtml,1620584924,14:28:44,20210509
6,2014-12-31,0814.HK,CNY,2014-12-31,2014-12-31,FY,10890758888,8682268153,2208490735,0.20278575237152932,0.0,51624325,0.0,-325361.0,0.0,10594069732,184756645.0,205306669,501995825,0.046093741507134536,296689156.0,0.027242284862894855,0.0,132503339,0.012166584566113112,43640848,41329845,0.0037949462865750666,0.1,0.1,412220000,412220000,https://www1.hkexnews.hk/search/titlesearch.xhtml,https://www1.hkexnews.hk/search/titlesearch.xhtml,1620584924,14:28:44,20210509
7,2013-12-31,0814.HK,CNY,2013-12-31,2013-12-31,FY,10403753477,8309825077,2093928400,0.20126662983981045,0.0,68202644,242472453.0,-325567.0,0.0,10122437822,162983642.0,197928563,479244218,0.04606454959351782,281315655.0,0.02703982323513489,0.0,143485048,0.013791661664918168,43168935,57055711,0.005484146767427292,0.14,0.14,412220000,412220000,https://www1.hkexnews.hk/search/titlesearch.xhtml,https://www1.hkexnews.hk/search/titlesearch.xhtml,1620584924,14:28:44,20210509
8,2012-12-31,0814.HK,CNY,2012-12-31,2012-12-31,FY,9183922000,7822758000,1361164000,0.1482116246196342,0.0,265792000,1328500000.0,85571000.0,0.0,8922504000,158776000.0,191651000,453069000,0.049332844943587285,261418000.0,0.028464745236294473,0.0,229628000,0.02500326113396869,57824000,105104000,0.011444348068287166,0.25,0.25,412220000,412220000,https://www1.hkexnews.hk/search/titlesearch.xhtml,https://www1.hkexnews.hk/search/titlesearch.xhtml,1620584924,14:28:44,20210509
9,2011-12-31,0814.HK,CNY,2011-12-31,2011-12-31,FY,8632531000,7335461000,1297070000,0.15025373207463721,0.0,202031000,1140170000.0,0.0,0.0,8154273000,125290000.0,176619000,654877000,0.075861528907339,478258000.0,0.05540182827029524,0.0,352968000,0.04088812423610179,79957000,210160000,0.024345119641041545,0.51,0.51,412220000,412220000,https://www1.hkexnews.hk/search/titlesearch.xhtml,https://www1.hkexnews.hk/search/titlesearch.xhtml,1620584924,14:28:44,20210509
10,2010-12-31,0814.HK,CNY,2010-12-31,2010-12-31,FY,7438729000,6397472000,1041257000,0.1399778107254613,0.0,213020000,880270000.0,0.0,0.0,7039778000,93940000.0,154348000,553299000,0.07438085189015489,398951000.0,0.053631608302977564,0.0,305011000,0.04100310684795749,76510000,180502000,0.02426516680470548,0.438,0.438,412220000,412220000,https://www1.hkexnews.hk/search/titlesearch.xhtml,https://www1.hkexnews.hk/search/titlesearch.xhtml,1620584924,14:28:44,20210509
11,2009-12-31,0814.HK,CNY,2009-12-31,2009-12-31,FY,6691036000,5759316000,931720000,0.13924898924471488,0.0,226943000,744743000.0,0.0,0.0,6352362000,85109000.0,140546000,479220000,0.07162119588057814,338674000.0,0.05061607798852076,0.0,253565000,0.03789622414227035,65049000,147783000,0.022086714224822585,0.359,0.359,412220000,412220000,https://www1.hkexnews.hk/search/titlesearch.xhtml,https://www1.hkexnews.hk/search/titlesearch.xhtml,1620584924,14:28:44,20210509
12,2008-12-31,0814.HK,CNY,2008-12-31,2008-12-31,FY,6694357000,5759521000,934836000,0.13964537594872817,0.0,195360000,680336000.0,0.0,0.0,6322982000,91100000.0,123616000,494991000,0.07394153015741467,371375000.0,0.05547582837306107,0.0,280264000,0.041865708685688556,76581000,156758000,0.023416438651240143,0.38,0.38,412220000,412220000,https://www1.hkexnews.hk/search/titlesearch.xhtml,https://www1.hkexnews.hk/search/titlesearch.xhtml,1620584924,14:28:44,20210509
13,2007-12-31,0814.HK,CNY,2007-12-31,2007-12-31,FY,5640599000,4918762000,721837000,0.12797169236813324,0.0,137008000,521598000.0,0.0,0.0,5628258000,0.0,74226000,86567000,0.015347128913081749,12341000.0,0.0021878882012353654,0.0,255306000,0.04526221417264372,86434000,168872000,0.029938664315616124,0.319,0.319,390573668,390573668,https://www1.hkexnews.hk/search/titlesearch.xhtml,https://www1.hkexnews.hk/search/titlesearch.xhtml,1620584924,14:28:44,20210509
14,2006-12-31,0814.HK,CNY,2006-12-31,2006-12-31,FY,4530975000,3966385000,564590000,0.12460673475355746,0.0,107958000,419117000.0,0.0,0.0,4523357000,0.0,59310000,66928000,0.014771213701245317,7618000.0,0.001681315831581503,0.0,205491000,0.04535249035803552,74072000,131419000,0.029004574070702224,0.351,0.351,283695157,283695157,https://www1.hkexnews.hk/search/titlesearch.xhtml,https://www1.hkexnews.hk/search/titlesearch.xhtml,1620584924,14:28:44,20210509
15,2005-12-31,0814.HK,CNY,2005-12-31,2005-12-31,FY,4121748000,3621667000,500081000,0.12132740769207627,0.0,88924000,369764000.0,0.0,0.0,4100807000,0.0,53802000,74743000,0.01813381118884512,20941000.0,0.005080611429907894,0.0,145504000,0.03530152741021528,47158000,98346000,0.023860265110821913,0.305,0.305,246222951,246222951,https://www1.hkexnews.hk/search/titlesearch.xhtml,https://www1.hkexnews.hk/search/titlesearch.xhtml,1620584924,14:28:44,20210509
