,date,symbol,reportedCurrency,fillingDate,acceptedDate,period,revenue,costOfRevenue,grossProfit,grossProfitRatio,researchAndDevelopmentExpenses,generalAndAdministrativeExpenses,sellingAndMarketingExpenses,otherExpenses,operatingExpenses,costAndExpenses,interestExpense,depreciationAndAmortization,ebitda,ebitdaratio,operatingIncome,operatingIncomeRatio,totalOtherIncomeExpensesNet,incomeBeforeTax,incomeBeforeTaxRatio,incomeTaxExpense,netIncome,netIncomeRatio,eps,epsdiluted,weightedAverageShsOut,weightedAverageShsOutDil,link,finalLink,timestamp,est_time,est_date
0,2020-03-31,TIJARIA.NS,INR,2020-03-31,2020-03-31,FY,733852482.62,449687954.12,284164528.5,0.3872229572426816,0.0,4473739.95,478189.66,636506.25,248352261.33,698040215.45,63950944.57,51955459.62,87767726.78999999,0.11959859626917344,35812267.17,0.04880036249539288,0.0,-24635740.88,-0.03357042656862791,0.0,-24635740.88,-0.03357042656862791,-0.92,-0.92,27911739.0,27911739.0,https://www.nseindia.com/companies-listing/corporate-filings-annual-reports,https://www.nseindia.com/companies-listing/corporate-filings-annual-reports,1620598815,18:20:15,20210509
1,2019-03-31,TIJARIA.NS,INR,2019-03-31,2019-03-31,FY,1495266672.29,1044219141.84,451047530.45,0.30165022655070683,0.0,6314138.54,342139.58,100000.0,316027456.17,1360246598.01,79389423.15,63423959.83,198444034.11,0.13271481120226072,135020074.28,0.09029832389243107,0.0,61905135.56,0.04140073252966464,0.0,61905135.56,0.04140073252966464,2.334251,2.331292,26520342.0,26554007.0,https://www.nseindia.com/companies-listing/corporate-filings-annual-reports,https://www.nseindia.com/companies-listing/corporate-filings-annual-reports,1620598815,18:20:15,20210509
2,2018-03-31,TIJARIA.NS,INR,2018-03-31,2018-03-31,FY,763043000.0,692137000.0,70906000.0,0.0929253004090202,0.0,0.0,0.0,4258000.0,242806000.0,934943000.0,75148000.0,82271000.0,-89629000.0,-0.1174625807457771,-171900000.0,-0.2252821924845651,0.0,-244077000.0,-0.3198731919433112,0.0,-244077000.0,-0.3198731919433112,-10.33,-10.33,23627977.0,23627977.0,https://www.nseindia.com/companies-listing/corporate-filings-annual-reports,https://www.nseindia.com/companies-listing/corporate-filings-annual-reports,1620598815,18:20:15,20210509
3,2017-03-31,TIJARIA.NS,INR,2017-03-31,2017-03-31,FY,636327758.22,462941159.55,173386598.67,0.2724800174598927,0.0,4138391.83,730975.5,0.0,292671095.9,755612255.45,71829152.34,97838202.34,-21446294.89,-0.033703220726990966,-119284497.23,-0.18745763592598033,0.0,-209183692.92,-0.3287357658341821,0.0,-209183692.92,-0.3287357658341821,-8.85,-8.85,23626579.0,23626579.0,https://www.nseindia.com/companies-listing/corporate-filings-annual-reports,https://www.nseindia.com/companies-listing/corporate-filings-annual-reports,1620598815,18:20:15,20210509
4,2016-03-31,TIJARIA.NS,INR,2016-03-31,2016-03-31,FY,871413044.11,588757993.77,282655050.34,0.3243640340829233,0.0,31843958.040000003,1980963.98,0.0,337433759.52,926191753.29,84503846.49,117952899.38,63174190.199999996,0.07249626411608477,-54778709.18,-0.0628619339017895,0.0,-146002598.79,-0.1675469512154443,0.0,-146002598.79,-0.1675469512154443,-6.18,-6.18,23626579.0,23626579.0,https://www.nseindia.com/companies-listing/corporate-filings-annual-reports,https://www.nseindia.com/companies-listing/corporate-filings-annual-reports,1620598815,18:20:15,20210509
5,2015-03-31,TIJARIA.NS,INR,2015-03-31,2015-03-31,FY,692771937.51,458941948.2,233829989.31,0.3375280906302945,0.0,0.0,0.0,4000000.0,287544136.12,746486084.32,78627533.66,135295936.0,81581789.19,0.11776139415119191,-53714146.81,-0.07753510773410138,0.0,-91523266.55,-0.13211168292837913,0.0,-91523266.55,-0.13211168292837913,-3.87,-3.87,23626579.0,23626579.0,https://www.nseindia.com/companies-listing/corporate-filings-annual-reports,https://www.nseindia.com/companies-listing/corporate-filings-annual-reports,1620598815,18:20:15,20210509
6,2014-03-31,TIJARIA.NS,INR,2014-03-31,2014-03-31,FY,1103002906.57,789611346.23,313391560.34,0.28412577924617755,0.0,0.0,0.0,0.0,326787472.69,1116398818.92,0.0,104274206.0,90878293.65,0.08239170822550557,-13395912.35,-0.012144947461341848,0.0,-101926024.9,-0.09240775730769252,6083236.0,-108009260.9,-0.09792291593852243,-4.57,-4.57,23626579.0,23626579.0,https://www.nseindia.com/companies-listing/corporate-filings-annual-reports,https://www.nseindia.com/companies-listing/corporate-filings-annual-reports,1620598815,18:20:15,20210509
7,2013-03-31,TIJARIA.NS,INR,2013-03-31,2013-03-31,FY,1283185427.0,907549613.0,375635814.0,0.2927369701183491,0.0,0.0,0.0,0.0,320388206.0,1227937819.0,0.0,80284610.0,135532218.0,0.10562169359799002,55247608.0,0.04305504632262318,0.0,2635681.0,0.0020540141311938386,-6083236.0,8718917.0,0.00679474440446556,0.37,0.37,23626579.0,23626579.0,https://www.nseindia.com/companies-listing/corporate-filings-annual-reports,https://www.nseindia.com/companies-listing/corporate-filings-annual-reports,1620598815,18:20:15,20210509
8,2012-03-31,TIJARIA.NS,INR,2012-03-31,2012-03-31,FY,927030251.0,739794564.0,187235687.0,0.201973653824162,0.0,0.0,0.0,0.0,169086626.0,908881190.0,0.0,32430699.0,50579760.0,0.054561067392826644,18149061.0,0.019577636199490107,0.0,-30677588.0,-0.033092326778880916,-225883.0,-30451705.0,-0.032848663748730245,-1.65,-1.65,18380464.0,18380464.0,https://www.nseindia.com/companies-listing/corporate-filings-annual-reports,https://www.nseindia.com/companies-listing/corporate-filings-annual-reports,1620598815,18:20:15,20210509
9,2011-03-31,TIJARIA.NS,INR,2011-03-31,2011-03-31,FY,1185984567.0,982257339.0,203727228.0,0.17177898740734626,0.0,12824152.0,41716224.0,0.0,77760488.0,1060017827.0,0.0,10712154.0,136678894.0,0.11524508649023592,125966740.0,0.10621279863585274,0.0,103861588.0,0.08757414800322608,34830825.0,69030763.0,0.05820544796347253,5.26,5.26,13130349.0,13130349.0,https://www.nseindia.com/companies-listing/corporate-filings-annual-reports,https://www.nseindia.com/companies-listing/corporate-filings-annual-reports,1620598815,18:20:15,20210509
10,2010-03-31,TIJARIA.NS,INR,2010-03-31,2010-03-31,FY,1103549314.0,904151403.0,199397911.0,0.18068781201743378,0.0,12849758.0,40296081.0,0.0,75999201.0,980150604.0,0.0,11230332.0,134629042.0,0.12199639861313892,123398710.0,0.1118198420628079,0.0,103281309.0,0.09359011662617915,35876242.0,67405067.0,0.0610802491061129,8.19,8.18,8225794.0,8240228.0,https://www.nseindia.com/companies-listing/corporate-filings-annual-reports,https://www.nseindia.com/companies-listing/corporate-filings-annual-reports,1620598815,18:20:15,20210509
11,2009-03-31,TIJARIA.NS,INR,2009-03-31,2009-03-31,FY,875224756.0,741006073.0,134218683.0,0.15335338960636072,0.0,11246291.0,32628406.0,0.0,57820573.0,798826646.0,0.0,10635049.0,87033159.0,0.099440924634906,76398110.0,0.08728970413172363,0.0,44337728.0,0.05065867675251179,11828545.0,32509183.0,0.03714381109210764,3.96,3.96,8210268.0,8210268.0,https://www.nseindia.com/companies-listing/corporate-filings-annual-reports,https://www.nseindia.com/companies-listing/corporate-filings-annual-reports,1620598815,18:20:15,20210509
12,2008-03-31,TIJARIA.NS,INR,2008-03-31,2008-03-31,FY,475428236.0,405638047.0,69790189.0,0.1467943712960288,0.0,7300010.0,17920709.0,0.0,35716872.0,441354919.0,0.0,6349693.0,40423010.0,0.08502441996314244,34073317.0,0.07166868608115232,0.0,23453332.0,0.049330961487108645,9714959.0,13738373.0,0.028896838596687808,0.42541,0.42541,32294444.0,32294444.0,https://www.nseindia.com/companies-listing/corporate-filings-annual-reports,https://www.nseindia.com/companies-listing/corporate-filings-annual-reports,1620598815,18:20:15,20210509
