,date,symbol,reportedCurrency,fillingDate,acceptedDate,period,revenue,costOfRevenue,grossProfit,grossProfitRatio,researchAndDevelopmentExpenses,generalAndAdministrativeExpenses,sellingAndMarketingExpenses,otherExpenses,operatingExpenses,costAndExpenses,interestExpense,depreciationAndAmortization,ebitda,ebitdaratio,operatingIncome,operatingIncomeRatio,totalOtherIncomeExpensesNet,incomeBeforeTax,incomeBeforeTaxRatio,incomeTaxExpense,netIncome,netIncomeRatio,eps,epsdiluted,weightedAverageShsOut,weightedAverageShsOutDil,link,finalLink,timestamp,est_time,est_date
0,2020-12-31,0133.HK,USD,2020-12-31,2020-12-31,FY,143579117.0,0.0,0.0,0.0,0.0,22024400.0,0.0,0.0,0.0,0.0,0.0,0.0,0.0,0.0,0.0,0.846604433428853,0.0,121554717.0,0.846604433428853,31766962.0,89787755.0,0.6253538597817119,0.5894175742457086,0.5890000007215906,152333013,152441010,https://www1.hkexnews.hk/search/titlesearch.xhtml,https://www1.hkexnews.hk/search/titlesearch.xhtml,1620584549,14:22:29,20210509
1,2019-12-31,0133.HK,USD,2019-12-31,2019-12-31,FY,148288788.0,0.0,0.0,0.0,0.0,11933451.0,0.0,0.0,0.0,0.0,0.0,0.0,0.0,0.0,0.0,0.9195256016253905,0.0,136355337.0,0.9195256016253905,34546363.0,101808974.0,0.6865588111759333,0.668,0.668,152333013,152333013,https://www1.hkexnews.hk/search/titlesearch.xhtml,https://www1.hkexnews.hk/search/titlesearch.xhtml,1620584549,14:22:29,20210509
2,2018-12-31,0133.HK,USD,2018-12-31,2018-12-31,FY,-91582112.0,0.0,0.0,0.0,0.0,13684505.0,0.0,0.0,0.0,0.0,0.0,0.0,0.0,0.0,0.0,1.1494233393525584,0.0,-105266617.0,1.1494233393525584,-18245492.0,-87021125.0,0.9501978399449884,-0.571,-0.571,152333013,152333013,https://www1.hkexnews.hk/search/titlesearch.xhtml,https://www1.hkexnews.hk/search/titlesearch.xhtml,1620584549,14:22:29,20210509
3,2017-12-31,0133.HK,USD,2017-12-31,2017-12-31,FY,189856644.0,0.0,0.0,0.0,0.0,21022596.0,0.0,0.0,0.0,0.0,0.0,0.0,0.0,0.0,0.0,0.889271212441741,0.0,168834048.0,0.889271212441741,50931214.0,117902834.0,0.6210097867315089,0.774,0.774,152333013,152333013,https://www1.hkexnews.hk/search/titlesearch.xhtml,https://www1.hkexnews.hk/search/titlesearch.xhtml,1620584549,14:22:29,20210509
4,2016-12-31,0133.HK,USD,2016-12-31,2016-12-31,FY,-9254984.0,0.0,0.0,0.0,0.0,12484394.0,0.0,0.0,0.0,0.0,0.0,0.0,0.0,0.0,0.0,2.3489373941651333,0.0,-21739378.0,2.3489373941651333,-6141714.0,-15597664.0,1.6853258741452173,-0.102,-0.102,152333013,152333013,https://www1.hkexnews.hk/search/titlesearch.xhtml,https://www1.hkexnews.hk/search/titlesearch.xhtml,1620584549,14:22:29,20210509
5,2015-12-31,0133.HK,USD,2015-12-31,2015-12-31,FY,72728296.0,0.0,0.0,0.0,0.0,14477030.0,0.0,0.0,0.0,0.0,0.0,0.0,0.0,0.0,0.0,0.8009436382230102,0.0,58251266.0,0.8009436382230102,12012654.0,46238612.0,0.6357719696883865,0.304,0.304,152333013,152333013,https://www1.hkexnews.hk/search/titlesearch.xhtml,https://www1.hkexnews.hk/search/titlesearch.xhtml,1620584549,14:22:29,20210509
6,2014-12-31,0133.HK,USD,2014-12-31,2014-12-31,FY,221797199.0,0.0,0.0,0.0,0.0,22714646.0,0.0,0.0,0.0,0.0,0.0,0.0,0.0,0.0,0.0,0.8975882197682757,0.0,199082553.0,0.8975882197682757,50454183.0,148628370.0,0.670109319099201,0.976,0.976,152333013,152333013,https://www1.hkexnews.hk/search/titlesearch.xhtml,https://www1.hkexnews.hk/search/titlesearch.xhtml,1620584549,14:22:29,20210509
7,2013-12-31,0133.HK,USD,2013-12-31,2013-12-31,FY,54972039.0,0.0,0.0,0.0,0.0,10693687.0,0.0,0.0,0.0,0.0,0.0,0.0,0.0,0.0,0.0,0.8054704319772458,0.0,44278352.0,0.8054704319772458,9440386.0,34837966.0,0.6337397454003844,0.224,0.224,155200176,155200176,https://www1.hkexnews.hk/search/titlesearch.xhtml,https://www1.hkexnews.hk/search/titlesearch.xhtml,1620584549,14:22:29,20210509
8,2012-12-31,0133.HK,USD,2012-12-31,2012-12-31,FY,36076433.0,0.0,0.0,0.0,0.0,11789508.0,0.0,0.0,0.0,0.0,0.0,0.0,0.0,0.0,0.0,0.6732074925478359,0.0,24286925.0,0.6732074925478359,14403677.0,9883248.0,0.2739530263427097,0.064,0.064,154350861,154350861,https://www1.hkexnews.hk/search/titlesearch.xhtml,https://www1.hkexnews.hk/search/titlesearch.xhtml,1620584549,14:22:29,20210509
9,2011-12-31,0133.HK,USD,2011-12-31,2011-12-31,FY,17330254.0,0.0,0.0,0.0,0.0,15762196.0,0.0,499670.0,0.0,15762196.0,0.0,0.0,0.0,0.0,1568058.0,0.0904809589057379,0.0,-17620151.0,-1.0167277986808503,2207479.0,-19827630.0,-1.1441049854202945,-0.132,-0.132,150126198,150126198,https://www1.hkexnews.hk/search/titlesearch.xhtml,https://www1.hkexnews.hk/search/titlesearch.xhtml,1620584549,14:22:29,20210509
10,2010-12-31,0133.HK,USD,2010-12-31,2010-12-31,FY,-126954774.0,0.0,0.0,0.0,0.0,26733102.0,0.0,0.0,0.0,26733102.0,0.0,0.0,0.0,0.0,-153687876.0,1.210571852934022,0.0,-148782551.0,1.171933487117231,-36723056.0,-112059495.0,0.8826725570792635,-0.751,-0.751,149145600,149145600,https://www1.hkexnews.hk/search/titlesearch.xhtml,https://www1.hkexnews.hk/search/titlesearch.xhtml,1620584549,14:22:29,20210509
11,2009-12-31,0133.HK,USD,2009-12-31,2009-12-31,FY,397122454.0,0.0,0.0,0.0,0.0,31252692.0,0.0,0.0,0.0,31252692.0,0.0,0.0,0.0,0.0,365869762.0,0.9213021281340088,0.0,367580108.0,0.9256089760162491,103974484.0,263605624.0,0.6637892703997039,1.767,1.767,149145600,149145600,https://www1.hkexnews.hk/search/titlesearch.xhtml,https://www1.hkexnews.hk/search/titlesearch.xhtml,1620584549,14:22:29,20210509
12,2008-12-31,0133.HK,USD,2008-12-31,2008-12-31,FY,-770545727.0,0.0,0.0,0.0,0.0,14547449.0,0.0,0.0,0.0,14547449.0,0.0,0.0,0.0,0.0,-785093176.0,1.0188794103844274,0.0,-786060362.0,1.0201346064955856,-165781898.0,-620278464.0,0.8049859239567232,-4.159,-4.159,149145600,149145600,https://www1.hkexnews.hk/search/titlesearch.xhtml,https://www1.hkexnews.hk/search/titlesearch.xhtml,1620584549,14:22:29,20210509
13,2007-12-31,0133.HK,USD,2007-12-31,2007-12-31,FY,926019465.0,0.0,0.0,0.0,0.0,121750784.0,0.0,0.0,0.0,121750784.0,0.0,0.0,0.0,0.0,804268681.0,0.8685224354328233,0.0,809658753.0,0.8743431251739401,214990720.0,594668033.0,0.6421766015469232,4.041,4.041,147145600,147145600,https://www1.hkexnews.hk/search/titlesearch.xhtml,https://www1.hkexnews.hk/search/titlesearch.xhtml,1620584549,14:22:29,20210509
14,2006-12-31,0133.HK,USD,2006-12-31,2006-12-31,FY,155206471.0,0.0,0.0,0.0,0.0,21744834.0,0.0,0.0,0.0,21744834.0,0.0,0.0,0.0,0.0,133461637.0,0.8598973750263287,0.0,137756101.0,0.8875667368276159,22338826.0,115417275.0,0.743637003382417,0.842,0.842,137145600,137145600,https://www1.hkexnews.hk/search/titlesearch.xhtml,https://www1.hkexnews.hk/search/titlesearch.xhtml,1620584549,14:22:29,20210509
15,2005-12-31,0133.HK,USD,2005-12-31,2005-12-31,FY,3118649.0,0.0,3118649.0,1.0,0.0,3182117.0,0.0,0.0,0.0,-8033786.0,0.0,0.0,0.0,0.0,11152435.0,3.5760468715780456,0.0,9850671.0,3.158634075203718,2020645.0,7830026.0,2.5107108879518023,0.057,0.057,137145600,137145600,https://www1.hkexnews.hk/search/titlesearch.xhtml,https://www1.hkexnews.hk/search/titlesearch.xhtml,1620584549,14:22:29,20210509
16,2004-12-31,0133.HK,USD,2004-12-31,2004-12-31,FY,2670343.0,0.0,0.0,0.0,0.0,2951880.0,0.0,0.0,0.0,2951880.0,0.0,0.0,0.0,0.0,-281537.0,-0.10543102515294851,0.0,1336647.0,0.5005525507397365,234170.0,1102477.0,0.4128596963011868,0.008,0.008,137809625,137809625,https://www1.hkexnews.hk/search/titlesearch.xhtml,https://www1.hkexnews.hk/search/titlesearch.xhtml,1620584549,14:22:29,20210509
17,2003-12-31,0133.HK,USD,2003-12-31,2003-12-31,FY,2906501.0,0.0,0.0,0.0,0.0,2734424.0,0.0,0.0,0.0,2734424.0,0.0,0.0,0.0,0.0,172077.0,0.059204177118810555,0.0,14009317.0,4.819993868916612,1920493.0,12088824.0,4.159236139949719,0.088,0.088,137373000,137373000,https://www1.hkexnews.hk/search/titlesearch.xhtml,https://www1.hkexnews.hk/search/titlesearch.xhtml,1620584549,14:22:29,20210509
18,2002-12-31,0133.HK,USD,2002-12-31,2002-12-31,FY,2443946.0,0.0,0.0,0.0,0.0,2738703.0,0.0,0.0,0.0,2738703.0,0.0,0.0,0.0,0.0,-294757.0,-0.12060700195503501,0.0,4661077.0,1.9071931212882773,73442.0,4587635.0,1.8771425391559389,0.033,0.033,139019242,139019242,https://www1.hkexnews.hk/search/titlesearch.xhtml,https://www1.hkexnews.hk/search/titlesearch.xhtml,1620584549,14:22:29,20210509
19,2001-12-31,0133.HK,USD,2001-12-31,2001-12-31,FY,7187935.0,0.0,0.0,0.0,0.0,2581865.0,0.0,0.0,0.0,3178099.0,0.0,0.0,0.0,0.0,4009836.0,0.5578564636435916,0.0,5145880.0,0.7159051939117423,155028.0,4990852.0,0.6943373861894967,0.036,0.036,138634778,138634778,https://www1.hkexnews.hk/search/titlesearch.xhtml,https://www1.hkexnews.hk/search/titlesearch.xhtml,1620584549,14:22:29,20210509
20,2000-12-31,0133.HK,USD,2000-12-31,2000-12-31,FY,16095017.0,0.0,0.0,0.0,0.0,2548785.0,0.0,0.0,0.0,2548785.0,0.0,0.0,0.0,0.0,13546232.0,0.8416413601799861,0.0,3754207.0,0.2332527514571746,101480.0,1869834.0,0.11617471419881073,0.027,0.027,135286185,135286185,https://www1.hkexnews.hk/search/titlesearch.xhtml,https://www1.hkexnews.hk/search/titlesearch.xhtml,1620584549,14:22:29,20210509
21,1999-12-31,0133.HK,USD,1999-12-31,1999-12-31,FY,10916002.0,0.0,0.0,0.0,0.0,2236348.0,0.0,0.0,0.0,2236348.0,0.0,0.0,0.0,0.0,8679654.0,0.795131221119234,0.0,2554187.0,0.23398557457208236,106087.0,665207.0,0.06093870264955979,0.018,0.018,136005556,136005556,https://www1.hkexnews.hk/search/titlesearch.xhtml,https://www1.hkexnews.hk/search/titlesearch.xhtml,1620584549,14:22:29,20210509
22,1998-12-31,0133.HK,USD,1998-12-31,1998-12-31,FY,8769201.0,0.0,0.0,0.0,0.0,0.0,0.0,0.0,0.0,0.0,0.0,0.0,0.0,0.0,8769201.0,1.0,0.0,6989967.0,0.797104205959015,85422.0,3933057.0,0.4485080225667082,0.06,0.06,115075750,115075750,https://www1.hkexnews.hk/search/titlesearch.xhtml,https://www1.hkexnews.hk/search/titlesearch.xhtml,1620584549,14:22:29,20210509
23,1997-12-31,0133.HK,USD,1997-12-31,1997-12-31,FY,7294666.0,0.0,0.0,0.0,0.0,0.0,0.0,0.0,0.0,0.0,0.0,0.0,0.0,0.0,7294666.0,1.0,0.0,11269208.0,1.5448559262343198,155977.0,5398831.0,0.7401066752062397,0.117,0.117,94984880,94984880,https://www1.hkexnews.hk/search/titlesearch.xhtml,https://www1.hkexnews.hk/search/titlesearch.xhtml,1620584549,14:22:29,20210509
24,1996-12-31,0133.HK,USD,1996-12-31,1996-12-31,FY,6912927.0,0.0,0.0,0.0,0.0,0.0,0.0,0.0,0.0,0.0,0.0,0.0,0.0,0.0,6912927.0,1.0,0.0,7554921.0,1.0928686213524315,63105.0,1777416.0,0.2571148227082392,0.079,0.079,94833114,94833114,https://www1.hkexnews.hk/search/titlesearch.xhtml,https://www1.hkexnews.hk/search/titlesearch.xhtml,1620584549,14:22:29,20210509
