,date,symbol,reportedCurrency,fillingDate,acceptedDate,period,revenue,costOfRevenue,grossProfit,grossProfitRatio,researchAndDevelopmentExpenses,generalAndAdministrativeExpenses,sellingAndMarketingExpenses,otherExpenses,operatingExpenses,costAndExpenses,interestExpense,depreciationAndAmortization,ebitda,ebitdaratio,operatingIncome,operatingIncomeRatio,totalOtherIncomeExpensesNet,incomeBeforeTax,incomeBeforeTaxRatio,incomeTaxExpense,netIncome,netIncomeRatio,eps,epsdiluted,weightedAverageShsOut,weightedAverageShsOutDil,link,finalLink,timestamp,est_time,est_date
0,2020-12-31,1099.HK,CNY,2020-12-31,2020-12-31,FY,456414611000,416091300000,40323311000,0.08834798454776024,0.0,7049812000,14141741000,12475000.0,0.0,436630851000,3424756000,0.0,21308486000,0.04668668681161042,19783760000,0.04334602688694381,0.0,15598096000,0.03417527753071867,3500805000,7187278000,0.01574725661006501,2.31,2.31,3111169000,3111293000,https://www1.hkexnews.hk/search/titlesearch.xhtml,https://www1.hkexnews.hk/search/titlesearch.xhtml,1620585073,14:31:13,20210509
1,2019-12-31,1099.HK,CNY,2019-12-31,2019-12-31,FY,425016473000,387741423000,37275050000,0.08770260064719891,0.0,6912227000,12556928000,256720000.0,19027991000.0,406769414000,3442507000,3114076000.0,21361135000,0.050259546057641866,18247059000,0.042932592403306685,0.0,13759810000,0.032374768683377596,3139738000,6252537000,0.014711281555432793,2.11,2.1,2969653000,2971656000,https://www1.hkexnews.hk/search/titlesearch.xhtml,https://www1.hkexnews.hk/search/titlesearch.xhtml,1620585073,14:31:13,20210509
2,2018-12-31,1099.HK,CNY,2018-12-31,2018-12-31,FY,344304370000,313297729000,31006641000,0.09005590315336398,0.0,5517883000,10369831000,225039000.0,15473950000.0,328771679000,4157253000,1394679000.0,16927370000,0.04916397082035293,15532691000,0.04511325546056822,0.0,12207940000,0.03545682559881538,2803456000,5835842000,0.016949659976723503,1.97,1.96,2967629000,2971656000,https://www1.hkexnews.hk/search/titlesearch.xhtml,https://www1.hkexnews.hk/search/titlesearch.xhtml,1620585073,14:31:13,20210509
3,2017-12-31,1099.HK,CNY,2017-12-31,2017-12-31,FY,276869025000,254640464000,22228561000,0.08028547433213232,0.0,4187139000,7383263000,135424000.0,11170588000.0,265811052000,2611864000,1015127000.0,12073100000,0.04360581686593507,11057973000,0.0399393648314397,0.0,10173004000,0.03674301955590735,2304828000,5283091000,0.01908155309175521,1.9136399282080445,1.9092553743185543,2760755000,2767095000,https://www1.hkexnews.hk/search/titlesearch.xhtml,https://www1.hkexnews.hk/search/titlesearch.xhtml,1620585073,14:31:13,20210509
4,2016-12-31,1099.HK,CNY,2016-12-31,2016-12-31,FY,257952634000,237717016000,20235618000,0.07844702993030883,0.0,4110380000,6618858000,169514000.0,10456953000.0,248173969000,2043492000,1067761000.0,10846426000,0.0420481304331244,9778665000,0.037908761962864856,0.0,8924822000,0.034598685276460484,2033227000,4647344000,0.018016268831742187,1.683902654658833,1.679502872145698,2759865000,2767095000,https://www1.hkexnews.hk/search/titlesearch.xhtml,https://www1.hkexnews.hk/search/titlesearch.xhtml,1620585073,14:31:13,20210509
5,2015-12-31,1099.HK,CNY,2015-12-31,2015-12-31,FY,226908084000,208451904000,18456180000,0.08133769266678044,0.0,3694535000,5997520000,122501000.0,9448325000.0,217900229000,2087047000,1005388000.0,10013243000,0.04412907122339458,9007855000,0.039698255087289004,0.0,7409580000,0.03265454394300028,1713164000,3760649000,0.0165734465414639,1.36,1.36,2767095000,2767095000,https://www1.hkexnews.hk/search/titlesearch.xhtml,https://www1.hkexnews.hk/search/titlesearch.xhtml,1620585073,14:31:13,20210509
6,2014-12-31,1099.HK,CNY,2014-12-31,2014-12-31,FY,200019847000,183803043000,16216804000,0.08107597442567786,0.0,3547468000,5122849000,134209000.0,8466296000.0,192269339000,2191220000,835246000.0,8585754000,0.042924510386211825,7750508000,0.038748694773274174,0.0,5934603000,0.029670070690535025,1383030000,2874823000,0.014372688726234251,1.11,1.11,2585178000,2585178000,https://www1.hkexnews.hk/search/titlesearch.xhtml,https://www1.hkexnews.hk/search/titlesearch.xhtml,1620585073,14:31:13,20210509
7,2013-12-31,1099.HK,CNY,2013-12-31,2013-12-31,FY,166720219000,153487630000,13232589000,0.07937003129776359,0.0,3091764000,4473773000,138289000.0,7276596000.0,160764226000,1730627000,676926000.0,6632919000,0.03978473060906908,5955993000,0.0357244792246824,0.0,4620505000,0.027714125063619307,1040793000,2250002000,0.013495675650474043,0.89,0.89,2523359000,2523359000,https://www1.hkexnews.hk/search/titlesearch.xhtml,https://www1.hkexnews.hk/search/titlesearch.xhtml,1620585073,14:31:13,20210509
8,2012-12-31,1099.HK,CNY,2012-12-31,2012-12-31,FY,135668892000,124844238000,10824654000,0.07978729567571025,0.0,2568435000,3729715000,127611000.0,6079251000.0,130923489000,1317386000,565610000.0,5311013000,0.03914687384636413,4745403000,0.034977826751913035,0.0,4014253000,0.029588603111758295,934117000,1973823000,0.014548825238434173,0.82,0.82,2402625000,2402625000,https://www1.hkexnews.hk/search/titlesearch.xhtml,https://www1.hkexnews.hk/search/titlesearch.xhtml,1620585073,14:31:13,20210509
9,2011-12-31,1099.HK,CNY,2011-12-31,2011-12-31,FY,102224807000,93870110000,8354697000,0.08172866494137768,0.0,1964629000,2922793000,0.0,4718481000.0,98588591000,933498000,460145000.0,4096361000,0.04007208348165431,3636216000,0.03557077882279592,0.0,3127600000,0.030595313327419636,725050000,1560606000,0.015266411801589413,0.66,0.66,2356102000,2356102000,https://www1.hkexnews.hk/search/titlesearch.xhtml,https://www1.hkexnews.hk/search/titlesearch.xhtml,1620585073,14:31:13,20210509
10,2010-12-31,1099.HK,CNY,2010-12-31,2010-12-31,FY,69233669000,63397799000,5835870000,0.08429236936727996,0.0,1544407000,1960018000,171381000.0,3427055000.0,66824854000,348640000,300515000.0,2709330000,0.03913312755387845,2408815000,0.03479253713969716,0.0,2397952000,0.03463563371168441,567595000,1208751000,0.017459005386526606,0.53,0.53,2264568000,2264568000,https://www1.hkexnews.hk/search/titlesearch.xhtml,https://www1.hkexnews.hk/search/titlesearch.xhtml,1620585073,14:31:13,20210509
11,2009-12-31,1099.HK,CNY,2009-12-31,2009-12-31,FY,47045853000,43261285000,3784568000,0.08044424234374069,0.0,1036849000,1250304000,171195000.0,2234289000.0,45495574000,239765000,201557000.0,1751836000,0.037236778340484125,1550279000,0.032952511244721185,0.0,1572372000,0.03342211692920097,386234000,845819000,0.01797860908165487,0.47,0.47,1808964000,1808964000,https://www1.hkexnews.hk/search/titlesearch.xhtml,https://www1.hkexnews.hk/search/titlesearch.xhtml,1620585073,14:31:13,20210509
12,2008-12-31,1099.HK,CNY,2008-12-31,2008-12-31,FY,38187433000,35152478000,3034955000,0.07947522945572173,0.0,966727000,966013000,92749000.0,1862817000.0,37015295000,265996000,172719000.0,1344857000,0.03521726637137406,1172138000,0.030694338632292983,0.0,1077389000,0.02821318206960913,259286000,818103000,0.021423356736233096,0.36,0.36,1637037000,1637037000,https://www1.hkexnews.hk/search/titlesearch.xhtml,https://www1.hkexnews.hk/search/titlesearch.xhtml,1620585073,14:31:13,20210509
13,2007-12-31,1099.HK,CNY,2007-12-31,2007-12-31,FY,31110214000,28559991000,2550223000,0.08197381734500445,0.0,839587000,945284000,124137000.0,1760877000.0,30320868000,150868000,134930000.0,924276000,0.029709728129803287,789346000,0.025372567350388526,0.0,820409000,0.026371049713769246,284460000,535949000,0.017227428908075014,0.23,0.23,1637037000,1637037000,https://www1.hkexnews.hk/search/titlesearch.xhtml,https://www1.hkexnews.hk/search/titlesearch.xhtml,1620585073,14:31:13,20210509
14,2006-12-31,1099.HK,CNY,2006-12-31,2006-12-31,FY,23736642000,21747100000,1989542000,0.08381733187027887,0.0,747602000,778961000,-45633000.0,1509291000.0,23256391000,101539000,126716000.0,606967000,0.025570887406904483,480251000,0.020232474332300247,0.0,363967000,0.01533355055024211,181519000,182448000,0.007686344176231836,0.06,0.06,1637037000,1637037000,https://www1.hkexnews.hk/search/titlesearch.xhtml,https://www1.hkexnews.hk/search/titlesearch.xhtml,1620585073,14:31:13,20210509
