,date,symbol,reportedCurrency,fillingDate,acceptedDate,period,revenue,costOfRevenue,grossProfit,grossProfitRatio,researchAndDevelopmentExpenses,generalAndAdministrativeExpenses,sellingAndMarketingExpenses,otherExpenses,operatingExpenses,costAndExpenses,interestExpense,depreciationAndAmortization,ebitda,ebitdaratio,operatingIncome,operatingIncomeRatio,totalOtherIncomeExpensesNet,incomeBeforeTax,incomeBeforeTaxRatio,incomeTaxExpense,netIncome,netIncomeRatio,eps,epsdiluted,weightedAverageShsOut,weightedAverageShsOutDil,link,finalLink,timestamp,est_time,est_date
0,2019-12-31,0007.HK,HKD,2019-12-31,2019-12-31,FY,538006000,509163000.0,28843000.0,0.053610926272197705,0.0,63893000.0,1102000.0,0.0,0.0,573046000.0,30632000.0,7489000.0,-27551000.0,-0.051209466065434216,-35040000.0,-0.06512938517414305,0.0,930436000.0,1.7294156570744563,252953000.0,677713000.0,1.2596755426519406,0.1694,0.1638,4000000000,4123807000,https://www1.hkexnews.hk/search/titlesearch.xhtml,https://www1.hkexnews.hk/search/titlesearch.xhtml,1620584461,14:21:01,20210509
1,2018-12-31,0007.HK,HKD,2018-12-31,2018-12-31,FY,942475000,890984000.0,51491000.0,0.05463380991538237,0.0,65675000.0,913000.0,3655000.0,0.0,955876000.0,30216000.0,6372000.0,-7029000.0,-0.007458022759224383,-13401000.0,-0.014218944799596806,0.0,253301000.0,0.2687615056102284,73665000.0,159982000.0,0.1697466776307064,0.0455,0.042,3516367000,3894106000,https://www1.hkexnews.hk/search/titlesearch.xhtml,https://www1.hkexnews.hk/search/titlesearch.xhtml,1620584461,14:21:01,20210509
2,2017-12-31,0007.HK,HKD,2017-12-31,2017-12-31,FY,97065000,51563000.0,45502000.0,0.46877865347962705,0.0,71750000.0,1082000.0,0.0,0.0,119753000.0,10531000.0,11439000.0,-11249000.0,-0.11589141297068975,-22688000.0,-0.23374027713387935,0.0,94478000.0,0.9733477566579096,31896000.0,11664000.0,0.12016689847009736,0.0046,0.0046,2521280000,2521280000,https://www1.hkexnews.hk/search/titlesearch.xhtml,https://www1.hkexnews.hk/search/titlesearch.xhtml,1620584461,14:21:01,20210509
3,2016-12-31,0007.HK,HKD,2016-12-31,2016-12-31,FY,136569000,66709000.0,69860000.0,0.5115362930093945,0.0,73416000.0,1048000.0,0.0,0.0,111676000.0,6457000.0,13690000.0,38583000.0,0.28251653010566086,24893000.0,0.18227416177902744,0.0,10527000.0,0.07708191463655735,7382000.0,-4621000.0,-0.033836375751451646,-0.0026,-0.0026,1749158000,1749158000,https://www1.hkexnews.hk/search/titlesearch.xhtml,https://www1.hkexnews.hk/search/titlesearch.xhtml,1620584461,14:21:01,20210509
4,2015-12-31,0007.HK,HKD,2015-12-31,2015-12-31,FY,171996000,100645000.0,71351000.0,0.4148410428149492,0.0,65060000.0,2512000.0,0.0,0.0,171349000.0,5685000.0,9740000.0,10387000.0,0.06039093932417033,647000.0,0.0037617153887299706,0.0,-28591000.0,-0.16623061001418638,5783000.0,-36480000.0,-0.21209795576641316,-0.0225,-0.0225,1621958000,1621958000,https://www1.hkexnews.hk/search/titlesearch.xhtml,https://www1.hkexnews.hk/search/titlesearch.xhtml,1620584461,14:21:01,20210509
5,2014-12-31,0007.HK,HKD,2014-12-31,2014-12-31,FY,313127000,295548000.0,17579000.0,0.056140160382209134,0.0,57951000.0,0.0,0.0,0.0,348084000.0,3726000.0,3250000.0,-31707000.0,-0.10125923347395785,-34957000.0,-0.11163840869679076,0.0,-39474000.0,-0.12606386546034037,-721000.0,-37756000.0,-0.12057727375793209,-0.0249,-0.0249,1518628000,1518628000,https://www1.hkexnews.hk/search/titlesearch.xhtml,https://www1.hkexnews.hk/search/titlesearch.xhtml,1620584461,14:21:01,20210509
6,2013-12-31,0007.HK,HKD,2013-12-31,2013-12-31,FY,562886000,542650000.0,20236000.0,0.03595044111951621,0.0,48175000.0,0.0,0.0,0.0,589390000.0,2257000.0,1481000.0,-25023000.0,-0.04445482744285699,-26504000.0,-0.047085910823861314,0.0,-22268000.0,-0.039560408324243276,-300000.0,-21471000.0,-0.038144491069239596,-0.0147,-0.0147,1458914000,1458914000,https://www1.hkexnews.hk/search/titlesearch.xhtml,https://www1.hkexnews.hk/search/titlesearch.xhtml,1620584461,14:21:01,20210509
7,2012-12-31,0007.HK,HKD,2012-12-31,2012-12-31,FY,18974000,0.0,18974000.0,1.0,0.0,0.0,0.0,2826000.0,0.0,11139000.0,1782000.0,415000.0,8250000.0,0.43480552334773903,7835000.0,0.41293348793085277,0.0,-21777000.0,-1.147728470538632,0.0,-21265000.0,-1.120744176241172,-0.0281,-0.0281,755586000,755586000,https://www1.hkexnews.hk/search/titlesearch.xhtml,https://www1.hkexnews.hk/search/titlesearch.xhtml,1620584461,14:21:01,20210509
8,2011-12-31,0007.HK,HKD,2011-12-31,2011-12-31,FY,30949000,0.0,30949000.0,1.0,0.0,0.0,0.0,-27415000.0,0.0,14738000.0,2228000.0,414000.0,16625000.0,0.5371740605512294,16211000.0,0.5237972147726906,0.0,-371024000.0,-11.988238715305826,0.0,-270281000.0,-8.733109308862968,-0.4244,-0.4244,636844000,636844000,https://www1.hkexnews.hk/search/titlesearch.xhtml,https://www1.hkexnews.hk/search/titlesearch.xhtml,1620584461,14:21:01,20210509
9,2010-12-31,0007.HK,HKD,2010-12-31,2010-12-31,FY,41824000,0.0,0.0,0.0,0.0,0.0,0.0,0.0,0.0,43896000.0,0.0,357000.0,-1715000.0,-0.04100516449885233,-2072000.0,-0.04954093343534813,0.0,-85351000.0,-2.0407182478959447,0.0,-56170000.0,-1.3430087987758226,-0.0882,-0.0882,636844000,636844000,https://www1.hkexnews.hk/search/titlesearch.xhtml,https://www1.hkexnews.hk/search/titlesearch.xhtml,1620584461,14:21:01,20210509
10,2009-12-31,0007.HK,HKD,2009-12-31,2009-12-31,FY,36771000,0.0,0.0,0.0,0.0,0.0,0.0,133000.0,0.0,36407000.0,0.0,273000.0,637000.0,0.017323434228060156,364000.0,0.009899105273177233,0.0,-51122000.0,-1.3902803839982596,0.0,-49840000.0,-1.3554159527888825,-0.0831,-0.0831,599491000,599491000,https://www1.hkexnews.hk/search/titlesearch.xhtml,https://www1.hkexnews.hk/search/titlesearch.xhtml,1620584461,14:21:01,20210509
11,2008-12-31,0007.HK,HKD,2008-12-31,2008-12-31,FY,48004000,0.0,0.0,0.0,0.0,0.0,0.0,4591000.0,0.0,58054000.0,0.0,467000.0,-9583000.0,-0.19962919756686942,-10050000.0,-0.20935755353720523,0.0,-22766000.0,-0.4742521456545288,1264000.0,-15261000.0,-0.31791100741604866,-0.0257,-0.0257,593562000,593562000,https://www1.hkexnews.hk/search/titlesearch.xhtml,https://www1.hkexnews.hk/search/titlesearch.xhtml,1620584461,14:21:01,20210509
12,2007-12-31,0007.HK,HKD,2007-12-31,2007-12-31,FY,90500000,0.0,0.0,0.0,0.0,0.0,0.0,0.0,0.0,471000.0,0.0,471000.0,90500000.0,1.0,90029000.0,0.9947955801104973,0.0,32509000.0,0.3592154696132597,3527000.0,28982000.0,0.32024309392265193,0.0575,0.0545,502452174,530110092,https://www1.hkexnews.hk/search/titlesearch.xhtml,https://www1.hkexnews.hk/search/titlesearch.xhtml,1620584461,14:21:01,20210509
13,2006-12-31,0007.HK,HKD,2006-12-31,2006-12-31,FY,51082000,0.0,0.0,0.0,0.0,0.0,0.0,0.0,0.0,728000.0,0.0,728000.0,51082000.0,1.0,50354000.0,0.9857484045260562,0.0,11373000.0,0.2226420265455542,-47000.0,11420000.0,0.2235621158137896,0.0241,0.024,469502075,471458333,https://www1.hkexnews.hk/search/titlesearch.xhtml,https://www1.hkexnews.hk/search/titlesearch.xhtml,1620584461,14:21:01,20210509
14,2005-12-31,0007.HK,HKD,2005-12-31,2005-12-31,FY,35169000,0.0,0.0,0.0,0.0,0.0,0.0,0.0,0.0,1259000.0,0.0,1259000.0,35169000.0,1.0,33910000.0,0.9642014273934431,0.0,14040000.0,0.3992152179476243,35000.0,14005000.0,0.3982200233159885,0.0301,0.0301,459966777,459966777,https://www1.hkexnews.hk/search/titlesearch.xhtml,https://www1.hkexnews.hk/search/titlesearch.xhtml,1620584461,14:21:01,20210509
15,2004-03-31,0007.HK,HKD,2004-03-31,2004-03-31,FY,47031000,0.0,0.0,0.0,0.0,0.0,0.0,0.0,0.0,2424000.0,0.0,2424000.0,47031000.0,1.0,44607000.0,0.9484595266951585,0.0,8178000.0,0.17388530968935384,-6000.0,8148000.0,0.17324743254449193,0.018,0.018,452666667,452666667,https://www1.hkexnews.hk/search/titlesearch.xhtml,https://www1.hkexnews.hk/search/titlesearch.xhtml,1620584461,14:21:01,20210509
16,2003-03-31,0007.HK,HKD,2003-03-31,2003-03-31,FY,29242000,0.0,0.0,0.0,0.0,0.0,0.0,0.0,0.0,4013000.0,0.0,4013000.0,29242000.0,1.0,25229000.0,0.8627658846864099,0.0,-61114000.0,-2.0899391286505713,-125000.0,-42731000.0,-1.461288557554203,-0.093,-0.093,459473118,459473118,https://www1.hkexnews.hk/search/titlesearch.xhtml,https://www1.hkexnews.hk/search/titlesearch.xhtml,1620584461,14:21:01,20210509
17,2002-03-31,0007.HK,HKD,2002-03-31,2002-03-31,FY,32385000,0.0,0.0,0.0,0.0,0.0,0.0,0.0,0.0,12305000.0,0.0,12305000.0,32385000.0,1.0,20080000.0,0.6200401420410684,0.0,-118728000.0,-3.6661417322834646,6000.0,-73404000.0,-2.2666049096804075,-0.161,-0.161,455925466,455925466,https://www1.hkexnews.hk/search/titlesearch.xhtml,https://www1.hkexnews.hk/search/titlesearch.xhtml,1620584461,14:21:01,20210509
18,2001-03-31,0007.HK,HKD,2001-03-31,2001-03-31,FY,43235000,0.0,0.0,0.0,0.0,0.0,0.0,0.0,0.0,835000.0,0.0,835000.0,43235000.0,1.0,42400000.0,0.9806869434485949,0.0,35971000.0,0.8319879727072973,1855000.0,34116000.0,0.7890829189314214,0.07416521739130434,0.07416521739130434,460000000,460000000,https://www1.hkexnews.hk/search/titlesearch.xhtml,https://www1.hkexnews.hk/search/titlesearch.xhtml,1620584461,14:21:01,20210509
19,2000-03-31,0007.HK,HKD,2000-03-31,2000-03-31,FY,64197000,0.0,0.0,0.0,0.0,0.0,0.0,0.0,0.0,492000.0,0.0,492000.0,64197000.0,1.0,63705000.0,0.9923360904715174,0.0,49303000.0,0.7679953891926414,6689000.0,42614000.0,0.6638004891194292,0.092639,0.092639,460000000,460000000,https://www1.hkexnews.hk/search/titlesearch.xhtml,https://www1.hkexnews.hk/search/titlesearch.xhtml,1620584461,14:21:01,20210509
