,date,symbol,reportedCurrency,fillingDate,acceptedDate,period,revenue,costOfRevenue,grossProfit,grossProfitRatio,researchAndDevelopmentExpenses,generalAndAdministrativeExpenses,sellingAndMarketingExpenses,otherExpenses,operatingExpenses,costAndExpenses,interestExpense,depreciationAndAmortization,ebitda,ebitdaratio,operatingIncome,operatingIncomeRatio,totalOtherIncomeExpensesNet,incomeBeforeTax,incomeBeforeTaxRatio,incomeTaxExpense,netIncome,netIncomeRatio,eps,epsdiluted,weightedAverageShsOut,weightedAverageShsOutDil,link,finalLink,timestamp,est_time,est_date
0,2020-12-31,TOUP.PA,EUR,2020-12-31,2020-12-31,FY,161106000,99977000,61129000,0.3794334165083858,0.0,0.0,0.0,-40359000.0,0.0,98766000,11885000.0,23572000.0,85912000.0,0.5332638138865095,62340000.0,0.0618971360470746,0.0,9972000.0,0.0618971360470746,1003000.0,5862000.0,0.03638598190011545,0.84,0.84,7002436.0,7002436.0,https://www.infogreffe.com/recherche-entreprise-dirigeants/resultats-entreprise-dirigeants.html?ga_cat=globale&ga_q=T.O.U.P#phrase=T.O.U.P,https://www.infogreffe.com/recherche-entreprise-dirigeants/resultats-entreprise-dirigeants.html?ga_cat=globale&ga_q=T.O.U.P#phrase=T.O.U.P,1620598959,18:22:39,20210509
1,2019-12-31,TOUP.PA,EUR,2019-12-31,2019-12-31,FY,167087000,100621000,66466000,0.39779276664252755,0.0,0.0,0.0,-53392000.0,412000.0,101033000,12250000.0,21359000.0,87413000.0,0.5231585940258667,66054000.0,0.39532698534296506,0.0,686000.0,0.004105645561892906,1485000.0,-2698000.0,-0.016147276568494257,-0.39,-0.39,7002819.0,7002819.0,https://www.infogreffe.com/recherche-entreprise-dirigeants/resultats-entreprise-dirigeants.html?ga_cat=globale&ga_q=T.O.U.P#phrase=T.O.U.P,https://www.infogreffe.com/recherche-entreprise-dirigeants/resultats-entreprise-dirigeants.html?ga_cat=globale&ga_q=T.O.U.P#phrase=T.O.U.P,1620598959,18:22:39,20210509
2,2018-12-31,TOUP.PA,EUR,2018-12-31,2018-12-31,FY,153289000,88840000,64449000,0.4204411275433984,0.0,0.0,0.0,-57247000.0,5394000.0,94234000,10081000.0,17760000.0,76815000.0,0.5011122781151942,59055000.0,0.3852526926263463,0.0,-2131000.0,-0.013901845533599933,475000.0,-4158000.0,-0.02712523403505796,-0.59,-0.59,7002362.0,7002362.0,https://www.infogreffe.com/recherche-entreprise-dirigeants/resultats-entreprise-dirigeants.html?ga_cat=globale&ga_q=T.O.U.P#phrase=T.O.U.P,https://www.infogreffe.com/recherche-entreprise-dirigeants/resultats-entreprise-dirigeants.html?ga_cat=globale&ga_q=T.O.U.P#phrase=T.O.U.P,1620598959,18:22:39,20210509
3,2017-12-31,TOUP.PA,EUR,2017-12-31,2017-12-31,FY,211929000,144793000,67136000,0.3167853384860024,0.0,0.0,0.0,-68419000.0,2491000.0,147284000,10825000.0,24851000.0,89496000.0,0.42229237150177656,64645000.0,0.30503140202615026,0.0,-8482000.0,-0.0400228378372002,53000.0,-18040000.0,-0.08512284774617915,-2.58,-2.58,7004317.0,7004317.0,https://www.infogreffe.com/recherche-entreprise-dirigeants/resultats-entreprise-dirigeants.html?ga_cat=globale&ga_q=T.O.U.P#phrase=T.O.U.P,https://www.infogreffe.com/recherche-entreprise-dirigeants/resultats-entreprise-dirigeants.html?ga_cat=globale&ga_q=T.O.U.P#phrase=T.O.U.P,1620598959,18:22:39,20210509
4,2016-12-31,TOUP.PA,EUR,2016-12-31,2016-12-31,FY,362942000,214675000,148267000,0.4085143080712621,0.0,0.0,0.0,0.0,144088000.0,358763000,16309000.0,37058000.0,41237000.0,0.11361870491703908,4179000.0,0.011514236434471624,0.0,-11217000.0,-0.0309057645574224,2485000.0,-11583000.0,-0.031914190146083946,-1.82,-1.82,6362826.0,6362826.0,https://www.infogreffe.com/recherche-entreprise-dirigeants/resultats-entreprise-dirigeants.html?ga_cat=globale&ga_q=T.O.U.P#phrase=T.O.U.P,https://www.infogreffe.com/recherche-entreprise-dirigeants/resultats-entreprise-dirigeants.html?ga_cat=globale&ga_q=T.O.U.P#phrase=T.O.U.P,1620598959,18:22:39,20210509
5,2015-12-31,TOUP.PA,EUR,2015-12-31,2015-12-31,FY,348240000,210221000,138019000,0.39633298874339534,0.0,0.0,0.0,0.0,151311000.0,361532000,15706000.0,46988000.0,33696000.0,0.09676085458304617,-13292000.0,-0.038169078796232485,0.0,-28385000.0,-0.08150987824488859,-1372000.0,-23955000.0,-0.06878876636802206,-4.064571,-4.064571,5896803.0,5896803.0,https://www.infogreffe.com/recherche-entreprise-dirigeants/resultats-entreprise-dirigeants.html?ga_cat=globale&ga_q=T.O.U.P#phrase=T.O.U.P,https://www.infogreffe.com/recherche-entreprise-dirigeants/resultats-entreprise-dirigeants.html?ga_cat=globale&ga_q=T.O.U.P#phrase=T.O.U.P,1620598959,18:22:39,20210509
6,2014-12-31,TOUP.PA,EUR,2014-12-31,2014-12-31,FY,378691000,253039000,125652000,0.33180614273906694,0.0,0.0,0.0,0.0,121701000.0,374740000,0.0,36013000.0,39964000.0,0.10553195085174984,3951000.0,0.010433308422962256,0.0,-13602000.0,-0.03591846650699383,-423000.0,-12896000.0,-0.03405414968932454,-2.181718,-2.181718,5906107.0,5906107.0,https://www.infogreffe.com/recherche-entreprise-dirigeants/resultats-entreprise-dirigeants.html?ga_cat=globale&ga_q=T.O.U.P#phrase=T.O.U.P,https://www.infogreffe.com/recherche-entreprise-dirigeants/resultats-entreprise-dirigeants.html?ga_cat=globale&ga_q=T.O.U.P#phrase=T.O.U.P,1620598959,18:22:39,20210509
7,2013-12-31,TOUP.PA,EUR,2013-12-31,2013-12-31,FY,349262000,127835000,221427000,0.6339853748761675,0.0,27734000.0,0.0,0.0,214065000.0,341900000,19830000.0,37949000.0,45311000.0,0.12973355246204854,7362000.0,0.02107873172575316,0.0,-12951000.0,-0.037081045175255255,1928000.0,-15303000.0,-0.04381524471600117,-2.620054,-2.620054,5839410.0,5839410.0,https://www.infogreffe.com/recherche-entreprise-dirigeants/resultats-entreprise-dirigeants.html?ga_cat=globale&ga_q=T.O.U.P#phrase=T.O.U.P,https://www.infogreffe.com/recherche-entreprise-dirigeants/resultats-entreprise-dirigeants.html?ga_cat=globale&ga_q=T.O.U.P#phrase=T.O.U.P,1620598959,18:22:39,20210509
8,2012-12-31,TOUP.PA,EUR,2012-12-31,2012-12-31,FY,357986000,122917000,235069000,0.6566429972121814,0.0,25288000.0,0.0,0.0,206005000.0,328922000,17594000.0,32157000.0,61221000.0,0.171015067628343,29064000.0,0.08118753247333695,0.0,11475000.0,0.03205432614683256,2749000.0,9146000.0,0.025548485136290246,1.593949,1.593949,5754273.0,5754273.0,https://www.infogreffe.com/recherche-entreprise-dirigeants/resultats-entreprise-dirigeants.html?ga_cat=globale&ga_q=T.O.U.P#phrase=T.O.U.P,https://www.infogreffe.com/recherche-entreprise-dirigeants/resultats-entreprise-dirigeants.html?ga_cat=globale&ga_q=T.O.U.P#phrase=T.O.U.P,1620598959,18:22:39,20210509
9,2011-12-31,TOUP.PA,EUR,2011-12-31,2011-12-31,FY,336026000,182480000,153546000,0.4569467838798188,0.0,0.0,0.0,-14489000.0,122065000.0,304545000,0.0,26267000.0,57748000.0,0.17185574925749794,31481000.0,0.09368620285335064,0.0,17084000.0,0.05084130394671841,4135000.0,12949000.0,0.038535708546362485,2.341113,2.331151,5734907.0,5767551.0,https://www.infogreffe.com/recherche-entreprise-dirigeants/resultats-entreprise-dirigeants.html?ga_cat=globale&ga_q=T.O.U.P#phrase=T.O.U.P,https://www.infogreffe.com/recherche-entreprise-dirigeants/resultats-entreprise-dirigeants.html?ga_cat=globale&ga_q=T.O.U.P#phrase=T.O.U.P,1620598959,18:22:39,20210509
10,2010-12-31,TOUP.PA,EUR,2010-12-31,2010-12-31,FY,302398000,74339000,228059000,0.7541683476742571,0.0,22035000.0,0.0,-12910000.0,198091000.0,272430000,0.0,23788000.0,53756000.0,0.17776572596379606,29968000.0,0.09910118453164372,0.0,17282000.0,0.05714984887466187,4001000.0,13281000.0,0.04391894126283904,2.321189,2.301264,5714471.0,5766187.0,https://www.infogreffe.com/recherche-entreprise-dirigeants/resultats-entreprise-dirigeants.html?ga_cat=globale&ga_q=T.O.U.P#phrase=T.O.U.P,https://www.infogreffe.com/recherche-entreprise-dirigeants/resultats-entreprise-dirigeants.html?ga_cat=globale&ga_q=T.O.U.P#phrase=T.O.U.P,1620598959,18:22:39,20210509
11,2009-12-31,TOUP.PA,EUR,2009-12-31,2009-12-31,FY,271772000,53321000,218451000,0.8038024520553994,0.0,13956000.0,0.0,-12867000.0,125134000.0,178455000,0.0,20683000.0,114000000.0,0.41946926099818965,93317000.0,0.3433650265663865,0.0,18399000.0,0.06770013099215519,4244000.0,14193000.0,0.05222392299427461,2.719676,2.68979,5218423.0,5278725.0,https://www.infogreffe.com/recherche-entreprise-dirigeants/resultats-entreprise-dirigeants.html?ga_cat=globale&ga_q=T.O.U.P#phrase=T.O.U.P,https://www.infogreffe.com/recherche-entreprise-dirigeants/resultats-entreprise-dirigeants.html?ga_cat=globale&ga_q=T.O.U.P#phrase=T.O.U.P,1620598959,18:22:39,20210509
12,2008-12-31,TOUP.PA,EUR,2008-12-31,2008-12-31,FY,364887000,146173000,218714000,0.5994020066486336,0.0,16242000.0,0.0,0.0,78547000.0,224720000,0.0,16094000.0,156261000.0,0.4282449086977612,140167000.0,0.38413810302915696,0.0,20332000.0,0.05572136031154851,3546000.0,16786000.0,0.04600328320822611,3.705932,3.69597,4544030.0,4551258.0,https://www.infogreffe.com/recherche-entreprise-dirigeants/resultats-entreprise-dirigeants.html?ga_cat=globale&ga_q=T.O.U.P#phrase=T.O.U.P,https://www.infogreffe.com/recherche-entreprise-dirigeants/resultats-entreprise-dirigeants.html?ga_cat=globale&ga_q=T.O.U.P#phrase=T.O.U.P,1620598959,18:22:39,20210509
13,2007-12-31,TOUP.PA,EUR,2007-12-31,2007-12-31,FY,278160000,98396000,179764000,0.646261144664941,0.0,12870000.0,0.0,0.0,65702000.0,164098000,0.0,11183000.0,125245000.0,0.4502624388840955,114062000.0,0.4100589588725913,0.0,14257000.0,0.051254673569168824,2517000.0,11740000.0,0.04220592464768479,2.998617,2.879071,3903589.0,4066028.0,https://www.infogreffe.com/recherche-entreprise-dirigeants/resultats-entreprise-dirigeants.html?ga_cat=globale&ga_q=T.O.U.P#phrase=T.O.U.P,https://www.infogreffe.com/recherche-entreprise-dirigeants/resultats-entreprise-dirigeants.html?ga_cat=globale&ga_q=T.O.U.P#phrase=T.O.U.P,1620598959,18:22:39,20210509
14,2006-12-31,TOUP.PA,EUR,2006-12-31,2006-12-31,FY,253132100,91829000,161303100,0.6372289409363727,0.0,14117000.0,0.0,0.0,146211000.0,238040000,0.0,8436000.0,23528100.0,0.09294791138697937,15092100.0,0.05962143876655707,0.0,10637100.0,0.042021932421846146,4081000.0,7198100.0,0.028436140655412726,185.296614,181.311741,3887997.0,3887997.0,https://www.infogreffe.com/recherche-entreprise-dirigeants/resultats-entreprise-dirigeants.html?ga_cat=globale&ga_q=T.O.U.P#phrase=T.O.U.P,https://www.infogreffe.com/recherche-entreprise-dirigeants/resultats-entreprise-dirigeants.html?ga_cat=globale&ga_q=T.O.U.P#phrase=T.O.U.P,1620598959,18:22:39,20210509
15,2005-12-31,TOUP.PA,EUR,2005-12-31,2005-12-31,FY,221992000,88177000,133815000,0.6027919925042344,0.0,10974000.0,0.0,0.0,128025000.0,216202000,0.0,7523000.0,13313000.0,0.05997062957223684,5790000.0,0.026082020973728783,0.0,5958000.0,0.026838805001982054,2318000.0,4082000.0,0.018388050019820534,139.47057,139.47057,2934583.0,2934583.0,https://www.infogreffe.com/recherche-entreprise-dirigeants/resultats-entreprise-dirigeants.html?ga_cat=globale&ga_q=T.O.U.P#phrase=T.O.U.P,https://www.infogreffe.com/recherche-entreprise-dirigeants/resultats-entreprise-dirigeants.html?ga_cat=globale&ga_q=T.O.U.P#phrase=T.O.U.P,1620598959,18:22:39,20210509
16,2004-12-31,TOUP.PA,EUR,2004-12-31,2004-12-31,FY,180583000,65135000,115448000,0.6393071330080905,0.0,10314000.0,0.0,0.0,113150000.0,178285000,0.0,5795000.0,8093000.0,0.04481595720527403,2298000.0,0.012725450346931882,0.0,3128000.0,0.017321674797738437,337000.0,3177000.0,0.017593018168930632,111.576456,108.587801,2848900.0,2848900.0,https://www.infogreffe.com/recherche-entreprise-dirigeants/resultats-entreprise-dirigeants.html?ga_cat=globale&ga_q=T.O.U.P#phrase=T.O.U.P,https://www.infogreffe.com/recherche-entreprise-dirigeants/resultats-entreprise-dirigeants.html?ga_cat=globale&ga_q=T.O.U.P#phrase=T.O.U.P,1620598959,18:22:39,20210509
17,2003-12-31,TOUP.PA,EUR,2003-12-31,2003-12-31,FY,167769000,115260000,52509000,0.31298392432451766,0.0,0.0,0.0,0.0,17514000.0,132774000,0.0,1201000.0,36196000.0,0.21574903587671143,34995000.0,0.20859038320547896,0.0,0.0,0.0,0.0,2678000.0,0.015962424524196963,0.906559,0.906559,2848900.0,2848900.0,https://www.infogreffe.com/recherche-entreprise-dirigeants/resultats-entreprise-dirigeants.html?ga_cat=globale&ga_q=T.O.U.P#phrase=T.O.U.P,https://www.infogreffe.com/recherche-entreprise-dirigeants/resultats-entreprise-dirigeants.html?ga_cat=globale&ga_q=T.O.U.P#phrase=T.O.U.P,1620598959,18:22:39,20210509
18,2002-12-31,TOUP.PA,EUR,2002-12-31,2002-12-31,FY,147678000,96299000,51379000,0.3479123498422243,0.0,0.0,0.0,0.0,13368000.0,109667000,0.0,1144000.0,39155000.0,0.26513766437790326,38011000.0,0.2573910805942659,0.0,0.0,0.0,0.0,2508000.0,0.01698289521797424,0.886634,0.886634,2848900.0,2848900.0,https://www.infogreffe.com/recherche-entreprise-dirigeants/resultats-entreprise-dirigeants.html?ga_cat=globale&ga_q=T.O.U.P#phrase=T.O.U.P,https://www.infogreffe.com/recherche-entreprise-dirigeants/resultats-entreprise-dirigeants.html?ga_cat=globale&ga_q=T.O.U.P#phrase=T.O.U.P,1620598959,18:22:39,20210509
