,date,symbol,reportedCurrency,fillingDate,acceptedDate,period,revenue,costOfRevenue,grossProfit,grossProfitRatio,researchAndDevelopmentExpenses,generalAndAdministrativeExpenses,sellingAndMarketingExpenses,otherExpenses,operatingExpenses,costAndExpenses,interestExpense,depreciationAndAmortization,ebitda,ebitdaratio,operatingIncome,operatingIncomeRatio,totalOtherIncomeExpensesNet,incomeBeforeTax,incomeBeforeTaxRatio,incomeTaxExpense,netIncome,netIncomeRatio,eps,epsdiluted,weightedAverageShsOut,weightedAverageShsOutDil,link,finalLink,timestamp,est_time,est_date
0,2020-12-31,8137.HK,HKD,2020-12-31,2020-12-31,FY,297065000,204077000.0,92988000.0,0.31302240250450236,0.0,86159000.0,20149000.0,0.0,0.0,357944000,16785000.0,24356000.0,-36523000.0,-0.12294615656506151,-60879000.0,-0.20493494689714373,0.0,1782425000.0,6.000117819332469,698283000.0,1156593000.0,3.893400434248397,0.1188,0.1188,9737434000,9737434000,https://www1.hkexnews.hk/search/titlesearch.xhtml,https://www1.hkexnews.hk/search/titlesearch.xhtml,1620585814,14:43:34,20210509
1,2019-12-31,8137.HK,HKD,2019-12-31,2019-12-31,FY,341270000,336947000.0,4323000.0,0.01266738945702816,0.0,92715000.0,13402000.0,-3854000.0,-63588000.0,273359000,19395000.0,46228000.0,114139000.0,0.33445365839364727,67911000.0,0.19899493070003224,0.0,597099000.0,1.7496381164473878,290142000.0,415609000.0,1.2178304568230434,0.0427,0.0427,9737434000,9737434000,https://www1.hkexnews.hk/search/titlesearch.xhtml,https://www1.hkexnews.hk/search/titlesearch.xhtml,1620585814,14:43:34,20210509
2,2018-12-31,8137.HK,HKD,2018-12-31,2018-12-31,FY,238610000,286161000.0,-47551000.0,-0.19928334939860023,0.0,132762000.0,3108000.0,3328000.0,131085000.0,417246000,9778000.0,26776000.0,-151860000.0,-0.6364360253132727,-178636000.0,-0.7486526130505846,0.0,1591072000.0,6.668085998072168,736419000.0,974477000.0,4.083973848539458,0.1000753381229593,0.10006305815736487,9737434000,9738629000,https://www1.hkexnews.hk/search/titlesearch.xhtml,https://www1.hkexnews.hk/search/titlesearch.xhtml,1620585814,14:43:34,20210509
3,2017-12-31,8137.HK,HKD,2017-12-31,2017-12-31,FY,17476000,17756000.0,-280000.0,-0.01602197299153124,0.0,114701000.0,3187000.0,-5360000.0,9694000.0,27450000,68535000.0,20463000.0,10489000.0,0.6001945525291829,-9974000.0,-0.5707255664911879,0.0,1022874000.0,58.53021286335546,366900000.0,655974000.0,37.53570611123827,0.0841,0.0704,8042284000,9744745000,https://www1.hkexnews.hk/search/titlesearch.xhtml,https://www1.hkexnews.hk/search/titlesearch.xhtml,1620585814,14:43:34,20210509
4,2016-12-31,8137.HK,HKD,2016-12-31,2016-12-31,FY,34045000,33160000.0,885000.0,0.025995006608899987,0.0,102175000.0,1457000.0,600000.0,90183000.0,123343000,72138000.0,41175000.0,-48123000.0,-1.4135115288588633,-89298000.0,-2.622940226171244,0.0,511072000.0,15.011661036862975,-122135000.0,700010000.0,20.5613159054193,0.0904,0.0781,7744722000,9744722000,https://www1.hkexnews.hk/search/titlesearch.xhtml,https://www1.hkexnews.hk/search/titlesearch.xhtml,1620585814,14:43:34,20210509
5,2015-12-31,8137.HK,HKD,2015-12-31,2015-12-31,FY,115394000,91723000.0,23671000.0,0.20513198259874862,0.0,98940000.0,2323000.0,600000.0,98520000.0,190243000,66556000.0,57145000.0,-17704000.0,-0.1534221883286826,-74849000.0,-0.6486385773957052,0.0,-3149018000.0,-27.289269806055774,-1154011000.0,-1984984000.0,-17.201795587292235,-0.2655,-0.2655,7475894000,7475894000,https://www1.hkexnews.hk/search/titlesearch.xhtml,https://www1.hkexnews.hk/search/titlesearch.xhtml,1620585814,14:43:34,20210509
6,2014-12-31,8137.HK,HKD,2014-12-31,2014-12-31,FY,73481000,51996000.0,21485000.0,0.29238850859405835,0.0,78912000.0,959000.0,700000.0,76797000.0,128793000,67327000.0,15707000.0,-39605000.0,-0.5389828663191846,-55312000.0,-0.7527388032280453,0.0,-4762020000.0,-64.80614036281487,-1520225000.0,-3241459000.0,-44.112886324355955,-0.5309,-0.5309,6105872000,6105872000,https://www1.hkexnews.hk/search/titlesearch.xhtml,https://www1.hkexnews.hk/search/titlesearch.xhtml,1620585814,14:43:34,20210509
7,2013-12-31,8137.HK,HKD,2013-12-31,2013-12-31,FY,10365000,2778000.0,7587000.0,0.7319826338639652,0.0,60143000.0,432000.0,9350329000.0,58738000.0,61516000,69539000.0,1863000.0,-49288000.0,-4.755233960443801,-51151000.0,-4.93497346840328,0.0,9179849000.0,885.6583695127835,0.0,9182596000.0,885.9233960443801,1.5088,1.2471,6085985000,7428629000,https://www1.hkexnews.hk/search/titlesearch.xhtml,https://www1.hkexnews.hk/search/titlesearch.xhtml,1620585814,14:43:34,20210509
8,2012-12-31,8137.HK,HKD,2012-12-31,2012-12-31,FY,415306000,412442000.0,2864000.0,0.006896119969371981,0.0,27284000.0,1180000.0,0.0,51373000.0,463815000,61200000.0,3057000.0,-45452000.0,-0.10944219443013103,-48509000.0,-0.11680303198123793,0.0,-329057000.0,-0.7923242139530852,-58767000.0,-221699000.0,-0.5338208453525835,-0.0357,-0.0357,6212557000,6212557000,https://www1.hkexnews.hk/search/titlesearch.xhtml,https://www1.hkexnews.hk/search/titlesearch.xhtml,1620585814,14:43:34,20210509
9,2011-12-31,8137.HK,HKD,2011-12-31,2011-12-31,FY,1756598000,1740781000.0,15817000.0,0.00900433679191255,0.0,32036000.0,851000.0,0.0,125099000.0,1865880000,52373000.0,2847000.0,-106435000.0,-0.060591552535070634,-109282000.0,-0.062212299000682,0.0,-490953000.0,-0.27949081121577046,-101404000.0,-304839000.0,-0.1735394210855301,-0.0496,-0.0496,6147456000,6147456000,https://www1.hkexnews.hk/search/titlesearch.xhtml,https://www1.hkexnews.hk/search/titlesearch.xhtml,1620585814,14:43:34,20210509
10,2010-12-31,8137.HK,HKD,2010-12-31,2010-12-31,FY,73531000,62469000.0,11062000.0,0.15043995049706926,0.0,30141000.0,7392000.0,0.0,428178000.0,490647000,32397000.0,1915000.0,-415201000.0,-5.646611633188723,-417116000.0,-5.672655070650474,0.0,-449513000.0,-6.113244753913316,0.0,-445650000.0,-6.0607090886836845,-0.0745,-0.0745,5981678000,5981678000,https://www1.hkexnews.hk/search/titlesearch.xhtml,https://www1.hkexnews.hk/search/titlesearch.xhtml,1620585814,14:43:34,20210509
11,2009-12-31,8137.HK,HKD,2009-12-31,2009-12-31,FY,32592000,20567000.0,12025000.0,0.36895557191948947,0.0,17270000.0,5904000.0,0.0,26141000.0,46708000,3918000.0,3175000.0,-10941000.0,-0.33569587628865977,-14116000.0,-0.4331124202258223,0.0,-53720000.0,-1.6482572410407461,0.0,-50138000.0,-1.538352970054001,-0.0121,-0.0121,4149487000,4149487000,https://www1.hkexnews.hk/search/titlesearch.xhtml,https://www1.hkexnews.hk/search/titlesearch.xhtml,1620585814,14:43:34,20210509
12,2008-12-31,8137.HK,HKD,2008-12-31,2008-12-31,FY,55091000,39864000.0,15227000.0,0.27639723366793123,0.0,15095000.0,7101000.0,0.0,32594000.0,72458000,2575000.0,1898000.0,-15469000.0,-0.2807899656931259,-17367000.0,-0.3152420540560164,0.0,-19944000.0,-0.3620192045887713,0.0,-15729000.0,-0.285509429852426,-0.0046,-0.0046,3412720000,3412720000,https://www1.hkexnews.hk/search/titlesearch.xhtml,https://www1.hkexnews.hk/search/titlesearch.xhtml,1620585814,14:43:34,20210509
13,2007-12-31,8137.HK,HKD,2007-12-31,2007-12-31,FY,67843000,0.0,0.0,0.0,0.0,9998000.0,17271000.0,0.0,71817000.0,71817000,0.0,285000.0,-3689000.0,-0.05437554353433663,-3974000.0,-0.05857641908524092,0.0,1529000.0,0.022537328832746194,0.0,1529000.0,0.022537328832746194,0.0014,0.0011,3412719716,3412719716,https://www1.hkexnews.hk/search/titlesearch.xhtml,https://www1.hkexnews.hk/search/titlesearch.xhtml,1620585814,14:43:34,20210509
14,2006-12-31,8137.HK,HKD,2006-12-31,2006-12-31,FY,83464000,0.0,0.0,0.0,0.0,8332000.0,19491000.0,0.0,97892000.0,97892000,0.0,481000.0,-13947000.0,-0.16710198408894852,-14428000.0,-0.17286494776190933,0.0,-14169000.0,-0.1697618134764689,0.0,-14169000.0,-0.1697618134764689,-0.028,-0.028,506035714,506035714,https://www1.hkexnews.hk/search/titlesearch.xhtml,https://www1.hkexnews.hk/search/titlesearch.xhtml,1620585814,14:43:34,20210509
15,2005-12-31,8137.HK,HKD,2005-12-31,2005-12-31,FY,94855000,0.0,0.0,0.0,0.0,6735000.0,18967000.0,0.0,91620000.0,91620000,0.0,539000.0,3774000.0,0.03978704338200411,3235000.0,0.03410468609983659,0.0,3430000.0,0.036160455431975116,0.0,3430000.0,0.036160455431975116,0.0068,0.0068,504411765,504411765,https://www1.hkexnews.hk/search/titlesearch.xhtml,https://www1.hkexnews.hk/search/titlesearch.xhtml,1620585814,14:43:34,20210509
