,date,symbol,reportedCurrency,fillingDate,acceptedDate,period,revenue,costOfRevenue,grossProfit,grossProfitRatio,researchAndDevelopmentExpenses,generalAndAdministrativeExpenses,sellingAndMarketingExpenses,otherExpenses,operatingExpenses,costAndExpenses,interestExpense,depreciationAndAmortization,ebitda,ebitdaratio,operatingIncome,operatingIncomeRatio,totalOtherIncomeExpensesNet,incomeBeforeTax,incomeBeforeTaxRatio,incomeTaxExpense,netIncome,netIncomeRatio,eps,epsdiluted,weightedAverageShsOut,weightedAverageShsOutDil,link,finalLink,timestamp,est_time,est_date
0,2020-12-31,NCR,USD,2021-02-26,2021-02-26 16:24:19,FY,6207000000,4683000000,1524000000,0.24552924117931368,234000000,1051000000,0.0,-31000000.0,1285000000,5968000000,218000000.0,364000000,603000000,0.09714838086031899,239000000,0.03850491380699211,-83000000.0,-59000000,-0.009505397132270018,-53000000.0,-79000000.0,-0.012727565651683584,-0.647010647010647,-0.647010647010647,122100000,122100000,https://www.sec.gov/Archives/edgar/data/70866/000007086621000011/0000070866-21-000011-index.htm,https://www.sec.gov/Archives/edgar/data/70866/000007086621000011/ncr-20201231.htm,1620595570,17:26:10,20210509
1,2019-12-31,NCR,USD,2020-02-28 00:00:00,2020-02-28 16:05:26,FY,6915000000,4994000000,1921000000,0.27780187997107736,259000000,1051000000,0.0,-85000000.0,1310000000,6304000000,197000000.0,333000000,944000000,0.13651482284887925,611000000,0.0883586406362979,-71000000.0,341000000,0.04931308749096168,-273000000.0,564000000.0,0.08156182212581345,3.72,3.36,122100000,145200000,https://www.sec.gov/Archives/edgar/data/70866/000007086620000007/0000070866-20-000007-index.html,https://www.sec.gov/Archives/edgar/data/70866/000007086620000007/ncr-20191231x10k.htm,1620595570,17:26:10,20210509
2,2018-12-31,NCR,USD,2019-02-28 00:00:00,2019-02-28 16:11:59,FY,6405000000,4730000000,1675000000,0.2615144418423107,252000000,1005000000,0.0,45000000.0,1257000000,5987000000,168000000.0,330000000,748000000,0.11678376268540203,418000000,0.0652615144418423,-208000000.0,39000000,0.006088992974238876,73000000.0,-88000000.0,-0.013739266198282592,-1.16,-1.16,118400000,118400000,https://www.sec.gov/Archives/edgar/data/70866/000007086619000007/0000070866-19-000007-index.html,https://www.sec.gov/Archives/edgar/data/70866/000007086619000007/ncr-20181231x10k.htm,1620595570,17:26:10,20210509
3,2017-12-31,NCR,USD,2018-02-26 00:00:00,2018-02-26 16:23:21,FY,6516000000,4652000000,1864000000,0.2860650705954573,256000000,932000000,0.0,-8000000.0,1188000000,5840000000,163000000.0,354000000,1030000000,0.15807243707796195,676000000,0.10374462860650706,-34000000.0,482000000,0.07397176181706569,242000000.0,232000000.0,0.03560466543891958,1.01,0.97,121900000,127000000,https://www.sec.gov/Archives/edgar/data/70866/000007086618000010/0000070866-18-000010-index.html,https://www.sec.gov/Archives/edgar/data/70866/000007086618000010/ncr-20171231x10k.htm,1620595570,17:26:10,20210509
4,2016-12-31,NCR,USD,2017-02-24 00:00:00,2017-02-24 16:11:13,FY,6543000000,4761000000,1782000000,0.2723521320495186,242000000,926000000,0.0,-8000000.0,1168000000,5929000000,170000000.0,344000000,958000000,0.1464160171175302,614000000,0.09384074583524377,-69000000.0,379000000,0.05792449946507718,92000000.0,270000000.0,0.04126547455295736,1.76,1.71,125600000,129200000,https://www.sec.gov/Archives/edgar/data/70866/000007086617000013/0000070866-17-000013-index.html,https://www.sec.gov/Archives/edgar/data/70866/000007086617000013/ncr-20161231x10k.htm,1620595570,17:26:10,20210509
5,2015-12-31,NCR,USD,2016-02-26 00:00:00,2016-02-26 17:46:03,FY,6373000000,4904000000,1469000000,0.23050368743135102,230000000,1042000000,0.0,-7000000.0,1272000000,6176000000,173000000.0,308000000,505000000,0.07924054605366389,197000000,0.030911658559548093,-124000000.0,-95000000,-0.014906637376431822,55000000.0,-178000000.0,-0.02793033108426173,-1.09,-1.09,167600000,167600000,https://www.sec.gov/Archives/edgar/data/70866/000007086616000069/0000070866-16-000069-index.html,https://www.sec.gov/Archives/edgar/data/70866/000007086616000069/ncr-20151231x10k.htm,1620595570,17:26:10,20210509
6,2014-12-31,NCR,USD,2015-02-27,2015-02-27 15:02:26,FY,6591000000,4859000000,1732000000,0.26278258230920953,263000000,1012000000,0.0,-10000000.0,1275000000,6134000000,181000000.0,284000000,741000000,0.11242603550295859,457000000,0.06933697466241845,-145000000.0,137000000,0.020785920194204218,-48000000.0,191000000.0,0.02897891063571537,1.14,1.12,167900000,171200000,https://www.sec.gov/Archives/edgar/data/70866/000007086615000009/ncr-20141231x10k.htm,https://www.sec.gov/Archives/edgar/data/70866/000007086615000009/ncr-20141231x10k.htm,1620595570,17:26:10,20210509
7,2013-12-31,NCR,USD,2014-02-27,2014-02-26 20:31:24,FY,6123000000,4383000000,1740000000,0.28417442430181283,203000000,871000000,0.0,-15000000.0,1074000000,5457000000,103000000.0,208000000,874000000,0.14274048668953127,666000000,0.1087702106810387,-15000000.0,554000000,0.09047852359954271,98000000.0,443000000.0,0.07235015515270292,2.68,2.62,165400000,169300000,https://www.sec.gov/Archives/edgar/data/70866/000007086614000011/ncr201310-k.htm,https://www.sec.gov/Archives/edgar/data/70866/000007086614000011/ncr201310-k.htm,1620595570,17:26:10,20210509
8,2012-12-31,NCR,USD,2013-03-04 00:00:00,2013-03-01 18:07:28,FY,5730000000,4385000000,1345000000,0.23472949389179756,219000000,894000000,0.0,-7000000.0,1113000000,5498000000,42000000.0,166000000,398000000,0.06945898778359512,232000000,0.04048865619546248,-14000000.0,182000000,0.03176265270506108,42000000.0,146000000.0,0.02547993019197208,0.92,0.89,159300000,163800000,https://www.sec.gov/Archives/edgar/data/70866/000007086613000009/0000070866-13-000009-index.html,https://www.sec.gov/Archives/edgar/data/70866/000007086613000009/ncr-20121231x10k.htm,1620595570,17:26:10,20210509
9,2011-12-31,NCR,USD,2012-02-28 00:00:00,2012-02-28 16:56:50,FY,5443000000,4308000000,1135000000,0.20852471063751607,177000000,805000000,0.0,0.0,982000000,5290000000,13000000.0,168000000,321000000,0.058974830056953885,153000000,0.028109498438361198,-96000000.0,49000000,0.009002388388756201,0.0,53000000.0,0.00973727723681793,0.34,0.33,158000000,161000000,https://www.sec.gov/Archives/edgar/data/70866/000007086612000002/0000070866-12-000002-index.html,https://www.sec.gov/Archives/edgar/data/70866/000007086612000002/ncr-20111231x10k.htm,1620595570,17:26:10,20210509
10,2010-12-31,NCR,USD,2011-02-25,2011-02-24 18:55:54,FY,4819000000,3855000000,964000000,0.2000415023863872,162000000,703000000,0.0,0.0,865000000,4720000000,2000000.0,138000000,237000000,0.04918032786885246,99000000,0.020543681261672546,-16000000.0,86000000,0.017846026146503425,-28000000.0,134000000.0,0.027806598879435568,0.84,0.83,159800000,161200000,https://www.sec.gov/Archives/edgar/data/70866/000119312511045769/d10k.htm,https://www.sec.gov/Archives/edgar/data/70866/000119312511045769/d10k.htm,1620595570,17:26:10,20210509
11,2009-12-31,NCR,USD,2010-02-26 00:00:00,2010-02-25 19:07:54,FY,4612000000,3729000000,883000000,0.1914570685169124,141000000,645000000,0.0,0.0,786000000,4515000000,10000000.0,124000000,221000000,0.047918473547268,97000000,0.021032090199479617,-180000000.0,-87000000,-0.01886383347788378,-57000000.0,-33000000.0,-0.0071552471812662615,-0.21,-0.21,158900000,158900000,https://www.sec.gov/Archives/edgar/data/70866/000119312510041121/0001193125-10-041121-index.html,https://www.sec.gov/Archives/edgar/data/70866/000119312510041121/d10k.htm,1620595570,17:26:10,20210509
12,2008-12-31,NCR,USD,2009-02-26 00:00:00,2009-02-25 20:21:02,FY,5315000000,4132000000,1183000000,0.22257761053621825,148000000,713000000,0.0,0.0,861000000,4993000000,22000000.0,109000000,431000000,0.08109125117591721,322000000,0.060583254938852305,-34000000.0,289000000,0.05437441204139229,58000000.0,228000000.0,0.04289746001881468,1.38,1.36,165300000,167900000,https://www.sec.gov/Archives/edgar/data/70866/000119312509037725/0001193125-09-037725-index.html,https://www.sec.gov/Archives/edgar/data/70866/000119312509037725/d10k.htm,1620595570,17:26:10,20210509
13,2007-12-31,NCR,USD,2008-02-29,2008-02-29 15:38:54,FY,4970000000,3930000000,1040000000,0.20925553319919518,137000000,684000000,0.0,0.0,821000000,4751000000,0.0,110000000,329000000,0.06619718309859154,219000000,0.04406438631790745,-18000000.0,232000000,0.04668008048289739,61000000.0,274000000.0,0.055130784708249496,1.52,1.5,180100000,182700000,https://www.sec.gov/Archives/edgar/data/70866/000119312508043581/d10k.htm,https://www.sec.gov/Archives/edgar/data/70866/000119312508043581/d10k.htm,1620595570,17:26:10,20210509
14,2006-12-31,NCR,USD,2007-03-01,2007-03-01 16:39:43,FY,6142000000,4376000000,1766000000,0.28752849234776945,236000000,1057000000,0.0,0.0,1293000000,5669000000,0.0,159000000,632000000,0.10289807880169326,473000000,0.07701074568544448,-6000000.0,478000000,0.0778248127645718,96000000.0,382000000.0,0.06219472484532725,2.12,2.09,180000000,182900000,https://www.sec.gov/Archives/edgar/data/70866/000119312507044457/d10k.htm,https://www.sec.gov/Archives/edgar/data/70866/000119312507044457/d10k.htm,1620595570,17:26:10,20210509
15,2005-12-31,NCR,USD,2006-03-10,2006-03-10 17:24:26,FY,6028000000,4297000000,1731000000,0.2871599203715992,245000000,1076000000,0.0,0.0,1321000000,5618000000,0.0,247000000,657000000,0.10899137358991373,410000000,0.06801592568015925,9000000.0,396000000,0.06569343065693431,-133000000.0,529000000.0,0.08775713337757134,2.86,2.8,185000000,189100000,https://www.sec.gov/Archives/edgar/data/70866/000119312506051223/d10k.htm,https://www.sec.gov/Archives/edgar/data/70866/000119312506051223/d10k.htm,1620595570,17:26:10,20210509
16,2004-12-31,NCR,USD,2005-03-07,2005-03-07 15:01:29,FY,5984000000,4368000000,1616000000,0.2700534759358289,242000000,1141000000,0.0,0.0,1383000000,5751000000,0.0,275000000,508000000,0.08489304812834225,233000000,0.03893716577540107,31000000.0,251000000,0.0419451871657754,-39000000.0,290000000.0,0.048462566844919786,1.55,1.51,187600000,191500000,https://www.sec.gov/Archives/edgar/data/70866/000119312505043533/d10k.htm,https://www.sec.gov/Archives/edgar/data/70866/000119312505043533/d10k.htm,1620595570,17:26:10,20210509
17,2003-12-31,NCR,USD,2004-03-15,2004-03-15 09:41:40,FY,5598000000,4064000000,1534000000,0.2740264380135763,233000000,1171000000,0.0,0.0,1404000000,5468000000,0.0,315000000,445000000,0.07949267595569846,130000000,0.023222579492675956,-32000000.0,72000000,0.012861736334405145,14000000.0,58000000.0,0.010360843158270811,0.30526315789473685,0.3023983315954119,190000000,191800000,https://www.sec.gov/Archives/edgar/data/70866/000119312504041587/d10k.htm,https://www.sec.gov/Archives/edgar/data/70866/000119312504041587/d10k.htm,1620595570,17:26:10,20210509
18,2002-12-31,NCR,USD,2002-12-31,2002-12-31,FY,5585000000,3998000000,1587000000,0.28415398388540736,232000000,1166000000,0.0,0.0,1398000000,5396000000,0.0,328000000,517000000,0.09256938227394808,189000000,0.03384064458370636,-39000000.0,131000000,0.023455684870188002,3000000.0,-220000000.0,-0.03939122649955237,-1.1235955056179776,-1.1011011011011012,195800000,199800000,,,1620595570,17:26:10,20210509
19,2001-12-31,NCR,USD,2001-12-31,2001-12-31,FY,5917000000,4123000000,1794000000,0.3031941862430286,293000000,1315000000,0.0,0.0,1608000000,5731000000,0.0,423000000,609000000,0.10292377894203143,186000000,0.031434848740916004,-44000000.0,124000000,0.020956565827277337,-97000000.0,217000000.0,0.03667399019773534,1.125,1.09,193400000,199200000,,,1620595570,17:26:10,20210509
20,2000-12-31,NCR,USD,2001-03-08 00:00:00,2001-03-08 00:00:00,FY,5959000000,4092000000,1867000000,0.3133076019466353,333000000,1329000000,0.0,0.0,1662000000,5754000000,0.0,361000000,566000000,0.0949823795938916,205000000,0.03440174525927169,83000000.0,275000000,0.04614868266487666,97000000.0,178000000.0,0.029870783688538346,0.935,0.91,190200000,196000000,https://www.sec.gov/Archives/edgar/data/70866/000095013101001488/0000950131-01-001488-index.html,https://www.sec.gov/Archives/edgar/data/70866/000095013101001488/0000950131-01-001488-0001.txt,1620595570,17:26:10,20210509
21,1999-12-31,NCR,USD,1999-12-31,1999-12-31,FY,6196000000,4312000000,1884000000,0.3040671400903809,340000000,1466000000,0.0,0.0,1806000000,6118000000,0.0,358000000,436000000,0.07036797934151065,78000000,0.012588766946417043,169000000.0,235000000,0.03792769528728212,-102000000.0,337000000.0,0.05438992898644287,1.725,1.675,195200000,201200000,,,1620595570,17:26:10,20210509
22,1998-12-31,NCR,USD,1998-12-31,1998-12-31,FY,6505000000,4583000000,1922000000,0.2954650269023828,356000000,1414000000,0.0,0.0,1820000000,6403000000,0.0,364000000,466000000,0.07163720215219062,102000000,0.015680245964642583,29000000.0,212000000,0.03259031514219831,90000000.0,122000000.0,0.018754803996925442,0.605,0.6,202000000,204200000,,,1620595570,17:26:10,20210509
23,1997-12-31,NCR,USD,1997-12-31,1997-12-31,FY,6589000000,4791000000,1798000000,0.2728790408256185,381000000,1436000000,0.0,0.0,1817000000,6608000000,0.0,383000000,364000000,0.05524358779784489,-19000000,-0.002883593868568827,61000000.0,27000000,0.004097738655334649,20000000.0,7000000.0,0.001062376688420094,0.035,0.035,204000000,204000000,,,1620595570,17:26:10,20210509
24,1996-12-31,NCR,USD,1996-12-31,1996-12-31,FY,6963000000,4997000000,1966000000,0.28234956197041505,378000000,1458000000,0.0,0.0,1836000000,6833000000,0.0,385000000,515000000,0.07396237254057159,130000000,0.018670113456843315,36000000.0,110000000,0.01579778830963665,219000000.0,-109000000.0,-0.015654172052276316,-0.5374753451676528,-0.5356034480911712,202800000,203508772,,,1620595570,17:26:10,20210509
