,date,symbol,reportedCurrency,fillingDate,acceptedDate,period,revenue,costOfRevenue,grossProfit,grossProfitRatio,researchAndDevelopmentExpenses,generalAndAdministrativeExpenses,sellingAndMarketingExpenses,otherExpenses,operatingExpenses,costAndExpenses,interestExpense,depreciationAndAmortization,ebitda,ebitdaratio,operatingIncome,operatingIncomeRatio,totalOtherIncomeExpensesNet,incomeBeforeTax,incomeBeforeTaxRatio,incomeTaxExpense,netIncome,netIncomeRatio,eps,epsdiluted,weightedAverageShsOut,weightedAverageShsOutDil,link,finalLink,timestamp,est_time,est_date
0,2020-12-31,MATX,USD,2021-02-26,2021-02-26 06:09:12,FY,2383300000,1904300000,479000000,0.20098183191373306,0.0,-225000000.0,0.0,6100000.0,225000000.0,2129300000,27400000.0,189700000,443700000,0.18617043595015315,254000000,0.10657491713170814,32400000.0,259000000,0.10867284857130868,65900000.0,193100000,0.08102211219737339,4.511682242990654,4.511682242990654,43000000,43000000,https://www.sec.gov/Archives/edgar/data/3453/000155837021001909/0001558370-21-001909-index.htm,https://www.sec.gov/Archives/edgar/data/3453/000155837021001909/matx-20201231x10k.htm,1620594776,17:12:56,20210509
1,2019-12-31,MATX,USD,2020-02-28 00:00:00,2020-02-28 15:00:10,FY,2203100000,1878000000,325100000,0.14756479506150424,0.0,0.0,0.0,1200000.0,216800000.0,2094800000,22500000.0,161100000,269400000,0.12228223866370115,108300000,0.04915800462983977,22000000.0,107800000,0.048931051699877444,25100000.0,82700000,0.03753801461576869,1.93,1.91,42800000,43300000,https://www.sec.gov/Archives/edgar/data/3453/000155837020001757/0001558370-20-001757-index.html,https://www.sec.gov/Archives/edgar/data/3453/000155837020001757/matx-20191231x10kddf34b.htm,1620594776,17:12:56,20210509
2,2018-12-31,MATX,USD,2019-03-04 00:00:00,2019-03-04 06:25:17,FY,2222800000,1875000000,347800000,0.15646931797732588,0.0,0.0,0.0,2600000.0,220800000.0,2095800000,18700000.0,94400000,221400000,0.09960410293323736,127000000,0.05713514486233579,39400000.0,147700000,0.06644772359186611,38700000.0,109000000,0.049037250314918124,2.55,2.53,42700000,43000000,https://www.sec.gov/Archives/edgar/data/3453/000155837019001448/0001558370-19-001448-index.html,https://www.sec.gov/Archives/edgar/data/3453/000155837019001448/matx-20181231x10k.htm,1620594776,17:12:56,20210509
3,2017-12-31,MATX,USD,2018-02-23 00:00:00,2018-02-23 09:27:08,FY,2046900000,1717200000,329700000,0.16107284185842005,0.0,0.0,0.0,0.0,208500000.0,1925700000,24200000.0,101200000,222400000,0.10865210806585568,121200000,0.059211490546680345,28200000.0,125200000,0.061165665152181345,-106800000.0,232000000,0.11334212711905808,5.41,5.37,42900000,43200000,https://www.sec.gov/Archives/edgar/data/3453/000155837018001004/0001558370-18-001004-index.html,https://www.sec.gov/Archives/edgar/data/3453/000155837018001004/matx-20171231x10k.htm,1620594776,17:12:56,20210509
4,2016-12-31,MATX,USD,2017-02-24 00:00:00,2017-02-24 09:35:48,FY,1941600000,1619100000,322500000,0.1661001236093943,0.0,0.0,0.0,0.0,185100000.0,1804200000,24100000.0,97100000,234500000,0.1207766790276061,137400000,0.0707663782447466,15800000.0,129100000,0.0664915533580552,48600000.0,80500000,0.04146065100947672,1.87,1.85,43100000,43500000,https://www.sec.gov/Archives/edgar/data/3453/000155837017000947/0001558370-17-000947-index.html,https://www.sec.gov/Archives/edgar/data/3453/000155837017000947/matx-20161231x10k.htm,1620594776,17:12:56,20210509
5,2015-12-31,MATX,USD,2016-02-26 00:00:00,2016-02-26 12:06:13,FY,1884900000,1510100000,374800000,0.1988434399702902,0.0,0.0,0.0,0.0,195000000.0,1705100000,18500000.0,83400000,263200000,0.13963605496312803,179800000,0.0953896758448724,16500000.0,177800000,0.09432861159743222,74800000.0,103000000,0.0546448087431694,2.37,2.34,43500000,44000000,https://www.sec.gov/Archives/edgar/data/3453/000110465916100342/0001104659-16-100342-index.html,https://www.sec.gov/Archives/edgar/data/3453/000110465916100342/a15-23466_110k.htm,1620594776,17:12:56,20210509
6,2014-12-31,MATX,USD,2015-02-27,2015-02-27 13:13:22,FY,1714200000,1433500000,280700000,0.16374985415937462,0.0,0.0,0.0,0.0,147300000.0,1580800000,17300000.0,69700000,203100000,0.11848092404620231,133400000,0.0778205576945514,6600000.0,122700000,0.07157857892894645,51900000.0,70800000,0.04130206510325516,1.65,1.63,43000000,43400000,https://www.sec.gov/Archives/edgar/data/3453/000110465915014988/a14-26312_110k.htm,https://www.sec.gov/Archives/edgar/data/3453/000110465915014988/a14-26312_110k.htm,1620594776,17:12:56,20210509
7,2013-12-31,MATX,USD,2014-02-28,2014-02-28 15:43:13,FY,1637200000,1402300000,234900000,0.14347666748106525,0.0,0.0,0.0,0.0,132600000.0,1534900000,14400000.0,69700000,172000000,0.10505741509894942,102300000,0.06248473002687515,-2000000.0,85900000,0.052467627656975324,32200000.0,53700000,0.032799902272172,1.26,1.25,42700000,43100000,https://www.sec.gov/Archives/edgar/data/3453/000110465914014819/a13-26914_110k.htm,https://www.sec.gov/Archives/edgar/data/3453/000110465914014819/a13-26914_110k.htm,1620594776,17:12:56,20210509
8,2012-12-31,MATX,USD,2013-03-01 00:00:00,2013-03-01 13:17:41,FY,1560000000,1338100000,221900000,0.14224358974358975,0.0,0.0,0.0,0.0,119800000.0,1457900000,11700000.0,72500000,174600000,0.11192307692307692,102100000,0.06544871794871795,-5400000.0,85000000,0.05448717948717949,33000000.0,45900000,0.029423076923076923,1.09,1.08,42300000,42700000,https://www.sec.gov/Archives/edgar/data/3453/000110465913016637/0001104659-13-016637-index.html,https://www.sec.gov/Archives/edgar/data/3453/000110465913016637/a12-29099_110k.htm,1620594776,17:12:56,20210509
9,2011-12-31,MATX,USD,2012-02-28 00:00:00,2012-02-28 16:33:02,FY,1722000000,1454000000,268000000,0.15563298490127758,0.0,0.0,0.0,0.0,154000000.0,1608000000,25000000.0,109000000,223000000,0.1295005807200929,114000000,0.06620209059233449,-2000000.0,87000000,0.050522648083623695,32000000.0,34000000,0.019744483159117306,0.82,0.81,41600000,42000000,https://www.sec.gov/Archives/edgar/data/3453/000000345312000026/0000003453-12-000026-index.html,https://www.sec.gov/Archives/edgar/data/3453/000000345312000026/form10k.htm,1620594776,17:12:56,20210509
10,2010-12-31,MATX,USD,2011-02-25,2011-02-25 16:53:37,FY,1646000000,1379000000,267000000,0.16221142162818955,0.0,0.0,0.0,0.0,158000000.0,1537000000,26000000.0,107000000,216000000,0.13122721749696234,109000000,0.06622114216281895,12000000.0,97000000,0.058930741190765495,38000000.0,92000000,0.05589307411907655,2.23,2.22,41200000,41500000,https://www.sec.gov/Archives/edgar/data/3453/000000345311000006/form10k.htm,https://www.sec.gov/Archives/edgar/data/3453/000000345311000006/form10k.htm,1620594776,17:12:56,20210509
11,2009-12-31,MATX,USD,2010-02-26 00:00:00,2010-02-26 16:14:28,FY,1405000000,1209000000,196000000,0.13950177935943062,0.0,0.0,0.0,0.0,154000000.0,1363000000,25000000.0,105000000,147000000,0.10462633451957296,42000000,0.0298932384341637,3000000.0,20000000,0.014234875444839857,8000000.0,44000000,0.03131672597864769,1.0731707317073171,1.0705596107055961,41000000,41100000,https://www.sec.gov/Archives/edgar/data/3453/000000345310000006/0000003453-10-000006-index.html,https://www.sec.gov/Archives/edgar/data/3453/000000345310000006/form10-k.htm,1620594776,17:12:56,20210509
12,2008-12-31,MATX,USD,2009-02-27 00:00:00,2009-02-27 16:16:17,FY,1898000000,1576000000,322000000,0.1696522655426765,0.0,0.0,0.0,0.0,163000000.0,1739000000,24000000.0,101000000,260000000,0.136986301369863,159000000,0.08377239199157008,15000000.0,151000000,0.07955742887249737,55000000.0,132000000,0.06954689146469968,3.21,3.19,41200000,41500000,https://www.sec.gov/Archives/edgar/data/3453/000000345309000012/0000003453-09-000012-index.html,https://www.sec.gov/Archives/edgar/data/3453/000000345309000012/form10-k.htm,1620594776,17:12:56,20210509
13,2007-12-31,MATX,USD,2008-02-28,2008-02-28 16:19:54,FY,1681000000,1350000000,331000000,0.19690660321237358,0.0,0.0,0.0,0.0,165000000.0,1515000000,0.0,93000000,259000000,0.15407495538370017,166000000,0.09875074360499703,24000000.0,174000000,0.10350981558596074,66000000.0,142000000,0.08447352766210589,3.34,3.3,42500000,43030303,https://www.sec.gov/Archives/edgar/data/3453/000000345308000010/form10k_htm.htm,https://www.sec.gov/Archives/edgar/data/3453/000000345308000010/form10k_htm.htm,1620594776,17:12:56,20210509
14,2006-12-31,MATX,USD,2006-12-31,2006-12-31,FY,1607000000,1313000000,294000000,0.18294959551960174,0.0,0.0,0.0,0.0,146000000.0,1459000000,0.0,85000000,233000000,0.1449906658369633,148000000,0.09209707529558182,14000000.0,153000000,0.09520846297448662,57000000.0,122000000,0.07591785936527691,2.84,2.81,43200000,43600000,,,1620594776,17:12:56,20210509
15,2005-12-31,MATX,USD,2005-12-31,2005-12-31,FY,1607000000,1280000000,327000000,0.20348475420037337,0.0,0.0,0.0,0.0,142000000.0,1422000000,0.0,84000000,269000000,0.16739265712507778,185000000,0.11512134411947729,0.0,185000000,0.11512134411947729,69000000.0,126000000,0.07840696950840075,2.89,2.86,43600000,44055944,,,1620594776,17:12:56,20210509
16,2004-12-31,MATX,USD,2004-12-31,2004-12-31,FY,1494000000,1201000000,293000000,0.1961178045515395,0.0,0.0,0.0,0.0,128000000.0,1329000000,0.0,80000000,245000000,0.1639892904953146,165000000,0.11044176706827309,3000000.0,159000000,0.10642570281124498,60000000.0,101000000,0.06760374832663989,2.37,2.33,42600000,43347639,,,1620594776,17:12:56,20210509
17,2003-12-31,MATX,USD,2003-12-31,2003-12-31,FY,1233000000,980000000,253000000,0.20519059205190593,0.0,0.0,0.0,0.0,124000000.0,1104000000,0.0,73000000,202000000,0.16382806163828062,129000000,0.10462287104622871,-8000000.0,109000000,0.08840227088402271,40000000.0,81000000,0.06569343065693431,1.95,1.94,41600000,41752577,,,1620594776,17:12:56,20210509
18,2002-12-31,MATX,USD,2002-12-31,2002-12-31,FY,1088885000,902152000,186733000,0.1714901022605693,0.0,0.0,0.0,0.0,106821000.0,1008973000,0.0,70717000,150629000,0.1383332491493592,79912000,0.07338883353154833,0.0,68232000,0.0626622646101287,21734000.0,58156000,0.05340876217415062,1.42,1.41,41008000,41245390,,,1620594776,17:12:56,20210509
19,2001-12-31,MATX,USD,2002-03-11 00:00:00,2002-03-11 00:00:00,FY,1190073000,856513000,333560000,0.28028532703456005,0.0,99097000.0,0.0,0.0,127697000.0,984210000,0.0,75433000,281296000,0.23636869334906346,205863000,0.1729835060538303,0.0,187205000,0.15730547621868574,67392000.0,110628000,0.09295900335525636,2.73,2.72,40535000,40672059,https://www.sec.gov/Archives/edgar/data/3453/000000345302000017/0000003453-02-000017-index.html,https://www.sec.gov/Archives/edgar/data/3453/000000345302000017/form10-k.txt,1620594776,17:12:56,20210509
20,2000-12-31,MATX,USD,2001-03-26 00:00:00,2001-03-26 00:00:00,FY,1068646000,833409000,235237000,0.22012621579082314,0.0,88270000.0,0.0,0.0,88270000.0,921679000,0.0,72304000,219271000,0.20518581457283327,146967000,0.13752636513868952,0.0,122715000,0.11483222694886801,44391000.0,90574000,0.0847558499259811,2.21,2.21,40898000,40898000,https://www.sec.gov/Archives/edgar/data/3453/000000345301500015/0000003453-01-500015-index.html,https://www.sec.gov/Archives/edgar/data/3453/000000345301500015/form10-k.txt,1620594776,17:12:56,20210509
21,1999-12-31,MATX,USD,1999-12-31,1999-12-31,FY,959272000,738249000,221023000,0.2304070169878825,0.0,92299000.0,0.0,0.0,92309000.0,830558000,0.0,73901000,202615000,0.21121746491089075,128714000,0.13417883561700958,-15400000.0,95540000,0.09959636057343485,32961000.0,62579000,0.06523592891275884,1.45,1.45,43206000,43206000,,,1620594776,17:12:56,20210509
22,1998-12-31,MATX,USD,1998-12-31,1998-12-31,FY,1311620000,1083836000,227784000,0.17366615330659796,0.0,107718000.0,0.0,0.0,107690000.0,1191526000,0.0,88500000,208594000,0.15903539134810388,120094000,0.09156158033576799,-40000000.0,55295000,0.04215778960369619,24352000.0,25142000,0.01916866165505253,0.56,0.56,44760000,44760000,,,1620594776,17:12:56,20210509
23,1997-12-31,MATX,USD,1998-03-27 00:00:00,1998-03-27 00:00:00,FY,1275445000,1011718000,263727000,0.2067725382121534,0.0,107579000.0,0.0,0.0,107579000.0,1119297000,0.0,88558000,244706000,0.19185931184802166,156148000,0.12242629043196689,0.0,127212000,0.09973930667335715,45825000.0,81387000,0.06381067000145048,1.8,1.8,45182000,45182000,https://www.sec.gov/Archives/edgar/data/3453/000000345398000009/0000003453-98-000009-index.html,https://www.sec.gov/Archives/edgar/data/3453/0000003453-98-000009.txt,1620594776,17:12:56,20210509
24,1996-12-31,MATX,USD,1997-03-27 00:00:00,1997-03-27 00:00:00,FY,1232568000,981121000,251447000,0.20400253779101843,0.0,113333000.0,0.0,0.0,112849000.0,1093970000,0.0,88951000,227549000,0.1846137495050983,138598000,0.11244653438998903,0.0,104033000,0.08440345684781692,38748000.0,65285000,0.05296665173848421,1.44,1.44,45303000,45303000,https://www.sec.gov/Archives/edgar/data/3453/000000345397000007/0000003453-97-000007-index.html,https://www.sec.gov/Archives/edgar/data/3453/0000003453-97-000007.txt,1620594776,17:12:56,20210509
25,1995-12-31,MATX,USD,1996-03-27 00:00:00,1996-03-27 00:00:00,FY,1020455000,814011000,206444000,0.20230583416221196,0.0,112961000.0,0.0,0.0,109025000.0,923036000,0.0,85127000,182546000,0.17888686909270865,97419000,0.09546623809967122,-8100000.0,51954000,0.05091258311243514,19535000.0,55755000,0.05463739214370061,1.2256001055130572,1.2237171326983012,45492000,45562000,https://www.sec.gov/Archives/edgar/data/3453/000000345396000007/0000003453-96-000007-index.html,https://www.sec.gov/Archives/edgar/data/3453/0000003453-96-000007.txt,1620594776,17:12:56,20210509
26,1994-12-31,MATX,USD,1994-12-31,1994-12-31,FY,1208165000,939766000,268399000,0.22215425873121636,0.0,0.0,0.0,0.0,0.0,1063503000,0.0,105150000,249812000,0.20676977068529548,144662000,0.11973695645876184,0.0,113235000,0.09372478096948679,38627000.0,74608000,0.0617531545773963,1.62,1.62,46059000,46131000,,,1620594776,17:12:56,20210509
27,1993-12-31,MATX,USD,1993-12-31,1993-12-31,FY,962000000,635400000,326600000,0.3395010395010395,0.0,0.0,0.0,0.0,0.0,837500000,0.0,97800000,222300000,0.23108108108108108,124500000,0.1294178794178794,17500000.0,113200000,0.11767151767151768,46200000.0,67000000,0.06964656964656965,1.45,1.45,46206897,46206897,,,1620594776,17:12:56,20210509
28,1992-12-31,MATX,USD,1992-12-31,1992-12-31,FY,730900000,448100000,282800000,0.38692023532631004,0.0,0.0,0.0,0.0,0.0,621500000,0.0,85400000,194800000,0.2665207278697496,109400000,0.14967847858804215,6500000.0,84200000,0.11520043781639075,23700000.0,18900000,0.02585853057873854,0.41,0.41,46097561,46097561,,,1620594776,17:12:56,20210509
29,1991-12-31,MATX,USD,1991-12-31,1991-12-31,FY,720700000,429500000,291200000,0.4040516164839739,0.0,0.0,0.0,0.0,0.0,590900000,0.0,76700000,206500000,0.28652698765089496,129800000,0.1801026779519911,36000000.0,133000000,0.18454280560566116,40600000.0,92400000,0.1282086859997225,1.92,1.92,48125000,48125000,,,1620594776,17:12:56,20210509
30,1990-12-31,MATX,USD,1990-12-31,1990-12-31,FY,722800000,418400000,304400000,0.42114001106806864,0.0,0.0,0.0,0.0,0.0,559400000,0.0,64000000,227400000,0.3146098505810736,163400000,0.22606530160486996,35200000.0,166400000,0.2302158273381295,51200000.0,115200000,0.15938018815716656,2.34,2.34,49230769,49230769,,,1620594776,17:12:56,20210509
31,1989-12-31,MATX,USD,1989-12-31,1989-12-31,FY,619900000,382300000,237600000,0.3832876270366188,0.0,0.0,0.0,0.0,0.0,513500000,0.0,54000000,160400000,0.25875141151798675,106400000,0.1716405871914825,226800000.0,305900000,0.4934666881755122,103200000.0,202700000,0.32698822390708177,4.31,4.31,47030162,47030162,,,1620594776,17:12:56,20210509
32,1988-12-31,MATX,USD,1988-12-31,1988-12-31,FY,664500000,382300000,282200000,0.42468021068472533,0.0,0.0,0.0,0.0,0.0,495200000,0.0,47500000,216800000,0.32626034612490595,169300000,0.25477802859292703,37400000.0,179200000,0.26967644845748684,44100000.0,135100000,0.2033107599699022,2.35,2.35,57489362,57489362,,,1620594776,17:12:56,20210509
33,1987-12-31,MATX,USD,1987-12-31,1987-12-31,FY,631000000,370200000,260800000,0.4133122028526149,0.0,0.0,0.0,0.0,0.0,470900000,0.0,41100000,201200000,0.31885895404120446,160100000,0.2537242472266244,24300000.0,163300000,0.2587955625990491,42900000.0,120400000,0.1908082408874802,2.3,2.3,52347826,52347826,,,1620594776,17:12:56,20210509
34,1986-12-31,MATX,USD,1986-12-31,1986-12-31,FY,504400000,305700000,198700000,0.3939333862014274,0.0,0.0,0.0,0.0,0.0,409600000,0.0,42000000,136800000,0.2712133227597145,94800000,0.1879460745440127,32200000.0,111100000,0.22026169706582077,18700000.0,92400000,0.183187946074544,1.65,1.65,56000000,56000000,,,1620594776,17:12:56,20210509
35,1985-12-31,MATX,USD,1985-12-31,1985-12-31,FY,477400000,301900000,175500000,0.3676162547130289,0.0,0.0,0.0,0.0,0.0,399400000,0.0,36100000,114100000,0.23900293255131966,78000000,0.16338500209467952,29000000.0,88500000,0.18537913699204023,4900000.0,83600000,0.17511520737327188,1.5,1.5,55733333,55733333,,,1620594776,17:12:56,20210509
