,date,symbol,reportedCurrency,fillingDate,acceptedDate,period,revenue,costOfRevenue,grossProfit,grossProfitRatio,researchAndDevelopmentExpenses,generalAndAdministrativeExpenses,sellingAndMarketingExpenses,otherExpenses,operatingExpenses,costAndExpenses,interestExpense,depreciationAndAmortization,ebitda,ebitdaratio,operatingIncome,operatingIncomeRatio,totalOtherIncomeExpensesNet,incomeBeforeTax,incomeBeforeTaxRatio,incomeTaxExpense,netIncome,netIncomeRatio,eps,epsdiluted,weightedAverageShsOut,weightedAverageShsOutDil,link,finalLink,timestamp,est_time,est_date
0,2020-06-30,KIN.AX,AUD,2020-06-30,2020-06-30,FY,0.0,0.0,0.0,0.0,0.0,1814993.0,0.0,53360.0,7216786.0,0.0,0.0,266030.0,-6950756.0,0.0,-7216786.0,0.0,-41336.0,-7242452.0,0.0,0.0,-7242452.0,0.0,-0.018201074768965132,-0.018201074768965132,397913425,397913425,,,1620594139,17:02:19,20210509
1,2019-06-30,KIN.AX,AUD,2019-06-30,2019-06-30,FY,0.0,0.0,0.0,0.0,0.0,2257182.0,0.0,-89239.0,11069747.0,0.0,1677165.0,326083.0,-10743664.0,0.0,-11069747.0,0.0,-1857493.0,-14555272.0,0.0,0.0,-14555272.0,0.0,-0.036615,-0.036615,397913425,397913425,,,1620594139,17:02:19,20210509
2,2018-06-30,KIN.AX,AUD,2018-06-30,2018-06-30,FY,0.0,0.0,0.0,0.0,0.0,4975164.0,0.0,-320392.0,14430456.0,0.0,1083704.0,156535.0,-14273921.0,0.0,-14430456.0,0.0,-320392.0,-15793246.0,0.0,0.0,-15793246.0,0.0,-0.079167,-0.079167,199488950,199488950,,,1620594139,17:02:19,20210509
3,2017-06-30,KIN.AX,AUD,2017-06-30,2017-06-30,FY,0.0,0.0,0.0,0.0,0.0,1456376.0,422113.0,6658.0,2400228.0,0.0,113184.0,54161.0,-2346067.0,0.0,-2400228.0,0.0,6658.0,-2495222.0,0.0,-133114.0,-2362108.0,0.0,-0.019377,-0.019377,122077047,122077047,,,1620594139,17:02:19,20210509
4,2016-06-30,KIN.AX,AUD,2016-06-30,2016-06-30,FY,0.0,0.0,0.0,0.0,0.0,689524.0,76666.0,750.0,913192.0,0.0,352445.0,48988.0,-864204.0,0.0,-913192.0,0.0,750.0,-1263830.0,0.0,-147659.0,-1116171.0,0.0,-0.014826,-0.014826,75195778,75195778,,,1620594139,17:02:19,20210509
5,2015-06-30,KIN.AX,AUD,2015-06-30,2015-06-30,FY,0.0,0.0,0.0,0.0,0.0,636142.0,127694.0,694.0,920875.0,0.0,228890.0,19529.0,-901346.0,0.0,-920875.0,0.0,694.0,-1148561.0,0.0,0.0,-1148561.0,0.0,-0.023591,-0.023591,48629447,48629447,,,1620594139,17:02:19,20210509
6,2014-06-30,KIN.AX,AUD,2014-06-30,2014-06-30,FY,0.0,0.0,0.0,0.0,0.0,263516.0,197300.0,34974.0,689707.0,0.0,0.0,10826.0,-678881.0,0.0,-689707.0,0.0,34974.0,-615749.0,0.0,0.0,-615749.0,0.0,-0.016691,-0.016691,36858002,36858002,,,1620594139,17:02:19,20210509
7,2013-06-30,KIN.AX,AUD,2013-06-30,2013-06-30,FY,0.0,0.0,0.0,0.0,0.0,0.0,0.0,0.0,0.0,0.0,0.0,0.0,0.0,0.0,0.0,0.0,0.0,0.0,0.0,0.0,0.0,0.0,0.0,0.0,51569729,51569729,,,1620594139,17:02:19,20210509
8,2012-05-31,KIN.AX,AUD,2012-05-31,2012-05-31,FY,0.0,0.0,0.0,0.0,0.0,0.0,0.0,0.0,0.0,0.0,0.0,0.0,0.0,0.0,0.0,0.0,0.0,0.0,0.0,0.0,0.0,0.0,0.0,0.0,50684581,50684581,,,1620594139,17:02:19,20210509
