,date,symbol,reportedCurrency,fillingDate,acceptedDate,period,revenue,costOfRevenue,grossProfit,grossProfitRatio,researchAndDevelopmentExpenses,generalAndAdministrativeExpenses,sellingAndMarketingExpenses,otherExpenses,operatingExpenses,costAndExpenses,interestExpense,depreciationAndAmortization,ebitda,ebitdaratio,operatingIncome,operatingIncomeRatio,totalOtherIncomeExpensesNet,incomeBeforeTax,incomeBeforeTaxRatio,incomeTaxExpense,netIncome,netIncomeRatio,eps,epsdiluted,weightedAverageShsOut,weightedAverageShsOutDil,link,finalLink,timestamp,est_time,est_date
0,2020-06-30,IKW.AX,AUD,2020-06-30,2020-06-30,FY,22981536.0,21257806.0,1723730.0,0.07500499531449943,0.0,602822.0,0.0,1739051.0,760752.0,0.0,51621.0,54380.0,1017358.0,0.044268494499236255,962978.0,0.041902247090882,1739051.0,2668439.0,0.11611229989153031,0.0,1958789.0,0.08523316283123983,0.0004818669126691267,0.0004818669126691267,4065000000,4065000000,,,1620593527,16:52:07,20210509
1,2019-06-30,IKW.AX,AUD,2019-06-30,2019-06-30,FY,4984029.0,3162405.0,1821624.0,0.3654922553620775,0.0,597992.0,0.0,62384.0,637344.0,0.0,153079.0,11553.0,1195833.0,0.23993299396933684,1184280.0,0.2376149898004205,62384.0,1151333.0,0.2310044744924237,0.0,793236.0,0.15915557473682437,0.0002,0.0002,4065000000,4065000000,,,1620593527,16:52:07,20210509
2,2018-06-30,IKW.AX,AUD,2018-06-30,2018-06-30,FY,0.0,0.0,0.0,0.0,0.0,321556.0,0.0,90861.0,337264.0,0.0,13972.0,6926.0,-330338.0,0.0,-337264.0,0.0,90861.0,-223361.0,0.0,0.0,-200736.0,0.0,-0.00015,-0.00015,1354999661,1354999661,,,1620593527,16:52:07,20210509
3,2017-06-30,IKW.AX,AUD,2017-06-30,2017-06-30,FY,0.0,0.0,0.0,0.0,0.0,475355.0,0.0,148368.0,492875.0,0.0,1573.0,11961.0,-480914.0,0.0,-492875.0,0.0,148368.0,-311040.0,0.0,0.0,-282646.0,0.0,-0.000225,-0.000225,1354999661,1354999661,,,1620593527,16:52:07,20210509
4,2016-06-30,IKW.AX,AUD,2016-06-30,2016-06-30,FY,0.0,0.0,0.0,0.0,0.0,450487.0,0.0,259744.0,530362.0,0.0,1379.0,21910.0,-508452.0,0.0,-530362.0,0.0,259744.0,-229091.0,0.0,0.0,-225363.0,0.0,-0.00015,-0.00015,1354999661,1354999661,,,1620593527,16:52:07,20210509
5,2015-06-30,IKW.AX,AUD,2015-06-30,2015-06-30,FY,0.0,0.0,0.0,0.0,0.0,914367.0,0.0,-270926.0,10885711.0,0.0,28314.0,25407.0,-10860304.0,0.0,-10885711.0,0.0,-270926.0,-11158558.0,0.0,0.0,-7885556.0,0.0,-0.00975,-0.00975,821478675,821478675,,,1620593527,16:52:07,20210509
6,2014-06-30,IKW.AX,AUD,2014-06-30,2014-06-30,FY,0.0,0.0,0.0,0.0,0.0,1007568.0,0.0,149032.0,1146209.0,0.0,28253.0,1003.0,-1145206.0,0.0,-1146209.0,0.0,149032.0,-1029583.0,0.0,0.0,-1034458.0,0.0,-0.002036,-0.002036,499210330,499210330,,,1620593527,16:52:07,20210509
7,2013-06-30,IKW.AX,AUD,2013-06-30,2013-06-30,FY,0.0,0.0,0.0,0.0,0.0,1082392.0,0.0,123018.0,1165763.0,0.0,23231.0,1484.0,-1164279.0,0.0,-1165763.0,0.0,123018.0,-971388.0,0.0,0.0,-961909.0,0.0,-0.001968,-0.001968,499210330,499210330,,,1620593527,16:52:07,20210509
8,2012-06-30,IKW.AX,AUD,2012-06-30,2012-06-30,FY,0.0,0.0,0.0,0.0,0.0,1323591.0,0.0,18878.0,1449476.0,0.0,9789.0,555.0,-1448921.0,0.0,-1449476.0,0.0,18878.0,-702730.0,0.0,0.0,-696004.0,0.0,-0.001357,-0.001357,490731601,490731601,,,1620593527,16:52:07,20210509
