,date,symbol,reportedCurrency,fillingDate,acceptedDate,period,revenue,costOfRevenue,grossProfit,grossProfitRatio,researchAndDevelopmentExpenses,generalAndAdministrativeExpenses,sellingAndMarketingExpenses,otherExpenses,operatingExpenses,costAndExpenses,interestExpense,depreciationAndAmortization,ebitda,ebitdaratio,operatingIncome,operatingIncomeRatio,totalOtherIncomeExpensesNet,incomeBeforeTax,incomeBeforeTaxRatio,incomeTaxExpense,netIncome,netIncomeRatio,eps,epsdiluted,weightedAverageShsOut,weightedAverageShsOutDil,link,finalLink,timestamp,est_time,est_date
0,2020-12-31,TPOU.L,USD,2020-12-31,2020-12-31,FY,169633201.0,0.0,0.0,0.0,0.0,4438398.0,0.0,0.0,0.0,0.0,2228533.0,0.0,0.0,0.0,0.0,0.9577583930636314,0.0,162467622.0,0.9577583930636314,0.0,162467622.0,0.9577583930636314,2.4397703678005787,2.4397703678005787,66591358,66591358,https://find-and-update.company-information.service.gov.uk/search/companies?q=Third+Point+Offshore+Investors+Ltd,https://find-and-update.company-information.service.gov.uk/search/companies?q=Third+Point+Offshore+Investors+Ltd,1620598981,18:23:01,20210509
1,2019-12-31,TPOU.L,USD,2019-12-31,2019-12-31,FY,146835631.0,0.0,0.0,0.0,0.0,5343559.0,0.0,0.0,9834997.0,0.0,3102730.0,0.0,0.0,0.0,0.0,0.9330203647914314,0.0,137000634.0,0.9330203647914314,0.0,137000634.0,0.9330203647914314,3.06,3.06,66591358,66591358,https://find-and-update.company-information.service.gov.uk/search/companies?q=Third+Point+Offshore+Investors+Ltd,https://find-and-update.company-information.service.gov.uk/search/companies?q=Third+Point+Offshore+Investors+Ltd,1620598981,18:23:01,20210509
2,2018-12-31,TPOU.L,USD,2018-12-31,2018-12-31,FY,-106630942.0,0.0,0.0,0.0,0.0,6541522.0,0.0,0.0,9542710.0,0.0,2433936.0,0.0,0.0,0.0,0.0,1.0894928790931997,0.0,-116173652.0,1.0894928790931997,0.0,-116173652.0,1.0894928790931997,-2.46,-2.46,47186130,47186130,https://find-and-update.company-information.service.gov.uk/search/companies?q=Third+Point+Offshore+Investors+Ltd,https://find-and-update.company-information.service.gov.uk/search/companies?q=Third+Point+Offshore+Investors+Ltd,1620598981,18:23:01,20210509
3,2017-12-31,TPOU.L,USD,2017-12-31,2017-12-31,FY,180543780.0,0.0,0.0,0.0,0.0,7604287.0,0.0,0.0,9920643.0,0.0,1255149.0,0.0,0.0,0.0,0.0,0.9450513166390999,0.0,170623137.0,0.9450513166390999,0.0,170623137.0,0.9450513166390999,3.59,3.59,47403915,47403915,https://find-and-update.company-information.service.gov.uk/search/companies?q=Third+Point+Offshore+Investors+Ltd,https://find-and-update.company-information.service.gov.uk/search/companies?q=Third+Point+Offshore+Investors+Ltd,1620598981,18:23:01,20210509
4,2016-12-31,TPOU.L,USD,2016-12-31,2016-12-31,FY,48545829.0,0.0,0.0,0.0,0.0,4405335.0,0.0,0.0,5270628.0,0.0,2500010.0,0.0,0.0,0.0,0.0,0.8914298486899873,0.0,43275201.0,0.8914298486899873,0.0,43275201.0,0.8914298486899873,0.34164,0.34164,126668948,126668948,https://find-and-update.company-information.service.gov.uk/search/companies?q=Third+Point+Offshore+Investors+Ltd,https://find-and-update.company-information.service.gov.uk/search/companies?q=Third+Point+Offshore+Investors+Ltd,1620598981,18:23:01,20210509
5,2015-12-31,TPOU.L,USD,2015-12-31,2015-12-31,FY,-20166952.0,0.0,0.0,0.0,0.0,3995158.0,0.0,0.0,4635242.0,0.0,1680569.0,0.0,0.0,0.0,0.0,1.2298434587437903,0.0,-24802194.0,1.2298434587437903,0.0,-24802194.0,1.2298434587437903,-0.30068,-0.30068,82486985,82486985,https://find-and-update.company-information.service.gov.uk/search/companies?q=Third+Point+Offshore+Investors+Ltd,https://find-and-update.company-information.service.gov.uk/search/companies?q=Third+Point+Offshore+Investors+Ltd,1620598981,18:23:01,20210509
6,2014-12-31,TPOU.L,USD,2014-12-31,2014-12-31,FY,56620379.0,0.0,0.0,0.0,0.0,4506379.0,0.0,0.0,4707566.0,0.0,1375504.0,0.0,0.0,0.0,0.0,0.9168573915762732,0.0,51912813.0,0.9168573915762732,0.0,51912813.0,0.9168573915762732,0.629951,0.629951,82407701,82407701,https://find-and-update.company-information.service.gov.uk/search/companies?q=Third+Point+Offshore+Investors+Ltd,https://find-and-update.company-information.service.gov.uk/search/companies?q=Third+Point+Offshore+Investors+Ltd,1620598981,18:23:01,20210509
7,2013-12-31,TPOU.L,USD,2013-12-31,2013-12-31,FY,207512860.0,0.0,0.0,0.0,0.0,5128610.0,0.0,0.0,5716954.0,0.0,3231751.0,0.0,0.0,0.0,0.0,0.9724501218864219,0.0,201795906.0,0.9724501218864219,0.0,201795906.0,0.9724501218864219,2.469507,2.469507,81715060,81715060,https://find-and-update.company-information.service.gov.uk/search/companies?q=Third+Point+Offshore+Investors+Ltd,https://find-and-update.company-information.service.gov.uk/search/companies?q=Third+Point+Offshore+Investors+Ltd,1620598981,18:23:01,20210509
8,2012-12-31,TPOU.L,USD,2012-12-31,2012-12-31,FY,140054610.0,0.0,0.0,0.0,0.0,4997735.0,0.0,0.0,6353527.0,0.0,1230239.0,0.0,0.0,0.0,0.0,0.9546353597357488,0.0,133701083.0,0.9546353597357488,0.0,133701083.0,0.9546353597357488,1.641416,1.641416,81454711,81454711,https://find-and-update.company-information.service.gov.uk/search/companies?q=Third+Point+Offshore+Investors+Ltd,https://find-and-update.company-information.service.gov.uk/search/companies?q=Third+Point+Offshore+Investors+Ltd,1620598981,18:23:01,20210509
9,2011-12-31,TPOU.L,USD,2011-12-31,2011-12-31,FY,6365172.0,0.0,0.0,0.0,0.0,7718042.0,0.0,0.0,7718042.0,0.0,968815.0,0.0,0.0,0.0,0.0,-0.2125425675849765,0.0,-1352870.0,-0.2125425675849765,0.0,-1352870.0,-0.2125425675849765,-0.032,-0.032,42859769,42859769,https://find-and-update.company-information.service.gov.uk/search/companies?q=Third+Point+Offshore+Investors+Ltd,https://find-and-update.company-information.service.gov.uk/search/companies?q=Third+Point+Offshore+Investors+Ltd,1620598981,18:23:01,20210509
10,2010-12-31,TPOU.L,USD,2010-12-31,2010-12-31,FY,18278950.0,0.0,0.0,0.0,0.0,26116084.0,0.0,0.0,26116084.0,0.0,768330.0,0.0,0.0,0.0,0.0,-0.4287518703207788,0.0,-7837134.0,-0.4287518703207788,0.0,-7837134.0,-0.4287518703207788,-0.182,-0.182,43136919,43136919,https://find-and-update.company-information.service.gov.uk/search/companies?q=Third+Point+Offshore+Investors+Ltd,https://find-and-update.company-information.service.gov.uk/search/companies?q=Third+Point+Offshore+Investors+Ltd,1620598981,18:23:01,20210509
11,2009-12-31,TPOU.L,USD,2009-12-31,2009-12-31,FY,17913388.0,0.0,0.0,0.0,0.0,34138477.0,0.0,0.0,34138477.0,0.0,360137.0,0.0,0.0,0.0,0.0,-0.9057521112142494,0.0,-16225089.0,-0.9057521112142494,0.0,-16225089.0,-0.9057521112142494,-0.375,-0.375,43322671,43322671,https://find-and-update.company-information.service.gov.uk/search/companies?q=Third+Point+Offshore+Investors+Ltd,https://find-and-update.company-information.service.gov.uk/search/companies?q=Third+Point+Offshore+Investors+Ltd,1620598981,18:23:01,20210509
