,date,symbol,reportedCurrency,fillingDate,acceptedDate,period,revenue,costOfRevenue,grossProfit,grossProfitRatio,researchAndDevelopmentExpenses,generalAndAdministrativeExpenses,sellingAndMarketingExpenses,otherExpenses,operatingExpenses,costAndExpenses,interestExpense,depreciationAndAmortization,ebitda,ebitdaratio,operatingIncome,operatingIncomeRatio,totalOtherIncomeExpensesNet,incomeBeforeTax,incomeBeforeTaxRatio,incomeTaxExpense,netIncome,netIncomeRatio,eps,epsdiluted,weightedAverageShsOut,weightedAverageShsOutDil,link,finalLink,timestamp,est_time,est_date
0,2020-12-31,BPTS,EUR,2020-12-31,2020-12-31,FY,0.0,0.0,0.0,0.0,9921000.0,4021000.0,0.0,0.0,0.0,13942000.0,4374000.0,0.0,-14227000.0,0.0,-13942000.0,0.0,1827000.0,-17054000.0,0.0,0.0,-17054000.0,0.0,-12.666924649847253,-12.666924649847253,1346341.0,1346341.0,,,1620589626,15:47:06,20210509
1,2019-12-31,BPTS,EUR,2019-12-31,2019-12-31,FY,0.0,0.0,0.0,0.0,9089000.0,4596000.0,0.0,0.0,0.0,15683000.0,2526000.0,262000.0,-15421000.0,0.0,-15683000.0,0.0,0.0,-17816000.0,0.0,-28000.0,-17788000.0,0.0,-13.212105996920542,-13.212105996920542,1346341.0,1346341.0,,,1620589626,15:47:06,20210509
2,2018-12-31,BPTS,EUR,2018-12-31,2018-12-31,FY,0.0,0.0,0.0,0.0,9513000.0,4348000.0,0.0,0.0,0.0,13861000.0,185000.0,227000.0,-13634000.0,0.0,-13861000.0,0.0,0.0,-14059000.0,0.0,-72000.0,-13987000.0,0.0,-10.4,-10.4,1346341.0,1346341.0,,,1620589626,15:47:06,20210509
3,2017-12-31,BPTS,EUR,2017-12-31,2017-12-31,FY,0.0,0.0,0.0,0.0,7043000.0,2865000.0,0.0,0.0,0.0,9908000.0,3293000.0,204000.0,-9704000.0,0.0,-9908000.0,0.0,0.0,-11409000.0,0.0,0.0,-11409000.0,0.0,-12.4,-12.4,918818.0,918818.0,,,1620589626,15:47:06,20210509
4,2016-12-31,BPTS,EUR,2016-12-31,2016-12-31,FY,0.0,0.0,0.0,0.0,5121000.0,2820000.0,0.0,0.0,0.0,7941000.0,0.0,167000.0,-7774000.0,0.0,-7941000.0,0.0,0.0,-7954000.0,0.0,0.0,-7954000.0,0.0,-12.8,-12.8,620262.0,620262.0,,,1620589626,15:47:06,20210509
5,2015-12-31,BPTS,EUR,2015-12-31,2015-12-31,FY,0.0,0.0,0.0,0.0,1567757.0,2070337.0,0.0,-1.0,0.0,3098810.0,172500.0,0.0,-3116541.0,0.0,-3098810.0,0.0,0.0,-3289041.0,0.0,0.0,-3288199.0,0.0,-6.8,-6.8,486585.0,486585.0,,,1620589626,15:47:06,20210509
6,2014-12-31,BPTS,EUR,2014-12-31,2014-12-31,FY,0.0,0.0,0.0,0.0,725635.0,373468.0,0.0,-1.0,0.0,673979.0,0.0,15427.0,-658552.0,0.0,-673979.0,0.0,0.0,-709768.0,0.0,0.0,-708939.0,0.0,-1.880657,-1.880657,376964.0,376964.0,,,1620589626,15:47:06,20210509
7,2013-12-31,BPTS,EUR,2013-12-31,2013-12-31,FY,0.0,0.0,0.0,0.0,689519.0,395784.0,0.0,0.0,0.0,498327.0,0.0,30337.0,-467990.0,0.0,-498327.0,0.0,0.0,-523535.0,0.0,0.0,-521548.0,0.0,-1.38355,-1.38355,376964.0,376964.0,,,1620589626,15:47:06,20210509
