,date,symbol,reportedCurrency,fillingDate,acceptedDate,period,revenue,costOfRevenue,grossProfit,grossProfitRatio,researchAndDevelopmentExpenses,generalAndAdministrativeExpenses,sellingAndMarketingExpenses,otherExpenses,operatingExpenses,costAndExpenses,interestExpense,depreciationAndAmortization,ebitda,ebitdaratio,operatingIncome,operatingIncomeRatio,totalOtherIncomeExpensesNet,incomeBeforeTax,incomeBeforeTaxRatio,incomeTaxExpense,netIncome,netIncomeRatio,eps,epsdiluted,weightedAverageShsOut,weightedAverageShsOutDil,link,finalLink,timestamp,est_time,est_date
0,2020-03-31,GRW.IR,GBP,2020-03-31,2020-03-31,FY,51942000.0,0.0,0.0,0.0,0.0,2885000.0,1090000.0,0.0,11559000.0,0.0,1591000.0,520000.0,0.0,0.0,0.0,0.7774633244773016,0.0,40383000.0,0.7774633244773016,17000.0,39707000.0,0.7644488082861653,0.34,0.33,118013000,120961000,,,1620592800,16:40:00,20210509
1,2019-03-31,GRW.IR,GBP,2019-03-31,2019-03-31,FY,122417000.0,0.0,0.0,0.0,0.0,2251000.0,805000.0,0.0,11267000.0,0.0,0.0,163000.0,0.0,0.0,0.0,0.9079621294428062,0.0,111150000.0,0.9079621294428062,-11000.0,110579000.0,0.9032977445942966,1.15,1.1,96051000,100506000,,,1620592800,16:40:00,20210509
2,2018-03-31,GRW.IR,GBP,2018-03-31,2018-03-31,FY,72348000.0,0.0,0.0,0.0,0.0,1833000.0,280000.0,0.0,7088000.0,0.0,1418000.0,160000.0,0.0,0.0,0.0,0.9020290816608614,0.0,65260000.0,0.9020290816608614,-43000.0,62172000.0,0.8593464919555481,0.868,0.833,71612000,74636000,,,1620592800,16:40:00,20210509
3,2017-03-31,GRW.IR,GBP,2017-03-31,2017-03-31,FY,37638000.0,0.0,0.0,0.0,0.0,961000.0,121000.0,0.0,3955000.0,3955000.0,0.0,155000.0,33617000.0,0.8931664806844147,33462000.0,0.8890483022477284,0.0,33683000.0,0.8949200276316489,438000.0,32915000.0,0.8745151177001966,0.808,0.808,40748000,40748000,,,1620592800,16:40:00,20210509
4,2016-03-31,GRW.IR,GBP,2016-03-31,2016-03-31,FY,0.0,0.0,0.0,0.0,0.0,3000.0,0.0,0.0,3000.0,0.0,0.0,0.0,0.0,0.0,0.0,0.0,0.0,-3000.0,0.0,0.0,-3000.0,0.0,-7.4e-05,-7.4e-05,40673909,40673909,,,1620592800,16:40:00,20210509
5,2015-03-31,GRW.IR,GBP,2015-03-31,2015-03-31,FY,2702000.0,0.0,0.0,0.0,0.0,962000.0,0.0,0.0,2870000.0,0.0,23000.0,6000.0,0.0,0.0,0.0,-0.06217616580310881,0.0,-168000.0,-0.06217616580310881,0.0,-168000.0,-0.06217616580310881,-0.00413,-0.00413,40673909,40673909,,,1620592800,16:40:00,20210509
6,2014-03-31,GRW.IR,GBP,2014-03-31,2014-03-31,FY,3135000.0,0.0,0.0,0.0,0.0,984000.0,0.0,0.0,3239000.0,0.0,10000.0,8000.0,0.0,0.0,0.0,-0.03317384370015949,0.0,-104000.0,-0.03317384370015949,0.0,-104000.0,-0.03317384370015949,-0.002557,-0.002557,40673909,40673909,,,1620592800,16:40:00,20210509
7,2013-03-31,GRW.IR,GBP,2013-03-31,2013-03-31,FY,3939000.0,0.0,0.0,0.0,0.0,824000.0,0.0,0.0,3563000.0,0.0,6000.0,14000.0,0.0,0.0,0.0,0.09545569941609545,0.0,376000.0,0.09545569941609545,0.0,376000.0,0.09545569941609545,0.009244,0.009244,40673909,40673909,,,1620592800,16:40:00,20210509
