,date,symbol,reportedCurrency,fillingDate,acceptedDate,period,revenue,costOfRevenue,grossProfit,grossProfitRatio,researchAndDevelopmentExpenses,generalAndAdministrativeExpenses,sellingAndMarketingExpenses,otherExpenses,operatingExpenses,costAndExpenses,interestExpense,depreciationAndAmortization,ebitda,ebitdaratio,operatingIncome,operatingIncomeRatio,totalOtherIncomeExpensesNet,incomeBeforeTax,incomeBeforeTaxRatio,incomeTaxExpense,netIncome,netIncomeRatio,eps,epsdiluted,weightedAverageShsOut,weightedAverageShsOutDil,link,finalLink,timestamp,est_time,est_date
0,2020-06-30,OEQ.AX,AUD,2020-06-30,2020-06-30,FY,5456.0,0.0,0.0,0.0,0.0,465219.0,0.0,20934.0,0.0,0.0,277.0,1980.0,0.0,0.0,0.0,-144.82019794721407,0.0,-790139.0,-144.82019794721407,0.0,-790139.0,-144.82019794721407,-0.050490605670771745,-0.050490605670771745,15649228.0,15649228.0,,,1620596048,17:34:08,20210509
1,2019-06-30,OEQ.AX,AUD,2019-06-30,2019-06-30,FY,-72070.0,0.0,0.0,0.0,0.0,481665.0,0.0,201786.0,0.0,0.0,431.0,2634.0,0.0,0.0,0.0,16.42311641459692,0.0,-1183614.0,16.42311641459692,38973.0,-1279347.0,17.7514499791869,-0.0818,-0.0818,15649228.0,15649228.0,,,1620596048,17:34:08,20210509
2,2018-06-30,OEQ.AX,AUD,2018-06-30,2018-06-30,FY,167527.0,0.0,0.0,0.0,0.0,475983.0,0.0,132.0,0.0,0.0,1720.0,27950.0,0.0,0.0,0.0,-6.178896536080751,0.0,-1035132.0,-6.178896536080751,22233.0,-1057365.0,-6.311609471906021,-0.0676,-0.0676,15649228.0,15649228.0,,,1620596048,17:34:08,20210509
3,2017-06-30,OEQ.AX,AUD,2017-06-30,2017-06-30,FY,36916.0,478309.0,-444773.0,-12.048244663560515,0.0,458718.0,0.0,283.0,0.0,0.0,2588.0,34675.0,-1864529.0,-50.50734099035648,-1899204.0,-51.44663560515765,283.0,-1898921.0,-51.43896955249756,125927.0,-2024848.0,-54.850146278036625,-0.1294,-0.1294,15649228.0,15649228.0,,,1620596048,17:34:08,20210509
4,2016-06-30,OEQ.AX,AUD,2016-06-30,2016-06-30,FY,-27971.0,542514.0,-536237.0,19.171177290765435,0.0,535931.0,0.0,1099.0,0.0,0.0,2762.0,43228.0,-501824.0,17.940867326874262,-545052.0,19.48632512244825,1099.0,-543953.0,19.44703442851525,0.0,-543953.0,19.44703442851525,-0.0347,-0.0347,15694799.0,15694799.0,,,1620596048,17:34:08,20210509
5,2015-06-30,OEQ.AX,AUD,2015-06-30,2015-06-30,FY,156697.0,625574.0,-470047.0,-2.99971920330319,0.0,641743.0,0.0,103330.0,0.0,0.0,2484.0,2653.0,-860568.0,-5.491923904095165,-863221.0,-5.5088546685641715,103330.0,-759891.0,-4.849429153078872,-89501.0,-670390.0,-4.27825676305226,-0.0422,-0.0422,15898172.0,15898172.0,,,1620596048,17:34:08,20210509
6,2014-06-30,OEQ.AX,AUD,2014-06-30,2014-06-30,FY,45217.0,616831.0,-559441.0,-12.372359953114978,0.0,636822.0,0.0,-105299.0,0.0,0.0,1936.0,67949.0,-611364.0,-13.520667005772165,-679313.0,-15.023398279408188,0.0,-679313.0,-15.023398279408188,0.0,-790168.0,-17.4750204569078,-0.0467,-0.0467,16918497.0,16918497.0,,,1620596048,17:34:08,20210509
7,2013-06-30,OEQ.AX,AUD,2013-06-30,2013-06-30,FY,344759.0,1627116.0,-1286522.0,-3.731656026383648,0.0,733390.0,0.0,-1611812.0,0.0,0.0,1030.0,3444.0,-3051691.0,-8.851664496068269,-3055135.0,-8.861654082997108,0.0,-3055135.0,-8.861654082997108,57300.0,-3112435.0,-9.027857140785303,-0.1747,-0.1747,17814389.0,17814389.0,,,1620596048,17:34:08,20210509
8,2012-06-30,OEQ.AX,AUD,2012-06-30,2012-06-30,FY,796012.0,1846439.0,-1049588.0,-1.318558011688266,0.0,773453.0,0.0,-2808619.0,0.0,0.0,21441.0,3566.0,-4949601.0,-6.217997969879851,-4953167.0,-6.222477801842183,0.0,-4953167.0,-6.222477801842183,24864.0,-4978031.0,-6.253713511856605,-0.2794,-0.2794,17814389.0,17814389.0,,,1620596048,17:34:08,20210509
9,2011-06-30,OEQ.AX,AUD,2011-06-30,2011-06-30,FY,935944.0,1285017.0,-327236.0,-0.3496320292667083,0.0,801715.0,0.0,-2013636.0,0.0,0.0,21837.0,203947.0,-2472061.0,-2.6412488354004084,-2676008.0,-2.859153966476627,0.0,-2676008.0,-2.859153966476627,82211.0,-2758219.0,-2.9469914866701425,-0.155,-0.155,17814389.0,17814389.0,,,1620596048,17:34:08,20210509
10,2010-06-30,OEQ.AX,AUD,2010-06-30,2010-06-30,FY,3785466.0,2007379.0,1794362.0,0.4740135032252304,0.0,644541.0,0.0,-88074.0,0.0,0.0,6576.0,126294.0,545260.0,0.14404039027163365,418966.0,0.11067752292584321,-2583275.0,418966.0,0.11067752292584321,-694440.0,1113406.0,0.29412653554410473,0.063,0.063,17814389.0,17814389.0,,,1620596048,17:34:08,20210509
11,2009-06-30,OEQ.AX,AUD,2009-06-30,2009-06-30,FY,833509.0,733428.0,108654.0,0.13035732067680134,0.0,819187.0,0.0,-11495406.0,0.0,0.0,2209.0,156491.0,-32991979.0,-39.582030907884615,-33148470.0,-39.76978053026422,16961679.0,-16186791.0,-19.420055452310653,-4078315.0,-11997100.0,-14.393485853182149,-0.673,-0.673,17814389.0,17814389.0,,,1620596048,17:34:08,20210509
12,2008-06-30,OEQ.AX,AUD,2008-06-30,2008-06-30,FY,1986678.0,1447916.0,712130.0,0.3584526531224486,0.0,664810.0,0.0,-518715.0,0.0,0.0,4591.0,190632.0,-2892234.0,-1.455814178241265,-3082866.0,-1.551769335544059,0.0,-3082866.0,-1.551769335544059,-513853.0,-2569013.0,-1.2931199721343871,-0.1442,-0.1442,17814389.0,17814389.0,,,1620596048,17:34:08,20210509
13,2007-06-30,OEQ.AX,AUD,2007-06-30,2007-06-30,FY,14881858.0,1317771.0,13634838.0,0.9162053555409546,0.0,970879.0,0.0,1562500.0,0.0,0.0,4236.0,73446.0,15031221.0,1.0100365827976587,14957775.0,1.005101311946398,1562500.0,16520275.0,1.1100949222872574,4619027.0,10048258.0,0.6752018464361104,0.53,0.53,17814389.0,17814389.0,,,1620596048,17:34:08,20210509
14,2006-06-30,OEQ.AX,AUD,2006-06-30,2006-06-30,FY,8211442.0,468562.0,7937550.0,0.9666450789033156,0.0,428971.0,0.0,1146453.0,0.0,0.0,1426.0,7116.0,7647632.0,0.9313384908521548,7640516.0,0.930471895192099,1146453.0,8791168.0,1.0705997801604152,2253500.0,6537668.0,0.7961656430137362,0.367,0.367,17814389.0,17814389.0,,,1620596048,17:34:08,20210509
15,2005-06-30,OEQ.AX,AUD,2005-06-30,2005-06-30,FY,1849987.0,612559.0,1584155.0,0.8563060172855269,0.0,466159.0,0.0,167225.0,0.0,0.0,1791.0,5619.0,1150553.0,0.6219249108236977,1144934.0,0.6188875921830802,167225.0,1316811.0,0.7117947315305458,1316811.0,985889.0,0.5329167177931521,0.0579,0.0579,17030960.0,17030960.0,,,1620596048,17:34:08,20210509
16,2004-06-30,OEQ.AX,AUD,2004-06-30,2004-06-30,FY,19571642.0,63384.0,19508406.0,0.9967689987380721,0.0,174591.0,0.0,-5370466.0,0.0,0.0,148.0,6959.0,18925595.0,0.9669906592405482,18918636.0,0.9666350937749628,359748.0,19279700.0,0.9850834181414109,19279700.0,18276264.0,0.933813524690468,2.0652,2.0652,8849761.0,8849761.0,,,1620596048,17:34:08,20210509
17,2003-06-30,OEQ.AX,AUD,2003-06-30,2003-06-30,FY,-23356.0,0.0,0.0,0.0,0.0,26835.0,253261.0,-126391.0,0.0,0.0,3824.0,8408.0,0.0,0.0,0.0,27.939073471484843,0.0,-652545.0,27.939073471484843,-652545.0,-652545.0,27.939073471484843,-0.03945,-0.03945,16542788.0,16542788.0,,,1620596048,17:34:08,20210509
18,2002-06-30,OEQ.AX,AUD,2002-06-30,2002-06-30,FY,-393488.0,916684.0,-760074.0,1.931631968446306,0.0,485075.0,0.0,5426.0,0.0,0.0,98.0,343594.0,-1070986.0,2.721775505225064,-1414580.0,3.5949762127434637,44055.0,-1368497.0,3.4778620949050545,-1368497.0,-1368497.0,3.4778620949050545,-0.0985,-0.0985,13893370.0,13893370.0,,,1620596048,17:34:08,20210509
19,2001-06-30,OEQ.AX,AUD,2001-06-30,2001-06-30,FY,-617622.0,1066581.0,-956948.0,1.5494072426176528,0.0,463099.0,0.0,194220.0,0.0,0.0,172.0,1900786.0,-1548615.0,2.5073831566880713,-3449401.0,5.584971066445172,205688.0,-3239091.0,5.244455346474057,-3239091.0,-3239091.0,5.244455346474057,-0.2685,-0.2685,12069813.0,12069813.0,,,1620596048,17:34:08,20210509
20,2000-06-30,OEQ.AX,AUD,2000-06-30,2000-06-30,FY,-296.0,0.0,0.0,0.0,0.0,0.0,0.0,0.0,0.0,0.0,296.0,0.0,0.0,0.0,0.0,18103.58108108108,0.0,-5358660.0,18103.58108108108,-5358660.0,-5358660.0,18103.58108108108,-0.5,-0.5,11099693.0,11099693.0,,,1620596048,17:34:08,20210509
21,1999-06-30,OEQ.AX,AUD,1999-06-30,1999-06-30,FY,0.0,0.0,0.0,0.0,0.0,0.0,0.0,0.0,0.0,0.0,0.0,0.0,0.0,0.0,0.0,0.0,0.0,-6522665.0,0.0,-6522665.0,-6522665.0,0.0,-1.05,-1.05,6167514.0,6167514.0,,,1620596048,17:34:08,20210509
22,1998-06-30,OEQ.AX,AUD,1998-06-30,1998-06-30,FY,-522.0,0.0,0.0,0.0,0.0,0.0,0.0,0.0,0.0,0.0,522.0,0.0,0.0,0.0,0.0,271.3007662835249,0.0,-141619.0,271.3007662835249,-141619.0,-141619.0,271.3007662835249,-0.025,-0.025,614804.0,614804.0,,,1620596048,17:34:08,20210509
23,1997-06-30,OEQ.AX,AUD,1997-06-30,1997-06-30,FY,-1661.0,1661.0,115134.0,-69.316074653823,0.0,0.0,0.0,-8599974.0,0.0,0.0,1661.0,9682.0,3283058.0,-1976.5550872968092,3273376.0,-1970.7260686333534,0.0,3273376.0,-1970.7260686333534,3273376.0,3273376.0,-1970.7260686333534,0.5,0.5,6546752.0,6546752.0,,,1620596048,17:34:08,20210509
24,1996-06-30,OEQ.AX,AUD,1996-06-30,1996-06-30,FY,-72649.0,72649.0,85519.0,-1.1771531610896226,0.0,0.0,0.0,-149117.0,0.0,0.0,72649.0,9051.0,-2385678.0,32.838414843975826,-2394729.0,32.963000178942586,3792572.0,1397843.0,-19.241049429448445,1397843.0,1397843.0,-19.241049429448445,0.5,0.5,2795686.0,2795686.0,,,1620596048,17:34:08,20210509
25,1995-06-30,OEQ.AX,AUD,1995-06-30,1995-06-30,FY,-8000.0,8000.0,10000.0,-1.25,0.0,0.0,0.0,52000.0,0.0,0.0,8000.0,70000.0,-896000.0,112.0,-966000.0,120.75,0.0,-966000.0,120.75,-966000.0,-966000.0,120.75,-0.328149,-0.328149,2943788.0,2943788.0,,,1620596048,17:34:08,20210509
26,1994-06-30,OEQ.AX,AUD,1994-06-30,1994-06-30,FY,-34000.0,34000.0,-34000.0,1.0,0.0,0.0,0.0,0.0,0.0,0.0,34000.0,0.0,0.0,0.0,-704000.0,20.705882352941178,0.0,-704000.0,20.705882352941178,-704000.0,-704000.0,20.705882352941178,-0.328149,-0.328149,2145369.0,2145369.0,,,1620596048,17:34:08,20210509
27,1993-06-30,OEQ.AX,AUD,1993-06-30,1993-06-30,FY,-64000.0,64000.0,-61000.0,0.953125,0.0,0.0,0.0,22000.0,0.0,0.0,64000.0,25000.0,-412000.0,6.4375,-437000.0,6.828125,37000.0,-400000.0,6.25,-400000.0,-400000.0,6.25,-0.328149,-0.328149,1939395.0,1939395.0,,,1620596048,17:34:08,20210509
28,1992-06-30,OEQ.AX,AUD,1992-06-30,1992-06-30,FY,-48000.0,48000.0,561000.0,-11.6875,0.0,0.0,0.0,-220000.0,0.0,0.0,48000.0,389000.0,-479000.0,9.979166666666666,-868000.0,18.083333333333332,150000.0,-718000.0,14.958333333333334,-718000.0,-718000.0,14.958333333333334,-0.520790266589491,-0.520790266589491,1378674.0,1378674.0,,,1620596048,17:34:08,20210509
29,1991-06-30,OEQ.AX,AUD,1991-06-30,1991-06-30,FY,-80000.0,80000.0,272000.0,-3.4,0.0,0.0,0.0,60000.0,0.0,0.0,80000.0,412000.0,-370000.0,4.625,-782000.0,9.775,104000.0,-678000.0,8.475,-678000.0,-678000.0,8.475,-0.04332482087934306,-0.04332482087934306,15649228.0,15649228.0,,,1620596048,17:34:08,20210509
30,1990-06-30,OEQ.AX,AUD,1990-06-30,1990-06-30,FY,0.0,0.0,348000.0,0.0,0.0,0.0,0.0,-295000.0,0.0,0.0,0.0,53000.0,-383000.0,0.0,-436000.0,0.0,40000.0,-396000.0,0.0,-396000.0,-396000.0,0.0,-0.025304762637492404,-0.025304762637492404,15649228.0,15649228.0,,,1620596048,17:34:08,20210509
31,1989-06-30,OEQ.AX,AUD,1989-06-30,1989-06-30,FY,0.0,0.0,62000.0,0.0,0.0,0.0,0.0,2000.0,0.0,0.0,0.0,64000.0,-3001000.0,0.0,-3065000.0,0.0,1069000.0,-1996000.0,0.0,-1996000.0,-1996000.0,0.0,-0.1275462278394819,-0.1275462278394819,15649228.0,15649228.0,,,1620596048,17:34:08,20210509
