,date,symbol,reportedCurrency,fillingDate,acceptedDate,period,revenue,costOfRevenue,grossProfit,grossProfitRatio,researchAndDevelopmentExpenses,generalAndAdministrativeExpenses,sellingAndMarketingExpenses,otherExpenses,operatingExpenses,costAndExpenses,interestExpense,depreciationAndAmortization,ebitda,ebitdaratio,operatingIncome,operatingIncomeRatio,totalOtherIncomeExpensesNet,incomeBeforeTax,incomeBeforeTaxRatio,incomeTaxExpense,netIncome,netIncomeRatio,eps,epsdiluted,weightedAverageShsOut,weightedAverageShsOutDil,link,finalLink,timestamp,est_time,est_date
0,2019-12-31,ATTO,USD,2020-04-17,2020-04-17,FY,1707286000,19105000.0,1688181000,0.9888097249084219,0.0,1394171000,0.0,10477000.0,1619449000,1638554000,65680000,140782000,209514000,0.12271757631703183,68732000,0.04025804698216936,-65167000,-44475000.0,-0.0260501169692717,36218000.0,-81306000.0,-0.04762295245202034,-5.627746,-5.627746,14446281,14446281,https://www.sec.gov/Archives/edgar/data/1606457/000129281420001333/attoform20f_2019.htm,https://www.sec.gov/Archives/edgar/data/1606457/000129281420001333/attoform20f_2019.htm,1620588900,15:35:00,20210509
1,2018-12-31,ATTO,USD,2019-03-20 00:00:00,2019-03-19 20:45:22,FY,1818180000,13549000.0,1804631000,0.9925480425480425,0.0,1379037000,0.0,180000.0,1717180000,1730729000,43351000,95245000,182696000,0.10048290048290048,87451000,0.0480980980980981,-26782000,33900000.0,0.018645018645018645,13414000.0,18540000.0,0.010197010197010197,1.257373,1.257373,14713219,14713219,https://www.sec.gov/Archives/edgar/data/1606457/000129281419000802/0001292814-19-000802-index.html,https://www.sec.gov/Archives/edgar/data/1606457/000129281419000802/attoform20f_2018.htm,1620588900,15:35:00,20210509
2,2017-12-31,ATTO,USD,2018-04-27,2018-04-27,FY,1921311000,27513000.0,1893798000,0.9856800903133329,0.0,1566137000,0.0,372000.0,1764810000,1792323000,71404000,104421000,233409000,0.1214842365447343,128988000,0.06713540910347153,-59736000,-1035000.0,-0.0005386946725439036,12533000.0,-16790000.0,-0.008738824687934436,-1.142691,-1.142691,14702137,14702137,https://www.sec.gov/Archives/edgar/data/1606457/000129281418001398/attoform20f_2017.htm,https://www.sec.gov/Archives/edgar/data/1606457/000129281418001398/attoform20f_2017.htm,1620588900,15:35:00,20210509
3,2016-12-31,ATTO,USD,2017-04-13,2017-04-13,FY,1757498000,30926000.0,1726572000,0.9824033939156688,0.0,1428153000,0.0,41748000.0,1615887000,1646813000,75090000,97364000,208049000,0.11837794410007864,110685000,0.06297873454194543,-50157000,8564000.0,0.0048728362706529395,5207000.0,65000.0,3.698439486133128e-05,0.050271,0.050271,14683811,14683811,https://www.sec.gov/Archives/edgar/data/1606457/000129281417000941/attoform20f_2016.htm,https://www.sec.gov/Archives/edgar/data/1606457/000129281417000941/attoform20f_2016.htm,1620588900,15:35:00,20210509
4,2015-12-31,ATTO,USD,2016-04-18,2016-04-18,FY,1965600000,3987000.0,1961613000,0.9979716117216118,0.0,1601773000,0.0,6000.0,1842636000,1846623000,74135000,102858000,221835000,0.11285866910866911,118977000,0.06052960927960928,14179000,72933000.0,0.037104700854700856,23785000.0,49148000.0,0.025004070004070005,3.368154,3.368154,14650358,14650358,https://www.sec.gov/Archives/edgar/data/1606457/000129281416004256/attoform20f_2015.htm,https://www.sec.gov/Archives/edgar/data/1606457/000129281416004256/attoform20f_2015.htm,1620588900,15:35:00,20210509
5,2014-12-31,ATTO,USD,2015-03-31,2015-03-31,FY,2298324000,7140000.0,2291184000,0.9968933883995468,0.0,1886399000,0.0,35567000.0,2184821000,2191961000,120678000,119820000,226183000,0.09841214728645743,106363000,0.04627850555448231,-66207000,-23619000.0,-0.010276618962339513,18533000.0,-42152000.0,-0.018340321033936034,-2.878342,-2.878342,14644540,14644540,https://www.sec.gov/Archives/edgar/data/1606457/000119312515112925/d896393d20f.htm,https://www.sec.gov/Archives/edgar/data/1606457/000119312515112925/d896393d20f.htm,1620588900,15:35:00,20210509
6,2013-12-31,ATTO,USD,2013-12-31,2013-12-31,FY,2341115000,13664000.0,2327451000,0.9941634648447428,0.0,1819264000,0.0,948000.0,2141523000,2155187000,116472000,128975000,314903000,0.1345098382608287,185928000,0.07941856764832142,-74766000,4307000.0,0.0018397216710840775,8346000.0,-4039000.0,-0.0017252463035775688,-0.27649,-0.27649,14644540,14644540,,,1620588900,15:35:00,20210509
