,date,symbol,reportedCurrency,fillingDate,acceptedDate,period,revenue,costOfRevenue,grossProfit,grossProfitRatio,researchAndDevelopmentExpenses,generalAndAdministrativeExpenses,sellingAndMarketingExpenses,otherExpenses,operatingExpenses,costAndExpenses,interestExpense,depreciationAndAmortization,ebitda,ebitdaratio,operatingIncome,operatingIncomeRatio,totalOtherIncomeExpensesNet,incomeBeforeTax,incomeBeforeTaxRatio,incomeTaxExpense,netIncome,netIncomeRatio,eps,epsdiluted,weightedAverageShsOut,weightedAverageShsOutDil,link,finalLink,timestamp,est_time,est_date
0,2020-12-31,BXS,USD,2020-12-31,2020-12-31,FY,1027471000.0,0.0,0.0,0.0,0.0,493844000.0,6908000.0,0.0,0.0,0.0,108526000.0,9605000.0,0.0,0.0,0.0,0.279857047060209,0.0,287545000.0,0.279857047060209,59494000.0,228051000.0,0.22195370964241326,2.246652940191317,2.246652940191317,101507000,101507000,,,1620589815,15:50:15,20210509
1,2019-12-31,BXS,USD,2019-12-31,2019-12-31,FY,930625000.0,0.0,0.0,0.0,0.0,467923000.0,8557000.0,0.0,756000000.0,0.0,125068000.0,9118000.0,0.0,0.0,0.0,0.3218460711887173,0.0,299518000.0,0.3218460711887173,65257000.0,234261000.0,0.25172437877770315,2.31,2.3,101507000,101811000,,,1620589815,15:50:15,20210509
2,2018-12-31,BXS,USD,2018-12-31,2018-12-31,FY,857259000.0,0.0,0.0,0.0,0.0,430808000.0,8295000.0,0.0,670000000.0,0.0,78271000.0,6639000.0,0.0,0.0,0.0,0.3092705938345354,0.0,265125000.0,0.3092705938345354,43808000.0,221317000.0,0.2581681848776157,2.24,2.23,98965000,99135000,,,1620589815,15:50:15,20210509
3,2017-12-31,BXS,USD,2017-12-31,2017-12-31,FY,742069000.0,0.0,0.0,0.0,0.0,381421000.0,7310000.0,0.0,549000000.0,0.0,38955000.0,4013000.0,0.0,0.0,0.0,0.31213135166675876,0.0,231623000.0,0.31213135166675876,78590000.0,153033000.0,0.20622475807505772,1.6713775515776368,1.6678437142390061,91561000,91755000,,,1620589815,15:50:15,20210509
4,2016-12-31,BXS,USD,2017-02-27 00:00:00,2017-02-27 16:57:27,FY,732482000.0,0.0,0.0,0.0,0.0,385671000.0,7738000.0,0.0,562000000.0,0.0,29727000.0,3635000.0,0.0,0.0,0.0,0.26818952547639396,0.0,196444000.0,0.26818952547639396,63716000.0,132728000.0,0.18120308758440482,1.4087225620002757,1.4052035982562636,94218694,94454640,https://www.sec.gov/Archives/edgar/data/701853/000070185317000005/0000701853-17-000005-index.html,https://www.sec.gov/Archives/edgar/data/701853/000070185317000005/c853-20161231x10k.htm,1620589815,15:50:15,20210509
5,2015-12-31,BXS,USD,2016-02-23 00:00:00,2016-02-23 16:26:54,FY,713650000.0,0.0,0.0,0.0,0.0,376387000.0,6466000.0,0.0,552000000.0,0.0,28696000.0,3963000.0,0.0,0.0,0.0,0.26166748406081414,0.0,186739000.0,0.26166748406081414,59248000.0,127491000.0,0.1786463952918097,1.33,1.33,95857895,95857895,https://www.sec.gov/Archives/edgar/data/701853/000070185316000020/0000701853-16-000020-index.html,https://www.sec.gov/Archives/edgar/data/701853/000070185316000020/c853-20151231x10k.htm,1620589815,15:50:15,20210509
6,2014-12-31,BXS,USD,2014-12-31,2014-12-31,FY,685808000.0,0.0,0.0,0.0,0.0,351152000.0,7787000.0,0.0,552000000.0,0.0,33595000.0,4443000.0,0.0,0.0,0.0,0.24409455707719946,0.0,167402000.0,0.24409455707719946,50652000.0,116750000.0,0.17023715092270722,1.22,1.21,95696721,96487603,,,1620589815,15:50:15,20210509
7,2013-12-31,BXS,USD,2013-12-31,2013-12-31,FY,674015000.0,0.0,0.0,0.0,0.0,350759000.0,8816000.0,0.0,590000000.0,0.0,50558000.0,2979000.0,0.0,0.0,0.0,0.19534580090947531,0.0,131666000.0,0.19534580090947531,37551000.0,94115000.0,0.13963339094827265,0.99,0.99,95065657,95065657,,,1620589815,15:50:15,20210509
8,2012-12-31,BXS,USD,2013-02-25 00:00:00,2013-02-25 16:20:57,FY,694740000.0,0.0,0.0,0.0,0.0,351792000.0,10303000.0,0.0,649000000.0,0.0,71833000.0,3222000.0,0.0,0.0,0.0,0.16919567032271066,0.0,117547000.0,0.16919567032271066,33252000.0,84295000.0,0.12133316060684572,0.899044976288762,0.8981876035001517,93760604,93850104,https://www.sec.gov/Archives/edgar/data/701853/000070185313000003/0000701853-13-000003-index.html,https://www.sec.gov/Archives/edgar/data/701853/000070185313000003/bxs10k1212.htm,1620589815,15:50:15,20210509
9,2011-12-31,BXS,USD,2012-02-27 00:00:00,2012-02-27 15:41:28,FY,705758000.0,0.0,0.0,0.0,0.0,304196000.0,0.0,0.0,767000000.0,0.0,102940000.0,32214000.0,0.0,0.0,0.0,0.05957282807988007,0.0,42044000.0,0.05957282807988007,4475000.0,37569000.0,0.053232127726501155,0.45000199793269063,0.44987556484266705,83486296,83509759,https://www.sec.gov/Archives/edgar/data/701853/000070185312000003/0000701853-12-000003-index.html,https://www.sec.gov/Archives/edgar/data/701853/000070185312000003/bxs10k1211.htm,1620589815,15:50:15,20210509
10,2010-12-31,BXS,USD,2010-12-31,2010-12-31,FY,705286000.0,0.0,0.0,0.0,0.0,290947000.0,0.0,0.0,833000000.0,0.0,141620000.0,33672000.0,0.0,0.0,0.0,0.020186137254957562,0.0,14237000.0,0.020186137254957562,-8705000.0,22942000.0,0.03252864795274541,0.28,0.27,81935714,84970370,,,1620589815,15:50:15,20210509
11,2009-12-31,BXS,USD,2010-03-15 00:00:00,2010-03-15 16:01:24,FY,720175000.0,0.0,0.0,0.0,0.0,298406000.0,0.0,0.0,778000000.0,0.0,170515000.0,35754000.0,0.0,0.0,0.0,0.15667580796334224,0.0,112834000.0,0.15667580796334224,30105000.0,82729000.0,0.11487346825424376,1.25,1.25,83447200,83447200,https://www.sec.gov/Archives/edgar/data/701853/000095012310024663/0000950123-10-024663-index.html,https://www.sec.gov/Archives/edgar/data/701853/000095012310024663/g22345b1e10vk.htm,1620589815,15:50:15,20210509
12,2008-12-31,BXS,USD,2009-02-27 00:00:00,2009-02-26 17:32:42,FY,683216000.0,0.0,0.0,0.0,0.0,271556000.0,0.0,0.0,777000000.0,0.0,264577000.0,35679000.0,0.0,0.0,0.0,0.2551960141448678,0.0,174354000.0,0.2551960141448678,53943000.0,120411000.0,0.17624148146413432,1.46,1.45,82589000,82793000,https://www.sec.gov/Archives/edgar/data/701853/000095014409001663/0000950144-09-001663-index.html,https://www.sec.gov/Archives/edgar/data/701853/000095014409001663/g17794e10vk.htm,1620589815,15:50:15,20210509
13,2007-12-31,BXS,USD,2007-12-31,2007-12-31,FY,654698000.0,0.0,0.0,0.0,0.0,255342000.0,0.0,0.0,829000000.0,0.0,378343000.0,38471000.0,0.0,0.0,0.0,0.3115085123217117,0.0,203944000.0,0.3115085123217117,66001000.0,137943000.0,0.2106971458596177,1.69,1.69,81623077,81623077,,,1620589815,15:50:15,20210509
14,2006-12-31,BXS,USD,2007-03-01 00:00:00,2007-03-01 14:12:52,FY,591893000.0,0.0,0.0,0.0,0.0,234580000.0,0.0,0.0,698000000.0,0.0,296092000.0,43606000.0,0.0,0.0,0.0,0.32127766336145214,0.0,190162000.0,0.32127766336145214,64968000.0,125194000.0,0.21151458118274755,1.58,1.57,79236709,79741401,https://www.sec.gov/Archives/edgar/data/701853/000095014407001775/0000950144-07-001775-index.html,https://www.sec.gov/Archives/edgar/data/701853/000095014407001775/g05706e10vk.htm,1620589815,15:50:15,20210509
15,2005-12-31,BXS,USD,2005-12-31,2005-12-31,FY,554369000.0,0.0,0.0,0.0,0.0,211950000.0,0.0,0.0,591000000.0,0.0,204379000.0,53270000.0,0.0,0.0,0.0,0.3026864777792409,0.0,167800000.0,0.3026864777792409,52601000.0,115199000.0,0.20780202356192357,1.47,1.47,78366667,78366667,,,1620589815,15:50:15,20210509
16,2004-12-31,BXS,USD,2004-12-31,2004-12-31,FY,517311000.0,0.0,0.0,0.0,0.0,198692000.0,0.0,0.0,0.0,0.0,163837000.0,57499000.0,0.0,0.0,0.0,0.3032624475412276,0.0,156881000.0,0.3032624475412276,46261000.0,110620000.0,0.21383655093357767,1.44,1.43,76819444,77356643,,,1620589815,15:50:15,20210509
17,2003-12-31,BXS,USD,2003-12-31,2003-12-31,FY,541192000.0,0.0,0.0,0.0,0.0,181810000.0,0.0,0.0,0.0,0.0,175805000.0,52456000.0,0.0,0.0,0.0,0.3574849591272598,0.0,193468000.0,0.3574849591272598,62334000.0,131134000.0,0.2423058729619063,1.69,1.68,77594083,78055952,,,1620589815,15:50:15,20210509
18,2002-12-31,BXS,USD,2002-12-31,2002-12-31,FY,503765000.0,0.0,0.0,0.0,0.0,171104000.0,0.0,0.0,0.0,0.0,218892000.0,30398000.0,0.0,0.0,0.0,0.3214911714787649,0.0,161956000.0,0.3214911714787649,49938000.0,112018000.0,0.22236161702381071,1.4,1.39,80012857,80588489,,,1620589815,15:50:15,20210509
19,2001-12-31,BXS,USD,2001-12-31,2001-12-31,FY,463375000.0,0.0,0.0,0.0,0.0,155680000.0,0.0,0.0,0.0,0.0,331093000.0,29822000.0,0.0,0.0,0.0,0.31465443755058,0.0,145803000.0,0.31465443755058,47340000.0,98463000.0,0.21249096304289183,1.19,1.19,82742017,82742017,,,1620589815,15:50:15,20210509
20,2000-12-31,BXS,USD,2000-12-31,2000-12-31,FY,412730000.0,0.0,0.0,0.0,0.0,133855000.0,0.0,0.0,0.0,0.0,346883000.0,24974000.0,0.0,0.0,0.0,0.27218036004167373,0.0,112337000.0,0.27218036004167373,37941000.0,74396000.0,0.18025343444867103,0.88,0.88,84540909,84540909,,,1620589815,15:50:15,20210509
21,1999-12-31,BXS,USD,1999-12-31,1999-12-31,FY,296800000.0,0.0,0.0,0.0,0.0,88300000.0,0.0,0.0,0.0,0.0,196700000.0,16800000.0,0.0,0.0,0.0,0.33423180592991913,0.0,99200000.0,0.33423180592991913,30200000.0,69000000.0,0.23247978436657682,1.21,1.2,57024793,57500000,,,1620589815,15:50:15,20210509
22,1998-12-31,BXS,USD,1998-12-31,1998-12-31,FY,249100000.0,0.0,0.0,0.0,0.0,70900000.0,0.0,0.0,0.0,0.0,187400000.0,6300000.0,0.0,0.0,0.0,0.3295865114411883,0.0,82100000.0,0.3295865114411883,27600000.0,54500000.0,0.21878763548775593,1.02,1.01,53431373,53960396,,,1620589815,15:50:15,20210509
23,1997-12-31,BXS,USD,1997-12-31,1997-12-31,FY,206700000.0,0.0,0.0,0.0,0.0,65800000.0,0.0,0.0,0.0,0.0,144100000.0,12000000.0,0.0,0.0,0.0,0.31833575229801647,0.0,65800000.0,0.31833575229801647,20400000.0,45400000.0,0.2196419932268989,1.02,1.015,44509804,44729064,,,1620589815,15:50:15,20210509
24,1996-12-31,BXS,USD,1996-12-31,1996-12-31,FY,192100000.0,0.0,0.0,0.0,0.0,57800000.0,0.0,0.0,0.0,0.0,126500000.0,10800000.0,0.0,0.0,0.0,0.33784487246225925,0.0,64900000.0,0.33784487246225925,22000000.0,42900000.0,0.2233211868818324,1.01,1.01,42475248,42475248,,,1620589815,15:50:15,20210509
25,1995-12-31,BXS,USD,1995-12-31,1995-12-31,FY,169200000.0,0.0,0.0,0.0,0.0,54700000.0,0.0,0.0,0.0,0.0,114500000.0,8500000.0,0.0,0.0,0.0,0.30319148936170215,0.0,51300000.0,0.30319148936170215,15800000.0,35500000.0,0.20981087470449172,0.845,0.845,42011834,42011834,,,1620589815,15:50:15,20210509
26,1994-12-31,BXS,USD,1994-12-31,1994-12-31,FY,127300000.0,0.0,0.0,0.0,0.0,41500000.0,0.0,0.0,0.0,0.0,69300000.0,8100000.0,0.0,0.0,0.0,0.2812254516889238,0.0,35800000.0,0.2812254516889238,10400000.0,25400000.0,0.199528672427337,0.76,0.76,33421053,33421053,,,1620589815,15:50:15,20210509
27,1993-12-31,BXS,USD,1993-12-31,1993-12-31,FY,119100000.0,0.0,0.0,0.0,0.0,39600000.0,0.0,0.0,0.0,0.0,62000000.0,5500000.0,0.0,0.0,0.0,0.25692695214105793,0.0,30600000.0,0.25692695214105793,7200000.0,26600000.0,0.22334172963895885,0.84,0.83,31666667,32048193,,,1620589815,15:50:15,20210509
28,1992-12-31,BXS,USD,1992-12-31,1992-12-31,FY,113900000.0,0.0,0.0,0.0,0.0,37400000.0,0.0,0.0,0.0,0.0,71200000.0,4900000.0,0.0,0.0,0.0,0.21071115013169447,0.0,24000000.0,0.21071115013169447,5400000.0,18600000.0,0.16330114135206322,0.62,0.6,30000000,31000000,,,1620589815,15:50:15,20210509
29,1991-12-31,BXS,USD,1991-12-31,1991-12-31,FY,85700000.0,0.0,0.0,0.0,0.0,28500000.0,0.0,0.0,0.0,0.0,75300000.0,3600000.0,0.0,0.0,0.0,0.22520420070011668,0.0,19300000.0,0.22520420070011668,4200000.0,15100000.0,0.176196032672112,0.71,0.67,21267606,22537313,,,1620589815,15:50:15,20210509
30,1990-12-31,BXS,USD,1990-12-31,1990-12-31,FY,75600000.0,0.0,0.0,0.0,0.0,25800000.0,0.0,0.0,0.0,0.0,84700000.0,3000000.0,0.0,0.0,0.0,0.23544973544973544,0.0,17800000.0,0.23544973544973544,3400000.0,14400000.0,0.19047619047619047,0.66,0.63,21363636,22380952,,,1620589815,15:50:15,20210509
31,1989-12-31,BXS,USD,1989-12-31,1989-12-31,FY,69200000.0,0.0,0.0,0.0,0.0,24200000.0,0.0,0.0,0.0,0.0,77400000.0,2700000.0,0.0,0.0,0.0,0.22976878612716764,0.0,15900000.0,0.22976878612716764,2700000.0,13200000.0,0.1907514450867052,0.6,0.58,21500000,22241379,,,1620589815,15:50:15,20210509
32,1988-12-31,BXS,USD,1988-12-31,1988-12-31,FY,0.0,0.0,0.0,0.0,0.0,0.0,0.0,0.0,0.0,0.0,0.0,0.0,0.0,0.0,0.0,0.0,0.0,0.0,0.0,0.0,12800000.0,0.0,0.58,0.56,21551724,22321429,,,1620589815,15:50:15,20210509
33,1987-12-31,BXS,USD,1987-12-31,1987-12-31,FY,0.0,0.0,0.0,0.0,0.0,0.0,0.0,0.0,0.0,0.0,0.0,0.0,0.0,0.0,0.0,0.0,0.0,0.0,0.0,0.0,11200000.0,0.0,0.51,0.49,21960784,22857143,,,1620589815,15:50:15,20210509
34,1986-12-31,BXS,USD,1986-12-31,1986-12-31,FY,0.0,0.0,0.0,0.0,0.0,0.0,0.0,0.0,0.0,0.0,0.0,0.0,0.0,0.0,0.0,0.0,0.0,0.0,0.0,0.0,9100000.0,0.0,0.53,0.51,17169811,17843137,,,1620589815,15:50:15,20210509
35,1985-12-31,BXS,USD,1985-12-31,1985-12-31,FY,0.0,0.0,0.0,0.0,0.0,0.0,0.0,0.0,0.0,0.0,0.0,0.0,0.0,0.0,0.0,0.0,0.0,0.0,0.0,0.0,7500000.0,0.0,0.44,0.44,17045455,17045455,,,1620589815,15:50:15,20210509
