,date,symbol,reportedCurrency,fillingDate,acceptedDate,period,revenue,costOfRevenue,grossProfit,grossProfitRatio,researchAndDevelopmentExpenses,generalAndAdministrativeExpenses,sellingAndMarketingExpenses,otherExpenses,operatingExpenses,costAndExpenses,interestExpense,depreciationAndAmortization,ebitda,ebitdaratio,operatingIncome,operatingIncomeRatio,totalOtherIncomeExpensesNet,incomeBeforeTax,incomeBeforeTaxRatio,incomeTaxExpense,netIncome,netIncomeRatio,eps,epsdiluted,weightedAverageShsOut,weightedAverageShsOutDil,link,finalLink,timestamp,est_time,est_date
0,2019-12-31,WRES.L,EUR,2019-12-31,2019-12-31,FY,365000.0,343000.0,22000.0,0.06027397260273973,0.0,768000.0,0.0,0.0,1266000.0,1609000.0,1200000.0,280000.0,-964000.0,-2.6410958904109587,-1244000.0,-3.408219178082192,0.0,-2942000.0,-8.06027397260274,0.0,-2942000.0,-8.06027397260274,-0.0005,-0.0005,6018000000,6018000000,https://find-and-update.company-information.service.gov.uk/search/companies?q=W+Resources+PLC,https://find-and-update.company-information.service.gov.uk/search/companies?q=W+Resources+PLC,1620599921,18:38:41,20210509
1,2018-12-31,WRES.L,GBP,2018-12-31,2018-12-31,FY,217418.536189,217418.536189,0.0,0.0,0.0,894078.266166,0.0,0.0,894078.266166,1111496.802355,108709.268095,250696.883565,-643381.382601,-2.9591836734735177,-894078.266166,-4.112244897963924,0.0,-4569117.094711,-21.015306122469276,-75430.920719,-4493686.173992,-20.668367346957382,-0.000776,-0.000776,5423000000,5423000000,https://find-and-update.company-information.service.gov.uk/search/companies?q=W+Resources+PLC,https://find-and-update.company-information.service.gov.uk/search/companies?q=W+Resources+PLC,1620599921,18:38:41,20210509
2,2017-12-31,WRES.L,GBP,2017-12-31,2017-12-31,FY,0.0,0.0,0.0,0.0,0.0,800906.712434,0.0,0.0,800906.712434,800906.712434,23655.472519,238807.627336,-562099.085098,0.0,-800906.712434,0.0,0.0,-824562.184953,0.0,141932.835115,-966495.020068,0.0,-0.000225,-0.000225,4762658488,4762658488,https://find-and-update.company-information.service.gov.uk/search/companies?q=W+Resources+PLC,https://find-and-update.company-information.service.gov.uk/search/companies?q=W+Resources+PLC,1620599921,18:38:41,20210509
3,2016-12-31,WRES.L,GBP,2016-12-31,2016-12-31,FY,164241.332511,165414.484886,-1173.152375,-0.007142857142378753,0.0,797743.615052,0.0,0.0,797743.615052,963158.099938,28155.657002,258000.0,-540916.767428,-3.2934265641797102,-798916.767428,-4.864285714282627,0.0,-1001872.128316,-6.099999999993303,0.0,-1001872.128316,-6.099999999993303,-0.000235,-0.000235,4004583481,4004583481,https://find-and-update.company-information.service.gov.uk/search/companies?q=W+Resources+PLC,https://find-and-update.company-information.service.gov.uk/search/companies?q=W+Resources+PLC,1620599921,18:38:41,20210509
4,2015-12-31,WRES.L,GBP,2015-12-31,2015-12-31,FY,111115.898013,384840.427266,-273724.529252,-2.463414634150512,0.0,523057.763819,0.0,0.0,523057.763819,907898.191084,24391.294686,184000.0,-612782.293071,-5.514803048248844,-796782.293071,-7.170731707336609,0.0,-821173.587757,-7.3902439024605355,0.0,-821173.587757,-7.3902439024605355,-0.000271,-0.000271,3290674856,3290674856,https://find-and-update.company-information.service.gov.uk/search/companies?q=W+Resources+PLC,https://find-and-update.company-information.service.gov.uk/search/companies?q=W+Resources+PLC,1620599921,18:38:41,20210509
5,2014-12-31,WRES.L,GBP,2014-12-31,2014-12-31,FY,1233898.393724,1405415.390362,-171516.996638,-0.1390041493776068,0.0,451832.088158,0.0,0.0,550390.362346,1955805.752708,0.0,137000.0,-584907.358984,-0.4740320288599329,-721907.358984,-0.5850622406641022,0.0,-820465.633171,-0.6649377593358978,0.0,-820465.633171,-0.6649377593358978,-0.000384,-0.000384,2216948161,2216948161,https://find-and-update.company-information.service.gov.uk/search/companies?q=W+Resources+PLC,https://find-and-update.company-information.service.gov.uk/search/companies?q=W+Resources+PLC,1620599921,18:38:41,20210509
6,2013-12-31,WRES.L,GBP,2013-12-31,2013-12-31,FY,0.0,0.0,0.0,0.0,0.0,302124.795937,0.0,0.0,302124.795937,302124.795937,0.0,15524.199001,-286600.59693600005,0.0,-302124.795937,0.0,0.0,-302124.795937,0.0,0.0,-302124.795937,0.0,-0.000167,-0.000167,1844441008,1844441008,https://find-and-update.company-information.service.gov.uk/search/companies?q=W+Resources+PLC,https://find-and-update.company-information.service.gov.uk/search/companies?q=W+Resources+PLC,1620599921,18:38:41,20210509
7,2012-12-31,WRES.L,GBP,2012-12-31,2012-12-31,FY,0.0,0.0,0.0,0.0,0.0,359523.60786,0.0,0.0,359523.60786,359523.60786,0.0,8641.460351,-350882.147509,0.0,-359523.60786,0.0,0.0,-495153.723049,0.0,0.0,-495153.723049,0.0,-0.000367,-0.000367,1177957816,1177957816,https://find-and-update.company-information.service.gov.uk/search/companies?q=W+Resources+PLC,https://find-and-update.company-information.service.gov.uk/search/companies?q=W+Resources+PLC,1620599921,18:38:41,20210509
8,2011-12-31,WRES.L,GBP,2011-12-31,2011-12-31,FY,0.0,0.0,0.0,0.0,0.0,111405.648367,0.0,239582.039498,238384.129301,238384.129301,0.0,0.0,-365362.610235,0.0,-238384.129301,0.0,0.0,-104218.187182,0.0,0.0,-104218.187182,0.0,-0.00012,-0.00012,461843544,461843544,https://find-and-update.company-information.service.gov.uk/search/companies?q=W+Resources+PLC,https://find-and-update.company-information.service.gov.uk/search/companies?q=W+Resources+PLC,1620599921,18:38:41,20210509
9,2010-12-31,WRES.L,GBP,2010-12-31,2010-12-31,FY,0.0,0.0,0.0,0.0,0.0,92838.622052,0.0,269232.003951,92838.622052,92838.622052,0.0,0.0,-92838.622052,0.0,-92838.622052,0.0,0.0,-227454.624028,0.0,0.0,-227454.624028,0.0,-0.00058,-0.00058,406065131,406065131,https://find-and-update.company-information.service.gov.uk/search/companies?q=W+Resources+PLC,https://find-and-update.company-information.service.gov.uk/search/companies?q=W+Resources+PLC,1620599921,18:38:41,20210509
10,2009-12-31,WRES.L,GBP,2009-12-31,2009-12-31,FY,0.0,0.0,0.0,0.0,0.0,83516.388274,0.0,0.0,83516.388274,83516.388274,0.0,0.0,-83516.388274,0.0,-83516.388274,0.0,0.0,-83516.388274,0.0,0.0,-83516.388274,0.0,-0.000339,-0.000339,366065000,366065000,https://find-and-update.company-information.service.gov.uk/search/companies?q=W+Resources+PLC,https://find-and-update.company-information.service.gov.uk/search/companies?q=W+Resources+PLC,1620599921,18:38:41,20210509
11,2008-12-31,WRES.L,GBP,2008-12-31,2008-12-31,FY,51545.184296,115713.679031,-64168.494735,-1.2448979591674405,0.0,4561222.838901,0.0,0.0,4561222.838901,4676936.517932,0.0,0.0,-4625391.333636,-89.7346938770173,-4625391.333636,-89.7346938770173,0.0,-4625391.333636,-89.7346938770173,0.0,-4625391.333636,-89.7346938770173,-0.041657,-0.041657,124649000,124649000,https://find-and-update.company-information.service.gov.uk/search/companies?q=W+Resources+PLC,https://find-and-update.company-information.service.gov.uk/search/companies?q=W+Resources+PLC,1620599921,18:38:41,20210509
12,2007-12-31,WRES.L,GBP,2007-12-31,2007-12-31,FY,1116706.534457,1360178.482895,-243471.948438,-0.21802679658930138,0.0,2324545.027268,0.0,0.0,2361269.846306,3721448.329202,80250.530491,1738308.10114,-866433.6936050002,-0.7758830694281776,-2604741.794745,-2.332521315469475,0.0,-2136840.396629,-1.9135200974426478,0.0,-2136840.396629,-1.9135200974426478,-0.021763,-0.021763,98698685,98698685,https://find-and-update.company-information.service.gov.uk/search/companies?q=W+Resources+PLC,https://find-and-update.company-information.service.gov.uk/search/companies?q=W+Resources+PLC,1620599921,18:38:41,20210509
13,2006-12-31,WRES.L,GBP,2006-12-31,2006-12-31,FY,2238585.686017,1390951.450794,847634.235223,0.3786472148542823,0.0,4883917.04708,0.0,0.0,1640342.959582,3031294.410376,22267.098999,898106.326287,105397.60192799999,0.04708222811677515,-792708.724359,-0.35411140583563083,0.0,-5066507.25887,-2.2632625994694777,0.0,-5066507.25887,-2.2632625994694777,-0.053441,-0.053441,95747517,95747517,https://find-and-update.company-information.service.gov.uk/search/companies?q=W+Resources+PLC,https://find-and-update.company-information.service.gov.uk/search/companies?q=W+Resources+PLC,1620599921,18:38:41,20210509
14,2005-12-31,WRES.L,GBP,2005-12-31,2005-12-31,FY,463443.612774,621798.953817,-158355.341042,-0.3416927899688685,0.0,1888641.682153,0.0,0.0,2125448.293069,2747247.246886,27603.224585,207750.585037,-2076053.0490740002,-4.479623824455199,-2283803.634111,-4.927899686524984,0.0,-1720116.732053,-3.711598746084826,0.0,-1720116.732053,-3.711598746084826,-0.020339,-0.020339,84492000,84492000,https://find-and-update.company-information.service.gov.uk/search/companies?q=W+Resources+PLC,https://find-and-update.company-information.service.gov.uk/search/companies?q=W+Resources+PLC,1620599921,18:38:41,20210509
15,2004-12-31,WRES.L,GBP,2004-12-31,2004-12-31,FY,0.0,24053.552248,-24053.552248,0.0,0.0,844704.158355,0.0,0.0,873002.455117,897056.007365,8489.489029,28298.296762,-868757.710603,0.0,-897056.007365,0.0,0.0,-887151.603499,0.0,0.0,-844704.158355,0.0,-0.032968,-0.032968,26929102,26929102,https://find-and-update.company-information.service.gov.uk/search/companies?q=W+Resources+PLC,https://find-and-update.company-information.service.gov.uk/search/companies?q=W+Resources+PLC,1620599921,18:38:41,20210509
16,2003-12-31,WRES.L,GBP,2003-12-31,2003-12-31,FY,0.0,0.0,0.0,0.0,0.0,0.0,0.0,-1417.910714,0.0,0.0,0.0,0.0,1417.910714,0.0,0.0,0.0,0.0,1417.910714,0.0,0.0,1417.910714,0.0,1.7e-05,1.7e-05,83882000,83882000,https://find-and-update.company-information.service.gov.uk/search/companies?q=W+Resources+PLC,https://find-and-update.company-information.service.gov.uk/search/companies?q=W+Resources+PLC,1620599921,18:38:41,20210509
