,date,symbol,reportedCurrency,fillingDate,acceptedDate,period,revenue,costOfRevenue,grossProfit,grossProfitRatio,researchAndDevelopmentExpenses,generalAndAdministrativeExpenses,sellingAndMarketingExpenses,otherExpenses,operatingExpenses,costAndExpenses,interestExpense,depreciationAndAmortization,ebitda,ebitdaratio,operatingIncome,operatingIncomeRatio,totalOtherIncomeExpensesNet,incomeBeforeTax,incomeBeforeTaxRatio,incomeTaxExpense,netIncome,netIncomeRatio,eps,epsdiluted,weightedAverageShsOut,weightedAverageShsOutDil,link,finalLink,timestamp,est_time,est_date
0,2020-12-31,KVHI,USD,2021-03-03,2021-03-03 16:17:18,FY,158733000,101125000.0,57608000.0,0.36292390366212446,15799000.0,24445000.0,29811000.0,193000.0,70055000.0,171180000,18000.0,11663000.0,-784000.0,-0.00493911158990254,-12447000.0,-0.07841469637693485,-10297000.0,-21766000.0,-0.1371233454921157,174000.0,-21940000.0,-0.13821952587048691,-1.24,-1.24,17669000.0,17669000.0,https://www.sec.gov/Archives/edgar/data/1007587/000100758721000004/0001007587-21-000004-index.htm,https://www.sec.gov/Archives/edgar/data/1007587/000100758721000004/kvhi-20201231.htm,1620594279,17:04:39,20210509
1,2019-12-31,KVHI,USD,2020-02-28 00:00:00,2020-02-28 16:12:25,FY,157893000,104143000.0,53750000.0,0.3404204112911909,15926000.0,25486000.0,33434000.0,101000.0,74846000.0,178989000,1020000.0,11487000.0,-9609000.0,-0.06085766943436378,-21096000.0,-0.13360946970416673,101000.0,-20012000.0,-0.12674406085133602,-4003000.0,33255000.0,0.2106173167904847,1.9,1.9,17459000.0,17459000.0,https://www.sec.gov/Archives/edgar/data/1007587/000100758720000004/0001007587-20-000004-index.html,https://www.sec.gov/Archives/edgar/data/1007587/000100758720000004/kvhi1231201910-k.htm,1620594279,17:04:39,20210509
2,2018-12-31,KVHI,USD,2019-03-01 00:00:00,2019-03-01 15:10:38,FY,170761000,100100000.0,70661000.0,0.4138005750727625,14951000.0,27964000.0,34910000.0,655000.0,77825000.0,177925000,1793000.0,12857000.0,5693000.0,0.03333899426684079,-7164000.0,-0.041953373428358934,655000.0,-7667000.0,-0.04489901089827302,565000.0,-8232000.0,-0.04820772893107911,-0.48,-0.48,17072000.0,17072000.0,https://www.sec.gov/Archives/edgar/data/1007587/000100758719000007/0001007587-19-000007-index.html,https://www.sec.gov/Archives/edgar/data/1007587/000100758719000007/kvhi1231201810-k.htm,1620594279,17:04:39,20210509
3,2017-12-31,KVHI,USD,2018-03-02 00:00:00,2018-03-02 15:13:57,FY,160088000,90166000.0,69922000.0,0.4367722752486133,15858000.0,28932000.0,33896000.0,-366000.0,78686000.0,168852000,1467000.0,11037000.0,2273000.0,0.014198440857528359,-8764000.0,-0.05474489031032932,-366000.0,-9938000.0,-0.06207835690370296,1096000.0,-11034000.0,-0.06892459147468892,-0.67,-0.67,16419000.0,16419000.0,https://www.sec.gov/Archives/edgar/data/1007587/000100758718000006/0001007587-18-000006-index.html,https://www.sec.gov/Archives/edgar/data/1007587/000100758718000006/kvhi1231201710-k.htm,1620594279,17:04:39,20210509
4,2016-12-31,KVHI,USD,2017-03-09 00:00:00,2017-03-09 17:21:06,FY,176122000,99300000.0,76822000.0,0.43618627996502424,16030000.0,28172000.0,33942000.0,275000.0,78144000.0,177444000,1436000.0,12564000.0,11242000.0,0.06383075368210672,-1322000.0,-0.007506160502379033,275000.0,-1970000.0,-0.011185428282667696,5547000.0,-7517000.0,-0.0426806418278239,-0.47,-0.47,15834000.0,15834000.0,https://www.sec.gov/Archives/edgar/data/1007587/000100758717000006/0001007587-17-000006-index.html,https://www.sec.gov/Archives/edgar/data/1007587/000100758717000006/kvhi1231201610-k.htm,1620594279,17:04:39,20210509
5,2015-12-31,KVHI,USD,2016-03-14 00:00:00,2016-03-14 14:53:54,FY,184634000,102220000.0,82414000.0,0.4463641582807067,14039000.0,29453000.0,35714000.0,372000.0,79206000.0,181426000,1460000.0,12719000.0,15927000.0,0.08626255185935418,3208000.0,0.017374914696101477,372000.0,2666000.0,0.014439377362782587,413000.0,2253000.0,0.012202519579275756,0.144192,0.1422887457370216,15625000.0,15834000.0,https://www.sec.gov/Archives/edgar/data/1007587/000100758716000027/0001007587-16-000027-index.html,https://www.sec.gov/Archives/edgar/data/1007587/000100758716000027/kvhi1231201510-k.htm,1620594279,17:04:39,20210509
6,2014-12-31,KVHI,USD,2015-03-17,2015-03-16 21:53:24,FY,172591000,99144000.0,73447000.0,0.4255552143506904,14101000.0,24448000.0,32976000.0,-39000.0,71525000.0,170669000,1296000.0,9987000.0,11909000.0,0.06900128048391863,1922000.0,0.011136154260650902,-39000.0,1325000.0,0.007677109466889931,1284000.0,41000.0,0.00023755584010753746,0.002659,0.002627,15420000.0,15605000.0,https://www.sec.gov/Archives/edgar/data/1007587/000100758715000002/kvhi1231201410-k.htm,https://www.sec.gov/Archives/edgar/data/1007587/000100758715000002/kvhi1231201410-k.htm,1620594279,17:04:39,20210509
7,2013-12-31,KVHI,USD,2014-03-17,2014-03-17 15:44:06,FY,162288000,96576000.0,65712000.0,0.4049097900029577,12987000.0,17764000.0,28792000.0,494000.0,59543000.0,156119000,637000.0,5994000.0,12163000.0,0.07494700778862269,6169000.0,0.0380126688356502,494000.0,6683000.0,0.04117987774820073,2150000.0,4533000.0,0.027931824903874594,0.2993264659270998,0.29548269343589073,15144000.0,15341000.0,https://www.sec.gov/Archives/edgar/data/1007587/000100758714000005/0001007587-14-000005-index.htm,https://www.sec.gov/Archives/edgar/data/1007587/000100758714000005/kvhi1231201310-k.htm,1620594279,17:04:39,20210509
8,2012-12-31,KVHI,USD,2013-04-02 00:00:00,2013-04-02 10:46:23,FY,137112210,82137454.0,54974756.0,0.4009471950018164,12147998.0,12187794.0,24069079.0,86247.0,48404871.0,130542325,323431.0,4609654.0,11179539.0,0.08153569255429549,6569885.0,0.04791611921359885,86247.0,6843172.0,0.04990928233160271,3262557.0,3580615.0,0.026114486813391746,0.2423100087974555,0.23840568613090085,14777000.0,15019000.0,https://www.sec.gov/Archives/edgar/data/1007587/000100758713000015/0001007587-13-000015-index.html,https://www.sec.gov/Archives/edgar/data/1007587/000100758713000015/kvhi1231201210-k.htm,1620594279,17:04:39,20210509
9,2011-12-31,KVHI,USD,2012-03-08 00:00:00,2012-03-08 16:52:03,FY,112535864,67568400.0,44967464.0,0.39958340747266136,11548247.0,10555026.0,23472521.0,0.0,45575794.0,113144194,223061.0,4374169.0,3765839.0,0.033463456591935885,-608330.0,-0.005405654503172428,909619.0,375181.0,0.003333879411100447,-484468.0,859649.0,0.007638889234457737,0.058210251895991334,0.057036159766454354,14768000.0,15072000.0,https://www.sec.gov/Archives/edgar/data/1007587/000119312512104008/0001193125-12-104008-index.html,https://www.sec.gov/Archives/edgar/data/1007587/000119312512104008/d262016d10k.htm,1620594279,17:04:39,20210509
10,2010-12-31,KVHI,USD,2011-03-14,2011-03-14 17:11:09,FY,112242794,67433949.0,44808845.0,0.3992135566404379,10714889.0,28553870.0,0.0,0.0,39268759.0,106702708,204076.0,3845016.0,9385102.0,0.0836142942058267,5540086.0,0.04935805500351319,23448.0,5660810.0,0.05043361625513349,-2612402.0,8273212.0,0.07370817943110004,0.57,0.56,14420000.0,14850000.0,https://www.sec.gov/Archives/edgar/data/1007587/000119312511065961/0001193125-11-065961-index.htm,https://www.sec.gov/Archives/edgar/data/1007587/000119312511065961/d10k.htm,1620594279,17:04:39,20210509
11,2009-12-31,KVHI,USD,2010-03-09 00:00:00,2010-03-08 19:44:17,FY,89059849,56749896.0,32309953.0,0.3627892182929706,8805350.0,24148239.0,0.0,0.0,32953589.0,89703485,88485.0,2653578.0,2009942.0,0.022568441588083087,-643636.0,-0.007227005291688738,-19764.0,-393750.0,-0.004421184230842341,-260575.0,-133175.0,-0.0014953427554093427,-0.01,-0.01,13996000.0,13996000.0,https://www.sec.gov/Archives/edgar/data/1007587/000119312510050473/0001193125-10-050473-index.html,https://www.sec.gov/Archives/edgar/data/1007587/000119312510050473/d10k.htm,1620594279,17:04:39,20210509
12,2008-12-31,KVHI,USD,2009-03-13 00:00:00,2009-03-13 15:18:38,FY,82403717,48682424.0,33721293.0,0.40922053309803974,7654610.0,23196479.0,0.0,0.0,30851089.0,79533513,153426.0,2215436.0,5085640.0,0.06171614807133033,2870204.0,0.034831001616104286,-231185.0,3706048.0,0.04497428192468551,647721.0,3058327.0,0.03711394475081749,0.2127883241378437,0.2127304371003949,14372626.0,14376537.0,https://www.sec.gov/Archives/edgar/data/1007587/000119312509053697/0001193125-09-053697-index.html,https://www.sec.gov/Archives/edgar/data/1007587/000119312509053697/d10k.htm,1620594279,17:04:39,20210509
13,2007-12-31,KVHI,USD,2008-03-13,2008-03-13 17:20:01,FY,80915489,48449435.0,32466054.0,0.4012341073536613,9265022.0,22939867.0,0.0,0.0,32204889.0,80654324,155811.0,2139114.0,2400279.0,0.029664023905237723,261165.0,0.003227626789723782,-76928.0,2743114.0,0.03390097537444283,243955.0,2499159.0,0.03088603963080542,0.16700685158987225,0.16679408461267958,14964410.0,14983499.0,https://www.sec.gov/Archives/edgar/data/1007587/000119312508055662/0001193125-08-055662-index.htm,https://www.sec.gov/Archives/edgar/data/1007587/000119312508055662/d10k.htm,1620594279,17:04:39,20210509
14,2006-12-31,KVHI,USD,2007-03-16,2007-03-16 12:34:02,FY,78973425,47168133.0,31805292.0,0.4027341096071242,7719995.0,22228677.0,0.0,0.0,29948672.0,77116805,0.0,2004507.0,3861127.0,0.048891472036321076,1856620.0,0.023509427380159844,-25967.0,4024235.0,0.050956825033231117,349719.0,3674516.0,0.04652851259775045,0.25,0.246363,14786898.0,14915027.0,https://www.sec.gov/Archives/edgar/data/1007587/000119312507056745/0001193125-07-056745-index.htm,https://www.sec.gov/Archives/edgar/data/1007587/000119312507056745/d10k.htm,1620594279,17:04:39,20210509
15,2005-12-31,KVHI,USD,2006-03-16,2006-03-16 15:14:48,FY,71258000,41587000.0,29671000.0,0.4163883353448034,7692000.0,19690000.0,0.0,0.0,27382000.0,68969000,0.0,1958000.0,4247000.0,0.05960032557747902,2289000.0,0.03212270902916164,-338000.0,3220000.0,0.04518790872603778,289000.0,2931000.0,0.041132223750315756,0.2,0.199587,14571207.0,14685321.0,https://www.sec.gov/Archives/edgar/data/1007587/000119312506056559/0001193125-06-056559-index.htm,https://www.sec.gov/Archives/edgar/data/1007587/000119312506056559/d10k.htm,1620594279,17:04:39,20210509
16,2004-12-31,KVHI,USD,2005-03-16 00:00:00,2005-03-16 12:13:10,FY,62302541,39933088.0,22369453.0,0.35904559655119045,6336781.0,21073221.0,0.0,0.0,27410002.0,67343090,0.0,2042950.0,-2997599.0,-0.04811359138626465,-5040549.0,-0.08090438879531414,-2323674.0,-6892997.0,-0.11063749390253601,-745667.0,-6147330.0,-0.09866900934265266,-0.44,-0.44,14109039.0,14109039.0,https://www.sec.gov/Archives/edgar/data/1007587/000119312505052287/0001193125-05-052287-index.html,https://www.sec.gov/Archives/edgar/data/1007587/000119312505052287/d10k.htm,1620594279,17:04:39,20210509
17,2003-12-31,KVHI,USD,2004-03-15 00:00:00,2004-03-15 13:55:39,FY,56672605,33795341.0,22877264.0,0.4036741208560997,8578628.0,15797532.0,0.0,0.0,24376160.0,58171501,165459.0,1723748.0,224852.0,0.003967560693566142,-1498896.0,-0.026448334252501714,-78044.0,-1742399.0,-0.030744995752356893,-271945.0,-1470454.0,-0.025946469197948463,-0.1289503403325611,-0.12413145362352779,11403258.0,11845942.0,https://www.sec.gov/Archives/edgar/data/1007587/000095013504001290/0000950135-04-001290-index.html,https://www.sec.gov/Archives/edgar/data/1007587/000095013504001290/b49003kie10vk.htm,1620594279,17:04:39,20210509
18,2002-12-31,KVHI,USD,2003-03-26 00:00:00,2003-03-26 14:31:46,FY,47694483,26504831.0,21189652.0,0.4442788907052415,8854946.0,13544611.0,0.0,0.0,22399557.0,48904388,219707.0,1623211.0,413306.0,0.008665698294706328,-1209905.0,-0.02536781874750587,-61941.0,-1390542.0,-0.02915519600034243,86100.0,-1476642.0,-0.030960436241650843,-0.13,-0.13,11039676.0,11039676.0,https://www.sec.gov/Archives/edgar/data/1007587/000100758703000008/0001007587-03-000008-index.html,https://www.sec.gov/Archives/edgar/data/1007587/000100758703000008/tenk02.htm,1620594279,17:04:39,20210509
19,2001-12-31,KVHI,USD,2001-12-31,2001-12-31,FY,32707123,20255238.0,12451885.0,0.3807086609237994,7885374.0,0.0,0.0,0.0,0.0,39066700,224039.0,1366392.0,-4993185.0,-0.1526635344845219,-6359577.0,-0.1944401224161477,-41989.0,-6261393.0,-0.19143820751216792,0.0,-6261393.0,-0.19143820751216792,-0.61,-0.61,10217305.0,10217305.0,,,1620594279,17:04:39,20210509
20,2000-12-31,KVHI,USD,2000-12-31,2000-12-31,FY,29953727,17430122.0,12523605.0,0.4180983888916394,3902154.0,0.0,0.0,0.0,0.0,31065244,246493.0,1190316.0,78799.0,0.0026306909988196127,-1111517.0,-0.0371078029789081,-196803.0,-1500757.0,-0.05010251311965286,-559637.0,-941120.0,-0.03141912857788949,-0.12,-0.12,7628166.0,7628166.0,,,1620594279,17:04:39,20210509
21,1999-12-31,KVHI,USD,1999-12-31,1999-12-31,FY,22822429,13972052.0,8850377.0,0.38779294701716455,4199370.0,0.0,0.0,0.0,0.0,26816719,0.0,1062198.0,-2932092.0,-0.12847414269532836,-3994290.0,-0.1750159897528874,83449.0,-3951077.0,-0.17312254536973257,-1253822.0,-2697255.0,-0.1181843965863581,-0.37,-0.37,7234961.0,7234961.0,,,1620594279,17:04:39,20210509
22,1998-12-31,KVHI,USD,1998-12-31,1998-12-31,FY,20600000,13300000.0,7300000.0,0.35436893203883496,4000000.0,0.0,0.0,0.0,0.0,24800000,0.0,800000.0,-3400000.0,-0.1650485436893204,-4200000.0,-0.20388349514563106,300000.0,-3900000.0,-0.18932038834951456,-1600000.0,-2300000.0,-0.11165048543689321,-0.32,-0.32,7124023.0,7124023.0,,,1620594279,17:04:39,20210509
23,1997-12-31,KVHI,USD,1997-12-31,1997-12-31,FY,25600000,13300000.0,12300000.0,0.48046875,3200000.0,0.0,0.0,0.0,0.0,22900000,0.0,800000.0,3500000.0,0.13671875,2700000.0,0.10546875,600000.0,3200000.0,0.125,1000000.0,2200000.0,0.0859375,0.31,0.3,7049125.0,7497695.0,,,1620594279,17:04:39,20210509
24,1996-12-31,KVHI,USD,1996-12-31,1996-12-31,FY,25700000,14300000.0,11400000.0,0.44357976653696496,2400000.0,0.0,0.0,0.0,0.0,21600000,0.0,300000.0,4400000.0,0.17120622568093385,4100000.0,0.15953307392996108,200000.0,4200000.0,0.16342412451361868,1700000.0,2500000.0,0.09727626459143969,0.35,0.35,7055309.0,7368421.0,,,1620594279,17:04:39,20210509
25,1995-12-31,KVHI,USD,1995-12-31,1995-12-31,FY,14200000,8300000.0,5900000.0,0.4154929577464789,0.0,0.0,0.0,0.0,0.0,13200000,0.0,100000.0,1100000.0,0.07746478873239436,1000000.0,0.07042253521126761,0.0,800000.0,0.056338028169014086,-400000.0,1200000.0,0.08450704225352113,0.21,0.21,5714286.0,5714286.0,,,1620594279,17:04:39,20210509
