,date,symbol,reportedCurrency,fillingDate,acceptedDate,period,revenue,costOfRevenue,grossProfit,grossProfitRatio,researchAndDevelopmentExpenses,generalAndAdministrativeExpenses,sellingAndMarketingExpenses,otherExpenses,operatingExpenses,costAndExpenses,interestExpense,depreciationAndAmortization,ebitda,ebitdaratio,operatingIncome,operatingIncomeRatio,totalOtherIncomeExpensesNet,incomeBeforeTax,incomeBeforeTaxRatio,incomeTaxExpense,netIncome,netIncomeRatio,eps,epsdiluted,weightedAverageShsOut,weightedAverageShsOutDil,link,finalLink,timestamp,est_time,est_date
0,2020-12-31,GLG.TO,CAD,2020-12-31,2020-12-31,FY,15290204.0,11721883.0,3568321.0,0.233373014513083,0.0,4357352.0,0.0,-288522.0,0.0,17458178.0,16746421.0,1378943.0,-789031.0,-0.051603693449740765,-2167974.0,1.8367340291862686,46869113.0,28084038.0,1.8367340291862686,0.0,16526713.0,1.0808693592315708,0.43,0.43,38394223.0,38394223.0,https://www.sedar.com/ModifyCompanyDocumentSearchForm.do?lang=EN&company_search=Glg Life Tech Corp&document_selection=0&industry_group=A&FromDate=13&FromMonth=05&FromYear=2000&ToDate=13&ToMonth=11&ToYear=2020&Variable=Issuer,https://www.sedar.com/ModifyCompanyDocumentSearchForm.do?lang=EN&company_search=Glg Life Tech Corp&document_selection=0&industry_group=A&FromDate=13&FromMonth=05&FromYear=2000&ToDate=13&ToMonth=11&ToYear=2020&Variable=Issuer,1620592598,16:36:38,20210509
1,2019-12-31,GLG.TO,CAD,2019-12-31,2019-12-31,FY,10150298.0,8593390.0,1556908.0,0.153385447402628,0.0,6964070.0,0.0,-932411.0,8895418.0,17488808.0,17868362.0,1931348.0,-5407162.0,-0.5327096800507729,-7338510.0,-0.7229846847846241,188420.0,-25016776.0,-2.464634634372311,0.0,-19291486.0,-1.9005832144041486,-0.5,-0.5,38394223.0,38394223.0,https://www.sedar.com/ModifyCompanyDocumentSearchForm.do?lang=EN&company_search=Glg Life Tech Corp&document_selection=0&industry_group=A&FromDate=13&FromMonth=05&FromYear=2000&ToDate=13&ToMonth=11&ToYear=2020&Variable=Issuer,https://www.sedar.com/ModifyCompanyDocumentSearchForm.do?lang=EN&company_search=Glg Life Tech Corp&document_selection=0&industry_group=A&FromDate=13&FromMonth=05&FromYear=2000&ToDate=13&ToMonth=11&ToYear=2020&Variable=Issuer,1620592598,16:36:38,20210509
2,2018-12-31,GLG.TO,CAD,2018-12-31,2018-12-31,FY,16582604.0,14650020.0,1932584.0,0.11654285418623034,0.0,8002051.0,0.0,-641320.0,9468147.0,24118167.0,13054065.0,1466096.0,-6069467.0,-0.3660141073139056,-7535563.0,-0.45442579464600374,-5896437.0,-26462751.0,-1.5958139626321657,0.0,-21584328.0,-1.3016247629141962,-0.57,-0.57,38182991.0,38182991.0,https://www.sedar.com/ModifyCompanyDocumentSearchForm.do?lang=EN&company_search=Glg Life Tech Corp&document_selection=0&industry_group=A&FromDate=13&FromMonth=05&FromYear=2000&ToDate=13&ToMonth=11&ToYear=2020&Variable=Issuer,https://www.sedar.com/ModifyCompanyDocumentSearchForm.do?lang=EN&company_search=Glg Life Tech Corp&document_selection=0&industry_group=A&FromDate=13&FromMonth=05&FromYear=2000&ToDate=13&ToMonth=11&ToYear=2020&Variable=Issuer,1620592598,16:36:38,20210509
3,2017-12-31,GLG.TO,CAD,2017-12-31,2017-12-31,FY,19388448.0,18483258.0,905190.0,0.04668707882136827,0.0,6860824.0,0.0,1291043.0,8401358.0,26884616.0,10252804.0,1540534.0,-5955634.0,-0.307174354543489,-7496168.0,-0.3866306369648566,162762.0,-17566703.0,-0.9060396685696555,0.0,-16833490.0,-0.8682226653727003,-0.44,-0.443917,37920336.0,37920336.0,https://www.sedar.com/ModifyCompanyDocumentSearchForm.do?lang=EN&company_search=Glg Life Tech Corp&document_selection=0&industry_group=A&FromDate=13&FromMonth=05&FromYear=2000&ToDate=13&ToMonth=11&ToYear=2020&Variable=Issuer,https://www.sedar.com/ModifyCompanyDocumentSearchForm.do?lang=EN&company_search=Glg Life Tech Corp&document_selection=0&industry_group=A&FromDate=13&FromMonth=05&FromYear=2000&ToDate=13&ToMonth=11&ToYear=2020&Variable=Issuer,1620592598,16:36:38,20210509
4,2016-12-31,GLG.TO,CAD,2016-12-31,2016-12-31,FY,18952906.0,19342379.0,-389473.0,-0.020549513620760847,0.0,9581930.0,0.0,690146.0,11758501.0,31100880.0,11259171.0,2176571.0,-9971403.0,-0.5261147287914582,-12147974.0,-0.6409557457837864,-412561.0,-23805390.0,-1.2560284950497829,0.0,-23805390.0,-1.2560284950497829,-0.63,-0.63,37890336.0,37890336.0,https://www.sedar.com/ModifyCompanyDocumentSearchForm.do?lang=EN&company_search=Glg Life Tech Corp&document_selection=0&industry_group=A&FromDate=13&FromMonth=05&FromYear=2000&ToDate=13&ToMonth=11&ToYear=2020&Variable=Issuer,https://www.sedar.com/ModifyCompanyDocumentSearchForm.do?lang=EN&company_search=Glg Life Tech Corp&document_selection=0&industry_group=A&FromDate=13&FromMonth=05&FromYear=2000&ToDate=13&ToMonth=11&ToYear=2020&Variable=Issuer,1620592598,16:36:38,20210509
5,2015-12-31,GLG.TO,CAD,2015-12-31,2015-12-31,FY,30365180.0,28806464.0,1558716.0,0.0513323484333042,0.0,9981314.0,0.0,0.0,12402226.0,41208690.0,10905321.0,1709189.0,-9134321.0,-0.30081563817504126,-10843510.0,-0.35710343228658614,-3994957.0,-25709100.0,-0.8466638432573098,0.0,-25709100.0,-0.8466638432573098,-0.68,-0.68,37871909.0,37871909.0,https://www.sedar.com/ModifyCompanyDocumentSearchForm.do?lang=EN&company_search=Glg Life Tech Corp&document_selection=0&industry_group=A&FromDate=13&FromMonth=05&FromYear=2000&ToDate=13&ToMonth=11&ToYear=2020&Variable=Issuer,https://www.sedar.com/ModifyCompanyDocumentSearchForm.do?lang=EN&company_search=Glg Life Tech Corp&document_selection=0&industry_group=A&FromDate=13&FromMonth=05&FromYear=2000&ToDate=13&ToMonth=11&ToYear=2020&Variable=Issuer,1620592598,16:36:38,20210509
6,2014-12-31,GLG.TO,CAD,2014-12-31,2014-12-31,FY,19981837.0,22027464.0,-2045627.0,-0.10237432123983395,0.0,14226766.0,0.0,0.0,15817839.0,37845303.0,7876052.0,1024873.0,-16838593.0,-0.8426949434128604,-17863466.0,-0.893985172634528,-6907128.0,-32618951.0,-1.6324300413420447,-52196.0,-32566755.0,-1.6298178690978211,-0.95,-0.95,34197351.0,34197351.0,https://www.sedar.com/ModifyCompanyDocumentSearchForm.do?lang=EN&company_search=Glg Life Tech Corp&document_selection=0&industry_group=A&FromDate=13&FromMonth=05&FromYear=2000&ToDate=13&ToMonth=11&ToYear=2020&Variable=Issuer,https://www.sedar.com/ModifyCompanyDocumentSearchForm.do?lang=EN&company_search=Glg Life Tech Corp&document_selection=0&industry_group=A&FromDate=13&FromMonth=05&FromYear=2000&ToDate=13&ToMonth=11&ToYear=2020&Variable=Issuer,1620592598,16:36:38,20210509
7,2013-12-31,GLG.TO,CAD,2013-12-31,2013-12-31,FY,16021553.0,17723790.0,-1702237.0,-0.10624669156604231,0.0,12059545.0,0.0,0.0,12780422.0,30504212.0,7199128.0,720877.0,-13761782.0,-0.8589543098599742,-14482659.0,-0.903948512357073,-8095616.0,-29759508.0,-1.8574671256900002,48611.0,-26430227.0,-1.6496669829697532,-0.79,-0.79,33362804.0,33362804.0,https://www.sedar.com/ModifyCompanyDocumentSearchForm.do?lang=EN&company_search=Glg Life Tech Corp&document_selection=0&industry_group=A&FromDate=13&FromMonth=05&FromYear=2000&ToDate=13&ToMonth=11&ToYear=2020&Variable=Issuer,https://www.sedar.com/ModifyCompanyDocumentSearchForm.do?lang=EN&company_search=Glg Life Tech Corp&document_selection=0&industry_group=A&FromDate=13&FromMonth=05&FromYear=2000&ToDate=13&ToMonth=11&ToYear=2020&Variable=Issuer,1620592598,16:36:38,20210509
8,2012-12-31,GLG.TO,CAD,2012-12-31,2012-12-31,FY,21708711.0,26958307.0,-5249596.0,-0.2418197929854057,0.0,12138998.0,0.0,0.0,12138998.0,39097305.0,6916571.0,1909931.0,-15478663.0,-0.7130162173147913,-17388594.0,-0.8009961531110714,-10436497.0,-34737744.0,-1.6001753397518628,82666.0,-34027524.0,-1.5674594405904616,-1.03,-1.03,32915634.0,32915634.0,https://www.sedar.com/ModifyCompanyDocumentSearchForm.do?lang=EN&company_search=Glg Life Tech Corp&document_selection=0&industry_group=A&FromDate=13&FromMonth=05&FromYear=2000&ToDate=13&ToMonth=11&ToYear=2020&Variable=Issuer,https://www.sedar.com/ModifyCompanyDocumentSearchForm.do?lang=EN&company_search=Glg Life Tech Corp&document_selection=0&industry_group=A&FromDate=13&FromMonth=05&FromYear=2000&ToDate=13&ToMonth=11&ToYear=2020&Variable=Issuer,1620592598,16:36:38,20210509
9,2011-12-31,GLG.TO,CAD,2011-12-31,2011-12-31,FY,24840189.0,26421812.0,-1581623.0,-0.06367193905006117,0.0,45451135.0,0.0,0.0,45451135.0,71872947.0,5721191.0,10503420.0,-36529338.0,-1.4705740765499007,-47032758.0,-1.893413854459803,-42146538.0,-94716993.0,-3.813054441735528,440460.0,-90514304.0,-3.6438653506219296,-2.82,-2.82,32045917.0,32045917.0,https://www.sedar.com/ModifyCompanyDocumentSearchForm.do?lang=EN&company_search=Glg Life Tech Corp&document_selection=0&industry_group=A&FromDate=13&FromMonth=05&FromYear=2000&ToDate=13&ToMonth=11&ToYear=2020&Variable=Issuer,https://www.sedar.com/ModifyCompanyDocumentSearchForm.do?lang=EN&company_search=Glg Life Tech Corp&document_selection=0&industry_group=A&FromDate=13&FromMonth=05&FromYear=2000&ToDate=13&ToMonth=11&ToYear=2020&Variable=Issuer,1620592598,16:36:38,20210509
10,2010-12-31,GLG.TO,CAD,2010-12-31,2010-12-31,FY,58927129.0,41365355.0,17561774.0,0.29802527796662215,0.0,14736681.0,0.0,0.0,14736681.0,56102036.0,4501106.0,10033744.0,12858837.0,0.21821590866916324,2825093.0,0.047942145628713725,-860169.0,-2365970.0,-0.04015077673307315,586968.0,-2934082.0,-0.049791701204380756,-0.11,-0.11,26618546.0,26618546.0,https://www.sedar.com/ModifyCompanyDocumentSearchForm.do?lang=EN&company_search=Glg Life Tech Corp&document_selection=0&industry_group=A&FromDate=13&FromMonth=05&FromYear=2000&ToDate=13&ToMonth=11&ToYear=2020&Variable=Issuer,https://www.sedar.com/ModifyCompanyDocumentSearchForm.do?lang=EN&company_search=Glg Life Tech Corp&document_selection=0&industry_group=A&FromDate=13&FromMonth=05&FromYear=2000&ToDate=13&ToMonth=11&ToYear=2020&Variable=Issuer,1620592598,16:36:38,20210509
11,2009-12-31,GLG.TO,CAD,2009-12-31,2009-12-31,FY,41883584.0,29789808.0,12093776.0,0.28874740041348895,0.0,11719517.0,0.0,0.0,11719517.0,41509325.0,2695178.0,6385355.0,6759614.0,0.1613905342962054,374259.0,0.008935696620422932,2591154.0,370792.0,0.008852919559128465,-243259.0,758019.0,0.018098236292290553,0.03719429740334865,0.035332582200730274,20379979.0,21453824.0,https://www.sedar.com/ModifyCompanyDocumentSearchForm.do?lang=EN&company_search=Glg Life Tech Corp&document_selection=0&industry_group=A&FromDate=13&FromMonth=05&FromYear=2000&ToDate=13&ToMonth=11&ToYear=2020&Variable=Issuer,https://www.sedar.com/ModifyCompanyDocumentSearchForm.do?lang=EN&company_search=Glg Life Tech Corp&document_selection=0&industry_group=A&FromDate=13&FromMonth=05&FromYear=2000&ToDate=13&ToMonth=11&ToYear=2020&Variable=Issuer,1620592598,16:36:38,20210509
12,2008-12-31,GLG.TO,CAD,2008-12-31,2008-12-31,FY,9891318.0,7560490.0,2330828.0,0.23564382421028218,0.0,7217189.0,0.0,0.0,7217189.0,14777679.0,2009638.0,2539869.0,-2346492.0,-0.23722743521136413,-4886361.0,-0.49400504563699194,-6027582.0,-12102816.0,-1.2235797089932807,-1428000.0,-10606542.0,-1.0723082606382688,-0.5913844055340404,-0.3944613699948205,17935106.0,26888671.0,https://www.sedar.com/ModifyCompanyDocumentSearchForm.do?lang=EN&company_search=Glg Life Tech Corp&document_selection=0&industry_group=A&FromDate=13&FromMonth=05&FromYear=2000&ToDate=13&ToMonth=11&ToYear=2020&Variable=Issuer,https://www.sedar.com/ModifyCompanyDocumentSearchForm.do?lang=EN&company_search=Glg Life Tech Corp&document_selection=0&industry_group=A&FromDate=13&FromMonth=05&FromYear=2000&ToDate=13&ToMonth=11&ToYear=2020&Variable=Issuer,1620592598,16:36:38,20210509
13,2007-12-31,GLG.TO,CAD,2007-12-31,2007-12-31,FY,9157050.0,6499954.0,2657096.0,0.29016943229533526,0.0,1607129.0,0.0,0.0,1607129.0,8107083.0,0.0,497728.0,1547695.0,0.16901676850077263,1049967.0,0.11466214555997838,-54488.0,631576.0,0.06897155743388973,0.0,631576.0,0.06897155743388973,0.0496,0.0368,12747245.0,17162391.0,https://www.sedar.com/ModifyCompanyDocumentSearchForm.do?lang=EN&company_search=Glg Life Tech Corp&document_selection=0&industry_group=A&FromDate=13&FromMonth=05&FromYear=2000&ToDate=13&ToMonth=11&ToYear=2020&Variable=Issuer,https://www.sedar.com/ModifyCompanyDocumentSearchForm.do?lang=EN&company_search=Glg Life Tech Corp&document_selection=0&industry_group=A&FromDate=13&FromMonth=05&FromYear=2000&ToDate=13&ToMonth=11&ToYear=2020&Variable=Issuer,1620592598,16:36:38,20210509
14,2006-12-31,GLG.TO,CAD,2006-12-31,2006-12-31,FY,1410677.0,549654.0,861023.0,0.6103615498090633,0.0,690259.0,0.0,0.0,720821.0,1270475.0,0.0,10562.0,150764.0,0.10687350825171177,140202.0,0.09938632302079073,-65978.0,209077.0,0.14821039826976692,0.0,209077.0,0.14821039826976692,0.04,0.04,8123466.0,8123466.0,https://www.sedar.com/ModifyCompanyDocumentSearchForm.do?lang=EN&company_search=Glg Life Tech Corp&document_selection=0&industry_group=A&FromDate=13&FromMonth=05&FromYear=2000&ToDate=13&ToMonth=11&ToYear=2020&Variable=Issuer,https://www.sedar.com/ModifyCompanyDocumentSearchForm.do?lang=EN&company_search=Glg Life Tech Corp&document_selection=0&industry_group=A&FromDate=13&FromMonth=05&FromYear=2000&ToDate=13&ToMonth=11&ToYear=2020&Variable=Issuer,1620592598,16:36:38,20210509
