,date,symbol,reportedCurrency,fillingDate,acceptedDate,period,revenue,costOfRevenue,grossProfit,grossProfitRatio,researchAndDevelopmentExpenses,generalAndAdministrativeExpenses,sellingAndMarketingExpenses,otherExpenses,operatingExpenses,costAndExpenses,interestExpense,depreciationAndAmortization,ebitda,ebitdaratio,operatingIncome,operatingIncomeRatio,totalOtherIncomeExpensesNet,incomeBeforeTax,incomeBeforeTaxRatio,incomeTaxExpense,netIncome,netIncomeRatio,eps,epsdiluted,weightedAverageShsOut,weightedAverageShsOutDil,link,finalLink,timestamp,est_time,est_date
0,2020-12-31,MAGS,USD,2020-12-31,2020-12-31,FY,81464000,47027000,34437000,0.42272660316213295,5658000.0,9713000.0,13883000.0,0.0,0.0,76281000.0,310000.0,1956000.0,7139000.0,0.08763380143376215,5183000.0,0.04545566139644506,-1328000.0,3703000.0,0.04545566139644506,3001000.0,360000.0,0.0044191299224197195,0.015554290089238419,0.015554290089238419,23144740.0,23144740.0,,,1620594722,17:12:02,20210509
1,2019-12-31,MAGS,USD,2020-04-23,2020-04-23,FY,86831000,48070000,38761000,0.44639587244186985,6373000.0,9447000.0,16902000.0,0.0,32722000.0,80792000.0,-1667000.0,2100000.0,8139000.0,0.09373380474715251,6039000.0,0.06954889382824106,0.0,4372000.0,0.05035068120832421,1553000.0,2293000.0,0.02640761939860188,0.09907,0.09907,23144740.0,23144740.0,https://www.sec.gov/Archives/edgar/data/896494/000117891320001186/zk2024282.htm,https://www.sec.gov/Archives/edgar/data/896494/000117891320001186/zk2024282.htm,1620594722,17:12:02,20210509
2,2018-12-31,MAGS,USD,2019-04-15,2019-04-15,FY,92602000,52299000,40303000,0.435228180816829,6852000.0,11139000.0,18557000.0,0.0,36547999.99999999,88847000.0,1361000.0,2245000.0,6000000.0,0.06479341698883394,3755000.0,0.04054988013217857,0.0,5116000.0,0.0552471868858124,2072000.0,2949000.0,0.03184596445001188,0.12663,0.12663,23287750.0,23287750.0,https://www.sec.gov/Archives/edgar/data/896494/000117891319001136/zk1922921.htm,https://www.sec.gov/Archives/edgar/data/896494/000117891319001136/zk1922921.htm,1620594722,17:12:02,20210509
3,2017-12-31,MAGS,USD,2018-03-28 00:00:00,2018-03-28 15:12:56,FY,64292000,32967000,31325000,0.4872301374976669,6558000.0,7853000.0,18158000.0,0.0,32569000.0,65536000.0,-3961000.0,1876000.0,632000.0,0.009830149940894668,-1244000.0,-0.019349219187457228,0.0,-5205000.0,-0.08095875069993157,1318000.0,-6914000.0,-0.10754059603061034,-0.30075,-0.30075,22989010.0,22989010.0,https://www.sec.gov/Archives/edgar/data/896494/000117891318000997/0001178913-18-000997-index.html,https://www.sec.gov/Archives/edgar/data/896494/000117891318000997/zk1821415.htm,1620594722,17:12:02,20210509
4,2016-12-31,MAGS,USD,2017-03-29 00:00:00,2017-03-29 14:16:12,FY,67825000,34570000,33255000,0.4903059343899742,6779000.0,7175000.0,17536000.0,0.0,31759999.999999996,66330000.0,-591000.0,1740000.0,3235000.0,0.04769627718392923,1495000.0,0.02204201990416513,0.0,904000.0,0.01332841872465905,-122000.0,1029000.0,0.015171396977515666,0.05707,0.05707,18031430.0,18031430.0,https://www.sec.gov/Archives/edgar/data/896494/000117891317000960/0001178913-17-000960-index.html,https://www.sec.gov/Archives/edgar/data/896494/000117891317000960/zk1719731.htm,1620594722,17:12:02,20210509
5,2015-12-31,MAGS,USD,2016-03-29 00:00:00,2016-03-29 12:41:37,FY,63736000,32722000,31014000,0.48660097903853394,4814000.0,7026000.0,14785000.0,0.0,26625000.0,59347000.0,642000.0,1503000.0,5892000.0,0.0924438308020585,4389000.0,0.06886218149868206,0.0,5031000.0,0.07893498179992468,1923000.0,3141000.0,0.04928141081963098,0.1914,0.1914,16410710.0,16410710.0,https://www.sec.gov/Archives/edgar/data/896494/000117891316004904/0001178913-16-004904-index.html,https://www.sec.gov/Archives/edgar/data/896494/000117891316004904/zk1618268.htm,1620594722,17:12:02,20210509
6,2014-12-31,MAGS,USD,2015-03-26,2015-03-26,FY,77543000,43049000,34494000,0.4448370581483822,4604000.0,8898000.0,17130000.0,0.0,30632000.0,76120000.0,1979000.0,1967000.0,3390000.0,0.04371767922314071,1423000.0,0.01835110841726526,0.0,3402000.0,0.043872432069948286,82000.0,3410000.0,0.043975600634486675,0.20872,0.20872,16338060.0,16338060.0,https://www.sec.gov/Archives/edgar/data/896494/000117891315001043/zk1516472.htm,https://www.sec.gov/Archives/edgar/data/896494/000117891315001043/zk1516472.htm,1620594722,17:12:02,20210509
7,2013-12-31,MAGS,USD,2014-03-27,2014-03-27,FY,51520000,31060000,20460000,0.39712732919254656,4410000.0,7789000.0,12781000.0,0.0,24977000.0,56040000.0,60000.0,1720000.0,-2800000.0,-0.05434782608695652,-4520000.0,-0.08773291925465838,0.0,-4460000.0,-0.08656832298136646,70000.0,-4460000.0,-0.08656832298136646,-0.27633,-0.27633,16140000.0,16140000.0,https://www.sec.gov/Archives/edgar/data/896494/000117891314001107/zk1414647.htm,https://www.sec.gov/Archives/edgar/data/896494/000117891314001107/zk1414647.htm,1620594722,17:12:02,20210509
8,2012-12-31,MAGS,USD,2013-03-21 00:00:00,2013-03-21 11:06:22,FY,77700000,44160000,33530000,0.4315315315315315,4040000.0,7412000.0,16528000.0,0.0,27977000.0,72140000.0,-470000.0,1180000.0,6740000.0,0.08674388674388675,5560000.0,0.07155727155727155,0.0,5090000.0,0.0655083655083655,990000.0,4090000.0,0.05263835263835264,0.25515,0.25515,16030000.0,16030000.0,https://www.sec.gov/Archives/edgar/data/896494/000117891313000845/0001178913-13-000845-index.html,https://www.sec.gov/Archives/edgar/data/896494/000117891313000845/zk1312820.htm,1620594722,17:12:02,20210509
9,2011-12-31,MAGS,USD,2012-04-04,2012-04-04,FY,88590000,49090000,39500000,0.4458742521729315,3900000.0,8685000.0,19415000.0,-2300000.0,29691000.0,78780000.0,760000.0,1220000.0,11030000.0,0.12450615193588441,9810000.0,0.110734845919404,-2300000.0,10570000.0,0.11931369229032622,720000.0,9840000.0,0.1110734845919404,0.77787,0.77787,12650000.0,12650000.0,https://www.sec.gov/Archives/edgar/data/896494/000117891312000990/zk1211226.htm,https://www.sec.gov/Archives/edgar/data/896494/000117891312000990/zk1211226.htm,1620594722,17:12:02,20210509
10,2010-12-31,MAGS,USD,2011-04-11,2011-04-11,FY,49700000,31400000,18300000,0.3682092555331992,4110000.0,7589000.0,11261000.0,0.0,22959000.0,54360000.0,-970000.0,1060000.0,-3600000.0,-0.07243460764587525,-4660000.0,-0.0937625754527163,0.0,-5630000.0,-0.11327967806841047,600000.0,-6210000.0,-0.1249496981891348,-0.59712,-0.59712,10400000.0,10400000.0,https://www.sec.gov/Archives/edgar/data/896494/000117891311001080/zk1109736.htm,https://www.sec.gov/Archives/edgar/data/896494/000117891311001080/zk1109736.htm,1620594722,17:12:02,20210509
11,2009-12-31,MAGS,USD,2010-05-03,2010-05-03,FY,54520000,33400000,21110000,0.3871973587674248,5060000.0,8056000.0,10864000.0,0.0,24052000.0,57380000.00000001,-1570000.0,1200000.0,-1670000.0,-0.030630961115187087,-2870000.0,-0.05264123257520176,0.0,-4430000.0,-0.08125458547322084,860000.0,-1140000.0,-0.02090975788701394,-0.10962,-0.10962,10400000.0,10400000.0,https://www.sec.gov/Archives/edgar/data/896494/000117891310001146/zk1008217.htm,https://www.sec.gov/Archives/edgar/data/896494/000117891310001146/zk1008217.htm,1620594722,17:12:02,20210509
12,2008-12-31,MAGS,USD,2008-12-31,2008-12-31,FY,57110000,37560000,19550000,0.34232183505515673,5560000.0,23200000.0,0.0,0.0,36844000.0,71670000.0,-1310000.0,1190000.0,-13370000.0,-0.2341096130274908,-14560000.0,-0.25494659429171773,0.0,-15870000.0,-0.2778847837506566,3070000.0,-32600000.0,-0.5708282262300823,-3.13462,-3.13462,10400000.0,10400000.0,,,1620594722,17:12:02,20210509
13,2007-12-31,MAGS,USD,2008-06-30,2008-06-30,FY,62700000,38160000,24540000,0.39138755980861245,5310000.0,4200000.0,12930000.0,904000.0,26096000.0,61500000.0,-2060000.0,1210000.0,2410000.0,0.03843700159489633,1200000.0,0.019138755980861243,0.0,-860000.0,-0.013716108452950558,280000.0,1880000.0,0.029984051036682616,0.18094,0.18094,10390000.0,10390000.0,https://www.sec.gov/Archives/edgar/data/896494/000117891308001678/zk85335.htm,https://www.sec.gov/Archives/edgar/data/896494/000117891308001678/zk85335.htm,1620594722,17:12:02,20210509
14,2006-12-31,MAGS,USD,2006-12-31,2006-12-31,FY,63600000,37240000,26360000,0.41446540880503147,5380000.0,17150000.0,0.0,0.0,23990000.0,59759999.99999999,-860000.0,1200000.0,5040000.0,0.07924528301886792,3840000.0,0.06037735849056604,0.0,2970000.0,0.046698113207547166,940000.0,810000.0,0.012735849056603774,0.07759,0.07759,10440000.0,10440000.0,,,1620594722,17:12:02,20210509
15,2005-12-31,MAGS,USD,2005-12-31,2005-12-31,FY,58390000,36660000,21730000,0.3721527658845693,5270000.0,17350000.0,0.0,0.0,24406000.0,59270000.00000001,-810000.0,1250000.0,360000.0,0.006165439287549238,-890000.0,-0.015242336016441172,0.0,-1700000.0,-0.029114574413426957,-30000.0,-3210000.0,-0.05497516698064737,-0.3249,-0.3249,9880000.0,9880000.0,,,1620594722,17:12:02,20210509
16,2004-12-31,MAGS,USD,2004-12-31,2004-12-31,FY,60470000,33230000,27240000,0.45047130808665453,4680000.0,18290000.0,0.0,0.0,24333000.0,57400000.0,-760000.0,1970000.0,5040000.0,0.08334711427153961,3070000.0,0.050768976351910036,0.0,2310000.0,0.03820076070778899,1130000.0,1050000.0,0.017363982139904085,0.12153,0.12153,8640000.0,8640000.0,,,1620594722,17:12:02,20210509
17,2003-12-31,MAGS,USD,2003-12-31,2003-12-31,FY,58660000,32850000,25810000,0.4399931810433004,4770000.0,16730000.0,0.0,0.0,21663000.0,54350000.0,-1000000.0,1380000.0,5680000.0,0.0968291851346744,4300000.0,0.0733037845209683,0.0,3300000.0,0.056256392771905896,910000.0,2400000.0,0.040913740197749744,0.29888,0.29888,8030000.0,8030000.0,,,1620594722,17:12:02,20210509
18,2002-12-31,MAGS,USD,2002-12-31,2002-12-31,FY,42970000,23920000,19040000,0.44309983709564815,3130000.0,13580000.0,0.0,0.0,16708000.0,40630000.0,200000.0,1100000.0,3430000.0,0.07982313241796603,2330000.0,0.054223877123574585,0.0,2530000.0,0.0588782871771003,650000.0,1890000.0,0.04398417500581801,0.22314,0.22314,8470000.0,8470000.0,,,1620594722,17:12:02,20210509
19,2001-12-31,MAGS,USD,2001-12-31,2001-12-31,FY,41020000,21510000,19520000,0.4758654314968308,3050000.0,12880000.0,0.0,0.0,15936000.0,37439999.99999999,40000.0,1360000.0,4940000.0,0.12042905899561189,3580000.0,0.08727450024378353,0.0,3620000.0,0.08824963432471965,450000.0,3170000.0,0.0772793759141882,0.38101,0.38101,8320000.0,8320000.0,,,1620594722,17:12:02,20210509
20,2000-12-31,MAGS,USD,2000-12-31,2000-12-31,FY,38570000,20520000,18050000,0.46798029556650245,2980000.0,11790000.0,0.0,0.0,14765000.0,35290000.0,-210000.0,1380000.0,4660000.0,0.12081928960331864,3280000.0,0.0850401866735805,0.0,3070000.0,0.07959554057557687,180000.0,2890000.0,0.07492870106300234,0.35504,0.35504,8140000.0,8140000.0,,,1620594722,17:12:02,20210509
21,1999-12-31,MAGS,USD,1999-12-31,1999-12-31,FY,31970000,16690000,15270000,0.4776352830778855,2680000.0,9920000.0,0.0,0.0,14030000.0,29289999.999999996,-130000.0,1390000.0,4060000.0,0.12699405692837035,2670000.0,0.08351579605880513,0.0,2550000.0,0.07976227713481389,260000.0,1930000.0,0.060369096027525805,0.23886,0.23886,8080000.0,8080000.0,,,1620594722,17:12:02,20210509
22,1998-12-31,MAGS,USD,1998-12-31,1998-12-31,FY,32110000,16640000,15470000,0.4817813765182186,2260000.0,10390000.0,0.0,0.0,14100000.0,29290000.0,-220000.0,1390000.0,4210000.0,0.1311118031765805,2820000.0,0.08782310806602305,0.0,2600000.0,0.08097165991902834,340000.0,2260000.0,0.07038305823730925,0.28463,0.28463,7940000.0,7940000.0,,,1620594722,17:12:02,20210509
