,date,symbol,reportedCurrency,fillingDate,acceptedDate,period,revenue,costOfRevenue,grossProfit,grossProfitRatio,researchAndDevelopmentExpenses,generalAndAdministrativeExpenses,sellingAndMarketingExpenses,otherExpenses,operatingExpenses,costAndExpenses,interestExpense,depreciationAndAmortization,ebitda,ebitdaratio,operatingIncome,operatingIncomeRatio,totalOtherIncomeExpensesNet,incomeBeforeTax,incomeBeforeTaxRatio,incomeTaxExpense,netIncome,netIncomeRatio,eps,epsdiluted,weightedAverageShsOut,weightedAverageShsOutDil,link,finalLink,timestamp,est_time,est_date
0,2020-12-31,0960.HK,CNY,2020-12-31,2020-12-31,FY,184547296000,130516775000,54030521000,0.2927733007803051,0.0,7294236000,5033937000,375055000.0,0.0,142760962000,831910000,258116000,42044450000,0.22782479565563507,41786334000,0.22642615148368253,0.0,46369743000,0.25126211006635396,17529431000,20002025000,0.10838427564931648,3.41,3.34,5869386000,5981473000,https://www1.hkexnews.hk/search/titlesearch.xhtml,https://www1.hkexnews.hk/search/titlesearch.xhtml,1620585002,14:30:02,20210509
1,2019-12-31,0960.HK,CNY,2019-12-31,2019-12-31,FY,151026432000,100229340000,50797092000,0.33634570669060104,0.0,6520928000,4034477000,312907000.0,0.0,110738415000,653214000,142321000,40430338000,0.26770372221996214,40288017000,0.2667613639975286,0.0,45961214000,0.3043256295692664,19408749000,18336577000,0.12141303185921787,3.13,3.07,5859146000,5978823000,https://www1.hkexnews.hk/search/titlesearch.xhtml,https://www1.hkexnews.hk/search/titlesearch.xhtml,1620585002,14:30:02,20210509
2,2018-12-31,0960.HK,CNY,2018-12-31,2018-12-31,FY,115798460000,76269820000,39528640000,0.34135721666764823,0.0,5396785000,3193177000,404157000.0,0.0,84829953000,74560000,222685000,31191192000,0.269357571767362,30968507000,0.2674345323763373,0.0,37483002000,0.3236917140348844,16592313000,16236870000,0.14021663155105862,2.78,2.73,5843544000,5955585000,https://www1.hkexnews.hk/search/titlesearch.xhtml,https://www1.hkexnews.hk/search/titlesearch.xhtml,1620585002,14:30:02,20210509
3,2017-12-31,0960.HK,CNY,2017-12-31,2017-12-31,FY,72075041000,47639212000,24435829000,0.3390331612853332,0.0,3267424000,1796698000,241173000.0,0.0,52562714000,45275000,28687000,19541014000,0.2711204007501016,19512327000,0.2707223850209117,0.0,26553585000,0.3684158153999524,10075097000,12598597000,0.17479833275433032,2.17,2.13,5805659000,5904321000,https://www1.hkexnews.hk/search/titlesearch.xhtml,https://www1.hkexnews.hk/search/titlesearch.xhtml,1620585002,14:30:02,20210509
4,2016-12-31,0960.HK,CNY,2016-12-31,2016-12-31,FY,54799495000,38864114000,15935381000,0.2907943038526176,0.0,2022328000,1427723000,-39401000.0,0.0,42266339000,53059000,46255000,12579411000,0.22955341103052135,12533156000,0.22870933390900774,0.0,15956310000,0.2911762234305261,6021444000,9152953000,0.1670262289825846,1.57330111656308,1.5675959654363267,5817674000,5838847000,https://www1.hkexnews.hk/search/titlesearch.xhtml,https://www1.hkexnews.hk/search/titlesearch.xhtml,1620585002,14:30:02,20210509
5,2015-12-31,0960.HK,CNY,2015-12-31,2015-12-31,FY,47423099000,34408307000,13014792000,0.27443993063380356,0.0,1435026000,1017951000,74824000.0,0.0,36781178000,43119000,33164000,10675085000,0.22510306633482557,10641921000,0.22440374468146843,0.0,13938187000,0.2939113489820646,4574070000,8988037000,0.1895286725146326,1.54,1.53,5821449000,5862861000,https://www1.hkexnews.hk/search/titlesearch.xhtml,https://www1.hkexnews.hk/search/titlesearch.xhtml,1620585002,14:30:02,20210509
6,2014-12-31,0960.HK,CNY,2014-12-31,2014-12-31,FY,50990678000,37474835000,13515843000,0.265064979132068,0.0,1297848000,1065247000,-190000000.0,0.0,39781513000,22537000,55326000,11264491000,0.22091275193477522,11209165000,0.21982773008038842,0.0,13626622000,0.26723751349217206,4876244000,8353632000,0.16382665082429382,1.53,1.52,5457822000,5481220000,https://www1.hkexnews.hk/search/titlesearch.xhtml,https://www1.hkexnews.hk/search/titlesearch.xhtml,1620585002,14:30:02,20210509
7,2013-12-31,0960.HK,CNY,2013-12-31,2013-12-31,FY,41510167000,29971959000,11538208000,0.27796101133488577,0.0,1084336000,887256000,51091000.0,0.0,31690957000,39434000,39210000,9858420000,0.23749410596204057,9819210000,0.23654951809757835,0.0,13218654000,0.31844376824598175,4582788000,8037222000,0.1936205652942808,1.48,1.46,5437386000,5493321000,https://www1.hkexnews.hk/search/titlesearch.xhtml,https://www1.hkexnews.hk/search/titlesearch.xhtml,1620585002,14:30:02,20210509
8,2012-12-31,0960.HK,CNY,2012-12-31,2012-12-31,FY,27892830000,16709740000,11183090000,0.40093063342801716,0.0,872743000,688560000,9274000.0,0.0,18255003000,47612000,33232000,9671059000,0.3467220429049329,9637827000,0.34553062561238856,0.0,11301542000,0.40517731617767005,4436068000,6301060000,0.22590249895761744,1.2,1.19,5238342000,5285332000,https://www1.hkexnews.hk/search/titlesearch.xhtml,https://www1.hkexnews.hk/search/titlesearch.xhtml,1620585002,14:30:02,20210509
9,2011-12-31,0960.HK,CNY,2011-12-31,2011-12-31,FY,24092893000,14324313000,9768580000,0.4054548368267771,0.0,709148000,642736000,2630562000.0,0.0,15542228000,202141000,26924000,8577589000,0.35602154544080694,8550665000,0.35490403746864274,0.0,11444230000,0.4750043923741329,4523942000,6327560000,0.2626318059852754,1.23,1.22,5155049000,5177742000,https://www1.hkexnews.hk/search/titlesearch.xhtml,https://www1.hkexnews.hk/search/titlesearch.xhtml,1620585002,14:30:02,20210509
10,2010-12-31,0960.HK,CNY,2010-12-31,2010-12-31,FY,15093122000,9995934000,5097188000,0.33771594770121116,0.0,433488000,327880000,811675000.0,0.0,8952681000,66677000,24019000,6164460000,0.4084284218997236,6140441000,0.40683703477650285,0.0,7068474000,0.4683241810408741,2051101000,4130155000,0.27364484299537234,0.802,0.798,5152671000,5174338000,https://www1.hkexnews.hk/search/titlesearch.xhtml,https://www1.hkexnews.hk/search/titlesearch.xhtml,1620585002,14:30:02,20210509
11,2009-12-31,0960.HK,CNY,2009-12-31,2009-12-31,FY,11373962000,8042326000,3331636000,0.29291780647763727,0.0,410632000,314119000,0.0,0.0,7421421000,27499000,21863000,3974404000,0.3494300402973036,3952541000,0.3475078429134896,0.0,4061040000,0.35704708702209487,1568581000,2209207000,0.19423372436095707,0.5346331922621214,0.5315683261160866,4132192000,4156017000,https://www1.hkexnews.hk/search/titlesearch.xhtml,https://www1.hkexnews.hk/search/titlesearch.xhtml,1620585002,14:30:02,20210509
12,2008-12-31,0960.HK,CNY,2008-12-31,2008-12-31,FY,4475199000,3321192000,1154007000,0.2578671920511244,0.0,408286000,323910000,0.0,0.0,3796220000,61525000,16884000,695863000,0.15549319706229822,678979000,0.15172040394181355,0.0,680679000,0.15210027531736578,281198000,331590000,0.07409502907021565,0.08,0.08,4000000000,4000000000,https://www1.hkexnews.hk/search/titlesearch.xhtml,https://www1.hkexnews.hk/search/titlesearch.xhtml,1620585002,14:30:02,20210509
