,date,symbol,reportedCurrency,fillingDate,acceptedDate,period,revenue,costOfRevenue,grossProfit,grossProfitRatio,researchAndDevelopmentExpenses,generalAndAdministrativeExpenses,sellingAndMarketingExpenses,otherExpenses,operatingExpenses,costAndExpenses,interestExpense,depreciationAndAmortization,ebitda,ebitdaratio,operatingIncome,operatingIncomeRatio,totalOtherIncomeExpensesNet,incomeBeforeTax,incomeBeforeTaxRatio,incomeTaxExpense,netIncome,netIncomeRatio,eps,epsdiluted,weightedAverageShsOut,weightedAverageShsOutDil,link,finalLink,timestamp,est_time,est_date
0,2020-09-30,ZYT.L,GBP,2020-09-30,2020-09-30,FY,12680000.0,10130000.0,2550000.0,0.20110410094637224,0.0,3060000.0,196000.0,0.0,0.0,13386000.0,0.0,1175000.0,469000.0,0.03698738170347003,-706000.0,-0.055678233438485804,0.0,-423000.0,-0.0333596214511041,-129000.0,-294000.0,-0.023186119873817034,-0.01832460732984293,-0.01832460732984293,16044000.0,16044000.0,https://find-and-update.company-information.service.gov.uk/search/companies?q=Zytronic+PLC,https://find-and-update.company-information.service.gov.uk/search/companies?q=Zytronic+PLC,1620600192,18:43:12,20210509
1,2019-09-30,ZYT.L,GBP,2019-09-30,2019-09-30,FY,20104000.0,13311000.0,6793000.0,0.33789295662554714,0.0,3462000.0,350000.0,0.0,3812000.0,17123000.0,0.0,1156000.0,4137000.0,0.2057799442896936,2981000.0,0.14827894946279346,0.0,3057000.0,0.1520592916832471,366000.0,2691000.0,0.13385395941106248,0.168,0.168,16044000.0,16044000.0,https://find-and-update.company-information.service.gov.uk/search/companies?q=Zytronic+PLC,https://find-and-update.company-information.service.gov.uk/search/companies?q=Zytronic+PLC,1620600192,18:43:12,20210509
2,2018-09-30,ZYT.L,GBP,2018-09-30,2018-09-30,FY,22288000.0,14047000.0,8241000.0,0.3697505384063173,0.0,3639000.0,461000.0,0.0,4100000.0,18147000.0,21000.0,1147000.0,5288000.0,0.23725771715721464,4141000.0,0.18579504666188082,0.0,4188000.0,0.1879038047379756,541000.0,3647000.0,0.16363065326633167,0.227,0.227,16044000.0,16044000.0,https://find-and-update.company-information.service.gov.uk/search/companies?q=Zytronic+PLC,https://find-and-update.company-information.service.gov.uk/search/companies?q=Zytronic+PLC,1620600192,18:43:12,20210509
3,2017-09-30,ZYT.L,GBP,2017-09-30,2017-09-30,FY,22892000.0,13481000.0,9411000.0,0.4111043159182247,0.0,3591000.0,393000.0,0.0,3984000.0,17465000.0,24000.0,1173000.0,6600000.0,0.28831032675170365,5427000.0,0.2370697186790145,0.0,5413000.0,0.23645815131923817,825000.0,4588000.0,0.2004193604752752,0.29,0.288,15819000.0,15950000.0,https://find-and-update.company-information.service.gov.uk/search/companies?q=Zytronic+PLC,https://find-and-update.company-information.service.gov.uk/search/companies?q=Zytronic+PLC,1620600192,18:43:12,20210509
4,2016-09-30,ZYT.L,GBP,2016-09-30,2016-09-30,FY,21087000.0,12071000.0,9016000.0,0.42756200502679376,0.0,4365000.0,378000.0,0.0,4743000.0,16814000.0,23000.0,1121000.0,5394000.0,0.2557974107269882,4273000.0,0.20263669559444208,0.0,4270000.0,0.2024944278465405,183000.0,4087000.0,0.19381609522454593,0.266,0.261,15346000.0,15645000.0,https://find-and-update.company-information.service.gov.uk/search/companies?q=Zytronic+PLC,https://find-and-update.company-information.service.gov.uk/search/companies?q=Zytronic+PLC,1620600192,18:43:12,20210509
5,2015-09-30,ZYT.L,GBP,2015-09-30,2015-09-30,FY,21267000.0,12366000.0,8901000.0,0.41853575962759204,0.0,4073000.0,278000.0,0.0,4351000.0,16717000.0,29000.0,1044000.0,5594000.0,0.26303662951991347,4550000.0,0.21394648986693,0.0,4544000.0,0.213664362627545,775000.0,3769000.0,0.17722292754032068,0.247,0.243,15259000.0,15498000.0,https://find-and-update.company-information.service.gov.uk/search/companies?q=Zytronic+PLC,https://find-and-update.company-information.service.gov.uk/search/companies?q=Zytronic+PLC,1620600192,18:43:12,20210509
6,2014-09-30,ZYT.L,GBP,2014-09-30,2014-09-30,FY,18886000.0,11979000.0,6907000.0,0.3657206396272371,0.0,3488000.0,156000.0,0.0,3644000.0,15623000.0,35000.0,1034000.0,4297000.0,0.2275230329344488,3263000.0,0.17277348300328285,0.0,3261000.0,0.17266758445409297,301000.0,2960000.0,0.15672985280101662,0.196,0.195,15098000.0,15193000.0,https://find-and-update.company-information.service.gov.uk/search/companies?q=Zytronic+PLC,https://find-and-update.company-information.service.gov.uk/search/companies?q=Zytronic+PLC,1620600192,18:43:12,20210509
7,2013-09-30,ZYT.L,GBP,2013-09-30,2013-09-30,FY,17282000.0,11961000.0,5321000.0,0.3078926050225668,0.0,2858000.0,210000.0,0.0,2974000.0,14935000.0,39000.0,1075000.0,3422000.0,0.1980094896424025,2347000.0,0.1358060409674806,0.0,1939000.0,0.11219766230760328,277000.0,1662000.0,0.09616942483508853,0.111,0.11,14943000.0,15063000.0,https://find-and-update.company-information.service.gov.uk/search/companies?q=Zytronic+PLC,https://find-and-update.company-information.service.gov.uk/search/companies?q=Zytronic+PLC,1620600192,18:43:12,20210509
8,2012-09-30,ZYT.L,GBP,2012-09-30,2012-09-30,FY,20424000.0,13008000.0,7416000.0,0.36310223266745006,0.0,3089000.0,243000.0,0.0,3145000.0,16153000.0,81000.0,847000.0,5118000.0,0.2505875440658049,4271000.0,0.20911672542107324,0.0,4195000.0,0.20539561300430867,898000.0,3297000.0,0.161427732079906,0.222,0.219,14833000.0,15042000.0,https://find-and-update.company-information.service.gov.uk/search/companies?q=Zytronic+PLC,https://find-and-update.company-information.service.gov.uk/search/companies?q=Zytronic+PLC,1620600192,18:43:12,20210509
9,2011-09-30,ZYT.L,GBP,2011-09-30,2011-09-30,FY,20488000.0,13574000.0,6914000.0,0.33746583365872707,308000.0,0.0,239000.0,0.0,3077000.0,16651000.0,112000.0,960000.0,4797000.0,0.23413705583756345,3837000.0,0.18728035923467395,0.0,3557000.0,0.17361382272549786,865000.0,2692000.0,0.13139398672393596,0.183,0.181,14718000.0,14842000.0,https://find-and-update.company-information.service.gov.uk/search/companies?q=Zytronic+PLC,https://find-and-update.company-information.service.gov.uk/search/companies?q=Zytronic+PLC,1620600192,18:43:12,20210509
10,2010-09-30,ZYT.L,GBP,2010-09-30,2010-09-30,FY,18483000.0,12589000.0,5894000.0,0.3188876264675648,215000.0,0.0,231000.0,3000.0,2814000.0,15403000.0,126000.0,932000.0,4012000.0,0.21706432938375805,3080000.0,0.16663961478115025,0.0,2924000.0,0.15819942650002705,736000.0,2188000.0,0.11837905101985609,0.149,0.148,14696000.0,14807000.0,https://find-and-update.company-information.service.gov.uk/search/companies?q=Zytronic+PLC,https://find-and-update.company-information.service.gov.uk/search/companies?q=Zytronic+PLC,1620600192,18:43:12,20210509
11,2009-09-30,ZYT.L,GBP,2009-09-30,2009-09-30,FY,15921000.0,10514000.0,5407000.0,0.3396143458325482,291000.0,0.0,183000.0,9000.0,2878000.0,13392000.0,98000.0,859000.0,3388000.0,0.2128007034733999,2529000.0,0.15884680610514415,0.0,2300000.0,0.1444632874819421,593000.0,1707000.0,0.10721688336159789,0.116,0.115,14674000.0,14753000.0,https://find-and-update.company-information.service.gov.uk/search/companies?q=Zytronic+PLC,https://find-and-update.company-information.service.gov.uk/search/companies?q=Zytronic+PLC,1620600192,18:43:12,20210509
12,2008-09-30,ZYT.L,GBP,2008-09-30,2008-09-30,FY,14717000.0,9978000.0,4739000.0,0.32200856152748525,224000.0,0.0,217000.0,22000.0,2965000.0,12943000.0,146000.0,820000.0,2594000.0,0.17625874838622002,1774000.0,0.1205408711014473,0.0,1740000.0,0.11823061765305429,677000.0,1063000.0,0.07222939457769927,0.073,0.072,14667000.0,14777000.0,https://find-and-update.company-information.service.gov.uk/search/companies?q=Zytronic+PLC,https://find-and-update.company-information.service.gov.uk/search/companies?q=Zytronic+PLC,1620600192,18:43:12,20210509
13,2007-09-30,ZYT.L,GBP,2007-09-30,2007-09-30,FY,11437000.0,7971000.0,3466000.0,0.30305149951910465,219000.0,0.0,197000.0,36000.0,2790000.0,10761000.0,73000.0,738000.0,1414000.0,0.12363382005770744,676000.0,0.05910640902334528,0.0,683000.0,0.059718457637492346,149000.0,534000.0,0.0466905657077905,0.03647540983606557,0.036112801785352,14640000.0,14787000.0,https://find-and-update.company-information.service.gov.uk/search/companies?q=Zytronic+PLC,https://find-and-update.company-information.service.gov.uk/search/companies?q=Zytronic+PLC,1620600192,18:43:12,20210509
14,2006-09-30,ZYT.L,GBP,2006-09-30,2006-09-30,FY,12301000.0,8449000.0,3852000.0,0.3131452727420535,135000.0,2186000.0,170000.0,20000.0,2550000.0,10999000.0,59000.0,674000.0,1976000.0,0.16063734655719047,1302000.0,0.10584505324770344,0.0,1273000.0,0.10348752133972848,153000.0,1120000.0,0.09104950817006748,0.078,0.077,14414000.0,14634000.0,https://find-and-update.company-information.service.gov.uk/search/companies?q=Zytronic+PLC,https://find-and-update.company-information.service.gov.uk/search/companies?q=Zytronic+PLC,1620600192,18:43:12,20210509
15,2005-09-30,ZYT.L,GBP,2005-09-30,2005-09-30,FY,10590000.0,7312000.0,3278000.0,0.30953729933899904,43000.0,1997000.0,140000.0,0.0,2255000.0,9567000.0,33000.0,651000.0,1674000.0,0.15807365439093485,1023000.0,0.09660056657223796,0.0,984000.0,0.09291784702549576,310000.0,674000.0,0.06364494806421152,0.047,0.046,14292000.0,14594000.0,https://find-and-update.company-information.service.gov.uk/search/companies?q=Zytronic+PLC,https://find-and-update.company-information.service.gov.uk/search/companies?q=Zytronic+PLC,1620600192,18:43:12,20210509
16,2004-09-30,ZYT.L,GBP,2004-09-30,2004-09-30,FY,8756000.0,6187000.0,2569000.0,0.2933988122430333,95000.0,1957000.0,121000.0,20000.0,2178000.0,8365000.0,26000.0,610000.0,1001000.0,0.114321608040201,391000.0,0.04465509365006853,0.0,350000.0,0.039972590223846506,114000.0,236000.0,0.0269529465509365,0.017,0.016,14291539.0,14750000.0,https://find-and-update.company-information.service.gov.uk/search/companies?q=Zytronic+PLC,https://find-and-update.company-information.service.gov.uk/search/companies?q=Zytronic+PLC,1620600192,18:43:12,20210509
17,2003-09-30,ZYT.L,GBP,2003-09-30,2003-09-30,FY,5690000.0,4075000.0,1615000.0,0.28383128295254834,130000.0,1721000.0,80000.0,13000.0,1859000.0,5934000.0,35000.0,678000.0,434000.0,0.07627416520210896,-244000.0,-0.04288224956063269,0.0,-366000.0,-0.06432337434094904,-59000.0,-307000.0,-0.05395430579964851,-0.021,-0.021,14338685.0,14338685.0,https://find-and-update.company-information.service.gov.uk/search/companies?q=Zytronic+PLC,https://find-and-update.company-information.service.gov.uk/search/companies?q=Zytronic+PLC,1620600192,18:43:12,20210509
18,2002-09-30,ZYT.L,GBP,2002-09-30,2002-09-30,FY,5066000.0,3678000.0,1388000.0,0.27398341887090405,59000.0,1716000.0,0.0,12000.0,1731000.0,5409000.0,33000.0,592000.0,249000.0,0.0491512041058034,-343000.0,-0.06770627714172918,0.0,-406000.0,-0.08014212396367944,-85000.0,-321000.0,-0.06336360047374655,-0.022,-0.022,14291539.0,14291539.0,https://find-and-update.company-information.service.gov.uk/search/companies?q=Zytronic+PLC,https://find-and-update.company-information.service.gov.uk/search/companies?q=Zytronic+PLC,1620600192,18:43:12,20210509
19,2001-09-30,ZYT.L,GBP,2001-09-30,2001-09-30,FY,5785000.0,3610000.0,2175000.0,0.3759723422644771,46000.0,0.0,0.0,0.0,1453000.0,5063000.0,17000.0,435000.0,1157000.0,0.2,722000.0,0.12480553154710458,0.0,763000.0,0.13189282627484875,225000.0,538000.0,0.09299913569576491,0.038,0.037,14292000.0,14382000.0,https://find-and-update.company-information.service.gov.uk/search/companies?q=Zytronic+PLC,https://find-and-update.company-information.service.gov.uk/search/companies?q=Zytronic+PLC,1620600192,18:43:12,20210509
20,2000-09-30,ZYT.L,GBP,2000-09-30,2000-09-30,FY,4485000.0,2909000.0,1576000.0,0.35139353400222967,0.0,0.0,0.0,0.0,1048000.0,3957000.0,36000.0,342000.0,870000.0,0.1939799331103679,528000.0,0.1177257525083612,0.0,510000.0,0.11371237458193979,162000.0,348000.0,0.07759197324414716,0.03630294179011058,0.03579878613311388,9586000.0,9721000.0,https://find-and-update.company-information.service.gov.uk/search/companies?q=Zytronic+PLC,https://find-and-update.company-information.service.gov.uk/search/companies?q=Zytronic+PLC,1620600192,18:43:12,20210509
21,1999-09-30,ZYT.L,GBP,1999-09-30,1999-09-30,FY,6980000.0,4973000.0,2007000.0,0.2875358166189112,0.0,0.0,0.0,0.0,1483000.0,6456000.0,62000.0,487000.0,1011000.0,0.14484240687679084,524000.0,0.07507163323782234,0.0,633000.0,0.09068767908309455,655000.0,-22000.0,-0.003151862464183381,-0.003,-0.003,8142000.0,8142000.0,https://find-and-update.company-information.service.gov.uk/search/companies?q=Zytronic+PLC,https://find-and-update.company-information.service.gov.uk/search/companies?q=Zytronic+PLC,1620600192,18:43:12,20210509
22,1998-09-30,ZYT.L,GBP,1998-09-30,1998-09-30,FY,5290000.0,0.0,0.0,0.0,0.0,0.0,0.0,0.0,5076000.0,5076000.0,53000.0,447000.0,661000.0,0.12495274102079396,214000.0,0.04045368620037807,0.0,172000.0,0.03251417769376182,-32000.0,204000.0,0.03856332703213611,0.025,0.025,8142000.0,8142000.0,https://find-and-update.company-information.service.gov.uk/search/companies?q=Zytronic+PLC,https://find-and-update.company-information.service.gov.uk/search/companies?q=Zytronic+PLC,1620600192,18:43:12,20210509
23,1997-09-30,ZYT.L,GBP,1997-09-30,1997-09-30,FY,8771000.0,0.0,0.0,0.0,0.0,0.0,0.0,0.0,7841000.0,7841000.0,104000.0,673000.0,1603000.0,0.1827613727055068,930000.0,0.106031239311367,0.0,826000.0,0.09417398244213887,32000.0,794000.0,0.0905255957131456,0.098,0.098,8142000.0,8142000.0,https://find-and-update.company-information.service.gov.uk/search/companies?q=Zytronic+PLC,https://find-and-update.company-information.service.gov.uk/search/companies?q=Zytronic+PLC,1620600192,18:43:12,20210509
