,date,symbol,reportedCurrency,fillingDate,acceptedDate,period,revenue,costOfRevenue,grossProfit,grossProfitRatio,researchAndDevelopmentExpenses,generalAndAdministrativeExpenses,sellingAndMarketingExpenses,otherExpenses,operatingExpenses,costAndExpenses,interestExpense,depreciationAndAmortization,ebitda,ebitdaratio,operatingIncome,operatingIncomeRatio,totalOtherIncomeExpensesNet,incomeBeforeTax,incomeBeforeTaxRatio,incomeTaxExpense,netIncome,netIncomeRatio,eps,epsdiluted,weightedAverageShsOut,weightedAverageShsOutDil,link,finalLink,timestamp,est_time,est_date
0,2020-12-31,TFL.AX,AUD,2020-12-31,2020-12-31,FY,66911000.0,40493000.0,26418000.0,0.3948229738010193,25000.0,18933000.0,5030000.0,509000.0,0.0,0.0,346000.0,2107000.0,-2267000.0,-0.03388082676988836,-4374000.0,-0.06537041742015513,-2991000.0,-7709000.0,-0.11521274528851758,-1302000.0,-6407000.0,-0.09575406136509693,-0.026713461101089592,-0.026713461101089592,239841628.0,239841628.0,,,1620598734,18:18:54,20210509
1,2019-12-31,TFL.AX,AUD,2019-12-31,2019-12-31,FY,50690000.0,28055000.0,22635000.0,0.44653777865456695,29000.0,16235000.0,3781000.0,363000.0,25993000.0,0.0,261000.0,1839000.0,-1519000.0,-0.029966462813178142,-3358000.0,-0.06624580785164727,363000.0,-3203000.0,-0.06318800552377195,256000.0,-3459000.0,-0.06823831130400473,-0.014432,-0.014432,239841628.0,239841628.0,,,1620598734,18:18:54,20210509
2,2018-12-31,TFL.AX,AUD,2018-12-31,2018-12-31,FY,38391000.0,20248000.0,18143000.0,0.47258472037717175,38000.0,13477000.0,2891000.0,373000.0,20836000.0,0.0,109000.0,1210000.0,-1483000.0,-0.03862884530228439,-2693000.0,-0.07014664895418198,373000.0,-2273000.0,-0.059206584876663804,-915000.0,-1358000.0,-0.03537287385064208,-0.006099,-0.006099,223829409.0,223829409.0,,,1620598734,18:18:54,20210509
3,2017-12-31,TFL.AX,AUD,2017-12-31,2017-12-31,FY,30743000.0,16085000.0,14658000.0,0.47679146472367695,110000.0,13042000.0,1952000.0,246000.0,19434000.0,0.0,76000.0,853000.0,-3923000.0,-0.1276062843574147,-4776000.0,-0.15535243795335524,-1870000.0,-6639000.0,-0.21595159873792408,169000.0,-6808000.0,-0.2214487850892886,-0.037685,-0.037685,180663489.0,180663489.0,,,1620598734,18:18:54,20210509
4,2016-12-31,TFL.AX,AUD,2016-12-31,2016-12-31,FY,15980000.0,9475000.0,6505000.0,0.4070713391739675,119000.0,7469000.0,606000.0,1199000.0,10348000.0,0.0,0.0,307000.0,-3536000.0,-0.22127659574468084,-3843000.0,-0.2404881101376721,1199000.0,-2611000.0,-0.16339173967459325,371000.0,-2577000.0,-0.16126408010012516,-0.021209,-0.021209,121415899.0,121415899.0,,,1620598734,18:18:54,20210509
5,2015-12-31,TFL.AX,AUD,2015-12-31,2015-12-31,FY,1019390.0,510322.0,509068.0,0.49938492627944164,0.0,2104217.0,0.0,746543.0,4057751.0,0.0,0.0,15693.0,-3532990.0,-3.4657883636292293,-3548683.0,-3.4811828642619607,746543.0,-2095222.0,-2.0553684065961018,0.0,-4204936.0,-4.124953158261313,-0.039688,-0.039688,105776238.0,105776238.0,,,1620598734,18:18:54,20210509
6,2014-12-31,TFL.AX,AUD,2014-12-31,2014-12-31,FY,2630000.0,0.0,2630000.0,1.0,0.0,3404000.0,888000.0,-125000.0,9740000.0,0.0,0.0,177000.0,-6933000.0,-2.636121673003802,-7110000.0,-2.703422053231939,25236000.0,19010000.0,7.228136882129277,7072000.0,11942000.0,4.540684410646388,0.060715,0.060715,197164349.0,197164349.0,,,1620598734,18:18:54,20210509
7,2013-12-31,TFL.AX,AUD,2013-12-31,2013-12-31,FY,8148000.0,0.0,8148000.0,1.0,0.0,4036000.0,3573000.0,70000.0,8940000.0,0.0,0.0,191000.0,-601000.0,-0.07376043200785469,-792000.0,-0.09720176730486009,3949000.0,3921000.0,0.48122238586156113,607000.0,3319000.0,0.4073392243495336,0.01684,0.01684,197164350.0,197164350.0,,,1620598734,18:18:54,20210509
8,2012-12-31,TFL.AX,AUD,2012-12-31,2012-12-31,FY,3868000.0,0.0,3868000.0,1.0,0.0,2296000.0,1652000.0,25000.0,4617000.0,0.0,0.0,93000.0,-656000.0,-0.16959669079627715,-749000.0,-0.19364012409513962,2214000.0,1880000.0,0.4860392967942089,102000.0,1781000.0,0.46044467425025853,0.009012,0.009012,197164350.0,197164350.0,,,1620598734,18:18:54,20210509
9,2012-06-30,TFL.AX,AUD,2012-06-30,2012-06-30,FY,5372000.0,0.0,5372000.0,1.0,0.0,3926000.0,1899000.0,897000.0,7418000.0,0.0,0.0,188000.0,-1858000.0,-0.345867460908414,-2046000.0,-0.3808637379002234,3553000.0,2465000.0,0.4588607594936709,365000.0,2772000.0,0.5160089352196575,0.014109,0.014109,195353211.0,195353211.0,,,1620598734,18:18:54,20210509
10,2011-06-30,TFL.AX,AUD,2011-06-30,2011-06-30,FY,5772000.0,0.0,5772000.0,1.0,0.0,4061000.0,2671000.0,1487000.0,8933000.0,0.0,5000.0,341000.0,-2820000.0,-0.4885654885654886,-3161000.0,-0.5476437976437977,1977000.0,1911000.0,0.3310810810810811,638000.0,1289000.0,0.22331947331947333,0.006645,0.006554,194692563.0,196674908.0,,,1620598734,18:18:54,20210509
11,2010-06-30,TFL.AX,AUD,2010-06-30,2010-06-30,FY,5964000.0,0.0,5964000.0,1.0,0.0,4532000.0,2802000.0,3287000.0,9295000.0,0.0,42000.0,246000.0,-3085000.0,-0.5172702883970489,-3331000.0,-0.5585177733065056,4812000.0,2064000.0,0.3460764587525151,146000.0,1946000.0,0.32629107981220656,0.010013,0.010013,190107893.0,190107893.0,,,1620598734,18:18:54,20210509
12,2009-06-30,TFL.AX,AUD,2009-06-30,2009-06-30,FY,6484000.0,0.0,6484000.0,1.0,0.0,3716000.0,4008000.0,421000.0,9263000.0,0.0,0.0,174000.0,-2605000.0,-0.4017581739666872,-2779000.0,-0.42859346082665023,4451000.0,2504000.0,0.38618136952498455,-2111000.0,4628000.0,0.7137569401603948,0.025488,0.024577,183329632.0,188303382.0,,,1620598734,18:18:54,20210509
13,2008-06-30,TFL.AX,AUD,2008-06-30,2008-06-30,FY,5881000.0,0.0,5881000.0,1.0,0.0,3886000.0,3227000.0,3264000.0,8358000.0,0.0,0.0,197000.0,-2280000.0,-0.387689168508757,-2477000.0,-0.42118687298078555,4032000.0,2340000.0,0.39789151504846115,-842000.0,3166000.0,0.538343819078388,0.017295,0.017295,183056789.0,183056789.0,,,1620598734,18:18:54,20210509
14,2007-06-30,TFL.AX,AUD,2007-06-30,2007-06-30,FY,4985000.0,0.0,4985000.0,1.0,0.0,1941000.0,2429000.0,1340000.0,6550000.0,0.0,5000.0,198000.0,-1367000.0,-0.274222668004012,-1565000.0,-0.3139418254764293,2808000.0,1586000.0,0.3181544633901705,238000.0,1394000.0,0.27963891675025077,0.009103,0.009103,153140939.0,153140939.0,,,1620598734,18:18:54,20210509
15,2006-06-30,TFL.AX,AUD,2006-06-30,2006-06-30,FY,1721166.0,0.0,1721166.0,1.0,0.0,1161128.0,0.0,547847.0,2803958.0,0.0,0.0,114103.0,-968689.0,-0.5628097464160924,-1082792.0,-0.6291037587309998,-139215.0,-644904.0,-0.37469018095872214,18894.0,-663435.0,-0.3854567194564615,-0.007282,-0.007282,89797029.0,89797029.0,,,1620598734,18:18:54,20210509
16,2005-06-30,TFL.AX,AUD,2005-06-30,2005-06-30,FY,1439860.0,0.0,1439860.0,1.0,0.0,648408.0,0.0,0.0,1336112.0,0.0,0.0,104666.0,208414.0,0.14474601697387246,103748.0,0.07205422749433973,0.0,-42594.0,-0.029582042698595698,-42594.0,-42594.0,-0.029582042698595698,-0.002003,-0.002003,21677012.0,21677012.0,,,1620598734,18:18:54,20210509
17,2004-06-30,TFL.AX,AUD,2004-06-30,2004-06-30,FY,532523.0,0.0,532523.0,1.0,0.0,537911.0,0.0,515920.0,1000248.0,0.0,109668.0,83416.0,-384309.0,-0.7216758712769213,-467725.0,-0.8783188707342218,515920.0,-59578.0,-0.11187873575413644,-59578.0,-59578.0,-0.11187873575413644,-0.002731,-0.002731,21677012.0,21677012.0,,,1620598734,18:18:54,20210509
18,2003-06-30,TFL.AX,AUD,2003-06-30,2003-06-30,FY,677776.0,0.0,677776.0,1.0,0.0,710016.0,0.0,441215.0,1967894.0,0.0,8000.0,220918.0,-1069200.0,-1.5775123344585822,-1290118.0,-1.903457779561389,444386.0,-916629.0,-1.3524069899199735,-916629.0,-916629.0,-1.3524069899199735,-0.015475,-0.015475,58146963.0,58146963.0,,,1620598734,18:18:54,20210509
19,2002-06-30,TFL.AX,AUD,2002-06-30,2002-06-30,FY,839433.0,0.0,839433.0,1.0,0.0,1312599.0,0.0,507761.0,4490659.0,0.0,0.0,583208.0,-3068018.0,-3.6548694178094023,-3651226.0,-4.349633621742295,507761.0,-3152169.0,-3.7551168467286846,-3152169.0,-3152169.0,-3.7551168467286846,-0.269441,-0.269441,14671634.0,14671634.0,,,1620598734,18:18:54,20210509
20,2001-06-30,TFL.AX,AUD,2001-06-30,2001-06-30,FY,332977.0,0.0,332977.0,1.0,0.0,1358144.0,0.0,-4422131.0,2372215.0,0.0,58539.0,1014071.0,-1025167.0,-3.078792228892686,-2039238.0,-6.124260834832436,-4946524.0,-6886725.0,-20.68228436198296,-6886725.0,-6886725.0,-20.68228436198296,-0.546164,-0.546164,12261781.0,12261781.0,,,1620598734,18:18:54,20210509
21,2000-06-30,TFL.AX,AUD,2000-06-30,2000-06-30,FY,0.0,0.0,0.0,0.0,0.0,0.0,0.0,0.0,0.0,0.0,45643.0,0.0,-1694438.0,0.0,0.0,0.0,-92526.0,-1740081.0,0.0,-1740081.0,-1740081.0,0.0,-0.182055,-0.182055,9405751.0,9405751.0,,,1620598734,18:18:54,20210509
22,1999-06-30,TFL.AX,AUD,1999-06-30,1999-06-30,FY,0.0,0.0,0.0,0.0,0.0,0.0,0.0,0.0,0.0,0.0,2974.0,0.0,-202462.0,0.0,0.0,0.0,0.0,-205436.0,0.0,-205436.0,-205436.0,0.0,-0.02039,-0.02039,10140300.0,10140300.0,,,1620598734,18:18:54,20210509
