,date,symbol,reportedCurrency,fillingDate,acceptedDate,period,revenue,costOfRevenue,grossProfit,grossProfitRatio,researchAndDevelopmentExpenses,generalAndAdministrativeExpenses,sellingAndMarketingExpenses,otherExpenses,operatingExpenses,costAndExpenses,interestExpense,depreciationAndAmortization,ebitda,ebitdaratio,operatingIncome,operatingIncomeRatio,totalOtherIncomeExpensesNet,incomeBeforeTax,incomeBeforeTaxRatio,incomeTaxExpense,netIncome,netIncomeRatio,eps,epsdiluted,weightedAverageShsOut,weightedAverageShsOutDil,link,finalLink,timestamp,est_time,est_date
0,2020-12-31,VTBR.ME,RUB,2020-12-31,2020-12-31,FY,512300000000.0,0.0,0.0,0.0,0.0,15500000000.0,0.0,0.0,0.0,0.0,501600000000.0,3400000000,0.0,0.0,0.0,0.17509271910989654,0.0,89700000000,0.17509271910989654,14400000000,80600000000,0.1573296896349795,0.006221789589124297,0.006221789589124297,12954472157157,12954472157157,http://www.cbr.ru/eng/search/?text=VTBR&category=Any&time=Any&dateFrom=&dateTo=,http://www.cbr.ru/eng/search/?text=VTBR&category=Any&time=Any&dateFrom=&dateTo=,1620599662,18:34:22,20210509
1,2019-12-31,VTBR.ME,RUB,2019-12-31,2019-12-31,FY,712700000000.0,0.0,0.0,0.0,0.0,31800000000.0,18500000000.0,-19000000000.0,456200000000.0,0.0,636500000000.0,58900000000,0.0,0.0,0.0,0.3548477620317104,0.0,252900000000,0.3548477620317104,51700000000,202000000000,0.28342921285253264,0.01453,0.01453,12954472157157,12954472157157,http://www.cbr.ru/eng/search/?text=VTBR&category=Any&time=Any&dateFrom=&dateTo=,http://www.cbr.ru/eng/search/?text=VTBR&category=Any&time=Any&dateFrom=&dateTo=,1620599662,18:34:22,20210509
2,2018-12-31,VTBR.ME,RUB,2018-12-31,2018-12-31,FY,620600000000.0,0.0,0.0,0.0,0.0,25800000000.0,18300000000.0,0.0,729300000000.0,0.0,542600000000.0,51100000000,0.0,0.0,0.0,0.3454721237512085,0.0,214400000000,0.3454721237512085,35600000000,179200000000,0.2887528198517564,0.01299,0.01299,12945001926143,12945001926143,http://www.cbr.ru/eng/search/?text=VTBR&category=Any&time=Any&dateFrom=&dateTo=,http://www.cbr.ru/eng/search/?text=VTBR&category=Any&time=Any&dateFrom=&dateTo=,1620599662,18:34:22,20210509
3,2017-12-31,VTBR.ME,RUB,2017-12-31,2017-12-31,FY,555100000000.0,0.0,0.0,0.0,0.0,23700000000.0,17000000000.0,0.0,409300000000.0,0.0,581300000000.0,50100000000,0.0,0.0,0.0,0.28769591064673034,0.0,159700000000,0.28769591064673034,39700000000,120300000000,0.2167177085209872,0.00855,0.00855,12924965244238,12924965244238,http://www.cbr.ru/eng/search/?text=VTBR&category=Any&time=Any&dateFrom=&dateTo=,http://www.cbr.ru/eng/search/?text=VTBR&category=Any&time=Any&dateFrom=&dateTo=,1620599662,18:34:22,20210509
4,2016-12-31,VTBR.ME,RUB,2016-12-31,2016-12-31,FY,483000000000.0,0.0,0.0,0.0,0.0,28900000000.0,12100000000.0,0.0,357900000000.0,0.0,680800000000.0,49500000000,0.0,0.0,0.0,0.13561076604554864,0.0,65500000000,0.13561076604554864,21600000000,52300000000,0.1082815734989648,0.00318,0.00318,12920646355077,12920646355077,http://www.cbr.ru/eng/search/?text=VTBR&category=Any&time=Any&dateFrom=&dateTo=,http://www.cbr.ru/eng/search/?text=VTBR&category=Any&time=Any&dateFrom=&dateTo=,1620599662,18:34:22,20210509
5,2015-12-31,VTBR.ME,RUB,2015-12-31,2015-12-31,FY,377300000000.0,0.0,0.0,0.0,0.0,17500000000.0,9400000000.0,0.0,353300000000.0,0.0,803100000000.0,36200000000,0.0,0.0,0.0,0.03260005300821627,0.0,12300000000,0.03260005300821627,6900000000,10700000000,0.028359395706334483,0.0001,0.0001,12879588033501,12879588033501,http://www.cbr.ru/eng/search/?text=VTBR&category=Any&time=Any&dateFrom=&dateTo=,http://www.cbr.ru/eng/search/?text=VTBR&category=Any&time=Any&dateFrom=&dateTo=,1620599662,18:34:22,20210509
6,2014-12-31,VTBR.ME,RUB,2014-12-31,2014-12-31,FY,331400000000.0,0.0,0.0,0.0,0.0,22800000000.0,12300000000.0,0.0,311200000000.0,0.0,489800000000.0,24400000000,0.0,0.0,0.0,0.09897404948702475,0.0,32800000000,0.09897404948702475,31500000000,4100000000,0.012371756185878094,-0.00023,-0.00023,12805479094994,12805479094994,http://www.cbr.ru/eng/search/?text=VTBR&category=Any&time=Any&dateFrom=&dateTo=,http://www.cbr.ru/eng/search/?text=VTBR&category=Any&time=Any&dateFrom=&dateTo=,1620599662,18:34:22,20210509
7,2013-12-31,VTBR.ME,RUB,2013-12-31,2013-12-31,FY,358600000000.0,0.0,0.0,0.0,0.0,21100000000.0,10900000000.0,0.0,258200000000.0,0.0,363300000000.0,24700000000,0.0,0.0,0.0,0.33240379252649194,0.0,119200000000,0.33240379252649194,24100000000,101500000000,0.28304517568321247,0.00805,0.00805,12608695652174,12608695652174,http://www.cbr.ru/eng/search/?text=VTBR&category=Any&time=Any&dateFrom=&dateTo=,http://www.cbr.ru/eng/search/?text=VTBR&category=Any&time=Any&dateFrom=&dateTo=,1620599662,18:34:22,20210509
8,2012-12-31,VTBR.ME,RUB,2012-12-31,2012-12-31,FY,329100000000.0,0.0,0.0,0.0,0.0,25800000000.0,10500000000.0,0.0,217900000000.0,0.0,309700000000.0,25300000000,0.0,0.0,0.0,0.3506532968702522,0.0,115400000000,0.3506532968702522,24800000000,85800000000,0.26071103008204194,0.008008,0.008008,10714382643819,10714382643819,http://www.cbr.ru/eng/search/?text=VTBR&category=Any&time=Any&dateFrom=&dateTo=,http://www.cbr.ru/eng/search/?text=VTBR&category=Any&time=Any&dateFrom=&dateTo=,1620599662,18:34:22,20210509
9,2011-12-31,VTBR.ME,RUB,2011-12-31,2011-12-31,FY,232100000000.0,0.0,0.0,0.0,0.0,15900000000.0,8100000000.0,0.0,137200000000.0,0.0,189700000000.0,18800000000,0.0,0.0,0.0,0.4976303317535545,0.0,115500000000,0.4976303317535545,25000000000,89400000000,0.3851788022404136,0.00838,0.00838,10670322487067,10670322487067,http://www.cbr.ru/eng/search/?text=VTBR&category=Any&time=Any&dateFrom=&dateTo=,http://www.cbr.ru/eng/search/?text=VTBR&category=Any&time=Any&dateFrom=&dateTo=,1620599662,18:34:22,20210509
10,2010-12-31,VTBR.ME,RUB,2010-12-31,2010-12-31,FY,177500000000.0,0.0,0.0,0.0,0.0,10400000000.0,5400000000.0,0.0,93000000000.0,0.0,159400000000.0,12600000000,0.0,0.0,0.0,0.40056338028169014,0.0,71100000000,0.40056338028169014,16300000000,58200000000,0.327887323943662,0.00546,0.00546,10669634141143,10669634141143,http://www.cbr.ru/eng/search/?text=VTBR&category=Any&time=Any&dateFrom=&dateTo=,http://www.cbr.ru/eng/search/?text=VTBR&category=Any&time=Any&dateFrom=&dateTo=,1620599662,18:34:22,20210509
11,2009-12-31,VTBR.ME,RUB,2009-12-31,2009-12-31,FY,18200000000.0,0.0,0.0,0.0,0.0,8100000000.0,3400000000.0,0.0,72800000000.0,0.0,221500000000.0,9400000000,0.0,0.0,0.0,-3.7527472527472527,0.0,-68300000000,-3.7527472527472527,-8700000000,-63400000000,-3.4835164835164836,-0.008047,-0.008047,7880893136189,7880893136189,http://www.cbr.ru/eng/search/?text=VTBR&category=Any&time=Any&dateFrom=&dateTo=,http://www.cbr.ru/eng/search/?text=VTBR&category=Any&time=Any&dateFrom=&dateTo=,1620599662,18:34:22,20210509
12,2008-12-31,VTBR.ME,RUB,2008-12-31,2008-12-31,FY,94084270720.0,0.0,0.0,0.0,0.0,8037349760.0,4639205560.0,0.0,78571003720.0,0.0,154896277360.0,10253530760,0.0,0.0,0.0,0.2333542713567839,0.0,21954966440,0.2333542713567839,15690561480,6441699440,0.06846733668341709,0.000927,0.000927,6856931296379,6856931296379,http://www.cbr.ru/eng/search/?text=VTBR&category=Any&time=Any&dateFrom=&dateTo=,http://www.cbr.ru/eng/search/?text=VTBR&category=Any&time=Any&dateFrom=&dateTo=,1620599662,18:34:22,20210509
13,2007-12-31,VTBR.ME,RUB,2007-12-31,2007-12-31,FY,90703616120.0,0.0,0.0,0.0,0.0,6043632060.0,3316627350.0,0.0,47661163400.0,0.0,69550903910.0,6829795580,0.0,0.0,0.0,0.4926868905742145,0.0,44688482590,0.4926868905742145,7493121050,36360062800,0.4008667388949079,0.005815,0.005815,6253010871823,6253010871823,http://www.cbr.ru/eng/search/?text=VTBR&category=Any&time=Any&dateFrom=&dateTo=,http://www.cbr.ru/eng/search/?text=VTBR&category=Any&time=Any&dateFrom=&dateTo=,1620599662,18:34:22,20210509
14,2006-12-31,VTBR.ME,RUB,2006-12-31,2006-12-31,FY,71958934680.0,0.0,0.0,0.0,0.0,4579683480.0,2237201700.0,0.0,35558347020.0,0.0,49797477840.0,5395604100,0.0,0.0,0.0,0.5135332845647403,0.0,36953308080,0.5135332845647403,6106244640,29925862740,0.4158741770299927,0.005629,0.005629,5316580103863,5316580103863,http://www.cbr.ru/eng/search/?text=VTBR&category=Any&time=Any&dateFrom=&dateTo=,http://www.cbr.ru/eng/search/?text=VTBR&category=Any&time=Any&dateFrom=&dateTo=,1620599662,18:34:22,20210509
15,2005-12-31,VTBR.ME,RUB,2005-12-31,2005-12-31,FY,0.0,0.0,0.0,0.0,0.0,0.0,1408333500.0,0.0,10117008000.0,0.0,0.0,1149660000,0.0,0.0,0.0,0.0,0.0,20205274500,0.0,5604592500,14342008500,0.0,0.005881,0.005881,4315732411088,4315732411088,http://www.cbr.ru/eng/search/?text=VTBR&category=Any&time=Any&dateFrom=&dateTo=,http://www.cbr.ru/eng/search/?text=VTBR&category=Any&time=Any&dateFrom=&dateTo=,1620599662,18:34:22,20210509
16,2004-12-31,VTBR.ME,RUB,2004-12-31,2004-12-31,FY,0.0,0.0,0.0,0.0,0.0,0.0,860856360.0,0.0,7275624720.0,0.0,0.0,1416247560,0.0,0.0,0.0,0.0,0.0,8358637560,0.0,2582569080,5692759800,0.0,0.00294,0.00294,4299005151940,4299005151940,http://www.cbr.ru/eng/search/?text=VTBR&category=Any&time=Any&dateFrom=&dateTo=,http://www.cbr.ru/eng/search/?text=VTBR&category=Any&time=Any&dateFrom=&dateTo=,1620599662,18:34:22,20210509
