,date,symbol,reportedCurrency,fillingDate,acceptedDate,period,revenue,costOfRevenue,grossProfit,grossProfitRatio,researchAndDevelopmentExpenses,generalAndAdministrativeExpenses,sellingAndMarketingExpenses,otherExpenses,operatingExpenses,costAndExpenses,interestExpense,depreciationAndAmortization,ebitda,ebitdaratio,operatingIncome,operatingIncomeRatio,totalOtherIncomeExpensesNet,incomeBeforeTax,incomeBeforeTaxRatio,incomeTaxExpense,netIncome,netIncomeRatio,eps,epsdiluted,weightedAverageShsOut,weightedAverageShsOutDil,link,finalLink,timestamp,est_time,est_date
0,2020-12-31,ASM.TO,USD,2020-12-31,2020-12-31,FY,16022000.0,15832000.0,190000.0,0.011858694295343902,0.0,4643000.0,0.0,0.0,0.0,20690000.0,236000.0,116000.0,-4552000.0,-0.2841093496442392,-4668000.0,-0.29134939458244913,-4318000.0,-8890000.0,-0.554862064661091,-1408000.0,-7651000.0,-0.4775308950193484,-0.10933095940396151,-0.10933095940396151,69980178.0,69980178.0,https://www.sedar.com/ModifyCompanyDocumentSearchForm.do?lang=EN&company_search=AVINO SILVER AND GOLD MINES LTD&document_selection=0&industry_group=A&FromDate=13&FromMonth=05&FromYear=2000&ToDate=13&ToMonth=11&ToYear=2020&Variable=Issuer,https://www.sedar.com/ModifyCompanyDocumentSearchForm.do?lang=EN&company_search=AVINO SILVER AND GOLD MINES LTD&document_selection=0&industry_group=A&FromDate=13&FromMonth=05&FromYear=2000&ToDate=13&ToMonth=11&ToYear=2020&Variable=Issuer,1620588802,15:33:22,20210509
1,2019-12-31,ASM.TO,USD,2019-12-31,2019-12-31,FY,31746000.0,32016000.0,-270000.0,-0.008505008505008505,0.0,4087000.0,0.0,0.0,4234000.0,36250000.0,148000.0,43000.0,-4461000.0,-0.1405216405216405,-4504000.0,-0.14187614187614186,1139000.0,-2968000.0,-0.09349209349209349,-633000.0,-31461000.0,-0.9910224910224911,-0.45,-0.45,69980178.0,69980178.0,https://www.sedar.com/ModifyCompanyDocumentSearchForm.do?lang=EN&company_search=AVINO SILVER AND GOLD MINES LTD&document_selection=0&industry_group=A&FromDate=13&FromMonth=05&FromYear=2000&ToDate=13&ToMonth=11&ToYear=2020&Variable=Issuer,https://www.sedar.com/ModifyCompanyDocumentSearchForm.do?lang=EN&company_search=AVINO SILVER AND GOLD MINES LTD&document_selection=0&industry_group=A&FromDate=13&FromMonth=05&FromYear=2000&ToDate=13&ToMonth=11&ToYear=2020&Variable=Issuer,1620588802,15:33:22,20210509
2,2018-12-31,ASM.TO,USD,2018-12-31,2018-12-31,FY,34116000.0,27850000.0,6266000.0,0.18366748739594324,0.0,4170000.0,0.0,0.0,4573000.0,32423000.0,553000.0,25000.0,1718000.0,0.05035760347051237,1693000.0,0.049624809473560794,672000.0,2033000.0,0.05959080783210224,407000.0,1626000.0,0.04766092156173057,0.02860076508629674,0.02709971229138784,56851626.0,60000637.0,https://www.sedar.com/ModifyCompanyDocumentSearchForm.do?lang=EN&company_search=AVINO SILVER AND GOLD MINES LTD&document_selection=0&industry_group=A&FromDate=13&FromMonth=05&FromYear=2000&ToDate=13&ToMonth=11&ToYear=2020&Variable=Issuer,https://www.sedar.com/ModifyCompanyDocumentSearchForm.do?lang=EN&company_search=AVINO SILVER AND GOLD MINES LTD&document_selection=0&industry_group=A&FromDate=13&FromMonth=05&FromYear=2000&ToDate=13&ToMonth=11&ToYear=2020&Variable=Issuer,1620588802,15:33:22,20210509
3,2017-12-31,ASM.TO,USD,2017-12-31,2017-12-31,FY,33358641.0,21975130.0,11383511.0,0.3412462456129433,0.0,5316034.0,0.0,0.0,5579062.0,27554192.0,259619.0,14761.0,5819210.0,0.17444385699045714,5804449.0,0.1740013629452111,-366590.0,5424050.0,0.16259805068198072,2770589.0,2653461.0,0.07954343823538855,0.05051954503982164,0.04976482655882523,52523454.0,53320009.0,https://www.sedar.com/ModifyCompanyDocumentSearchForm.do?lang=EN&company_search=AVINO SILVER AND GOLD MINES LTD&document_selection=0&industry_group=A&FromDate=13&FromMonth=05&FromYear=2000&ToDate=13&ToMonth=11&ToYear=2020&Variable=Issuer,https://www.sedar.com/ModifyCompanyDocumentSearchForm.do?lang=EN&company_search=AVINO SILVER AND GOLD MINES LTD&document_selection=0&industry_group=A&FromDate=13&FromMonth=05&FromYear=2000&ToDate=13&ToMonth=11&ToYear=2020&Variable=Issuer,1620588802,15:33:22,20210509
4,2016-12-31,ASM.TO,USD,2016-12-31,2016-12-31,FY,29682011.011085,18891370.433747,10790640.577338,0.36354142491585706,0.0,4755859.68306,169459.861617,0.0,5148922.699204,24040293.132951,264545.792724,11836.172904,5653554.051038,0.19047072143887528,5641717.878134,0.19007195557022913,160031.991667,5588593.854624,0.18828218386338083,4106204.895469,1482388.959155,0.04994233573329614,0.03471962230360273,0.033851103932477596,42695999.0,43791451.0,https://www.sedar.com/ModifyCompanyDocumentSearchForm.do?lang=EN&company_search=AVINO SILVER AND GOLD MINES LTD&document_selection=0&industry_group=A&FromDate=13&FromMonth=05&FromYear=2000&ToDate=13&ToMonth=11&ToYear=2020&Variable=Issuer,https://www.sedar.com/ModifyCompanyDocumentSearchForm.do?lang=EN&company_search=AVINO SILVER AND GOLD MINES LTD&document_selection=0&industry_group=A&FromDate=13&FromMonth=05&FromYear=2000&ToDate=13&ToMonth=11&ToYear=2020&Variable=Issuer,1620588802,15:33:22,20210509
5,2015-12-31,ASM.TO,USD,2015-12-31,2015-12-31,FY,13751520.152195,7899238.302503,5852281.849693,0.4255734482386565,0.0,2874138.316194,180228.293063,0.0,3166122.837233,11065361.139736,140029.11313,13085.055019,2699244.067479,0.19628695864930615,2686159.01246,0.19533542348270774,-467906.376784,2120810.84392,0.15422373820842483,1772444.854398,348365.989522,0.025332907610682905,0.009615554183858954,0.009486128913175339,36229424.0,36723725.0,https://www.sedar.com/ModifyCompanyDocumentSearchForm.do?lang=EN&company_search=AVINO SILVER AND GOLD MINES LTD&document_selection=0&industry_group=A&FromDate=13&FromMonth=05&FromYear=2000&ToDate=13&ToMonth=11&ToYear=2020&Variable=Issuer,https://www.sedar.com/ModifyCompanyDocumentSearchForm.do?lang=EN&company_search=AVINO SILVER AND GOLD MINES LTD&document_selection=0&industry_group=A&FromDate=13&FromMonth=05&FromYear=2000&ToDate=13&ToMonth=11&ToYear=2020&Variable=Issuer,1620588802,15:33:22,20210509
6,2014-12-31,ASM.TO,USD,2014-12-31,2014-12-31,FY,16623841.806936,9814623.641094,6809218.165843,0.4096055680102764,0.0,3265653.911755,180946.022776,0.0,3575939.389763,13390563.030856,218881.69116,15814.137794,3249092.9138740003,0.19544777624859103,3233278.77608,0.19449648364260616,1155147.046155,4205429.5953,0.2529757948938951,2039648.191858,2165781.403442,0.13028164178862472,0.06698315650310653,0.06508980966497906,32333224.0,33273740.0,https://www.sedar.com/ModifyCompanyDocumentSearchForm.do?lang=EN&company_search=AVINO SILVER AND GOLD MINES LTD&document_selection=0&industry_group=A&FromDate=13&FromMonth=05&FromYear=2000&ToDate=13&ToMonth=11&ToYear=2020&Variable=Issuer,https://www.sedar.com/ModifyCompanyDocumentSearchForm.do?lang=EN&company_search=AVINO SILVER AND GOLD MINES LTD&document_selection=0&industry_group=A&FromDate=13&FromMonth=05&FromYear=2000&ToDate=13&ToMonth=11&ToYear=2020&Variable=Issuer,1620588802,15:33:22,20210509
7,2013-12-31,ASM.TO,USD,2013-12-31,2013-12-31,FY,15115659.71994,8422860.336035,6692799.383905,0.44277256222406985,0.0,3783099.636541,155770.729829,97487.720353,3939515.576134,12362375.912169,49544.032984,645.209764,2753929.017535,0.18219046132019778,2753283.807771,0.1821477764638333,459016.501216,3201829.503085,0.21182201520858987,2405214.271627,796615.231458,0.05270132076386555,0.029068054306742534,0.028757216068009264,27405179.0,27701403.0,https://www.sedar.com/ModifyCompanyDocumentSearchForm.do?lang=EN&company_search=AVINO SILVER AND GOLD MINES LTD&document_selection=0&industry_group=A&FromDate=13&FromMonth=05&FromYear=2000&ToDate=13&ToMonth=11&ToYear=2020&Variable=Issuer,https://www.sedar.com/ModifyCompanyDocumentSearchForm.do?lang=EN&company_search=AVINO SILVER AND GOLD MINES LTD&document_selection=0&industry_group=A&FromDate=13&FromMonth=05&FromYear=2000&ToDate=13&ToMonth=11&ToYear=2020&Variable=Issuer,1620588802,15:33:22,20210509
8,2012-12-31,ASM.TO,USD,2012-12-31,2012-12-31,FY,2267096.890926,1442024.265452,825072.625474,0.36393355254304877,0.0,1234191.7714589997,747013.057507,23585.939306,1987430.013168,3429454.27862,0.0,6225.184202,-1156132.203492,-0.5099615319130782,-1162357.387694,-0.5127074155261325,132415.588593,-1008068.715258,-0.44465180085278677,261673.853824,-1269742.569082,-0.5600742403926862,-0.05026,-0.05026,27072053.0,27072053.0,https://www.sedar.com/ModifyCompanyDocumentSearchForm.do?lang=EN&company_search=AVINO SILVER AND GOLD MINES LTD&document_selection=0&industry_group=A&FromDate=13&FromMonth=05&FromYear=2000&ToDate=13&ToMonth=11&ToYear=2020&Variable=Issuer,https://www.sedar.com/ModifyCompanyDocumentSearchForm.do?lang=EN&company_search=AVINO SILVER AND GOLD MINES LTD&document_selection=0&industry_group=A&FromDate=13&FromMonth=05&FromYear=2000&ToDate=13&ToMonth=11&ToYear=2020&Variable=Issuer,1620588802,15:33:22,20210509
9,2011-12-31,ASM.TO,USD,2011-12-31,2011-12-31,FY,0.0,0.0,0.0,0.0,0.0,3828010.773751,130700.29383,0.0,3959497.55142,3959497.55142,0.0,786.483839,-3958711.067581,0.0,-3959497.55142,0.0,-131305.582762,-4013568.070519,0.0,84718.903036,-4098286.973555,0.0,-0.156709,-0.156709,26795632.0,26795632.0,https://www.sedar.com/ModifyCompanyDocumentSearchForm.do?lang=EN&company_search=AVINO SILVER AND GOLD MINES LTD&document_selection=0&industry_group=A&FromDate=13&FromMonth=05&FromYear=2000&ToDate=13&ToMonth=11&ToYear=2020&Variable=Issuer,https://www.sedar.com/ModifyCompanyDocumentSearchForm.do?lang=EN&company_search=AVINO SILVER AND GOLD MINES LTD&document_selection=0&industry_group=A&FromDate=13&FromMonth=05&FromYear=2000&ToDate=13&ToMonth=11&ToYear=2020&Variable=Issuer,1620588802,15:33:22,20210509
10,2010-12-31,ASM.TO,USD,2010-12-31,2010-12-31,FY,0.0,0.0,0.0,0.0,0.0,1039168.7330019999,45024.796033,0.0,1088026.915693,1088026.915693,0.0,3833.386658,-1084193.529035,0.0,-1088026.915693,0.0,-84044.552872,-1157867.741161,0.0,332087.865941,-1489955.607103,0.0,-0.069989,-0.069989,21059008.0,21059008.0,https://www.sedar.com/ModifyCompanyDocumentSearchForm.do?lang=EN&company_search=AVINO SILVER AND GOLD MINES LTD&document_selection=0&industry_group=A&FromDate=13&FromMonth=05&FromYear=2000&ToDate=13&ToMonth=11&ToYear=2020&Variable=Issuer,https://www.sedar.com/ModifyCompanyDocumentSearchForm.do?lang=EN&company_search=AVINO SILVER AND GOLD MINES LTD&document_selection=0&industry_group=A&FromDate=13&FromMonth=05&FromYear=2000&ToDate=13&ToMonth=11&ToYear=2020&Variable=Issuer,1620588802,15:33:22,20210509
11,2009-12-31,ASM.TO,USD,2009-12-31,2009-12-31,FY,0.0,0.0,280.775475,0.0,0.0,703769.458504,106097.793907,0.0,812371.311241,812371.311241,0.0,2223.283354,-810148.027887,0.0,-812371.311241,0.0,-424898.290517,-1172114.411231,0.0,-228786.17133,-943328.239901,0.0,-0.05,-0.05,20584727.0,20584727.0,https://www.sedar.com/ModifyCompanyDocumentSearchForm.do?lang=EN&company_search=AVINO SILVER AND GOLD MINES LTD&document_selection=0&industry_group=A&FromDate=13&FromMonth=05&FromYear=2000&ToDate=13&ToMonth=11&ToYear=2020&Variable=Issuer,https://www.sedar.com/ModifyCompanyDocumentSearchForm.do?lang=EN&company_search=AVINO SILVER AND GOLD MINES LTD&document_selection=0&industry_group=A&FromDate=13&FromMonth=05&FromYear=2000&ToDate=13&ToMonth=11&ToYear=2020&Variable=Issuer,1620588802,15:33:22,20210509
12,2008-12-31,ASM.TO,USD,2008-12-31,2008-12-31,FY,0.0,0.0,0.0,0.0,0.0,1162791.290057,122517.666393,0.0,1294916.187346,1294916.187346,0.0,2357.436319,-1292558.751027,0.0,-1294916.187346,0.0,-8788.824979,-1183420.706656,0.0,81062.448644,-1264483.1553,0.0,-0.057518,-0.057518,20584727.0,20584727.0,https://www.sedar.com/ModifyCompanyDocumentSearchForm.do?lang=EN&company_search=AVINO SILVER AND GOLD MINES LTD&document_selection=0&industry_group=A&FromDate=13&FromMonth=05&FromYear=2000&ToDate=13&ToMonth=11&ToYear=2020&Variable=Issuer,https://www.sedar.com/ModifyCompanyDocumentSearchForm.do?lang=EN&company_search=AVINO SILVER AND GOLD MINES LTD&document_selection=0&industry_group=A&FromDate=13&FromMonth=05&FromYear=2000&ToDate=13&ToMonth=11&ToYear=2020&Variable=Issuer,1620588802,15:33:22,20210509
13,2007-12-31,ASM.TO,USD,2007-12-31,2007-12-31,FY,0.0,0.0,0.0,0.0,0.0,865496.314248,0.0,0.0,867540.139352,867540.139352,0.0,2043.825104,-865496.3142479999,0.0,-867540.139352,0.0,-876760.577603,-1385370.089872,0.0,-500513.985661,-884857.114006,0.0,-0.039958,-0.039958,22144908.0,22144908.0,https://www.sedar.com/ModifyCompanyDocumentSearchForm.do?lang=EN&company_search=AVINO SILVER AND GOLD MINES LTD&document_selection=0&industry_group=A&FromDate=13&FromMonth=05&FromYear=2000&ToDate=13&ToMonth=11&ToYear=2020&Variable=Issuer,https://www.sedar.com/ModifyCompanyDocumentSearchForm.do?lang=EN&company_search=AVINO SILVER AND GOLD MINES LTD&document_selection=0&industry_group=A&FromDate=13&FromMonth=05&FromYear=2000&ToDate=13&ToMonth=11&ToYear=2020&Variable=Issuer,1620588802,15:33:22,20210509
14,2007-01-31,ASM.TO,USD,2007-01-31,2007-01-31,FY,0.0,0.0,0.0,0.0,0.0,3401200.406918,0.0,0.0,3403470.668023,3403470.668023,0.0,2269.41336,-3401201.254663,0.0,-3403470.668023,0.0,-54286.198711,-3093030.688369,0.0,0.0,-3093030.688369,0.0,-0.169549,-0.169549,18385007.0,18385007.0,https://www.sedar.com/ModifyCompanyDocumentSearchForm.do?lang=EN&company_search=AVINO SILVER AND GOLD MINES LTD&document_selection=0&industry_group=A&FromDate=13&FromMonth=05&FromYear=2000&ToDate=13&ToMonth=11&ToYear=2020&Variable=Issuer,https://www.sedar.com/ModifyCompanyDocumentSearchForm.do?lang=EN&company_search=AVINO SILVER AND GOLD MINES LTD&document_selection=0&industry_group=A&FromDate=13&FromMonth=05&FromYear=2000&ToDate=13&ToMonth=11&ToYear=2020&Variable=Issuer,1620588802,15:33:22,20210509
15,2006-01-31,ASM.TO,USD,2006-01-31,2006-01-31,FY,0.0,0.0,0.0,0.0,0.0,1238089.283372,0.0,0.0,1238946.263828,1238946.263828,0.0,856.980456,-1238089.283372,0.0,-1238946.263828,0.0,-890865.287919,-2089522.976695,0.0,-17270.77959,-2072251.322636,0.0,-0.192383,-0.192383,10965718.0,10965718.0,https://www.sedar.com/ModifyCompanyDocumentSearchForm.do?lang=EN&company_search=AVINO SILVER AND GOLD MINES LTD&document_selection=0&industry_group=A&FromDate=13&FromMonth=05&FromYear=2000&ToDate=13&ToMonth=11&ToYear=2020&Variable=Issuer,https://www.sedar.com/ModifyCompanyDocumentSearchForm.do?lang=EN&company_search=AVINO SILVER AND GOLD MINES LTD&document_selection=0&industry_group=A&FromDate=13&FromMonth=05&FromYear=2000&ToDate=13&ToMonth=11&ToYear=2020&Variable=Issuer,1620588802,15:33:22,20210509
16,2005-01-31,ASM.TO,USD,2005-01-31,2005-01-31,FY,3386.918541,0.0,0.0,0.0,0.0,407143.260443,0.0,0.0,408120.054526,408120.054526,52.025876,976.794083,-403756.341902,-119.21052632780165,-404733.135985,-119.49892832837399,-316083.628415,-690378.053994,-203.83662778915354,-33231.163845,-657146.083548,-194.02476782154176,-0.06312412675350244,-0.06248551324412664,10410379.0,10516775.0,https://www.sedar.com/ModifyCompanyDocumentSearchForm.do?lang=EN&company_search=AVINO SILVER AND GOLD MINES LTD&document_selection=0&industry_group=A&FromDate=13&FromMonth=05&FromYear=2000&ToDate=13&ToMonth=11&ToYear=2020&Variable=Issuer,https://www.sedar.com/ModifyCompanyDocumentSearchForm.do?lang=EN&company_search=AVINO SILVER AND GOLD MINES LTD&document_selection=0&industry_group=A&FromDate=13&FromMonth=05&FromYear=2000&ToDate=13&ToMonth=11&ToYear=2020&Variable=Issuer,1620588802,15:33:22,20210509
17,2004-01-31,ASM.TO,USD,2004-01-31,2004-01-31,FY,6263.396226,0.0,0.0,0.0,0.0,243726.037736,0.0,0.0,244262.641509,244262.641509,5885.283019,536.603774,-237462.641509,-37.91276057600639,-237999.245283,-37.99843354872565,-92410.566038,0.0,0.0,0.0,-336295.09434,-53.69213158573692,-0.047935301698898626,-0.04489007169301311,7015604.0,7491525.0,https://www.sedar.com/ModifyCompanyDocumentSearchForm.do?lang=EN&company_search=AVINO SILVER AND GOLD MINES LTD&document_selection=0&industry_group=A&FromDate=13&FromMonth=05&FromYear=2000&ToDate=13&ToMonth=11&ToYear=2020&Variable=Issuer,https://www.sedar.com/ModifyCompanyDocumentSearchForm.do?lang=EN&company_search=AVINO SILVER AND GOLD MINES LTD&document_selection=0&industry_group=A&FromDate=13&FromMonth=05&FromYear=2000&ToDate=13&ToMonth=11&ToYear=2020&Variable=Issuer,1620588802,15:33:22,20210509
18,2003-01-31,ASM.TO,USD,2003-01-31,2003-01-31,FY,129.468129,0.0,0.0,0.0,0.0,96668.002971,0.0,0.0,96668.002971,96668.002971,0.0,0.0,-70186.841569,-542.1167519073362,-96538.534841,-745.6548232113557,-26351.693272,0.0,0.0,0.0,-122890.228114,-949.1928945230992,-0.021845217634776513,-0.02150865325941516,5625498.0,5713525.0,https://www.sedar.com/ModifyCompanyDocumentSearchForm.do?lang=EN&company_search=AVINO SILVER AND GOLD MINES LTD&document_selection=0&industry_group=A&FromDate=13&FromMonth=05&FromYear=2000&ToDate=13&ToMonth=11&ToYear=2020&Variable=Issuer,https://www.sedar.com/ModifyCompanyDocumentSearchForm.do?lang=EN&company_search=AVINO SILVER AND GOLD MINES LTD&document_selection=0&industry_group=A&FromDate=13&FromMonth=05&FromYear=2000&ToDate=13&ToMonth=11&ToYear=2020&Variable=Issuer,1620588802,15:33:22,20210509
19,2002-01-31,ASM.TO,USD,2002-01-31,2002-01-31,FY,0.0,0.0,0.0,0.0,0.0,87683.741227,0.0,0.0,87683.741227,87683.741227,66398.451245,0.0,1039828.098298,0.0,-87683.741227,0.0,-1921714.098336,0.0,0.0,0.0,-2075042.723185,0.0,-0.428808,-0.428808,4872966.0,4872966.0,https://www.sedar.com/ModifyCompanyDocumentSearchForm.do?lang=EN&company_search=AVINO SILVER AND GOLD MINES LTD&document_selection=0&industry_group=A&FromDate=13&FromMonth=05&FromYear=2000&ToDate=13&ToMonth=11&ToYear=2020&Variable=Issuer,https://www.sedar.com/ModifyCompanyDocumentSearchForm.do?lang=EN&company_search=AVINO SILVER AND GOLD MINES LTD&document_selection=0&industry_group=A&FromDate=13&FromMonth=05&FromYear=2000&ToDate=13&ToMonth=11&ToYear=2020&Variable=Issuer,1620588802,15:33:22,20210509
20,2001-01-31,ASM.TO,USD,2001-01-31,2001-01-31,FY,1.335604,0.0,0.0,0.0,0.0,200767.304418,0.0,0.0,228240.008014,228240.008014,0.0,27472.703596,-200765.968814,-150318.48423185316,-228238.67241,-170887.98207402794,-519119.837056,0.0,0.0,0.0,-746930.448429,-559245.4413351562,-0.160272,-0.160272,4577686.0,4577686.0,https://www.sedar.com/ModifyCompanyDocumentSearchForm.do?lang=EN&company_search=AVINO SILVER AND GOLD MINES LTD&document_selection=0&industry_group=A&FromDate=13&FromMonth=05&FromYear=2000&ToDate=13&ToMonth=11&ToYear=2020&Variable=Issuer,https://www.sedar.com/ModifyCompanyDocumentSearchForm.do?lang=EN&company_search=AVINO SILVER AND GOLD MINES LTD&document_selection=0&industry_group=A&FromDate=13&FromMonth=05&FromYear=2000&ToDate=13&ToMonth=11&ToYear=2020&Variable=Issuer,1620588802,15:33:22,20210509
21,2000-01-31,ASM.TO,USD,2000-01-31,2000-01-31,FY,68959.810223,0.0,0.0,0.0,0.0,275839.24089,0.0,0.0,344799.051113,344799.051113,0.0,68959.810223,-206879.430667,-2.999999999970998,-275839.24089,-3.9999999999709983,-137919.620445,0.0,0.0,0.0,-482718.671558,-6.999999999956497,-0.10344,-0.10344,4666667.0,4666667.0,https://www.sedar.com/ModifyCompanyDocumentSearchForm.do?lang=EN&company_search=AVINO SILVER AND GOLD MINES LTD&document_selection=0&industry_group=A&FromDate=13&FromMonth=05&FromYear=2000&ToDate=13&ToMonth=11&ToYear=2020&Variable=Issuer,https://www.sedar.com/ModifyCompanyDocumentSearchForm.do?lang=EN&company_search=AVINO SILVER AND GOLD MINES LTD&document_selection=0&industry_group=A&FromDate=13&FromMonth=05&FromYear=2000&ToDate=13&ToMonth=11&ToYear=2020&Variable=Issuer,1620588802,15:33:22,20210509
22,1999-01-31,ASM.TO,USD,1999-01-31,1999-01-31,FY,66181.336863,0.0,0.0,0.0,0.0,198544.010589,0.0,0.0,264725.347452,264725.347452,132362.673726,66181.336863,-132362.673726,-2.0,-198544.010589,-3.0,-992720.052945,0.0,0.0,0.0,-1389808.074123,-21.0,-0.31767,-0.31767,4375000.0,4375000.0,https://www.sedar.com/ModifyCompanyDocumentSearchForm.do?lang=EN&company_search=AVINO SILVER AND GOLD MINES LTD&document_selection=0&industry_group=A&FromDate=13&FromMonth=05&FromYear=2000&ToDate=13&ToMonth=11&ToYear=2020&Variable=Issuer,https://www.sedar.com/ModifyCompanyDocumentSearchForm.do?lang=EN&company_search=AVINO SILVER AND GOLD MINES LTD&document_selection=0&industry_group=A&FromDate=13&FromMonth=05&FromYear=2000&ToDate=13&ToMonth=11&ToYear=2020&Variable=Issuer,1620588802,15:33:22,20210509
23,1998-01-31,ASM.TO,USD,1998-01-31,1998-01-31,FY,68808.917636,0.0,0.0,0.0,0.0,275235.670543,0.0,0.0,344044.588179,344044.588179,68808.917636,68808.917636,-206426.752907,-2.9999999999854667,-275235.670543,-3.9999999999854667,0.0,0.0,0.0,0.0,-275235.670543,-3.9999999999854667,-0.07569,-0.07569,3636364.0,3636364.0,https://www.sedar.com/ModifyCompanyDocumentSearchForm.do?lang=EN&company_search=AVINO SILVER AND GOLD MINES LTD&document_selection=0&industry_group=A&FromDate=13&FromMonth=05&FromYear=2000&ToDate=13&ToMonth=11&ToYear=2020&Variable=Issuer,https://www.sedar.com/ModifyCompanyDocumentSearchForm.do?lang=EN&company_search=AVINO SILVER AND GOLD MINES LTD&document_selection=0&industry_group=A&FromDate=13&FromMonth=05&FromYear=2000&ToDate=13&ToMonth=11&ToYear=2020&Variable=Issuer,1620588802,15:33:22,20210509
