,date,symbol,reportedCurrency,fillingDate,acceptedDate,period,revenue,costOfRevenue,grossProfit,grossProfitRatio,researchAndDevelopmentExpenses,generalAndAdministrativeExpenses,sellingAndMarketingExpenses,otherExpenses,operatingExpenses,costAndExpenses,interestExpense,depreciationAndAmortization,ebitda,ebitdaratio,operatingIncome,operatingIncomeRatio,totalOtherIncomeExpensesNet,incomeBeforeTax,incomeBeforeTaxRatio,incomeTaxExpense,netIncome,netIncomeRatio,eps,epsdiluted,weightedAverageShsOut,weightedAverageShsOutDil,link,finalLink,timestamp,est_time,est_date
0,2020-03-31,ZOTA.NS,INR,2020-03-31,2020-03-31,FY,951127000.0,685487000.0,265640000.0,0.279289726818816,1655000.0,53974000.0,50913000.0,1153000.0,240526000.0,926013000.0,136000.0,20975000.0,46089000.0,0.04845725123984494,25114000.0,0.026404465439420814,0.0,38616000.0,0.040600256327493596,11200000.0,27415000.0,0.02882370072556031,1.12,1.12,24560327,24560327,https://www.nseindia.com/companies-listing/corporate-filings-annual-reports,https://www.nseindia.com/companies-listing/corporate-filings-annual-reports,1620600175,18:42:55,20210509
1,2019-03-31,ZOTA.NS,INR,2019-03-31,2019-03-31,FY,856294307.0,593178886.0,263115421.0,0.3072721829972414,0.0,45988763.0,37908552.0,1370416.0,197454569.0,790633455.0,368029.0,13942286.0,79603138.0,0.09296235809261313,65660852.0,0.07668023886558432,0.0,78557402.0,0.09174112376762537,23073272.0,55484130.0,0.06479563106566351,2.257143,2.257143,24560692,24560692,https://www.nseindia.com/companies-listing/corporate-filings-annual-reports,https://www.nseindia.com/companies-listing/corporate-filings-annual-reports,1620600175,18:42:55,20210509
2,2018-03-31,ZOTA.NS,INR,2018-03-31,2018-03-31,FY,778515315.3,533994965.98,244520349.32,0.31408547078585647,0.0,31713216.25,33795501.85,88006.0,144873005.67,678867971.65,1086776.0,9365955.84,109013299.49000001,0.14002717396509004,99647343.65,0.1279966388478832,0.0,113418421.92,0.14568553718984237,40741728.82,72676693.1,0.09335293946271836,3.021429,3.021429,24072802,24072802,https://www.nseindia.com/companies-listing/corporate-filings-annual-reports,https://www.nseindia.com/companies-listing/corporate-filings-annual-reports,1620600175,18:42:55,20210509
3,2017-03-31,ZOTA.NS,INR,2017-03-31,2017-03-31,FY,715799819.88,451491435.74,264308384.14,0.36924902298006984,0.0,26236880.5,46010102.25,77850.0,174420580.74,625912016.48,6620161.0,10540567.0,100428370.4,0.14030231303611712,89887803.4,0.12557673375088194,0.0,83617002.63,0.11681618283169998,28206016.1,55410986.53,0.07741128873054111,2.755574,2.256084,20108692,24560692,https://www.nseindia.com/companies-listing/corporate-filings-annual-reports,https://www.nseindia.com/companies-listing/corporate-filings-annual-reports,1620600175,18:42:55,20210509
4,2016-03-31,ZOTA.NS,INR,2016-03-31,2016-03-31,FY,647333000.0,447069000.0,200264000.0,0.3093678215076321,0.0,16715000.0,33157000.0,0.0,116312000.0,563381000.0,6395000.0,12347000.0,96299000.0,0.14876269246276647,83952000.0,0.12968904721372154,0.0,77887000.0,0.12031983538611503,26029000.0,51857000.0,0.08010869212600007,2.111382,2.111382,24560692,24560692,https://www.nseindia.com/companies-listing/corporate-filings-annual-reports,https://www.nseindia.com/companies-listing/corporate-filings-annual-reports,1620600175,18:42:55,20210509
5,2015-03-31,ZOTA.NS,INR,2015-03-31,2015-03-31,FY,564634000.0,392035000.0,172599000.0,0.3056829733951551,0.0,15135000.0,26516000.0,0.0,102891000.0,494926000.0,6289000.0,15060000.0,84768000.0,0.15012911018465058,69708000.0,0.12345696504284191,0.0,63203000.0,0.11193622771565297,20600000.0,42603000.0,0.07545241696390936,2.118636060465793,1.7346009631976167,20108692,24560692,https://www.nseindia.com/companies-listing/corporate-filings-annual-reports,https://www.nseindia.com/companies-listing/corporate-filings-annual-reports,1620600175,18:42:55,20210509
6,2014-03-31,ZOTA.NS,INR,2014-03-31,2014-03-31,FY,501116000.0,361490000.0,139626000.0,0.27863009762210744,0.0,13944000.0,24661000.0,0.0,86019000.0,447509000.0,6676000.0,12069000.0,65676000.0,0.13105947525123923,53607000.0,0.10697523128377462,0.0,46972000.0,0.09373478396219638,15674000.0,31298000.0,0.062456596875773276,1.5564413637644856,1.2743126293021385,20108692,24560692,https://www.nseindia.com/companies-listing/corporate-filings-annual-reports,https://www.nseindia.com/companies-listing/corporate-filings-annual-reports,1620600175,18:42:55,20210509
7,2013-03-31,ZOTA.NS,INR,2013-03-31,2013-03-31,FY,439081000.0,318669000.0,120412000.0,0.27423641651540376,0.0,9625000.0,20039000.0,0.0,74923000.0,393592000.0,7635000.0,13514000.0,59003000.0,0.13437839487474976,45489000.0,0.10360047462768829,0.0,37898000.0,0.08631209275737278,12353000.0,25545000.0,0.058178331560691535,1.2703461766682786,1.0400765581034932,20108692,24560692,https://www.nseindia.com/companies-listing/corporate-filings-annual-reports,https://www.nseindia.com/companies-listing/corporate-filings-annual-reports,1620600175,18:42:55,20210509
8,2011-03-31,ZOTA.NS,INR,2011-03-31,2011-03-31,FY,381430000.0,276526000.0,104904000.0,0.27502818341504337,0.0,11766000.0,15990000.0,16000.0,70509000.0,347035000.0,4632000.0,13872000.0,48267000.0,0.12654222268830453,34395000.0,0.09017381957370946,0.0,29615000.0,0.07764203130325355,9781000.0,19834000.0,0.051999056183310174,0.9863396386000641,0.8075505364425399,20108692,24560692,https://www.nseindia.com/companies-listing/corporate-filings-annual-reports,https://www.nseindia.com/companies-listing/corporate-filings-annual-reports,1620600175,18:42:55,20210509
