,date,symbol,reportedCurrency,fillingDate,acceptedDate,period,revenue,costOfRevenue,grossProfit,grossProfitRatio,researchAndDevelopmentExpenses,generalAndAdministrativeExpenses,sellingAndMarketingExpenses,otherExpenses,operatingExpenses,costAndExpenses,interestExpense,depreciationAndAmortization,ebitda,ebitdaratio,operatingIncome,operatingIncomeRatio,totalOtherIncomeExpensesNet,incomeBeforeTax,incomeBeforeTaxRatio,incomeTaxExpense,netIncome,netIncomeRatio,eps,epsdiluted,weightedAverageShsOut,weightedAverageShsOutDil,link,finalLink,timestamp,est_time,est_date
0,2020-06-30,LIN.AX,AUD,2020-06-30,2020-06-30,FY,0.0,0.0,0.0,0.0,0.0,606747.0,210649.0,55286.0,1915861.0,0.0,1954.0,7665.0,-1908196.0,0.0,-1915861.0,0.0,55286.0,-1862151.0,0.0,0.0,-1796601.0,0.0,-0.005017359899197537,-0.005017359899197537,358076964.0,358076964.0,,,1620594443,17:07:23,20210509
1,2019-06-30,LIN.AX,AUD,2019-06-30,2019-06-30,FY,0.0,0.0,0.0,0.0,0.0,41573.0,218302.0,0.0,740093.0,0.0,26314.0,9693.0,-730400.0,0.0,-740093.0,0.0,0.0,-765688.0,0.0,0.0,-737085.0,0.0,-0.0021,-0.0021,358076964.0,358076964.0,,,1620594443,17:07:23,20210509
2,2018-06-30,LIN.AX,AUD,2018-06-30,2018-06-30,FY,0.0,0.0,0.0,0.0,0.0,2758.0,55000.0,3993.0,3236743.0,0.0,32500.0,0.0,-3231933.0,0.0,-3236743.0,0.0,3993.0,-3264433.0,0.0,-642857.0,-2621576.0,0.0,-0.0098,-0.0098,267812213.0,267812213.0,,,1620594443,17:07:23,20210509
3,2017-06-30,LIN.AX,AUD,2017-06-30,2017-06-30,FY,0.0,0.0,0.0,0.0,0.0,470106.0,0.0,0.0,1002513.0,0.0,0.0,0.0,-1002513.0,0.0,-1002513.0,0.0,0.0,-1000972.0,0.0,0.0,-872075.0,0.0,-0.0043,-0.0043,201524395.0,201524395.0,,,1620594443,17:07:23,20210509
4,2016-06-30,LIN.AX,AUD,2016-06-30,2016-06-30,FY,0.0,0.0,0.0,0.0,0.0,99804.0,0.0,0.0,285029.0,0.0,0.0,148.0,-284881.0,0.0,-285029.0,0.0,0.0,-282782.0,0.0,0.0,-462003.0,0.0,-0.005,-0.005,93299713.0,93299713.0,,,1620594443,17:07:23,20210509
5,2015-06-30,LIN.AX,AUD,2015-06-30,2015-06-30,FY,0.0,0.0,0.0,0.0,0.0,84970.0,0.0,0.0,429758.0,0.0,0.0,294.0,-429464.0,0.0,-429758.0,0.0,0.0,-427421.0,0.0,0.0,-14582418.0,0.0,-0.250625,-0.250625,58135032.0,58135032.0,,,1620594443,17:07:23,20210509
6,2014-06-30,LIN.AX,AUD,2014-06-30,2014-06-30,FY,0.0,0.0,0.0,0.0,0.0,145486.0,0.0,-72924.0,808595.0,0.0,0.0,34586.0,-774009.0,0.0,-808595.0,0.0,-72924.0,-856266.0,0.0,0.0,-856266.0,0.0,-0.0175,-0.0175,48214413.0,48214413.0,,,1620594443,17:07:23,20210509
7,2013-06-30,LIN.AX,AUD,2013-06-30,2013-06-30,FY,0.0,0.0,0.0,0.0,0.0,361198.0,0.0,28500.0,1099301.0,0.0,0.0,42520.0,-1056781.0,0.0,-1099301.0,0.0,28500.0,-1029074.0,0.0,0.0,-1029074.0,0.0,-0.039109,-0.039109,26269634.0,26269634.0,,,1620594443,17:07:23,20210509
8,2012-06-30,LIN.AX,AUD,2012-06-30,2012-06-30,FY,0.0,0.0,0.0,0.0,0.0,2556193.0,0.0,-68598.0,3579931.0,0.0,0.0,11078.0,-3568853.0,0.0,-3579931.0,0.0,-68598.0,-3415583.0,0.0,0.0,-3415583.0,0.0,-0.132141,-0.132141,25810551.0,25810551.0,,,1620594443,17:07:23,20210509
9,2011-06-30,LIN.AX,AUD,2011-06-30,2011-06-30,FY,0.0,0.0,0.0,0.0,0.0,69359.0,0.0,52.0,1406058.0,0.0,0.0,1568.0,-1404490.0,0.0,-1406058.0,0.0,52.0,-1259828.0,0.0,0.0,-1259828.0,0.0,-0.12266,-0.12266,10268273.0,10268273.0,,,1620594443,17:07:23,20210509
10,2010-06-30,LIN.AX,AUD,2010-06-30,2010-06-30,FY,0.0,0.0,0.0,0.0,0.0,435103.0,0.0,26243.0,1026356.0,0.0,0.0,9439.0,-1016917.0,0.0,-1026356.0,0.0,26243.0,-918692.0,0.0,0.0,-918692.0,0.0,-0.130364,-0.130364,7053939.0,7053939.0,,,1620594443,17:07:23,20210509
11,2009-06-30,LIN.AX,AUD,2009-06-30,2009-06-30,FY,0.0,0.0,0.0,0.0,0.0,547246.0,0.0,15493.0,1314682.0,0.0,0.0,26454.0,-1288228.0,0.0,-1314682.0,0.0,15493.0,-1216774.0,0.0,0.0,-1189687.0,0.0,-0.186065,-0.186065,6383802.0,6383802.0,,,1620594443,17:07:23,20210509
12,2008-06-30,LIN.AX,AUD,2008-06-30,2008-06-30,FY,0.0,0.0,0.0,0.0,0.0,783815.0,0.0,0.0,880361.0,0.0,0.0,25043.0,-855318.0,0.0,-880361.0,0.0,0.0,-696472.0,0.0,0.0,-694222.0,0.0,-0.124438,-0.124438,5579241.0,5579241.0,,,1620594443,17:07:23,20210509
13,2007-06-30,LIN.AX,AUD,2007-06-30,2007-06-30,FY,37251.0,0.0,37251.0,1.0,0.0,1837073.0,0.0,79553.0,2130090.0,0.0,0.0,23626.0,-2069213.0,-55.54785106440096,-2092839.0,-56.182089071434326,79553.0,-1830699.0,-49.1449625513409,0.0,-1830699.0,-49.1449625513409,-0.368574,-0.368574,4964246.0,4964246.0,,,1620594443,17:07:23,20210509
14,2006-06-30,LIN.AX,AUD,2006-06-30,2006-06-30,FY,135831.0,0.0,135831.0,1.0,0.0,312055.0,0.0,0.0,371963.0,0.0,0.0,59908.0,-176224.0,-1.2973768874557354,-236132.0,-1.7384249545390964,0.0,-169138.0,-1.2452091201566653,0.0,-169138.0,-1.2452091201566653,-0.052738,-0.052738,3202010.0,3202010.0,,,1620594443,17:07:23,20210509
15,2005-06-30,LIN.AX,AUD,2005-06-30,2005-06-30,FY,419110.0,0.0,419110.0,1.0,0.0,690257.0,0.0,0.0,980587.0,0.0,0.0,72043.0,-489434.0,-1.1677936579895494,-561477.0,-1.3396888644985803,0.0,-472622.0,-1.1276800839874974,-472622.0,-450161.0,-1.0740879482713368,-0.162955,-0.162955,2762981.0,2762981.0,,,1620594443,17:07:23,20210509
16,2004-06-30,LIN.AX,AUD,2004-06-30,2004-06-30,FY,254585.0,0.0,254585.0,1.0,0.0,501157.0,20554.0,0.0,1032765.0,0.0,0.0,111818.0,-666362.0,-2.6174440756525326,-778180.0,-3.056660840190899,0.0,-641493.0,-2.519759608775065,-641493.0,-590909.0,-2.321067619851916,-0.227544,-0.227544,2587936.0,2587936.0,,,1620594443,17:07:23,20210509
17,2003-06-30,LIN.AX,AUD,2003-06-30,2003-06-30,FY,315132.0,0.0,315132.0,1.0,0.0,630824.0,17300.0,0.0,1066946.0,0.0,0.0,175560.0,-576254.0,-1.8286115024814997,-751814.0,-2.3857113844357287,0.0,-599078.0,-1.901038295063656,-599078.0,-548359.0,-1.740093040376731,-0.194361,-0.194361,2806582.0,2806582.0,,,1620594443,17:07:23,20210509
18,2002-06-30,LIN.AX,AUD,2002-06-30,2002-06-30,FY,305826.0,189384.0,116442.0,0.3807459143434502,0.0,598336.0,29391.0,-24379.0,913923.0,0.0,3450.0,286196.0,-511285.0,-1.6718166539143173,-797481.0,-2.6076298287261386,-24379.0,-634722.0,-2.0754350513036823,-634722.0,-634722.0,-2.0754350513036823,-0.18962,-0.18962,3336291.0,3336291.0,,,1620594443,17:07:23,20210509
19,2001-06-30,LIN.AX,AUD,2001-06-30,2001-06-30,FY,242235.0,0.0,242235.0,1.0,0.0,869378.0,183066.0,849.0,3250401.0,0.0,0.0,0.0,-3008166.0,-12.41837884698743,-3008166.0,-12.41837884698743,849.0,-2688237.0,-11.097640720787664,-2688237.0,-2688237.0,-11.097640720787664,-0.805885,-0.805885,3332981.0,3332981.0,,,1620594443,17:07:23,20210509
20,1999-12-31,LIN.AX,AUD,1999-12-31,1999-12-31,FY,0.0,0.0,0.0,0.0,0.0,0.0,0.0,0.0,0.0,0.0,0.0,0.0,0.0,0.0,0.0,0.0,0.0,-332490.0,0.0,-332490.0,-332490.0,0.0,-0.10945617901182952,-0.10903148924113769,3037654.0,3049486.0,,,1620594443,17:07:23,20210509
