,date,symbol,reportedCurrency,fillingDate,acceptedDate,period,revenue,costOfRevenue,grossProfit,grossProfitRatio,researchAndDevelopmentExpenses,generalAndAdministrativeExpenses,sellingAndMarketingExpenses,otherExpenses,operatingExpenses,costAndExpenses,interestExpense,depreciationAndAmortization,ebitda,ebitdaratio,operatingIncome,operatingIncomeRatio,totalOtherIncomeExpensesNet,incomeBeforeTax,incomeBeforeTaxRatio,incomeTaxExpense,netIncome,netIncomeRatio,eps,epsdiluted,weightedAverageShsOut,weightedAverageShsOutDil,link,finalLink,timestamp,est_time,est_date
0,2016-12-31,MLAMY.PA,USD,2016-12-31,2016-12-31,FY,420000.0,410000.0,10000.0,0.023809523809523808,0.0,30000.0,0.0,490000.0,530000.0,940000.0,0.0,0.0,-660000.0,-1.571429,-520000.0,-1.2380952380952381,-140000.0,-660000.0,-1.5714285714285714,0.0,-660000.0,-1.5714285714285714,-3.14286,-3.14286,210000.0,210000.0,,,1620595059,17:17:39,20210509
1,2015-12-31,MLAMY.PA,USD,2015-12-31,2015-12-31,FY,40000.0,80000.0,-40000.0,-1.0,0.0,60000.0,0.0,0.0,60000.00000000001,140000.0,0.0,0.0,-1730000.0,-43.25,-100000.0,-2.5,-1630000.0,-1730000.0,-43.25,0.0,-1730000.0,-43.25,-8.13,-8.13,210000.0,210000.0,,,1620595059,17:17:39,20210509
2,2014-12-31,MLAMY.PA,USD,2014-12-31,2014-12-31,FY,80000.0,80000.0,0.0,0.0,0.0,70000.0,0.0,0.0,69999.99999999999,150000.0,30000.0,0.0,-140000.0,-1.75,-70000.0,-0.875,-130000.0,-170000.0,-2.125,0.0,-170000.0,-2.125,-0.79,-0.79,210000.0,210000.0,,,1620595059,17:17:39,20210509
3,2013-12-31,MLAMY.PA,USD,2013-12-31,2013-12-31,FY,140000.0,90000.0,50000.0,0.35714285714285715,0.0,70000.0,0.0,0.0,70000.0,160000.0,10000.0,0.0,-160000.0,-1.142857,-20000.0,-0.14285714285714285,-150000.0,-170000.0,-1.2142857142857142,0.0,-170000.0,-1.2142857142857142,-0.79,-0.79,210000.0,210000.0,,,1620595059,17:17:39,20210509
4,2012-12-31,MLAMY.PA,USD,2012-12-31,2012-12-31,FY,80000.0,40000.0,40000.0,0.5,0.0,40000.0,0.0,0.0,30000.000000000007,70000.0,0.0,0.0,-50000.0,-0.625,0.0,0.0,-60000.0,-50000.0,-0.625,0.0,-50000.0,-0.625,-0.26,-0.26,210000.0,210000.0,,,1620595059,17:17:39,20210509
5,2011-12-31,MLAMY.PA,USD,2011-12-31,2011-12-31,FY,40000.0,30000.0,0.0,0.0,0.0,0.0,0.0,0.0,0.0,30000.0,10000.0,0.0,-110000.0,-2.75,10000.0,0.25,-140000.0,-130000.0,-3.25,10000.0,-130000.0,-3.25,-0.67,-0.67,210000.0,210000.0,,,1620595059,17:17:39,20210509
6,2010-12-31,MLAMY.PA,USD,2010-12-31,2010-12-31,FY,50000.0,70000.0,-20000.0,-0.4,0.0,40000.0,0.0,0.0,39999.99999999999,110000.0,10000.0,0.0,-180000.0,-3.6,-60000.0,-1.2,-140000.0,-190000.0,-3.8,0.0,-190000.0,-3.8,-0.93,-0.93,210000.0,210000.0,,,1620595059,17:17:39,20210509
7,2009-12-31,MLAMY.PA,USD,2009-12-31,2009-12-31,FY,0.0,220000.0,0.0,0.0,0.0,50000.0,0.0,0.0,50000.00000000002,270000.0,-30000.0,0.0,-490000.0,0.0,-270000.0,0.0,-160000.0,-460000.0,0.0,0.0,-460000.0,0.0,-2.2,-2.2,210000.0,210000.0,,,1620595059,17:17:39,20210509
