,date,symbol,reportedCurrency,fillingDate,acceptedDate,period,revenue,costOfRevenue,grossProfit,grossProfitRatio,researchAndDevelopmentExpenses,generalAndAdministrativeExpenses,sellingAndMarketingExpenses,otherExpenses,operatingExpenses,costAndExpenses,interestExpense,depreciationAndAmortization,ebitda,ebitdaratio,operatingIncome,operatingIncomeRatio,totalOtherIncomeExpensesNet,incomeBeforeTax,incomeBeforeTaxRatio,incomeTaxExpense,netIncome,netIncomeRatio,eps,epsdiluted,weightedAverageShsOut,weightedAverageShsOutDil,link,finalLink,timestamp,est_time,est_date
0,2020-03-31,GTNIND.NS,INR,2020-03-31,2020-03-31,FY,3141277000,2432188000,709089000,0.22573271952775895,0.0,14544000.0,103957000.0,4070000.0,611804000,3043992000,230579000.0,91391000,188676000.0,0.06006347100239807,97285000.0,0.030969888997372724,0.0,-49084000,-0.01562549243508293,5351000.0,-54435000.0,-0.01732893979104676,-3.11,-3.11,17540378,17540378,https://www.nseindia.com/companies-listing/corporate-filings-annual-reports,https://www.nseindia.com/companies-listing/corporate-filings-annual-reports,1620592862,16:41:02,20210509
1,2019-03-31,GTNIND.NS,INR,2019-03-31,2019-03-31,FY,3290235000,2520843000,769392000,0.23384104782789072,0.0,13487000.0,104474000.0,7366000.0,676094000,3196937000,209544000.0,91977000,185275000.0,0.0563105674822619,93298000.0,0.0283560292805833,0.0,-129614000,-0.03939353875938953,-46082000.0,-83532000.0,-0.02538785223547862,-4.76,-4.76,17540378,17540378,https://www.nseindia.com/companies-listing/corporate-filings-annual-reports,https://www.nseindia.com/companies-listing/corporate-filings-annual-reports,1620592862,16:41:02,20210509
2,2018-03-31,GTNIND.NS,INR,2018-03-31,2018-03-31,FY,2679955000,2001394000,678561000,0.2531986544550188,0.0,13956000.0,91217000.0,6965000.0,581528000,2582922000,193683000.0,87610000,184643000.0,0.06889779865706701,97033000.0,0.036206951236121505,0.0,-87253000,-0.032557636228966534,-24840000.0,-62413000.0,-0.02328882387950544,-3.56,-3.56,17540378,17540378,https://www.nseindia.com/companies-listing/corporate-filings-annual-reports,https://www.nseindia.com/companies-listing/corporate-filings-annual-reports,1620592862,16:41:02,20210509
3,2017-03-31,GTNIND.NS,INR,2017-03-31,2017-03-31,FY,2838434000,2228815000,609619000,0.21477300511479216,0.0,14792000.0,87770000.0,5361000.0,504535000,2733350000,158220000.0,87666000,192750000.0,0.0679071628933419,105084000.0,0.037021822596544435,0.0,-64760000,-0.022815397504398552,0.0,-64760000.0,-0.022815397504398552,-3.69,-3.69,17540378,17540378,https://www.nseindia.com/companies-listing/corporate-filings-annual-reports,https://www.nseindia.com/companies-listing/corporate-filings-annual-reports,1620592862,16:41:02,20210509
4,2016-03-31,GTNIND.NS,INR,2016-03-31,2016-03-31,FY,2800641000,2171161000,629480000,0.22476283108045622,0.0,9000000.0,28787000.0,0.0,411607000,2582768000,165910000.0,12252000,230125000.0,0.08216868923935627,217873000.0,0.07779397645039118,0.0,-49535000,-0.017687022363808858,-5381000.0,-44154000.0,-0.015765676500486853,-2.69,-2.69,17540378,17540378,https://www.nseindia.com/companies-listing/corporate-filings-annual-reports,https://www.nseindia.com/companies-listing/corporate-filings-annual-reports,1620592862,16:41:02,20210509
5,2015-03-31,GTNIND.NS,INR,2015-03-31,2015-03-31,FY,4086903000,3451670000,635233000,0.1554313865535835,0.0,191297000.0,0.0,0.0,568186000,4019856000,190765000.0,87245000,154292000.0,0.037752792273269026,67047000.0,0.016405331861314057,0.0,-131299000,-0.03212677178783054,-5879000.0,-125420000.0,-0.030688274226229495,-7.72,-7.72,17540378,17540378,https://www.nseindia.com/companies-listing/corporate-filings-annual-reports,https://www.nseindia.com/companies-listing/corporate-filings-annual-reports,1620592862,16:41:02,20210509
6,2014-03-31,GTNIND.NS,INR,2014-03-31,2014-03-31,FY,5617837000,4678719000,939118000,0.16716718551997858,0.0,264212000.0,0.0,0.0,753422000,5432141000,0.0,149496000,335192000.0,0.05966566847703129,185696000.0,0.033054714830636774,0.0,-42097000,-0.007493453441244379,-33844000.0,-8253000.0,-0.0014690707473356739,-0.56,-0.56,17540378,17540378,https://www.nseindia.com/companies-listing/corporate-filings-annual-reports,https://www.nseindia.com/companies-listing/corporate-filings-annual-reports,1620592862,16:41:02,20210509
7,2013-03-31,GTNIND.NS,INR,2013-03-31,2013-03-31,FY,4222609000,3483549000,739060000,0.1750244931510353,0.0,234817000.0,0.0,0.0,682284000,4165833000,0.0,151734000,208510000.0,0.049379423953295226,56776000.0,0.013445715670098748,0.0,-214971000,-0.050909520630491714,-51859000.0,-163112000.0,-0.038628250922593116,-9.3,-9.3,17540378,17540378,https://www.nseindia.com/companies-listing/corporate-filings-annual-reports,https://www.nseindia.com/companies-listing/corporate-filings-annual-reports,1620592862,16:41:02,20210509
8,2012-03-31,GTNIND.NS,INR,2012-03-31,2012-03-31,FY,3801848000,3151783000,650065000,0.17098658336682582,0.0,217281000.0,0.0,0.0,643625000,3795408000,0.0,156268000,162708000.0,0.04279708184019982,6440000.0,0.001693913065435546,0.0,-151319000,-0.03980143340817413,-59480000.0,-91839000.0,-0.02415641025101477,-5.24,-5.24,17540378,17540378,https://www.nseindia.com/companies-listing/corporate-filings-annual-reports,https://www.nseindia.com/companies-listing/corporate-filings-annual-reports,1620592862,16:41:02,20210509
9,2011-03-31,GTNIND.NS,INR,2011-03-31,2011-03-31,FY,3991218000,2975112000,1016106000,0.2545854423386545,0.0,0.0,155353000.0,0.0,656388000,3631500000,182766000.0,154630000,514348000.0,0.12886993393996518,359718000.0,0.09012737465104637,0.0,176952000,0.044335338235095154,81848000.0,95104000.0,0.0238283150657268,5.63,5.63,16899282,16899282,https://www.nseindia.com/companies-listing/corporate-filings-annual-reports,https://www.nseindia.com/companies-listing/corporate-filings-annual-reports,1620592862,16:41:02,20210509
10,2010-03-31,GTNIND.NS,INR,2010-03-31,2010-03-31,FY,2730515000,2105299000,625216000,0.22897365515296564,0.0,0.0,111268000.0,0.0,554609000,2659908000,143381000.0,156929000,227536000.0,0.08333080023365555,70607000.0,0.02585849189621738,0.0,-95766000,-0.035072504637403565,-35636000.0,-60130000.0,-0.022021486789122198,-5.21,-5.21,11540378,11540378,https://www.nseindia.com/companies-listing/corporate-filings-annual-reports,https://www.nseindia.com/companies-listing/corporate-filings-annual-reports,1620592862,16:41:02,20210509
11,2009-03-31,GTNIND.NS,INR,2009-03-31,2009-03-31,FY,2064400000,1246000000,818400000,0.39643479945746946,0.0,0.0,0.0,0.0,962700000,2208700000,152900000.0,153700000,9400000.0,0.004553381127688432,-144300000.0,-0.0698992443324937,0.0,-274800000,-0.13311373764774267,-87200000.0,-187600000.0,-0.09087386165471807,-16.26,-16.26,11537515,11537515,https://www.nseindia.com/companies-listing/corporate-filings-annual-reports,https://www.nseindia.com/companies-listing/corporate-filings-annual-reports,1620592862,16:41:02,20210509
12,2008-03-31,GTNIND.NS,INR,2008-03-31,2008-03-31,FY,2805400000,1790500000,1014900000,0.3617665929992158,0.0,0.0,0.0,0.0,909200000,2699700000,122700000.0,139500000,245200000.0,0.08740286590147572,105700000.0,0.037677336565195695,0.0,-18800000,-0.006701361659656377,1300000.0,-20100000.0,-0.007164753689313467,-1.75,-1.75,11485714,11485714,https://www.nseindia.com/companies-listing/corporate-filings-annual-reports,https://www.nseindia.com/companies-listing/corporate-filings-annual-reports,1620592862,16:41:02,20210509
