,date,symbol,reportedCurrency,fillingDate,acceptedDate,period,revenue,costOfRevenue,grossProfit,grossProfitRatio,researchAndDevelopmentExpenses,generalAndAdministrativeExpenses,sellingAndMarketingExpenses,otherExpenses,operatingExpenses,costAndExpenses,interestExpense,depreciationAndAmortization,ebitda,ebitdaratio,operatingIncome,operatingIncomeRatio,totalOtherIncomeExpensesNet,incomeBeforeTax,incomeBeforeTaxRatio,incomeTaxExpense,netIncome,netIncomeRatio,eps,epsdiluted,weightedAverageShsOut,weightedAverageShsOutDil,link,finalLink,timestamp,est_time,est_date
0,2020-03-31,0226.HK,HKD,2020-03-31,2020-03-31,FY,925155000,284952000,640203000,0.6919953953661819,0.0,632011000,0.0,1850000.0,0.0,1135418000,91921000.0,204779000.0,-5484000.0,-0.005927655365857613,-210263000.0,-0.22727326772270592,0.0,186046000,0.201097113456664,2346000.0,-10315000.0,-0.011149483059595419,-0.02,-0.02,493154000,493154000,https://www1.hkexnews.hk/search/titlesearch.xhtml,https://www1.hkexnews.hk/search/titlesearch.xhtml,1620584606,14:23:26,20210509
1,2019-03-31,0226.HK,HKD,2019-03-31,2019-03-31,FY,2554210000,1406343000,1147867000,0.4494019677317057,0.0,798602000,0.0,0.0,0.0,2632733000,90169000.0,77332000.0,-1191000.0,-0.0004662889895505851,-78523000.0,-0.03074257793995012,0.0,306777000,0.12010641255026015,17444000.0,-112191000.0,-0.04392395300308119,-0.23,-0.23,493154000,493154000,https://www1.hkexnews.hk/search/titlesearch.xhtml,https://www1.hkexnews.hk/search/titlesearch.xhtml,1620584606,14:23:26,20210509
2,2018-03-31,0226.HK,HKD,2018-03-31,2018-03-31,FY,2514404000,1380354000,1134050000,0.45102139512982004,0.0,748611000,0.0,0.0,0.0,2480252000,66680000.0,74903000.0,109055000.0,0.043372107266771764,34152000.0,0.013582542821280907,0.0,275064000,0.10939530799346485,29811000.0,96031000.0,0.03819235095076209,0.19,0.19,493154000,493154000,https://www1.hkexnews.hk/search/titlesearch.xhtml,https://www1.hkexnews.hk/search/titlesearch.xhtml,1620584606,14:23:26,20210509
3,2017-03-31,0226.HK,HKD,2017-03-31,2017-03-31,FY,2670386000,1379379000,1291007000,0.4834533284701163,0.0,813916000,0.0,0.0,0.0,2647163000,43685000.0,85805000.0,109028000.0,0.04082855437378716,23223000.0,0.008696495562813766,0.0,468276000,0.1753589181489118,37251000.0,255963000.0,0.09585243481653963,0.52,0.52,493154000,493154000,https://www1.hkexnews.hk/search/titlesearch.xhtml,https://www1.hkexnews.hk/search/titlesearch.xhtml,1620584606,14:23:26,20210509
4,2016-03-31,0226.HK,HKD,2016-03-31,2016-03-31,FY,3856686000,2204062000,1652624000,0.4285088285642129,0.0,901346000,0.0,0.0,0.0,3657605000,41343000.0,102042000.0,301123000.0,0.07807817385185105,199081000.0,0.05161970666007033,0.0,-233251000,-0.060479644959428897,110719000.0,-186565000.0,-0.048374433386591496,-0.38,-0.38,493154000,493154000,https://www1.hkexnews.hk/search/titlesearch.xhtml,https://www1.hkexnews.hk/search/titlesearch.xhtml,1620584606,14:23:26,20210509
5,2015-03-31,0226.HK,HKD,2015-03-31,2015-03-31,FY,2974195000,1596774000,1377421000,0.4631239713603177,0.0,1042409000,0.0,0.0,0.0,3152928000,39736000.0,111564000.0,-67169000.0,-0.02258392607075192,-178733000.0,-0.06009458021414198,0.0,877787000,0.2951343136546192,145494000.0,552223000.0,0.18567141697165115,1.12,1.119778,493154000,493154000,https://www1.hkexnews.hk/search/titlesearch.xhtml,https://www1.hkexnews.hk/search/titlesearch.xhtml,1620584606,14:23:26,20210509
6,2014-03-31,0226.HK,HKD,2014-03-31,2014-03-31,FY,6732004000,3557304000,3174700000,0.47158320167367695,0.0,983119000,0.0,0.0,0.0,5131951000,121334000.0,116074000.0,1716127000.0,0.25492067443810196,1600053000.0,0.2376785575290805,0.0,1269335000,0.18855232409249906,892666000.0,112173000.0,0.01666264607091737,0.23,0.22746,493154000,493154000,https://www1.hkexnews.hk/search/titlesearch.xhtml,https://www1.hkexnews.hk/search/titlesearch.xhtml,1620584606,14:23:26,20210509
7,2011-12-31,0226.HK,HKD,2011-12-31,2011-12-31,FY,338162000,38219000,299943000,0.8869802047539345,0.0,206030000,0.0,-88299000.0,0.0,397803000,67231000.0,14859000.0,-44782000.0,-0.1324276530183758,-59641000.0,-0.17636813125070233,0.0,1146804000,3.3912858334171196,80894000.0,594533000.0,1.7581307184130683,1.19,1.19,500435000,500435000,https://www1.hkexnews.hk/search/titlesearch.xhtml,https://www1.hkexnews.hk/search/titlesearch.xhtml,1620584606,14:23:26,20210509
8,2010-12-31,0226.HK,HKD,2010-12-31,2010-12-31,FY,397530000,60073000,337457000,0.848884360928735,0.0,247632000,0.0,0.0,0.0,409753000,56580000.0,0.0,2251071000.0,5.6626443287299075,-12223000.0,-0.03074736497874374,0.0,2821476000,7.097517168515584,172852000.0,1684537000.0,4.237509118808643,3.366,3.366,500433000,500433000,https://www1.hkexnews.hk/search/titlesearch.xhtml,https://www1.hkexnews.hk/search/titlesearch.xhtml,1620584606,14:23:26,20210509
9,2009-12-31,0226.HK,HKD,2009-12-31,2009-12-31,FY,1454969000,943129000,511840000,0.3517875638587489,0.0,272087000,0.0,0.0,0.0,1165477000,62123000.0,41200000.0,330692000.0,0.22728456757497925,289492000.0,0.1989678130599346,0.0,31964000,0.021968852944633185,87059000.0,1254000.0,0.0008618740330549998,0.003,0.003,501753000,501753000,https://www1.hkexnews.hk/search/titlesearch.xhtml,https://www1.hkexnews.hk/search/titlesearch.xhtml,1620584606,14:23:26,20210509
10,2008-12-31,0226.HK,HKD,2008-12-31,2008-12-31,FY,579322000,281227000,298095000,0.5145583975750964,0.0,251530000,0.0,0.0,0.0,764156000,84158000.0,42022000.0,-142812000.0,-0.24651575462350817,-184834000.0,-0.31905227144834825,0.0,-615783000,-1.0629373647125433,-33194000.0,-336744000.0,-0.5812725910633465,-0.68,-0.68,496970000,496970000,https://www1.hkexnews.hk/search/titlesearch.xhtml,https://www1.hkexnews.hk/search/titlesearch.xhtml,1620584606,14:23:26,20210509
11,2007-12-31,0226.HK,HKD,2007-12-31,2007-12-31,FY,1257066000,870028000,387038000,0.30788995963616866,0.0,246096000,0.0,0.0,0.0,1265581000,0.0,16833000.0,8318000.0,0.006616995448130806,-8515000.0,-0.006773709574517169,0.0,1494791000,1.1891109933766406,31161000.0,1463630000.0,1.1643223187963083,1.61,1.61,434116149,434116149,https://www1.hkexnews.hk/search/titlesearch.xhtml,https://www1.hkexnews.hk/search/titlesearch.xhtml,1620584606,14:23:26,20210509
12,2006-12-31,0226.HK,HKD,2006-12-31,2006-12-31,FY,1549663000,1172050000,377613000,0.2436742698251168,0.0,196960000,0.0,-33854000.0,0.0,1488657000,96067000.0,15676000.0,76682000.0,0.04948301663006731,61006000.0,0.03936726888362179,0.0,824542000,0.5320782647582087,228293000.0,261414000.0,0.16869087020855503,0.6,0.6,433735000,433735000,https://www1.hkexnews.hk/search/titlesearch.xhtml,https://www1.hkexnews.hk/search/titlesearch.xhtml,1620584606,14:23:26,20210509
13,2005-12-31,0226.HK,HKD,2005-12-31,2005-12-31,FY,2485931000,1858171000,627760000,0.25252511031078495,0.0,238811000,0.0,0.0,0.0,2306652000,0.0,0.0,179279000.0,0.07211744815121578,179279000.0,0.07211744815121578,0.0,372431000,0.14981550171746522,94832000.0,277599000.0,0.11166802296604371,0.28,0.28,433582143,433582143,https://www1.hkexnews.hk/search/titlesearch.xhtml,https://www1.hkexnews.hk/search/titlesearch.xhtml,1620584606,14:23:26,20210509
14,2004-12-31,0226.HK,HKD,2004-12-31,2004-12-31,FY,2827300000,2334955000,492345000,0.1741396385243872,0.0,235627000,0.0,0.0,0.0,2748293000,0.0,0.0,79007000.0,0.027944328511300534,79007000.0,0.027944328511300534,0.0,343534000,0.12150603048845188,66689000.0,178438000.0,0.0631125101687122,0.41,0.41,435214634,435214634,https://www1.hkexnews.hk/search/titlesearch.xhtml,https://www1.hkexnews.hk/search/titlesearch.xhtml,1620584606,14:23:26,20210509
15,2003-12-31,0226.HK,HKD,2003-12-31,2003-12-31,FY,1811747000,1195911000,615836000,0.3399128023945948,0.0,205380000,0.0,0.0,0.0,1540999000,0.0,0.0,270748000.0,0.14944029160804462,270748000.0,0.14944029160804462,0.0,361625000,0.19960016492368968,84945000.0,167488000.0,0.09244557877010422,0.38,0.38,440757895,440757895,https://www1.hkexnews.hk/search/titlesearch.xhtml,https://www1.hkexnews.hk/search/titlesearch.xhtml,1620584606,14:23:26,20210509
16,2002-12-31,0226.HK,HKD,2002-12-31,2002-12-31,FY,1116370000,760275000,356095000,0.318975787597302,0.0,221372000,0.0,0.0,0.0,1113551000,0.0,0.0,2819000.0,0.0025251484722806955,2819000.0,0.0025251484722806955,0.0,303029000,0.2714413680052312,122682000.0,-101676000.0,-0.09107733099241291,-0.23,-0.23,442069565,442069565,https://www1.hkexnews.hk/search/titlesearch.xhtml,https://www1.hkexnews.hk/search/titlesearch.xhtml,1620584606,14:23:26,20210509
