,date,symbol,reportedCurrency,fillingDate,acceptedDate,period,revenue,costOfRevenue,grossProfit,grossProfitRatio,researchAndDevelopmentExpenses,generalAndAdministrativeExpenses,sellingAndMarketingExpenses,otherExpenses,operatingExpenses,costAndExpenses,interestExpense,depreciationAndAmortization,ebitda,ebitdaratio,operatingIncome,operatingIncomeRatio,totalOtherIncomeExpensesNet,incomeBeforeTax,incomeBeforeTaxRatio,incomeTaxExpense,netIncome,netIncomeRatio,eps,epsdiluted,weightedAverageShsOut,weightedAverageShsOutDil,link,finalLink,timestamp,est_time,est_date
0,2020-12-31,1105.HK,HKD,2020-12-31,2020-12-31,FY,825747000,554268000,271479000,0.3287677702734615,0.0,234710000,159295000.0,-29730000.0,0.0,897163000,1294000.0,112804000,41388000.0,0.05012188963447642,-71416000.0,-0.10595739372955638,0.0,-87494000,-0.10595739372955638,-6585000.0,-80909000.0,-0.09798279618333461,-0.09328262145580861,-0.09328262145580861,867353412,867353412,https://www1.hkexnews.hk/search/titlesearch.xhtml,https://www1.hkexnews.hk/search/titlesearch.xhtml,1620585077,14:31:17,20210509
1,2019-12-31,1105.HK,HKD,2019-12-31,2019-12-31,FY,1261779000,794656000,467123000,0.3702098386484479,0.0,275180000,213569000.0,-139000.0,488749000.0,1283405000,2418000.0,117541000,95915000.0,0.07601568895979406,-21626000.0,-0.017139293014069818,0.0,-16767000,-0.013288380928831436,5909000.0,-22676000.0,-0.017971451418988586,-0.0261,-0.0261,867353412,867353412,https://www1.hkexnews.hk/search/titlesearch.xhtml,https://www1.hkexnews.hk/search/titlesearch.xhtml,1620585077,14:31:17,20210509
2,2018-12-31,1105.HK,HKD,2018-12-31,2018-12-31,FY,1431704000,895401000,536303000,0.37459069751848145,0.0,280636000,235176000.0,1993000.0,515812000.0,1411213000,1000.0,86690000,107181000.0,0.07486254141917603,20491000.0,0.014312315953576996,0.0,45035000,0.03145552432625738,20792000.0,24243000.0,0.016932969384733158,0.028,0.028,865821429,865821429,https://www1.hkexnews.hk/search/titlesearch.xhtml,https://www1.hkexnews.hk/search/titlesearch.xhtml,1620585077,14:31:17,20210509
3,2017-12-31,1105.HK,HKD,2017-12-31,2017-12-31,FY,1511864000,929000000,582864000,0.3855267405004683,0.0,311324000,240240000.0,-5087000.0,551564000.0,1480564000,11000.0,77378000,108678000.0,0.07188344983411206,31300000.0,0.020702920368498755,0.0,64875000,0.04291060571585804,23526000.0,41349000.0,0.027349682246551276,0.0477,0.0477,866106337,866106337,https://www1.hkexnews.hk/search/titlesearch.xhtml,https://www1.hkexnews.hk/search/titlesearch.xhtml,1620585077,14:31:17,20210509
4,2016-12-31,1105.HK,HKD,2016-12-31,2016-12-31,FY,1608966000,1010634000,598332000,0.37187361323980744,0.0,307576000,253178000.0,-5040000.0,560754000.0,1571388000,29000.0,75249000,112827000.0,0.07012391809398086,37578000.0,0.023355372332292915,0.0,44384000,0.027585418212690636,10562000.0,33822000.0,0.021020953829975274,0.03905100177215483,0.039050919981921624,866098140,866099954,https://www1.hkexnews.hk/search/titlesearch.xhtml,https://www1.hkexnews.hk/search/titlesearch.xhtml,1620585077,14:31:17,20210509
5,2015-12-31,1105.HK,HKD,2015-12-31,2015-12-31,FY,1864200000,1169666000,694534000,0.37256410256410255,0.0,336117000,284789000.0,-13980000.0,620906000.0,1790572000,207000.0,82206000,155834000.0,0.08359296212852699,73628000.0,0.03949576225726854,0.0,56274000,0.030186675249436756,-6006000.0,62280000.0,0.03340843257161249,0.0728,0.0725,855403330,858834150,https://www1.hkexnews.hk/search/titlesearch.xhtml,https://www1.hkexnews.hk/search/titlesearch.xhtml,1620585077,14:31:17,20210509
6,2014-12-31,1105.HK,HKD,2014-12-31,2014-12-31,FY,1986679000,1266355000,720324000,0.36257694373373855,0.0,319899000,292562000.0,7036000.0,612461000.0,1878816000,221000.0,79079000,186942000.0,0.09409773798384137,107863000.0,0.05429311932123911,0.0,138874000,0.06990258617522005,24707000.0,114167000.0,0.05746625398466486,0.1362,0.1349,838146591,846318693,https://www1.hkexnews.hk/search/titlesearch.xhtml,https://www1.hkexnews.hk/search/titlesearch.xhtml,1620585077,14:31:17,20210509
7,2013-12-31,1105.HK,HKD,2013-12-31,2013-12-31,FY,2035661000,1325842000,709819000,0.3486921447136827,0.0,324669000,296565000.0,6287000.0,621234000.0,1947076000,309000.0,79033000,167618000.0,0.08234082197379623,88585000.0,0.04351657766199775,0.0,124346000,0.06108384451045631,18880000.0,105662000.0,0.05190549900007909,0.1261,0.1249,837681914,846299254,https://www1.hkexnews.hk/search/titlesearch.xhtml,https://www1.hkexnews.hk/search/titlesearch.xhtml,1620585077,14:31:17,20210509
8,2012-12-31,1105.HK,HKD,2012-12-31,2012-12-31,FY,2210908000,1506170000,704738000,0.31875500925411643,0.0,321866000,297888000.0,-1968000.0,619754000.0,2125924000,598000.0,83250000,168234000.0,0.07609271846680188,84984000.0,0.03843850580847326,0.0,135782000,0.06141458622430241,15667000.0,120229000.0,0.05437991992430259,0.1431,0.1417,840169588,848517012,https://www1.hkexnews.hk/search/titlesearch.xhtml,https://www1.hkexnews.hk/search/titlesearch.xhtml,1620585077,14:31:17,20210509
9,2011-12-31,1105.HK,HKD,2011-12-31,2011-12-31,FY,2390903000,1644501000,746402000,0.3121841413056071,0.0,319044000,281517000.0,-7440000.0,600964000.0,2245465000,537000.0,81495000,226933000.0,0.09491518476491936,145438000.0,0.060829736714538396,0.0,138474000,0.05791702967456229,-153000.0,138668000.0,0.05799817056568167,0.1594,0.156,869859034,888999115,https://www1.hkexnews.hk/search/titlesearch.xhtml,https://www1.hkexnews.hk/search/titlesearch.xhtml,1620585077,14:31:17,20210509
10,2010-12-31,1105.HK,HKD,2010-12-31,2010-12-31,FY,2909661000,2143071000,766590000,0.26346368185159713,0.0,322144000,281317000.0,-3945000.0,545313000.0,2688384000,2130000.0,76667000,297944000.0,0.10239818315604464,221277000.0,0.0760490655096934,0.0,245725000,0.08445141891100029,8484000.0,240443000.0,0.0826360871592945,0.2812,0.2731,855041230,880274821,https://www1.hkexnews.hk/search/titlesearch.xhtml,https://www1.hkexnews.hk/search/titlesearch.xhtml,1620585077,14:31:17,20210509
11,2009-12-31,1105.HK,HKD,2009-12-31,2009-12-31,FY,2574964000,1954712000,620252000,0.24087793072058483,0.0,303571000,246462000.0,-994000.0,519857000.0,2474569000,1896000.0,80976000,181371000.0,0.07043632454667327,100395000.0,0.03898889460202162,0.0,110482000,0.042906230922063374,-4054000.0,121139000.0,0.047044929560180256,0.14,0.14,845837537,845837537,https://www1.hkexnews.hk/search/titlesearch.xhtml,https://www1.hkexnews.hk/search/titlesearch.xhtml,1620585077,14:31:17,20210509
12,2008-12-31,1105.HK,HKD,2008-12-31,2008-12-31,FY,2432780000,1904745000,528035000,0.21705004151629,0.0,312674000,262245000.0,0.0,756505000.0,2661250000,8556000.0,108870000,-119600000.0,-0.04916186420473697,-228470000.0,-0.0939131364118416,0.0,-152260000,-0.06258683481449206,-10246000.0,-141984000.0,-0.058362860595697105,-0.1676,-0.167623,847046111,847046111,https://www1.hkexnews.hk/search/titlesearch.xhtml,https://www1.hkexnews.hk/search/titlesearch.xhtml,1620585077,14:31:17,20210509
13,2007-12-31,1105.HK,HKD,2007-12-31,2007-12-31,FY,2254223000,1642999000,611224000,0.27114619982140187,0.0,305186000,0.0,0.0,586253000.0,2229252000,0.0,52710000,77681000.0,0.03446021090193827,24971000.0,0.011077431114845337,0.0,182071000,0.08076885028677287,22454000.0,159617000.0,0.07080799015891506,0.1852,0.1805,861862851,884304709,https://www1.hkexnews.hk/search/titlesearch.xhtml,https://www1.hkexnews.hk/search/titlesearch.xhtml,1620585077,14:31:17,20210509
14,2006-12-31,1105.HK,HKD,2006-12-31,2006-12-31,FY,1974394000,1438747000,535647000,0.2712969143949992,0.0,305788000,0.0,0.0,579595000.0,2018342000,0.0,37266000,-6682000.0,-0.0033843295715039654,-43948000.0,-0.022258981743258945,0.0,190375000,0.09642199074754076,12233000.0,178142000.0,0.09022616559815315,0.2006,0.1974,888045862,902441743,https://www1.hkexnews.hk/search/titlesearch.xhtml,https://www1.hkexnews.hk/search/titlesearch.xhtml,1620585077,14:31:17,20210509
15,2005-12-31,1105.HK,HKD,2005-12-31,2005-12-31,FY,1824522000,1325425000,499097000,0.2735494556930528,0.0,291032000,0.0,0.0,541626000.0,1867051000,0.0,41771000,-758000.0,-0.0004154512798420627,-42529000.0,-0.02330966686069009,0.0,213891000,0.11723125289801932,-6882000.0,220773000.0,0.12100319974217905,0.2406,0.2406,917593516,917593516,https://www1.hkexnews.hk/search/titlesearch.xhtml,https://www1.hkexnews.hk/search/titlesearch.xhtml,1620585077,14:31:17,20210509
16,2004-12-31,1105.HK,HKD,2004-12-31,2004-12-31,FY,1441070000,1021749000,419321000,0.29097892538183434,0.0,294045000,0.0,0.0,415883000.0,1437632000,0.0,44541000,47979000.0,0.033294010700382355,3438000.0,0.0023857272720964285,0.0,16491000,0.011443580117551541,12415000.0,4701000.0,0.0032621593676920623,0.0052,0.0052,904038462,904038462,https://www1.hkexnews.hk/search/titlesearch.xhtml,https://www1.hkexnews.hk/search/titlesearch.xhtml,1620585077,14:31:17,20210509
17,2003-12-31,1105.HK,HKD,2003-12-31,2003-12-31,FY,1181558000,757351000,424207000,0.3590234250032584,0.0,306543000,0.0,0.0,419863000.0,1177214000,0.0,38864000,43208000.0,0.03656866611710978,4344000.0,0.003676501703682765,0.0,36522000,0.03091003573248203,26821000.0,12368000.0,0.010467535237373028,0.0136,0.0134,909411765,922985075,https://www1.hkexnews.hk/search/titlesearch.xhtml,https://www1.hkexnews.hk/search/titlesearch.xhtml,1620585077,14:31:17,20210509
18,2002-12-31,1105.HK,HKD,2002-12-31,2002-12-31,FY,1094133000,665173000,428960000,0.3920547136408462,0.0,333225000,0.0,0.0,185631000.0,850804000,0.0,39157000,282486000.0,0.258182506148704,243329000.0,0.22239435242333427,0.0,203550000,0.1860377120514599,24212000.0,154768000.0,0.14145263875598305,0.1988,0.1188,778511066,1302760943,https://www1.hkexnews.hk/search/titlesearch.xhtml,https://www1.hkexnews.hk/search/titlesearch.xhtml,1620585077,14:31:17,20210509
