,date,symbol,reportedCurrency,fillingDate,acceptedDate,period,revenue,costOfRevenue,grossProfit,grossProfitRatio,researchAndDevelopmentExpenses,generalAndAdministrativeExpenses,sellingAndMarketingExpenses,otherExpenses,operatingExpenses,costAndExpenses,interestExpense,depreciationAndAmortization,ebitda,ebitdaratio,operatingIncome,operatingIncomeRatio,totalOtherIncomeExpensesNet,incomeBeforeTax,incomeBeforeTaxRatio,incomeTaxExpense,netIncome,netIncomeRatio,eps,epsdiluted,weightedAverageShsOut,weightedAverageShsOutDil,link,finalLink,timestamp,est_time,est_date
0,2020-03-31,MDC.L,GBP,2020-03-31,2020-03-31,FY,3083000000.0,1960000000.0,1123000000.0,0.36425559519948103,0.0,799000000.0,0.0,-7000000.0,799000000.0,2759000000.0,80000000.0,217000000.0,541000000.0,0.17547843010055142,324000000.0,0.10509244242620824,0.0,-275000000.0,-0.08919883230619527,24000000.0,-320000000.0,-0.10379500486539085,-0.43406780635600334,-0.43404908343686194,737212010,737243810,https://find-and-update.company-information.service.gov.uk/search/companies?q=Mediclinic+International+PLC,https://find-and-update.company-information.service.gov.uk/search/companies?q=Mediclinic+International+PLC,1620594858,17:14:18,20210509
1,2019-03-31,MDC.L,GBP,2019-03-31,2019-03-31,FY,2932000000.0,1827000000.0,1105000000.0,0.37687585266030016,0.0,780000000.0,0.0,-10000000.0,780000000.0,2607000000.0,55000000.0,168000000.0,493000000.0,0.16814461118690313,325000000.0,0.11084583901773533,0.0,-137000000.0,-0.046725784447476125,-7000000.0,-151000000.0,-0.05150068212824011,-0.20483067620604634,-0.20481691124676923,737194266,737243810,https://find-and-update.company-information.service.gov.uk/search/companies?q=Mediclinic+International+PLC,https://find-and-update.company-information.service.gov.uk/search/companies?q=Mediclinic+International+PLC,1620594858,17:14:18,20210509
2,2018-03-31,MDC.L,GBP,2018-03-31,2018-03-31,FY,2870000000.0,1773000000.0,1097000000.0,0.3822299651567944,0.0,743000000.0,0.0,-15000000.0,743000000.0,2516000000.0,61000000.0,168000000.0,522000000.0,0.1818815331010453,354000000.0,0.12334494773519164,0.0,-479000000.0,-0.16689895470383276,-5000000.0,-492000000.0,-0.17142857142857143,-0.6674714871442997,-0.6673504657841752,737110138,737243810,https://find-and-update.company-information.service.gov.uk/search/companies?q=Mediclinic+International+PLC,https://find-and-update.company-information.service.gov.uk/search/companies?q=Mediclinic+International+PLC,1620594858,17:14:18,20210509
3,2017-03-31,MDC.L,GBP,2017-03-31,2017-03-31,FY,2749000000.0,1696000000.0,1053000000.0,0.383048381229538,0.0,689000000.0,0.0,-12000000.0,689000000.0,2385000000.0,69000000.0,145000000.0,509000000.0,0.1851582393597672,364000000.0,0.13241178610403784,0.0,307000000.0,0.11167697344488905,64000000.0,229000000.0,0.08330301927973809,0.3107443647316849,0.3106163753345043,736940154,737243810,https://find-and-update.company-information.service.gov.uk/search/companies?q=Mediclinic+International+PLC,https://find-and-update.company-information.service.gov.uk/search/companies?q=Mediclinic+International+PLC,1620594858,17:14:18,20210509
4,2016-03-31,MDC.L,GBP,2016-03-31,2016-03-31,FY,2107000000.0,1264000000.0,843000000.0,0.4000949216896061,0.0,554000000.0,0.0,-7000000.0,554000000.0,1818000000.0,55000000.0,93000000.0,382000000.0,0.18130042714760322,289000000.0,0.13716184148077837,0.0,245000000.0,0.11627906976744186,55000000.0,177000000.0,0.08400569530137636,0.296,0.295,598442085,599210878,https://find-and-update.company-information.service.gov.uk/search/companies?q=Mediclinic+International+PLC,https://find-and-update.company-information.service.gov.uk/search/companies?q=Mediclinic+International+PLC,1620594858,17:14:18,20210509
5,2015-03-31,MDC.L,GBP,2015-03-31,2015-03-31,FY,1959409176.13096,1105816740.045303,853592436.085657,0.4356376638855783,0.0,451290222.869597,0.0,8785590.834573,535364990.856146,1641181730.90145,51879469.928208,84074767.986549,402302213.216059,0.205318122481412,318227445.22951,0.16240989840513068,0.0,270740770.718589,0.13817469776945338,11454631.088114,238934707.697223,0.12194222146546356,0.283308,0.278025,843385000,859318000,https://find-and-update.company-information.service.gov.uk/search/companies?q=Mediclinic+International+PLC,https://find-and-update.company-information.service.gov.uk/search/companies?q=Mediclinic+International+PLC,1620594858,17:14:18,20210509
6,2014-03-31,MDC.L,GBP,2014-03-31,2014-03-31,FY,1727650759.822527,973818295.149678,753832464.67285,0.43633382521724906,0.0,371760757.040676,0.0,113307.149357,441954536.067406,1415772831.217083,56087038.931769,70193779.026729,382071707.632173,0.22115100836202645,311877928.605444,0.1805213969503198,0.0,254204589.582675,0.14713887522544672,43963173.950558,191772350.286908,0.11100180357435656,0.236982,0.231883,809319000,826956000,https://find-and-update.company-information.service.gov.uk/search/companies?q=Mediclinic+International+PLC,https://find-and-update.company-information.service.gov.uk/search/companies?q=Mediclinic+International+PLC,1620594858,17:14:18,20210509
7,2013-03-31,MDC.L,GBP,2013-03-31,2013-03-31,FY,1749293217.721768,986033897.864908,763259319.85686,0.43632440355019975,0.0,388431121.629123,0.0,-142438.988496,462499395.647145,1448533293.512053,92656562.016775,71148274.753849,371908198.96356404,0.2126048367396789,300759924.209715,0.1719322530738538,0.0,-17235117.60804,-0.009852617864994955,31479016.457659,-71361933.236594,-0.04079472355671387,-0.096193521181404,-0.09354500976139067,741858000,762862000,https://find-and-update.company-information.service.gov.uk/search/companies?q=Mediclinic+International+PLC,https://find-and-update.company-information.service.gov.uk/search/companies?q=Mediclinic+International+PLC,1620594858,17:14:18,20210509
8,2012-03-31,MDC.L,GBP,2012-03-31,2012-03-31,FY,1790465764.17654,1002810671.339485,787655092.837055,0.4399163103793322,0.0,407427463.757629,0.0,-2117352.4001,481534797.761115,1484345469.1006,133718947.729368,74107334.003486,380227629.079426,0.2123624124442826,306120295.07594,0.17097243700536716,0.0,177287545.192956,0.0990175566269445,56435585.125732,120851960.067224,0.06749749840807791,0.158557,0.152531,627279891,651779013,https://find-and-update.company-information.service.gov.uk/search/companies?q=Mediclinic+International+PLC,https://find-and-update.company-information.service.gov.uk/search/companies?q=Mediclinic+International+PLC,1620594858,17:14:18,20210509
9,2011-03-31,MDC.L,GBP,2011-03-31,2011-03-31,FY,1696885422.553564,940871718.588492,756013703.965072,0.4455302013422816,0.0,374635858.122967,0.0,1184403.247957,441873519.430056,1382745238.018547,135841941.746436,67237661.307089,381377845.842106,0.22475167785234915,314140184.535017,0.18512751677852357,0.0,185404662.276322,0.10926174496644278,59584594.166445,125820068.109878,0.0741476510067116,0.177934,0.170281,602466503,629487996,https://find-and-update.company-information.service.gov.uk/search/companies?q=Mediclinic+International+PLC,https://find-and-update.company-information.service.gov.uk/search/companies?q=Mediclinic+International+PLC,1620594858,17:14:18,20210509
10,2010-03-31,MDC.L,GBP,2010-03-31,2010-03-31,FY,1539913722.723993,860019489.390163,679894233.33383,0.44151449740388543,0.0,397533295.785174,0.0,0.0,397533295.785174,1257552785.175337,136913162.209402,64503707.655086,346864645.20374197,0.22524940201855215,282360937.548656,0.18336153083250695,0.0,149760000.920652,0.0972522023219182,43212093.846931,106547907.073721,0.06919082900647555,0.168896,0.16081,561648160,591220932,https://find-and-update.company-information.service.gov.uk/search/companies?q=Mediclinic+International+PLC,https://find-and-update.company-information.service.gov.uk/search/companies?q=Mediclinic+International+PLC,1620594858,17:14:18,20210509
11,2009-03-31,MDC.L,GBP,2009-03-31,2009-03-31,FY,1202695968.98604,681265369.992582,521430598.993458,0.43355146474221723,0.0,319375322.447397,0.0,0.0,319375322.447397,1000640692.439978,117834930.115322,50311543.195306,252366819.741368,0.20983426090147414,202055276.546062,0.16800195706684645,0.0,89295633.682897,0.07424622347257029,36924553.631643,52371080.051254,0.04354473732493393,0.083632,0.079145,559335553,590998551,https://find-and-update.company-information.service.gov.uk/search/companies?q=Mediclinic+International+PLC,https://find-and-update.company-information.service.gov.uk/search/companies?q=Mediclinic+International+PLC,1620594858,17:14:18,20210509
12,2008-03-31,MDC.L,GBP,2008-03-31,2008-03-31,FY,594431471.39988,333921677.377884,260509794.021995,0.438250339283849,0.0,153711948.497495,0.0,0.0,153711948.497495,487633625.875379,42508148.857805,0.0,109838574.420899,0.184779204509866,106797845.524501,0.17966384800083543,0.0,67330425.563093,0.11326860841423914,22588271.801812,44742153.761281,0.07526881720430058,0.089919,0.083155,421437450,455748126,https://find-and-update.company-information.service.gov.uk/search/companies?q=Mediclinic+International+PLC,https://find-and-update.company-information.service.gov.uk/search/companies?q=Mediclinic+International+PLC,1620594858,17:14:18,20210509
13,2007-03-31,MDC.L,GBP,2007-03-31,2007-03-31,FY,375272450.876444,204846706.966113,170425743.910331,0.45413870246084914,0.0,100044669.044242,0.0,0.0,100044669.044242,304891376.010355,0.0,0.0,70381074.866089,0.18754660700969364,70381074.866089,0.18754660700969364,0.0,67372738.66406,0.179530201342283,18889552.896465,48483185.767594,0.1291946308724825,0.113687,0.103193,357606058,394106570,https://find-and-update.company-information.service.gov.uk/search/companies?q=Mediclinic+International+PLC,https://find-and-update.company-information.service.gov.uk/search/companies?q=Mediclinic+International+PLC,1620594858,17:14:18,20210509
14,2006-03-31,MDC.L,GBP,2006-03-31,2006-03-31,FY,442240066.270972,240736652.632367,201503413.638605,0.4556426000423458,0.0,120602414.854332,0.0,10580801.924332,128561425.151396,369298077.783763,0.0,0.0,72941988.487209,0.16493753969934408,72941988.487209,0.16493753969934408,0.0,80526457.123234,0.18208765615075082,40075957.731098,40450499.392136,0.09146728774084192,0.09092,0.080433,347140408,392417260,https://find-and-update.company-information.service.gov.uk/search/companies?q=Mediclinic+International+PLC,https://find-and-update.company-information.service.gov.uk/search/companies?q=Mediclinic+International+PLC,1620594858,17:14:18,20210509
15,2005-03-31,MDC.L,GBP,2005-03-31,2005-03-31,FY,342154366.112627,189384853.336641,152769512.775986,0.44649295144665435,0.0,92588764.078392,0.0,6716712.577524,92588764.078392,281973617.415033,0.0,0.0,60180748.697594,0.17588771226664485,60180748.697594,0.17588771226664485,0.0,68995830.51352,0.20165117662361973,17842659.9355,51153170.57802,0.14950319400916806,0.133392,0.131699,342367809,346749291,https://find-and-update.company-information.service.gov.uk/search/companies?q=Mediclinic+International+PLC,https://find-and-update.company-information.service.gov.uk/search/companies?q=Mediclinic+International+PLC,1620594858,17:14:18,20210509
16,2004-03-31,MDC.L,GBP,2004-03-31,2004-03-31,FY,314100462.771629,176465067.170854,137635395.600775,0.43818908888664926,0.0,84265453.077802,0.0,0.0,84265453.077802,260730520.248656,0.0,0.0,53369942.522973,0.16991360678693537,53369942.522973,0.16991360678693537,0.0,56094680.482479,0.1785883407731984,-15003993.76132,41090686.72116,0.1308202043339094,0.111059,0.109507,340839794,345751373,https://find-and-update.company-information.service.gov.uk/search/companies?q=Mediclinic+International+PLC,https://find-and-update.company-information.service.gov.uk/search/companies?q=Mediclinic+International+PLC,1620594858,17:14:18,20210509
17,2003-03-31,MDC.L,GBP,2003-03-31,2003-03-31,FY,234003972.56565,135636454.401938,98367518.163712,0.420366872772277,0.0,58785052.8377,0.0,0.0,58785052.8377,194421507.239638,0.0,0.0,39582465.326012,0.1691529630545358,39582465.326012,0.1691529630545358,0.0,43207002.232454,0.18464217405681968,-11611417.719755,31595584.512699,0.13502157320784303,0.085224,0.084184,341627089,345932700,https://find-and-update.company-information.service.gov.uk/search/companies?q=Mediclinic+International+PLC,https://find-and-update.company-information.service.gov.uk/search/companies?q=Mediclinic+International+PLC,1620594858,17:14:18,20210509
18,2002-03-31,MDC.L,GBP,2002-03-31,2002-03-31,FY,150939038.24106,85584549.245033,65354488.996026,0.4329859906199376,0.0,38463687.353642,0.0,313277.668874,38463687.353642,124048236.598675,0.0,0.0,26890801.642384,0.17815670455934365,26890801.642384,0.17815670455934365,0.0,28500343.056954,0.1888202243043115,-7815225.324503,20685117.73245,0.13704286163142534,0.054793,0.053988,348761180,353708242,https://find-and-update.company-information.service.gov.uk/search/companies?q=Mediclinic+International+PLC,https://find-and-update.company-information.service.gov.uk/search/companies?q=Mediclinic+International+PLC,1620594858,17:14:18,20210509
