,date,symbol,reportedCurrency,fillingDate,acceptedDate,period,revenue,costOfRevenue,grossProfit,grossProfitRatio,researchAndDevelopmentExpenses,generalAndAdministrativeExpenses,sellingAndMarketingExpenses,otherExpenses,operatingExpenses,costAndExpenses,interestExpense,depreciationAndAmortization,ebitda,ebitdaratio,operatingIncome,operatingIncomeRatio,totalOtherIncomeExpensesNet,incomeBeforeTax,incomeBeforeTaxRatio,incomeTaxExpense,netIncome,netIncomeRatio,eps,epsdiluted,weightedAverageShsOut,weightedAverageShsOutDil,link,finalLink,timestamp,est_time,est_date
0,2020-06-30,VNH.L,USD,2020-06-30,2020-06-30,FY,-19724614.0,0.0,0.0,0.0,0.0,1367487.0,0.0,0.0,1367487.0,0.0,0.0,0.0,0.0,0.0,0.0,1.069328961266365,0.0,-21092101.0,1.069328961266365,0.0,-21092101.0,1.069328961266365,-0.36884224432890717,-0.36884224432890717,57184613,57184613,https://find-and-update.company-information.service.gov.uk/search/companies?q=Vietnam+Holding+Ltd,https://find-and-update.company-information.service.gov.uk/search/companies?q=Vietnam+Holding+Ltd,1620599581,18:33:01,20210509
1,2019-06-30,VNH.L,USD,2019-06-30,2019-06-30,FY,-22310271.0,0.0,0.0,0.0,0.0,1110146.0,0.0,0.0,1110146.0,0.0,0.0,0.0,0.0,0.0,0.0,1.049759413500625,0.0,-23420417.0,1.049759413500625,0.0,-23420417.0,1.049759413500625,-0.41,-0.41,57184613,57184613,https://find-and-update.company-information.service.gov.uk/search/companies?q=Vietnam+Holding+Ltd,https://find-and-update.company-information.service.gov.uk/search/companies?q=Vietnam+Holding+Ltd,1620599581,18:33:01,20210509
2,2018-06-30,VNH.L,USD,2018-06-30,2018-06-30,FY,12700534.0,0.0,0.0,0.0,0.0,1449090.0,0.0,0.0,1449090.0,0.0,0.0,0.0,0.0,0.0,0.0,0.8859032226518979,0.0,11251444.0,0.8859032226518979,0.0,11251444.0,0.8859032226518979,0.16,0.16,70298637,70298637,https://find-and-update.company-information.service.gov.uk/search/companies?q=Vietnam+Holding+Ltd,https://find-and-update.company-information.service.gov.uk/search/companies?q=Vietnam+Holding+Ltd,1620599581,18:33:01,20210509
3,2017-06-30,VNH.L,USD,2017-06-30,2017-06-30,FY,28471305.0,0.0,0.0,0.0,0.0,1156321.0,0.0,0.0,1156321.0,0.0,0.0,0.0,0.0,0.0,0.0,0.9593864418929866,0.0,27314984.0,0.9593864418929866,0.0,27314984.0,0.9593864418929866,0.49,0.49,55760831,55760831,https://find-and-update.company-information.service.gov.uk/search/companies?q=Vietnam+Holding+Ltd,https://find-and-update.company-information.service.gov.uk/search/companies?q=Vietnam+Holding+Ltd,1620599581,18:33:01,20210509
4,2016-06-30,VNH.L,USD,2016-06-30,2016-06-30,FY,32515840.0,0.0,0.0,0.0,0.0,1101890.0,0.0,0.0,1101890.0,0.0,0.0,0.0,0.0,0.0,0.0,0.9661122086958234,0.0,31413950.0,0.9661122086958234,0.0,31413950.0,0.9661122086958234,0.55,0.53,57315656,59095991,https://find-and-update.company-information.service.gov.uk/search/companies?q=Vietnam+Holding+Ltd,https://find-and-update.company-information.service.gov.uk/search/companies?q=Vietnam+Holding+Ltd,1620599581,18:33:01,20210509
5,2015-06-30,VNH.L,USD,2015-06-30,2015-06-30,FY,10656992.0,0.0,0.0,0.0,0.0,1064883.0,0.0,0.0,1064883.0,0.0,0.0,0.0,0.0,0.0,0.0,0.9000765882155115,0.0,9592109.0,0.9000765882155115,0.0,9592109.0,0.9000765882155115,0.16,0.16,60782065,60782065,https://find-and-update.company-information.service.gov.uk/search/companies?q=Vietnam+Holding+Ltd,https://find-and-update.company-information.service.gov.uk/search/companies?q=Vietnam+Holding+Ltd,1620599581,18:33:01,20210509
6,2014-06-30,VNH.L,USD,2014-06-30,2014-06-30,FY,23846875.0,0.0,0.0,0.0,0.0,1215095.0,0.0,0.0,1215095.0,0.0,0.0,0.0,0.0,0.0,0.0,0.9490459441750754,0.0,22631780.0,0.9490459441750754,0.0,22631780.0,0.9490459441750754,0.37,0.37,60599915,60599915,https://find-and-update.company-information.service.gov.uk/search/companies?q=Vietnam+Holding+Ltd,https://find-and-update.company-information.service.gov.uk/search/companies?q=Vietnam+Holding+Ltd,1620599581,18:33:01,20210509
7,2013-06-30,VNH.L,USD,2013-06-30,2013-06-30,FY,19768457.0,0.0,0.0,0.0,0.0,1019814.0,0.0,0.0,1019814.0,0.0,0.0,0.0,0.0,0.0,0.0,0.9484120586649732,0.0,18748643.0,0.9484120586649732,0.0,18748643.0,0.9484120586649732,0.35,0.35,53894886,53894886,https://find-and-update.company-information.service.gov.uk/search/companies?q=Vietnam+Holding+Ltd,https://find-and-update.company-information.service.gov.uk/search/companies?q=Vietnam+Holding+Ltd,1620599581,18:33:01,20210509
8,2012-06-30,VNH.L,USD,2012-06-30,2012-06-30,FY,10180397.0,0.0,0.0,0.0,0.0,1259904.0,0.0,0.0,1259904.0,0.0,0.0,0.0,0.0,0.0,0.0,0.8762421544071415,0.0,8920493.0,0.8762421544071415,0.0,8920493.0,0.8762421544071415,0.16,0.16,54998948,54998948,https://find-and-update.company-information.service.gov.uk/search/companies?q=Vietnam+Holding+Ltd,https://find-and-update.company-information.service.gov.uk/search/companies?q=Vietnam+Holding+Ltd,1620599581,18:33:01,20210509
9,2011-06-30,VNH.L,USD,2011-06-30,2011-06-30,FY,-14618848.0,0.0,0.0,0.0,0.0,1349704.0,0.0,0.0,1349704.0,0.0,0.0,0.0,0.0,0.0,0.0,1.0923262900058883,0.0,-15968552.0,1.0923262900058883,15968552.0,-15968552.0,1.0923262900058883,-0.29,-0.29,55906862,55906862,https://find-and-update.company-information.service.gov.uk/search/companies?q=Vietnam+Holding+Ltd,https://find-and-update.company-information.service.gov.uk/search/companies?q=Vietnam+Holding+Ltd,1620599581,18:33:01,20210509
10,2010-06-30,VNH.L,USD,2010-06-30,2010-06-30,FY,13451102.0,0.0,0.0,0.0,0.0,1490817.0,0.0,0.0,1490817.0,0.0,0.0,0.0,0.0,0.0,0.0,0.8891676681955129,0.0,11960285.0,0.8891676681955129,0.0,11960285.0,0.8891676681955129,0.21,0.21,56250000,56250000,https://find-and-update.company-information.service.gov.uk/search/companies?q=Vietnam+Holding+Ltd,https://find-and-update.company-information.service.gov.uk/search/companies?q=Vietnam+Holding+Ltd,1620599581,18:33:01,20210509
11,2009-06-30,VNH.L,USD,2009-06-30,2009-06-30,FY,-856631.0,0.0,0.0,0.0,0.0,1177833.0,0.0,0.0,1177833.0,0.0,0.0,0.0,0.0,0.0,0.0,2.3749595800292074,0.0,-2034464.0,2.3749595800292074,0.0,-2034464.0,2.3749595800292074,-0.04,-0.04,56250000,56250000,https://find-and-update.company-information.service.gov.uk/search/companies?q=Vietnam+Holding+Ltd,https://find-and-update.company-information.service.gov.uk/search/companies?q=Vietnam+Holding+Ltd,1620599581,18:33:01,20210509
12,2008-06-30,VNH.L,USD,2008-06-30,2008-06-30,FY,-53926459.0,0.0,0.0,0.0,0.0,2195691.0,0.0,0.0,2195691.0,0.0,0.0,0.0,0.0,0.0,0.0,1.040716394896242,0.0,-56122150.0,1.040716394896242,0.0,-56122150.0,1.040716394896242,-1.0,-1.0,56250000,56250000,https://find-and-update.company-information.service.gov.uk/search/companies?q=Vietnam+Holding+Ltd,https://find-and-update.company-information.service.gov.uk/search/companies?q=Vietnam+Holding+Ltd,1620599581,18:33:01,20210509
