,date,symbol,reportedCurrency,fillingDate,acceptedDate,period,revenue,costOfRevenue,grossProfit,grossProfitRatio,researchAndDevelopmentExpenses,generalAndAdministrativeExpenses,sellingAndMarketingExpenses,otherExpenses,operatingExpenses,costAndExpenses,interestExpense,depreciationAndAmortization,ebitda,ebitdaratio,operatingIncome,operatingIncomeRatio,totalOtherIncomeExpensesNet,incomeBeforeTax,incomeBeforeTaxRatio,incomeTaxExpense,netIncome,netIncomeRatio,eps,epsdiluted,weightedAverageShsOut,weightedAverageShsOutDil,link,finalLink,timestamp,est_time,est_date
0,2020-06-30,MIR.AX,AUD,2020-06-30,2020-06-30,FY,7912000.0,0.0,0.0,0.0,0.0,998000.0,0.0,60000.0,0.0,0.0,122000.0,0.0,0.0,0.0,0.0,0.8814459049544995,0.0,6974000.0,0.8814459049544995,581000.0,6393000.0,0.8080131445904954,0.04009275933044678,0.04009275933044678,159455226,159455226,,,1620595026,17:17:06,20210509
1,2019-06-30,MIR.AX,AUD,2019-06-30,2019-06-30,FY,10503000.0,0.0,0.0,0.0,0.0,988000.0,0.0,40000.0,0.0,0.0,85000.0,0.0,0.0,0.0,0.0,0.9097400742644959,0.0,9555000.0,0.9097400742644959,642000.0,8913000.0,0.8486146815195659,0.0559,0.0559,159455226,159455226,,,1620595026,17:17:06,20210509
2,2018-06-30,MIR.AX,AUD,2018-06-30,2018-06-30,FY,12231000.0,0.0,0.0,0.0,0.0,915000.0,0.0,0.0,0.0,0.0,0.0,0.0,0.0,0.0,0.0,0.9251900907530046,0.0,11316000.0,0.9251900907530046,956000.0,10360000.0,0.8470280434960347,0.0657,0.0657,157790481,157790481,,,1620595026,17:17:06,20210509
3,2017-06-30,MIR.AX,AUD,2017-06-30,2017-06-30,FY,10128000.0,0.0,0.0,0.0,0.0,2325000.0,0.0,14000.0,0.0,0.0,0.0,0.0,0.0,0.0,0.0,0.7718206951026856,0.0,7817000.0,0.7718206951026856,247000.0,7570000.0,0.7474328593996841,0.0484,0.0484,156284797,156284797,,,1620595026,17:17:06,20210509
4,2016-06-30,MIR.AX,AUD,2016-06-30,2016-06-30,FY,11665000.0,0.0,0.0,0.0,0.0,2299000.0,0.0,23000.0,0.0,0.0,0.0,0.0,0.0,0.0,0.0,0.8048864123446207,0.0,9389000.0,0.8048864123446207,544000.0,8845000.0,0.75825117873982,0.0589,0.0589,150135002,150135002,,,1620595026,17:17:06,20210509
5,2015-06-30,MIR.AX,AUD,2015-06-30,2015-06-30,FY,9853000.0,0.0,0.0,0.0,0.0,2245000.0,0.0,30000.0,0.0,0.0,0.0,0.0,0.0,0.0,0.0,0.7751953719679285,0.0,7638000.0,0.7751953719679285,522000.0,7116000.0,0.7222165837815894,0.0505,0.0505,141032627,141032627,,,1620595026,17:17:06,20210509
6,2014-06-30,MIR.AX,AUD,2014-06-30,2014-06-30,FY,10315000.0,0.0,0.0,0.0,0.0,2107000.0,0.0,24000.0,0.0,0.0,0.0,0.0,0.0,0.0,0.0,0.798061076102763,0.0,8232000.0,0.798061076102763,408000.0,7824000.0,0.7585070285991274,0.0563,0.0563,139020819,139020819,,,1620595026,17:17:06,20210509
7,2013-06-30,MIR.AX,AUD,2013-06-30,2013-06-30,FY,13182000.0,0.0,0.0,0.0,0.0,1984000.0,0.0,12000.0,0.0,0.0,0.0,0.0,0.0,0.0,0.0,0.850402063419815,0.0,11210000.0,0.850402063419815,944000.0,10266000.0,0.7787892580791989,0.0746,0.0746,137577015,137577015,,,1620595026,17:17:06,20210509
8,2012-06-30,MIR.AX,AUD,2012-06-30,2012-06-30,FY,16963000.0,0.0,0.0,0.0,0.0,2006000.0,0.0,0.0,0.0,0.0,0.0,0.0,0.0,0.0,0.0,0.8817426162824972,0.0,14957000.0,0.8817426162824972,2168000.0,12789000.0,0.7539350350763426,0.0938,0.0938,136407776,136407776,,,1620595026,17:17:06,20210509
9,2011-06-30,MIR.AX,AUD,2011-06-30,2011-06-30,FY,14353000.0,0.0,0.0,0.0,0.0,1999000.0,0.0,0.0,0.0,0.0,0.0,0.0,0.0,0.0,0.0,0.860725980631227,0.0,12354000.0,0.860725980631227,1497000.0,10857000.0,0.7564272277572633,0.0809,0.0809,134274865,134274865,,,1620595026,17:17:06,20210509
10,2010-06-30,MIR.AX,AUD,2010-06-30,2010-06-30,FY,13504000.0,0.0,0.0,0.0,0.0,2077000.0,0.0,0.0,0.0,0.0,6000.0,0.0,0.0,0.0,0.0,0.846193720379147,0.0,11427000.0,0.846193720379147,1481000.0,9946000.0,0.7365225118483413,0.0793,0.0793,125383778,125383778,,,1620595026,17:17:06,20210509
11,2009-06-30,MIR.AX,AUD,2009-06-30,2009-06-30,FY,11825000.0,0.0,0.0,0.0,0.0,1642000.0,0.0,0.0,0.0,0.0,20000.0,0.0,0.0,0.0,0.0,-1.010739957716702,0.0,-11952000.0,-1.010739957716702,-5197000.0,-6755000.0,-0.5712473572938689,-0.0544,-0.0544,124089519,124089519,,,1620595026,17:17:06,20210509
12,2008-06-30,MIR.AX,AUD,2008-06-30,2008-06-30,FY,44497000.0,0.0,0.0,0.0,0.0,2270000.0,0.0,0.0,0.0,0.0,37000.0,0.0,0.0,0.0,0.0,0.9489853248533608,0.0,42227000.0,0.9489853248533608,13137000.0,29090000.0,0.6537519383329213,0.2434,0.2434,119508462,119508462,,,1620595026,17:17:06,20210509
13,2007-06-30,MIR.AX,AUD,2007-06-30,2007-06-30,FY,32843000.0,0.0,0.0,0.0,0.0,2441000.0,0.0,0.0,0.0,0.0,20000.0,0.0,0.0,0.0,0.0,0.9256767043205554,0.0,30402000.0,0.9256767043205554,5896000.0,24506000.0,0.7461559540845842,0.209316,0.209316,117060224,117060224,,,1620595026,17:17:06,20210509
14,2006-06-30,MIR.AX,AUD,2006-06-30,2006-06-30,FY,29021000.0,0.0,0.0,0.0,0.0,1928000.0,0.0,0.0,0.0,0.0,20000.0,0.0,0.0,0.0,0.0,0.933565349229868,0.0,27093000.0,0.933565349229868,6691000.0,20402000.0,0.7030081665001207,0.174978,0.174978,116610400,116610400,,,1620595026,17:17:06,20210509
15,2005-06-30,MIR.AX,AUD,2005-06-30,2005-06-30,FY,7486000.0,0.0,0.0,0.0,0.0,1660000.0,0.0,0.0,0.0,0.0,17000.0,0.0,0.0,0.0,0.0,0.9424258616083355,0.0,7055000.0,0.9424258616083355,7055000.0,6560000.0,0.8763024312049158,0.056236,0.056236,116611509,116611509,,,1620595026,17:17:06,20210509
16,2004-06-30,MIR.AX,AUD,2004-06-30,2004-06-30,FY,5813000.0,0.0,0.0,0.0,0.0,1410000.0,0.0,0.0,0.0,0.0,53000.0,0.0,0.0,0.0,0.0,0.7486667813521417,0.0,4352000.0,0.7486667813521417,4352000.0,4189000.0,0.7206261826939618,0.039415,0.039415,106181806,106181806,,,1620595026,17:17:06,20210509
17,2003-06-30,MIR.AX,AUD,2003-06-30,2003-06-30,FY,4034000.0,0.0,0.0,0.0,0.0,1056000.0,0.0,0.0,0.0,0.0,45000.0,0.0,0.0,0.0,0.0,0.7278135845314824,0.0,2936000.0,0.7278135845314824,2936000.0,2947000.0,0.7305404065443728,0.032784,0.032784,89848029,89848029,,,1620595026,17:17:06,20210509
18,2002-06-30,MIR.AX,AUD,2002-06-30,2002-06-30,FY,3893000.0,0.0,0.0,0.0,0.0,1120000.0,0.0,256000.0,0.0,0.0,127000.0,0.0,0.0,0.0,0.0,0.7033136398664269,0.0,2738000.0,0.7033136398664269,2738000.0,2701000.0,0.6938094014898536,0.030306,0.030306,89258249,89258249,,,1620595026,17:17:06,20210509
19,2001-06-30,MIR.AX,AUD,2001-06-30,2001-06-30,FY,-624000.0,0.0,0.0,0.0,0.0,0.0,0.0,0.0,0.0,0.0,624000.0,0.0,0.0,0.0,0.0,-5.017628205128205,0.0,3131000.0,-5.017628205128205,3131000.0,3021000.0,-4.841346153846154,0.033832,0.033832,89258249,89258249,,,1620595026,17:17:06,20210509
20,2000-06-30,MIR.AX,AUD,2000-06-30,2000-06-30,FY,-272000.0,0.0,0.0,0.0,0.0,0.0,0.0,0.0,0.0,0.0,272000.0,0.0,0.0,0.0,0.0,-10.790441176470589,0.0,2935000.0,-10.790441176470589,2935000.0,2899000.0,-10.658088235294118,0.032498,0.032498,89258249,89258249,,,1620595026,17:17:06,20210509
21,1999-06-30,MIR.AX,AUD,1999-06-30,1999-06-30,FY,-135000.0,0.0,0.0,0.0,0.0,0.0,0.0,0.0,0.0,0.0,135000.0,0.0,0.0,0.0,0.0,2.251851851851852,0.0,-304000.0,2.251851851851852,-304000.0,-185000.0,1.3703703703703705,-0.002097,-0.002097,89258249,89258249,,,1620595026,17:17:06,20210509
