,date,symbol,reportedCurrency,fillingDate,acceptedDate,period,revenue,costOfRevenue,grossProfit,grossProfitRatio,researchAndDevelopmentExpenses,generalAndAdministrativeExpenses,sellingAndMarketingExpenses,otherExpenses,operatingExpenses,costAndExpenses,interestExpense,depreciationAndAmortization,ebitda,ebitdaratio,operatingIncome,operatingIncomeRatio,totalOtherIncomeExpensesNet,incomeBeforeTax,incomeBeforeTaxRatio,incomeTaxExpense,netIncome,netIncomeRatio,eps,epsdiluted,weightedAverageShsOut,weightedAverageShsOutDil,link,finalLink,timestamp,est_time,est_date
0,2020-12-31,CIGI.TO,USD,2020-12-31,2020-12-31,FY,2786857000.0,1740860000.0,1045997000.0,0.3753321393957422,0.0,709665000.0,0.0,258000.0,0.0,2576431000.0,30949000.0,125906000.0,336332000.0,0.12068505847268088,210426000.0,0.07550656528124694,-42942000.0,136535000.0,0.04899246714129932,42046000.0,49074000.0,0.017609084355602028,1.23,1.22,39986000.0,40179000.0,https://www.sedar.com/ModifyCompanyDocumentSearchForm.do?lang=EN&company_search=Colliers International Group Inc&document_selection=0&industry_group=A&FromDate=13&FromMonth=05&FromYear=2000&ToDate=13&ToMonth=11&ToYear=2020&Variable=Issuer,https://www.sedar.com/ModifyCompanyDocumentSearchForm.do?lang=EN&company_search=Colliers International Group Inc&document_selection=0&industry_group=A&FromDate=13&FromMonth=05&FromYear=2000&ToDate=13&ToMonth=11&ToYear=2020&Variable=Issuer,1620590292,15:58:12,20210509
1,2019-12-31,CIGI.TO,USD,2019-12-31,2019-12-31,FY,3045811000.0,1959544000.0,1086267000.0,0.35664294337370245,0.0,744874000.0,0.0,-321000.0,839538000.0,2799082000.0,29452000.0,94664000.0,341393000.0,0.11208607494030326,246729000.0,0.0810060112068674,-26679000.0,190598000.0,0.06257709358853848,53013000.0,102903000.0,0.03378509040777645,2.6,2.57,39550000.0,39981000.0,https://www.sedar.com/ModifyCompanyDocumentSearchForm.do?lang=EN&company_search=Colliers International Group Inc&document_selection=0&industry_group=A&FromDate=13&FromMonth=05&FromYear=2000&ToDate=13&ToMonth=11&ToYear=2020&Variable=Issuer,https://www.sedar.com/ModifyCompanyDocumentSearchForm.do?lang=EN&company_search=Colliers International Group Inc&document_selection=0&industry_group=A&FromDate=13&FromMonth=05&FromYear=2000&ToDate=13&ToMonth=11&ToYear=2020&Variable=Issuer,1620590292,15:58:12,20210509
2,2018-12-31,CIGI.TO,USD,2018-12-31,2018-12-31,FY,2825427000.0,1817526000.0,1007901000.0,0.3567251958730486,0.0,705798000.0,0.0,-208000.0,784528000.0,2602054000.0,20845000.0,78730000.0,302103000.0,0.10692295359250124,223373000.0,0.07905813882291066,-20694000.0,181834000.0,0.06435629021737245,53260000.0,97658000.0,0.0345639791790763,2.49,2.45,39155000.0,39795000.0,https://www.sedar.com/ModifyCompanyDocumentSearchForm.do?lang=EN&company_search=Colliers International Group Inc&document_selection=0&industry_group=A&FromDate=13&FromMonth=05&FromYear=2000&ToDate=13&ToMonth=11&ToYear=2020&Variable=Issuer,https://www.sedar.com/ModifyCompanyDocumentSearchForm.do?lang=EN&company_search=Colliers International Group Inc&document_selection=0&industry_group=A&FromDate=13&FromMonth=05&FromYear=2000&ToDate=13&ToMonth=11&ToYear=2020&Variable=Issuer,1620590292,15:58:12,20210509
3,2017-12-31,CIGI.TO,USD,2017-12-31,2017-12-31,FY,2275362000.0,1427281000.0,848081000.0,0.3727235490440642,0.0,613335000.0,0.0,-114000.0,666327000.0,2093608000.0,11895000.0,52992000.0,234746000.0,0.10316863866057358,181754000.0,0.07987915769007305,-14427000.0,155432000.0,0.06831088855311813,63300000.0,49313000.0,0.021672595393612094,1.27,1.25,38830000.0,39308000.0,https://www.sedar.com/ModifyCompanyDocumentSearchForm.do?lang=EN&company_search=Colliers International Group Inc&document_selection=0&industry_group=A&FromDate=13&FromMonth=05&FromYear=2000&ToDate=13&ToMonth=11&ToYear=2020&Variable=Issuer,https://www.sedar.com/ModifyCompanyDocumentSearchForm.do?lang=EN&company_search=Colliers International Group Inc&document_selection=0&industry_group=A&FromDate=13&FromMonth=05&FromYear=2000&ToDate=13&ToMonth=11&ToYear=2020&Variable=Issuer,1620590292,15:58:12,20210509
4,2016-12-31,CIGI.TO,USD,2016-12-31,2016-12-31,FY,1896724000.0,1179773000.0,716951000.0,0.3779943734565493,0.0,522295000.0,0.0,2417000.0,567219000.0,1746992000.0,9190000.0,44924000.0,194656000.0,0.10262747769311718,149732000.0,0.07894242915679878,-1142000.0,139400000.0,0.07349514215036031,47829000.0,67965000.0,0.03583283598457129,1.76,1.75,38596000.0,38868000.0,https://www.sedar.com/ModifyCompanyDocumentSearchForm.do?lang=EN&company_search=Colliers International Group Inc&document_selection=0&industry_group=A&FromDate=13&FromMonth=05&FromYear=2000&ToDate=13&ToMonth=11&ToYear=2020&Variable=Issuer,https://www.sedar.com/ModifyCompanyDocumentSearchForm.do?lang=EN&company_search=Colliers International Group Inc&document_selection=0&industry_group=A&FromDate=13&FromMonth=05&FromYear=2000&ToDate=13&ToMonth=11&ToYear=2020&Variable=Issuer,1620590292,15:58:12,20210509
5,2015-12-31,CIGI.TO,USD,2015-12-31,2015-12-31,FY,1721986000.0,1044434000.0,677552000.0,0.3934712593482177,0.0,537880000.0,0.0,393000.0,576504000.0,1620938000.0,9039000.0,38624000.0,139672000.0,0.08111099625664785,101048000.0,0.05868108103085623,-19542000.0,72467000.0,0.04208338511462927,32552000.0,23347000.0,0.013558182238415411,0.63,0.62,37196000.0,37586000.0,https://www.sedar.com/ModifyCompanyDocumentSearchForm.do?lang=EN&company_search=Colliers International Group Inc&document_selection=0&industry_group=A&FromDate=13&FromMonth=05&FromYear=2000&ToDate=13&ToMonth=11&ToYear=2020&Variable=Issuer,https://www.sedar.com/ModifyCompanyDocumentSearchForm.do?lang=EN&company_search=Colliers International Group Inc&document_selection=0&industry_group=A&FromDate=13&FromMonth=05&FromYear=2000&ToDate=13&ToMonth=11&ToYear=2020&Variable=Issuer,1620590292,15:58:12,20210509
6,2014-12-31,CIGI.TO,USD,2014-12-31,2014-12-31,FY,2714273000.0,1747175000.0,967098000.0,0.3563009321464716,0.0,758436000.0,0.0,419000.0,820846000.0,2568021000.0,15102000.0,62410000.0,208662000.0,0.07687583378680037,146252000.0,0.05388256818676677,-10817000.0,121198000.0,0.0446521038966972,31799000.0,43316000.0,0.015958601069236588,1.2,1.19,35917000.0,36309000.0,https://www.sedar.com/ModifyCompanyDocumentSearchForm.do?lang=EN&company_search=Colliers International Group Inc&document_selection=0&industry_group=A&FromDate=13&FromMonth=05&FromYear=2000&ToDate=13&ToMonth=11&ToYear=2020&Variable=Issuer,https://www.sedar.com/ModifyCompanyDocumentSearchForm.do?lang=EN&company_search=Colliers International Group Inc&document_selection=0&industry_group=A&FromDate=13&FromMonth=05&FromYear=2000&ToDate=13&ToMonth=11&ToYear=2020&Variable=Issuer,1620590292,15:58:12,20210509
7,2013-12-31,CIGI.TO,USD,2013-12-31,2013-12-31,FY,2343634000.0,1509882000.0,833752000.0,0.3557517940087915,0.0,661025000.0,0.0,424000.0,733020000.0,2242902000.0,22547000.0,71995000.0,172727000.0,0.073700501016797,100732000.0,0.0429811139452662,-8967000.0,70264000.0,0.029980790515925268,22624000.0,-18039000.0,-0.007697020951223613,-0.5478316326530612,-0.5423305874571583,32928000.0,33262000.0,https://www.sedar.com/ModifyCompanyDocumentSearchForm.do?lang=EN&company_search=Colliers International Group Inc&document_selection=0&industry_group=A&FromDate=13&FromMonth=05&FromYear=2000&ToDate=13&ToMonth=11&ToYear=2020&Variable=Issuer,https://www.sedar.com/ModifyCompanyDocumentSearchForm.do?lang=EN&company_search=Colliers International Group Inc&document_selection=0&industry_group=A&FromDate=13&FromMonth=05&FromYear=2000&ToDate=13&ToMonth=11&ToYear=2020&Variable=Issuer,1620590292,15:58:12,20210509
8,2012-12-31,CIGI.TO,USD,2012-12-31,2012-12-31,FY,2305537000.0,1518034000.0,787503000.0,0.34157031528880255,0.0,639278000.0,0.0,1211000.0,692780000.0,2210814000.0,20616000.0,53502000.0,148225000.0,0.06429087887116972,94723000.0,0.04108500535883831,-13885000.0,61237000.0,0.026560840272786775,20304000.0,5850000.0,0.0025373698188317947,0.1948311463398388,0.1925862523044509,30026000.0,30376000.0,https://www.sedar.com/ModifyCompanyDocumentSearchForm.do?lang=EN&company_search=Colliers International Group Inc&document_selection=0&industry_group=A&FromDate=13&FromMonth=05&FromYear=2000&ToDate=13&ToMonth=11&ToYear=2020&Variable=Issuer,https://www.sedar.com/ModifyCompanyDocumentSearchForm.do?lang=EN&company_search=Colliers International Group Inc&document_selection=0&industry_group=A&FromDate=13&FromMonth=05&FromYear=2000&ToDate=13&ToMonth=11&ToYear=2020&Variable=Issuer,1620590292,15:58:12,20210509
9,2011-12-31,CIGI.TO,USD,2011-12-31,2011-12-31,FY,2224171000.0,1436214000.0,787957000.0,0.35426997294722395,0.0,634321000.0,0.0,0.0,685247000.0,2121461000.0,17975000.0,50926000.0,153636000.0,0.06907562413141795,102710000.0,0.046179003323035865,-10966000.0,74936000.0,0.03369165410393356,-26807000.0,74110000.0,0.03332027978064636,2.13,2.03,30094000.0,30551000.0,https://www.sedar.com/ModifyCompanyDocumentSearchForm.do?lang=EN&company_search=Colliers International Group Inc&document_selection=0&industry_group=A&FromDate=13&FromMonth=05&FromYear=2000&ToDate=13&ToMonth=11&ToYear=2020&Variable=Issuer,https://www.sedar.com/ModifyCompanyDocumentSearchForm.do?lang=EN&company_search=Colliers International Group Inc&document_selection=0&industry_group=A&FromDate=13&FromMonth=05&FromYear=2000&ToDate=13&ToMonth=11&ToYear=2020&Variable=Issuer,1620590292,15:58:12,20210509
10,2010-12-31,CIGI.TO,USD,2010-12-31,2010-12-31,FY,1986271000.0,1221323000.0,764948000.0,0.38511764004005494,0.0,620401000.0,0.0,0.0,668287000.0,1889610000.0,18347000.0,47886000.0,144547000.0,0.07277305060588408,96661000.0,0.04866455785741221,-2136000.0,77128000.0,0.03883055232644488,29228000.0,13564000.0,0.006828876824964972,0.12,0.11,30081000.0,30367000.0,https://www.sedar.com/ModifyCompanyDocumentSearchForm.do?lang=EN&company_search=Colliers International Group Inc&document_selection=0&industry_group=A&FromDate=13&FromMonth=05&FromYear=2000&ToDate=13&ToMonth=11&ToYear=2020&Variable=Issuer,https://www.sedar.com/ModifyCompanyDocumentSearchForm.do?lang=EN&company_search=Colliers International Group Inc&document_selection=0&industry_group=A&FromDate=13&FromMonth=05&FromYear=2000&ToDate=13&ToMonth=11&ToYear=2020&Variable=Issuer,1620590292,15:58:12,20210509
11,2009-12-31,CIGI.TO,USD,2009-12-31,2009-12-31,FY,1703222000.0,1062406000.0,640816000.0,0.37623750750049023,0.0,526669000.0,0.0,0.0,573052000.0,1635458000.0,13923000.0,43885000.0,111649000.0,0.0655516427101106,67764000.0,0.03978577073335126,-23471000.0,31787000.0,0.018662863678369584,39066000.0,-44854000.0,-0.026334793702758656,-1.87,-1.87,29438000.0,29438000.0,https://www.sedar.com/ModifyCompanyDocumentSearchForm.do?lang=EN&company_search=Colliers International Group Inc&document_selection=0&industry_group=A&FromDate=13&FromMonth=05&FromYear=2000&ToDate=13&ToMonth=11&ToYear=2020&Variable=Issuer,https://www.sedar.com/ModifyCompanyDocumentSearchForm.do?lang=EN&company_search=Colliers International Group Inc&document_selection=0&industry_group=A&FromDate=13&FromMonth=05&FromYear=2000&ToDate=13&ToMonth=11&ToYear=2020&Variable=Issuer,1620590292,15:58:12,20210509
12,2008-12-31,CIGI.TO,USD,2008-12-31,2008-12-31,FY,0.0,0.0,0.0,0.0,0.0,0.0,0.0,0.0,0.0,0.0,0.0,0.0,0.0,0.0,0.0,0.0,0.0,0.0,0.0,0.0,0.0,0.0,0.0,0.0,39550000.0,39550000.0,https://www.sedar.com/ModifyCompanyDocumentSearchForm.do?lang=EN&company_search=Colliers International Group Inc&document_selection=0&industry_group=A&FromDate=13&FromMonth=05&FromYear=2000&ToDate=13&ToMonth=11&ToYear=2020&Variable=Issuer,https://www.sedar.com/ModifyCompanyDocumentSearchForm.do?lang=EN&company_search=Colliers International Group Inc&document_selection=0&industry_group=A&FromDate=13&FromMonth=05&FromYear=2000&ToDate=13&ToMonth=11&ToYear=2020&Variable=Issuer,1620590292,15:58:12,20210509
13,2008-03-31,CIGI.TO,USD,2008-03-31,2008-03-31,FY,1573215000.0,939254000.0,633961000.0,0.4029716218063011,0.0,521906000.0,0.0,0.0,560385000.0,1499639000.0,0.0,38479000.0,112055000.0,0.07122675540215419,73576000.0,0.04676792428244073,4647000.0,64721000.0,0.04113932297874098,16195000.0,68798000.0,0.04373083145024679,0.92,0.85,29879000.0,30417000.0,https://www.sedar.com/ModifyCompanyDocumentSearchForm.do?lang=EN&company_search=Colliers International Group Inc&document_selection=0&industry_group=A&FromDate=13&FromMonth=05&FromYear=2000&ToDate=13&ToMonth=11&ToYear=2020&Variable=Issuer,https://www.sedar.com/ModifyCompanyDocumentSearchForm.do?lang=EN&company_search=Colliers International Group Inc&document_selection=0&industry_group=A&FromDate=13&FromMonth=05&FromYear=2000&ToDate=13&ToMonth=11&ToYear=2020&Variable=Issuer,1620590292,15:58:12,20210509
14,2007-03-31,CIGI.TO,USD,2007-03-31,2007-03-31,FY,1359686000.0,860236000.0,499450000.0,0.36732745648627696,0.0,384875000.0,0.0,0.0,416462000.0,1276698000.0,0.0,31587000.0,114575000.0,0.08426577901074218,82988000.0,0.06103468006583873,1709000.0,74743000.0,0.05497078001832776,21738000.0,34863000.0,0.025640478757595505,1.17,1.08,29797436.0,32280556.0,https://www.sedar.com/ModifyCompanyDocumentSearchForm.do?lang=EN&company_search=Colliers International Group Inc&document_selection=0&industry_group=A&FromDate=13&FromMonth=05&FromYear=2000&ToDate=13&ToMonth=11&ToYear=2020&Variable=Issuer,https://www.sedar.com/ModifyCompanyDocumentSearchForm.do?lang=EN&company_search=Colliers International Group Inc&document_selection=0&industry_group=A&FromDate=13&FromMonth=05&FromYear=2000&ToDate=13&ToMonth=11&ToYear=2020&Variable=Issuer,1620590292,15:58:12,20210509
15,2006-03-31,CIGI.TO,USD,2006-03-31,2006-03-31,FY,1068134000.0,684280000.0,383854000.0,0.359368768338055,0.0,295050000.0,0.0,0.0,318628000.0,1002908000.0,0.0,23578000.0,88804000.0,0.08313938138847747,65226000.0,0.06106537194771443,3776000.0,57123000.0,0.05347924511344082,17208000.0,69497000.0,0.0650639339258932,2.3,2.21,30216087.0,31446606.0,https://www.sedar.com/ModifyCompanyDocumentSearchForm.do?lang=EN&company_search=Colliers International Group Inc&document_selection=0&industry_group=A&FromDate=13&FromMonth=05&FromYear=2000&ToDate=13&ToMonth=11&ToYear=2020&Variable=Issuer,https://www.sedar.com/ModifyCompanyDocumentSearchForm.do?lang=EN&company_search=Colliers International Group Inc&document_selection=0&industry_group=A&FromDate=13&FromMonth=05&FromYear=2000&ToDate=13&ToMonth=11&ToYear=2020&Variable=Issuer,1620590292,15:58:12,20210509
16,2005-03-31,CIGI.TO,USD,2005-03-31,2005-03-31,FY,812290000.0,526623000.0,285667000.0,0.35168104987135135,0.0,206904000.0,0.0,0.0,234099000.0,760722000.0,0.0,27195000.0,78763000.0,0.09696413842346945,51568000.0,0.06348471604968668,375000.0,40924000.0,0.050381021556340715,11338000.0,23207000.0,0.028569845744746334,0.78,0.74,29752564.0,31360811.0,https://www.sedar.com/ModifyCompanyDocumentSearchForm.do?lang=EN&company_search=Colliers International Group Inc&document_selection=0&industry_group=A&FromDate=13&FromMonth=05&FromYear=2000&ToDate=13&ToMonth=11&ToYear=2020&Variable=Issuer,https://www.sedar.com/ModifyCompanyDocumentSearchForm.do?lang=EN&company_search=Colliers International Group Inc&document_selection=0&industry_group=A&FromDate=13&FromMonth=05&FromYear=2000&ToDate=13&ToMonth=11&ToYear=2020&Variable=Issuer,1620590292,15:58:12,20210509
17,2004-03-31,CIGI.TO,USD,2004-03-31,2004-03-31,FY,609794000.0,424069000.0,185725000.0,0.3045700679245778,0.0,132328000.0,0.0,0.0,147551000.0,571620000.0,0.0,15223000.0,53397000.0,0.08756563692000906,38174000.0,0.06260146869270607,897000.0,31166000.0,0.05110906306064015,9201000.0,19024000.0,0.031197420768325042,0.665,0.65,28607519.0,29267692.0,https://www.sedar.com/ModifyCompanyDocumentSearchForm.do?lang=EN&company_search=Colliers International Group Inc&document_selection=0&industry_group=A&FromDate=13&FromMonth=05&FromYear=2000&ToDate=13&ToMonth=11&ToYear=2020&Variable=Issuer,https://www.sedar.com/ModifyCompanyDocumentSearchForm.do?lang=EN&company_search=Colliers International Group Inc&document_selection=0&industry_group=A&FromDate=13&FromMonth=05&FromYear=2000&ToDate=13&ToMonth=11&ToYear=2020&Variable=Issuer,1620590292,15:58:12,20210509
18,2003-03-31,CIGI.TO,USD,2003-03-31,2003-03-31,FY,542692000.0,372003000.0,170689000.0,0.31452278640554865,0.0,118472000.0,0.0,0.0,132089000.0,504092000.0,0.0,13617000.0,52217000.0,0.0962184812011233,38600000.0,0.07112690070979487,1106000.0,27430000.0,0.05054432348367029,8594000.0,18836000.0,0.0347084534137227,0.675,0.65,27905185.0,28978462.0,https://www.sedar.com/ModifyCompanyDocumentSearchForm.do?lang=EN&company_search=Colliers International Group Inc&document_selection=0&industry_group=A&FromDate=13&FromMonth=05&FromYear=2000&ToDate=13&ToMonth=11&ToYear=2020&Variable=Issuer,https://www.sedar.com/ModifyCompanyDocumentSearchForm.do?lang=EN&company_search=Colliers International Group Inc&document_selection=0&industry_group=A&FromDate=13&FromMonth=05&FromYear=2000&ToDate=13&ToMonth=11&ToYear=2020&Variable=Issuer,1620590292,15:58:12,20210509
19,2002-03-31,CIGI.TO,USD,2002-03-31,2002-03-31,FY,512689000.0,343415000.0,169274000.0,0.3301689718328265,0.0,112152000.0,0.0,0.0,124231000.0,467646000.0,0.0,12079000.0,57122000.0,0.11141647275443788,45043000.0,0.08785638076884818,0.0,29566000.0,0.057668489084025595,11355000.0,17414000.0,0.033966010583414113,0.64,0.595,27209375.0,29267227.0,https://www.sedar.com/ModifyCompanyDocumentSearchForm.do?lang=EN&company_search=Colliers International Group Inc&document_selection=0&industry_group=A&FromDate=13&FromMonth=05&FromYear=2000&ToDate=13&ToMonth=11&ToYear=2020&Variable=Issuer,https://www.sedar.com/ModifyCompanyDocumentSearchForm.do?lang=EN&company_search=Colliers International Group Inc&document_selection=0&industry_group=A&FromDate=13&FromMonth=05&FromYear=2000&ToDate=13&ToMonth=11&ToYear=2020&Variable=Issuer,1620590292,15:58:12,20210509
20,2001-03-31,CIGI.TO,USD,2001-03-31,2001-03-31,FY,424174000.0,284474000.0,139700000.0,0.32934597594383436,0.0,91845000.0,0.0,0.0,103774000.0,388248000.0,0.0,11929000.0,47855000.0,0.1128192675647258,35926000.0,0.08469637460098922,0.0,23171000.0,0.05462616756331128,10464000.0,12707000.0,0.02995704592926488,0.485,0.46,26200000.0,27623913.0,https://www.sedar.com/ModifyCompanyDocumentSearchForm.do?lang=EN&company_search=Colliers International Group Inc&document_selection=0&industry_group=A&FromDate=13&FromMonth=05&FromYear=2000&ToDate=13&ToMonth=11&ToYear=2020&Variable=Issuer,https://www.sedar.com/ModifyCompanyDocumentSearchForm.do?lang=EN&company_search=Colliers International Group Inc&document_selection=0&industry_group=A&FromDate=13&FromMonth=05&FromYear=2000&ToDate=13&ToMonth=11&ToYear=2020&Variable=Issuer,1620590292,15:58:12,20210509
21,2000-03-31,CIGI.TO,USD,2000-03-31,2000-03-31,FY,340035000.0,226154000.0,113881000.0,0.3349096416545356,0.0,75904000.0,0.0,0.0,86011000.0,312165000.0,0.0,10107000.0,37977000.0,0.11168556178040495,27870000.0,0.08196215095504875,0.0,17857000.0,0.05251518226064964,7989000.0,9868000.0,0.0290205420030291,0.38,0.36,25968421.0,27411111.0,https://www.sedar.com/ModifyCompanyDocumentSearchForm.do?lang=EN&company_search=Colliers International Group Inc&document_selection=0&industry_group=A&FromDate=13&FromMonth=05&FromYear=2000&ToDate=13&ToMonth=11&ToYear=2020&Variable=Issuer,https://www.sedar.com/ModifyCompanyDocumentSearchForm.do?lang=EN&company_search=Colliers International Group Inc&document_selection=0&industry_group=A&FromDate=13&FromMonth=05&FromYear=2000&ToDate=13&ToMonth=11&ToYear=2020&Variable=Issuer,1620590292,15:58:12,20210509
22,1999-03-31,CIGI.TO,USD,1999-03-31,1999-03-31,FY,262700000.0,175600000.0,87100000.0,0.33155690902169777,0.0,58300000.0,0.0,0.0,66400000.0,242000000.0,0.0,8100000.0,28800000.0,0.10963075751808146,20700000.0,0.07879710696612105,0.0,13600000.0,0.05177007993909402,5800000.0,7800000.0,0.029691663494480394,0.31,0.31,25161290.0,25161290.0,https://www.sedar.com/ModifyCompanyDocumentSearchForm.do?lang=EN&company_search=Colliers International Group Inc&document_selection=0&industry_group=A&FromDate=13&FromMonth=05&FromYear=2000&ToDate=13&ToMonth=11&ToYear=2020&Variable=Issuer,https://www.sedar.com/ModifyCompanyDocumentSearchForm.do?lang=EN&company_search=Colliers International Group Inc&document_selection=0&industry_group=A&FromDate=13&FromMonth=05&FromYear=2000&ToDate=13&ToMonth=11&ToYear=2020&Variable=Issuer,1620590292,15:58:12,20210509
23,1998-03-31,CIGI.TO,USD,1998-03-31,1998-03-31,FY,194400000.0,129300000.0,65100000.0,0.33487654320987653,0.0,46700000.0,0.0,0.0,51900000.0,181200000.0,0.0,5200000.0,18400000.0,0.09465020576131687,13200000.0,0.06790123456790123,0.0,8200000.0,0.04218106995884774,3100000.0,5100000.0,0.026234567901234566,0.245,0.245,20816327.0,20816327.0,https://www.sedar.com/ModifyCompanyDocumentSearchForm.do?lang=EN&company_search=Colliers International Group Inc&document_selection=0&industry_group=A&FromDate=13&FromMonth=05&FromYear=2000&ToDate=13&ToMonth=11&ToYear=2020&Variable=Issuer,https://www.sedar.com/ModifyCompanyDocumentSearchForm.do?lang=EN&company_search=Colliers International Group Inc&document_selection=0&industry_group=A&FromDate=13&FromMonth=05&FromYear=2000&ToDate=13&ToMonth=11&ToYear=2020&Variable=Issuer,1620590292,15:58:12,20210509
24,1997-03-31,CIGI.TO,USD,1997-03-31,1997-03-31,FY,128800000.0,82700000.0,46100000.0,0.3579192546583851,0.0,34200000.0,0.0,0.0,37900000.0,120600000.0,0.0,3700000.0,11900000.0,0.09239130434782608,8200000.0,0.06366459627329192,0.0,5100000.0,0.039596273291925464,1700000.0,3400000.0,0.026397515527950312,0.19,0.19,17894737.0,17894737.0,https://www.sedar.com/ModifyCompanyDocumentSearchForm.do?lang=EN&company_search=Colliers International Group Inc&document_selection=0&industry_group=A&FromDate=13&FromMonth=05&FromYear=2000&ToDate=13&ToMonth=11&ToYear=2020&Variable=Issuer,https://www.sedar.com/ModifyCompanyDocumentSearchForm.do?lang=EN&company_search=Colliers International Group Inc&document_selection=0&industry_group=A&FromDate=13&FromMonth=05&FromYear=2000&ToDate=13&ToMonth=11&ToYear=2020&Variable=Issuer,1620590292,15:58:12,20210509
25,1996-03-31,CIGI.TO,USD,1996-03-31,1996-03-31,FY,90300000.0,55700000.0,34600000.0,0.3831672203765227,0.0,27000000.0,0.0,0.0,30000000.0,85700000.0,0.0,3000000.0,7600000.0,0.08416389811738649,4600000.0,0.05094130675526024,0.0,2800000.0,0.031007751937984496,300000.0,2500000.0,0.02768549280177187,0.16,0.16,15625000.0,15625000.0,https://www.sedar.com/ModifyCompanyDocumentSearchForm.do?lang=EN&company_search=Colliers International Group Inc&document_selection=0&industry_group=A&FromDate=13&FromMonth=05&FromYear=2000&ToDate=13&ToMonth=11&ToYear=2020&Variable=Issuer,https://www.sedar.com/ModifyCompanyDocumentSearchForm.do?lang=EN&company_search=Colliers International Group Inc&document_selection=0&industry_group=A&FromDate=13&FromMonth=05&FromYear=2000&ToDate=13&ToMonth=11&ToYear=2020&Variable=Issuer,1620590292,15:58:12,20210509
26,1995-03-31,CIGI.TO,USD,1995-03-31,1995-03-31,FY,23900000.0,18000000.0,5900000.0,0.24686192468619247,0.0,18900000.0,0.0,0.0,21400000.0,39400000.0,0.0,2500000.0,-13000000.0,-0.5439330543933054,-15500000.0,-0.6485355648535565,0.0,-14900000.0,-0.6234309623430963,-1700000.0,-13200000.0,-0.5523012552301255,-0.835,-0.835,15808383.0,15808383.0,https://www.sedar.com/ModifyCompanyDocumentSearchForm.do?lang=EN&company_search=Colliers International Group Inc&document_selection=0&industry_group=A&FromDate=13&FromMonth=05&FromYear=2000&ToDate=13&ToMonth=11&ToYear=2020&Variable=Issuer,https://www.sedar.com/ModifyCompanyDocumentSearchForm.do?lang=EN&company_search=Colliers International Group Inc&document_selection=0&industry_group=A&FromDate=13&FromMonth=05&FromYear=2000&ToDate=13&ToMonth=11&ToYear=2020&Variable=Issuer,1620590292,15:58:12,20210509
27,1994-09-30,CIGI.TO,USD,1994-09-30,1994-09-30,FY,65800000.0,37400000.0,28400000.0,0.4316109422492401,0.0,22400000.0,0.0,0.0,24800000.0,62200000.0,0.0,2400000.0,6000000.0,0.0911854103343465,3600000.0,0.0547112462006079,-400000.0,2500000.0,0.037993920972644375,700000.0,1800000.0,0.02735562310030395,0.13,0.13,13846154.0,13846154.0,https://www.sedar.com/ModifyCompanyDocumentSearchForm.do?lang=EN&company_search=Colliers International Group Inc&document_selection=0&industry_group=A&FromDate=13&FromMonth=05&FromYear=2000&ToDate=13&ToMonth=11&ToYear=2020&Variable=Issuer,https://www.sedar.com/ModifyCompanyDocumentSearchForm.do?lang=EN&company_search=Colliers International Group Inc&document_selection=0&industry_group=A&FromDate=13&FromMonth=05&FromYear=2000&ToDate=13&ToMonth=11&ToYear=2020&Variable=Issuer,1620590292,15:58:12,20210509
28,1993-09-30,CIGI.TO,USD,1993-09-30,1993-09-30,FY,31900000.0,29000000.0,2900000.0,0.09090909090909091,0.0,300000.0,0.0,0.0,1400000.0,30400000.0,0.0,1100000.0,2600000.0,0.08150470219435736,1500000.0,0.047021943573667714,-200000.0,1200000.0,0.03761755485893417,100000.0,1100000.0,0.034482758620689655,0.07,0.07,15714286.0,15714286.0,https://www.sedar.com/ModifyCompanyDocumentSearchForm.do?lang=EN&company_search=Colliers International Group Inc&document_selection=0&industry_group=A&FromDate=13&FromMonth=05&FromYear=2000&ToDate=13&ToMonth=11&ToYear=2020&Variable=Issuer,https://www.sedar.com/ModifyCompanyDocumentSearchForm.do?lang=EN&company_search=Colliers International Group Inc&document_selection=0&industry_group=A&FromDate=13&FromMonth=05&FromYear=2000&ToDate=13&ToMonth=11&ToYear=2020&Variable=Issuer,1620590292,15:58:12,20210509
29,1992-09-30,CIGI.TO,USD,1992-09-30,1992-09-30,FY,33900000.0,18100000.0,15800000.0,0.46607669616519176,0.0,12300000.0,0.0,0.0,13400000.0,31500000.0,0.0,1100000.0,3500000.0,0.10324483775811209,2400000.0,0.07079646017699115,0.0,700000.0,0.02064896755162242,500000.0,200000.0,0.0058997050147492625,0.05,0.05,4000000.0,4000000.0,https://www.sedar.com/ModifyCompanyDocumentSearchForm.do?lang=EN&company_search=Colliers International Group Inc&document_selection=0&industry_group=A&FromDate=13&FromMonth=05&FromYear=2000&ToDate=13&ToMonth=11&ToYear=2020&Variable=Issuer,https://www.sedar.com/ModifyCompanyDocumentSearchForm.do?lang=EN&company_search=Colliers International Group Inc&document_selection=0&industry_group=A&FromDate=13&FromMonth=05&FromYear=2000&ToDate=13&ToMonth=11&ToYear=2020&Variable=Issuer,1620590292,15:58:12,20210509
