,date,symbol,reportedCurrency,fillingDate,acceptedDate,period,revenue,costOfRevenue,grossProfit,grossProfitRatio,researchAndDevelopmentExpenses,generalAndAdministrativeExpenses,sellingAndMarketingExpenses,otherExpenses,operatingExpenses,costAndExpenses,interestExpense,depreciationAndAmortization,ebitda,ebitdaratio,operatingIncome,operatingIncomeRatio,totalOtherIncomeExpensesNet,incomeBeforeTax,incomeBeforeTaxRatio,incomeTaxExpense,netIncome,netIncomeRatio,eps,epsdiluted,weightedAverageShsOut,weightedAverageShsOutDil,link,finalLink,timestamp,est_time,est_date
0,2019-12-31,TGHI,USD,2019-12-31,2019-12-31,FY,170000.0,557000.0,-387000.0,-2.276470588235294,0.0,3321000.0,0.0,1000.0,3322000.0,3879000.0,87000.0,554000.0,-3155000.0,-18.558823529411764,-3709000.0,-21.81764705882353,553000.0,-3298000.0,-19.4,0.0,-6508000.0,-38.28235294117647,-1.72718,-1.72718,3768000.0,3768000.0,,,1620598748,18:19:08,20210509
1,2018-12-31,TGHI,USD,2019-04-15,2019-04-15,FY,787000.0,2239000.0,-1452000.0,-1.8449809402795425,0.0,7139000.0,0.0,5636000.0,7140000.0,15013999.999999998,428000.0,2150000.0,-12077000.0,-15.34561626429479,-14227000.0,-18.07750952986023,989000.0,-13671000.0,-17.371029224904703,0.0,-13769000.0,-17.495552731893266,-6.76849,-6.76849,2034280.0,2034280.0,https://www.sec.gov/Archives/edgar/data/225211/000161577419005776/0001615774-19-005776-index.htm,https://www.sec.gov/Archives/edgar/data/225211/000161577419005776/s116872_10k.htm,1620598748,18:19:08,20210509
2,2017-12-31,TGHI,USD,2017-12-31,2017-12-31,FY,714000.0,855000.0,-141000.0,-0.19747899159663865,0.0,4236000.0,0.0,17000.0,4253000.0,5108000.0,666000.0,872000.0,-3522000.0,-4.932773109243698,-4394000.0,-6.15406162464986,0.0,-5059000.0,-7.0854341736694675,0.0,-7434000.0,-10.411764705882353,-14.82767,-14.82767,501360.0,501360.0,,,1620598748,18:19:08,20210509
3,2016-12-31,TGHI,USD,2017-04-11,2017-04-11,FY,44000.0,124000.0,-80000.0,-1.8181818181818181,0.0,3267000.0,0.0,514000.0,4386000.0,2165000.0,712000.0,119000.0,-2002000.0,-45.5,-2121000.0,-48.20454545454545,0.0,-2831000.0,-64.3409090909091,0.0,-5539000.0,-125.88636363636364,-23.46239,-23.46239,236080.0,236080.0,https://www.sec.gov/Archives/edgar/data/225211/000161577417001626/0001615774-17-001626-index.htm,https://www.sec.gov/Archives/edgar/data/225211/000161577417001626/s105849_10ka.htm,1620598748,18:19:08,20210509
4,2015-12-31,TGHI,USD,2016-07-22,2016-07-22,FY,1532000.0,2227000.0,-695000.0,-0.4536553524804178,579000.0,3326000.0,0.0,5629000.0,9534000.0,7097000.000000001,722000.0,2178000.0000000005,-3386999.9999999995,-2.210835509138381,-5565000.0,-3.632506527415144,0.0,-6316000.0,-4.122715404699739,-20000.0,-6246000.0,-4.077023498694517,-27.55912,-27.55912,226640.0,226640.0,https://www.sec.gov/Archives/edgar/data/225211/000161577416006400/0001615774-16-006400-index.htm,https://www.sec.gov/Archives/edgar/data/225211/000161577416006400/s103721_10ka.htm,1620598748,18:19:08,20210509
5,2014-12-31,TGHI,USD,2015-04-01,2015-04-01,FY,5122000.0,2252000.0,2870000.0,0.5603279968762203,0.0,4933000.0,0.0,146000.0,5079000.000000001,7331000.000000001,16000.0,2036000.0,-173000.0,-0.03377586880124951,-2209000.0,-0.43127684498242874,0.0,-2179000.0,-0.42541975790706754,0.0,-1864000.0,-0.3639203436157751,-8.47774,-8.47774,219870.0,219870.0,https://www.sec.gov/Archives/edgar/data/225211/000135448815001534/0001354488-15-001534-index.htm,https://www.sec.gov/Archives/edgar/data/225211/000135448815001534/ohgi_10k.htm,1620598748,18:19:08,20210509
6,2013-12-31,TGHI,USD,2014-04-15,2014-04-15,FY,9110000.0,2450000.0,6650000.0,0.7299670691547749,0.0,6706000.0,0.0,166000.0,6872000.0,9330000.0,322000.0,2080000.0,1860000.0,0.20417124039517015,-220000.0,-0.024149286498353458,0.0,-700000.0,-0.07683863885839737,0.0,-590000.0,-0.06476399560922064,-2.80952,-2.80952,210000.0,210000.0,https://www.sec.gov/Archives/edgar/data/225211/000135448814001911/0001354488-14-001911-index.htm,https://www.sec.gov/Archives/edgar/data/225211/000135448814001911/ohgi_10k.htm,1620598748,18:19:08,20210509
7,2012-12-31,TGHI,USD,2012-12-31,2012-12-31,FY,11710000.0,120000.0,11590000.0,0.9897523484201537,0.0,4570000.0,0.0,0.0,5454000.0,5090000.0,-70000.0,940000.0,7560000.0,0.645602049530316,6620000.0,0.5653287788215201,0.0,6550000.0,0.5593509820666097,1170000.0,5260000.0,0.44918872758326217,26.3,26.3,200000.0,200000.0,,,1620598748,18:19:08,20210509
8,2011-12-31,TGHI,USD,2011-12-31,2011-12-31,FY,0.0,0.0,0.0,0.0,0.0,0.0,0.0,0.0,6127250.0,6130000.0,-10000.0,3510000.0,-2620000.0,0.0,-6130000.0,0.0,0.0,-6140000.0,0.0,0.0,-1650000.0,0.0,-165.0,-165.0,10000.0,10000.0,,,1620598748,18:19:08,20210509
9,2010-12-31,TGHI,USD,2010-12-31,2010-12-31,FY,8940000.0,7230000.0,1700000.0,0.19015659955257272,0.0,0.0,0.0,0.0,8294581.0,15609999.999999998,-110000.0,3580000.0,-3100000.0,-0.34675615212527966,-6680000.0,-0.7472035794183445,0.0,-6780000.0,-0.7583892617449665,0.0,-6780000.0,-0.7583892617449665,-678.0,-678.0,10000.0,10000.0,,,1620598748,18:19:08,20210509
10,2009-12-31,TGHI,USD,2009-12-31,2009-12-31,FY,9660000.0,7780000.0,1880000.0,0.19461697722567287,40000.0,0.0,0.0,0.0,5333195.0,13109999.999999998,-260000.0,1530000.0,-1920000.0,-0.19875776397515527,-3450000.0,-0.35714285714285715,0.0,-3710000.0,-0.38405797101449274,0.0,-3710000.0,-0.38405797101449274,-8154.44,-8154.44,10000.0,10000.0,,,1620598748,18:19:08,20210509
11,2008-12-31,TGHI,USD,2008-12-31,2008-12-31,FY,0.0,630000.0,-620000.0,0.0,130000.0,0.0,0.0,0.0,2824473.0,2470000.0000000005,-370000.0,0.0,-3210000.0,0.0,-2470000.0,0.0,0.0,-2840000.0,0.0,0.0,-2840000.0,0.0,-595901.34,-595901.34,10000.0,10000.0,,,1620598748,18:19:08,20210509
12,2007-12-31,TGHI,USD,2007-12-31,2007-12-31,FY,10000.0,0.0,0.0,0.0,330000.0,0.0,0.0,0.0,5945332.0,5940000.0,-80000.0,0.0,-6570000.0,-657.0,-5940000.0,-594.0,-480000.0,-6490000.0,-649.0,0.0,-6490000.0,-649.0,-9802559.03,-9802559.03,10000.0,10000.0,,,1620598748,18:19:08,20210509
13,2006-12-31,TGHI,USD,2006-12-31,2006-12-31,FY,0.0,0.0,0.0,0.0,660000.0,0.0,0.0,0.0,2902397.0,2900000.0,0.0,0.0,-2900000.0,0.0,-2900000.0,0.0,10000.0,-2900000.0,0.0,0.0,-2900000.0,0.0,-6199045.64,-6199045.64,10000.0,10000.0,,,1620598748,18:19:08,20210509
14,2005-12-31,TGHI,USD,2005-12-31,2005-12-31,FY,0.0,0.0,0.0,0.0,0.0,0.0,0.0,0.0,918031.0,30000.0,0.0,0.0,-30000.0,0.0,-30000.0,0.0,0.0,-30000.0,0.0,0.0,-30000.0,0.0,-12068965.52,-12068965.52,10000.0,10000.0,,,1620598748,18:19:08,20210509
15,2004-12-31,TGHI,USD,2004-12-31,2004-12-31,FY,10000.0,0.0,10000.0,1.0,0.0,0.0,0.0,0.0,-6458416.0,6910000.0,0.0,0.0,-6640000.0,-664.0,-6910000.0,-691.0,0.0,-6640000.0,-664.0,0.0,-6640000.0,-664.0,-61698283.65,-61698283.65,10000.0,10000.0,,,1620598748,18:19:08,20210509
16,2003-12-31,TGHI,USD,2003-12-31,2003-12-31,FY,630000.0,260000.0,370000.0,0.5873015873015873,0.0,0.0,0.0,0.0,750524.0,-280000.0,-40000.0,0.0,1890000.0,3.0,910000.0,1.4444444444444444,0.0,1930000.0,3.0634920634920637,0.0,1930000.0,3.0634920634920637,-57009345.79,-57009345.79,10000.0,10000.0,,,1620598748,18:19:08,20210509
17,2002-12-31,TGHI,USD,2002-12-31,2002-12-31,FY,2830000.0,1650000.0,1180000.0,0.4169611307420495,900000.0,19020000.0,0.0,0.0,26100000.0,27750000.0,-230000.0,1170000.0,-23750000.0,-8.392226148409893,-24920000.0,-8.80565371024735,190000.0,-25120000.0,-8.876325088339222,0.0,-25120000.0,-8.876325088339222,-5104851752.02,-5104851752.02,10000.0,10000.0,,,1620598748,18:19:08,20210509
18,2001-12-31,TGHI,USD,2001-12-31,2001-12-31,FY,4350000.0,3290000.0,1060000.0,0.24367816091954023,7110000.0,21880000.0,0.0,0.0,29790000.0,33080000.0,-260000.0,1780000.0,-26950000.0,-6.195402298850575,-28730000.0,-6.604597701149426,-1840000.0,-31150000.0,-7.160919540229885,0.0,-30940000.0,-7.11264367816092,-16308040201.01,-16308040201.01,10000.0,10000.0,,,1620598748,18:19:08,20210509
19,2000-12-31,TGHI,USD,2000-12-31,2000-12-31,FY,350000.0,360000.0,-20000.0,-0.05714285714285714,6650000.0,21410000.0,0.0,0.0,28450000.0,28810000.0,-1340000.0,1080000.0,-27380000.0,-78.22857142857143,-28460000.0,-81.31428571428572,-12750000.0,-42830000.0,-122.37142857142857,0.0,-42550000.0,-121.57142857142857,-41278301886.79,-41278301886.79,10000.0,10000.0,,,1620598748,18:19:08,20210509
20,1999-12-31,TGHI,USD,1999-12-31,1999-12-31,FY,160000.0,150000.0,-40000.0,-0.25,4430000.0,12880000.0,0.0,0.0,22410000.0,22560000.0,-340000.0,5240000.0,-17160000.0,-107.25,-22400000.0,-140.0,-15360000.0,-38100000.0,-238.125,0.0,-38070000.0,-237.9375,-46432394366.2,-46432394366.2,10000.0,10000.0,,,1620598748,18:19:08,20210509
21,1998-12-31,TGHI,USD,1998-12-31,1998-12-31,FY,1200000.0,590000.0,560000.0,0.4666666666666667,6340000.0,10670000.0,0.0,0.0,17900000.0,18490000.0,-300000.0,1710000.0,-15580000.0,-12.983333333333333,-17290000.0,-14.408333333333333,-5670000.0,-23790000.0,-19.825,0.0,-22400000.0,-18.666666666666668,-77711111111.11,-77711111111.11,10000.0,10000.0,,,1620598748,18:19:08,20210509
22,1997-12-31,TGHI,USD,1997-12-31,1997-12-31,FY,1260000.0,640000.0,520000.0,0.4126984126984127,6980000.0,12700000.0,0.0,0.0,19680000.0,20320000.0,-150000.0,850000.0,-18210000.0,-14.452380952380953,-19060000.0,-15.126984126984127,-7350000.0,-26570000.0,-21.08730158730159,0.0,-24160000.0,-19.174603174603174,-345071428571.43,-345071428571.43,10000.0,10000.0,,,1620598748,18:19:08,20210509
23,1996-12-31,TGHI,USD,1996-12-31,1996-12-31,FY,600000.0,330000.0,270000.0,0.45,8740000.0,8960000.0,0.0,0.0,17700000.000000004,18030000.000000004,40000.0,590000.0,-16840000.0,-28.066666666666666,-17430000.0,-29.05,-9680000.0,-27070000.0,-45.11666666666667,0.0,-22400000.0,-37.333333333333336,-559875000000.0,-559875000000.0,10000.0,10000.0,,,1620598748,18:19:08,20210509
24,1995-12-31,TGHI,USD,1995-12-31,1995-12-31,FY,460000.0,200000.0,260000.0,0.5652173913043478,7650000.0,11120000.0,0.0,0.0,18770000.0,18970000.0,280000.0,460000.0,-18050000.0,-39.23913043478261,-18510000.0,-40.23913043478261,-12520000.0,-30750000.0,-66.84782608695652,0.0,-29420000.0,-63.95652173913044,-735525000000.0,-735525000000.0,10000.0,10000.0,,,1620598748,18:19:08,20210509
25,1994-12-31,TGHI,USD,1994-12-31,1994-12-31,FY,180000.0,100000.0,90000.0,0.5,5210000.0,7460000.0,0.0,0.0,12670000.0,12770000.0,280000.0,250000.0,-12340000.0,-68.55555555555556,-12590000.0,-69.94444444444444,0.0,-12320000.0,-68.44444444444444,0.0,-11670000.0,-64.83333333333333,-389100000000.0,-389100000000.0,10000.0,10000.0,,,1620598748,18:19:08,20210509
26,1993-12-31,TGHI,USD,1993-12-31,1993-12-31,FY,50000.0,30000.0,30000.0,0.6,3430000.0,4610000.0,0.0,0.0,8040000.000000001,8070000.000000001,50000.0,170000.0,-7840000.0,-156.8,-8010000.0,-160.2,0.0,-7970000.0,-159.4,0.0,-7860000.0,-157.2,-392800000000.0,-392800000000.0,10000.0,10000.0,,,1620598748,18:19:08,20210509
27,1992-12-31,TGHI,USD,1992-12-31,1992-12-31,FY,200000.0,50000.0,150000.0,0.75,2180000.0,3470000.0,0.0,0.0,5650000.0,5700000.0,100000.0,120000.0,-5380000.0,-26.9,-5500000.0,-27.5,0.0,-5400000.0,-27.0,-160000.0,-3070000.0,-15.35,-306800000000.0,-306800000000.0,10000.0,10000.0,,,1620598748,18:19:08,20210509
28,1991-12-31,TGHI,USD,1991-12-31,1991-12-31,FY,240000.0,10000.0,0.0,0.0,1530000.0,730000.0,0.0,0.0,2260000.0,2270000.0,-20000.0,110000.0,-1920000.0,-8.0,-2030000.0,-8.458333333333334,0.0,-2050000.0,-8.541666666666666,280000.0,-830000.0,-3.4583333333333335,-105100000000.0,-105100000000.0,10000.0,10000.0,,,1620598748,18:19:08,20210509
29,1990-12-31,TGHI,USD,1990-12-31,1990-12-31,FY,420000.0,120000.0,300000.0,0.7142857142857143,470000.0,830000.0,0.0,0.0,1299999.9999999998,1419999.9999999998,-80000.0,110000.0,-890000.0,-2.119047619047619,-1000000.0,-2.380952380952381,0.0,-1080000.0,-2.5714285714285716,0.0,-960000.0,-2.2857142857142856,-96000000000.0,-96000000000.0,10000.0,10000.0,,,1620598748,18:19:08,20210509
30,1989-12-31,TGHI,USD,1989-12-31,1989-12-31,FY,170000.0,240000.0,-80000.0,-0.47058823529411764,110000.0,610000.0,0.0,0.0,730000.0,970000.0,-40000.0,170000.0,-630000.0,-3.7058823529411766,-800000.0,-4.705882352941177,0.0,-840000.0,-4.9411764705882355,0.0,-820000.0,-4.823529411764706,-81600000000.0,-81600000000.0,10000.0,10000.0,,,1620598748,18:19:08,20210509
31,1988-12-31,TGHI,USD,1988-12-31,1988-12-31,FY,400000.0,540000.0,-140000.0,-0.35,310000.0,1090000.0,0.0,0.0,1480000.0,2020000.0,80000.0,220000.0,-1400000.0,-3.5,-1620000.0,-4.05,0.0,-1540000.0,-3.85,0.0,-1500000.0,-3.75,-150200000000.0,-150200000000.0,10000.0,10000.0,,,1620598748,18:19:08,20210509
32,1987-12-31,TGHI,USD,1987-12-31,1987-12-31,FY,850000.0,820000.0,40000.0,0.047058823529411764,250000.0,1300000.0,0.0,0.0,1590000.0000000002,2410000.0000000005,100000.0,240000.0,-1320000.0,-1.5529411764705883,-1560000.0,-1.8352941176470587,0.0,-1460000.0,-1.7176470588235293,0.0,-1450000.0,-1.7058823529411764,-144700000000.0,-144700000000.0,10000.0,10000.0,,,1620598748,18:19:08,20210509
33,1986-12-31,TGHI,USD,1986-12-31,1986-12-31,FY,1090000.0,800000.0,300000.0,0.27522935779816515,210000.0,1010000.0,0.0,0.0,1309999.9999999998,2110000.0,-90000.0,280000.0,-740000.0,-0.6788990825688074,-1020000.0,-0.9357798165137615,0.0,-1110000.0,-1.018348623853211,0.0,-1110000.0,-1.018348623853211,-110500000000.0,-110500000000.0,10000.0,10000.0,,,1620598748,18:19:08,20210509
34,1985-12-31,TGHI,USD,1985-12-31,1985-12-31,FY,920000.0,920000.0,0.0,0.0,220000.0,730000.0,0.0,0.0,1150000.0,2070000.0,-140000.0,160000.0,-1000000.0,-1.0869565217391304,-1160000.0,-1.2608695652173914,0.0,-1300000.0,-1.4130434782608696,0.0,-1300000.0,-1.4130434782608696,-1298.0,-1298.0,10000.0,10000.0,,,1620598748,18:19:08,20210509
35,1984-12-31,TGHI,USD,1984-12-31,1984-12-31,FY,1470000.0,860000.0,610000.0,0.41496598639455784,670000.0,810000.0,0.0,0.0,1480000.0,2340000.0,60000.0,0.0,-750000.0,-0.510204,-870000.0,-0.5918367346938775,0.0,-810000.0,-0.5510204081632653,0.0,-810000.0,-0.5510204081632653,-810.0,-810.0,10000.0,10000.0,,,1620598748,18:19:08,20210509
36,1983-12-31,TGHI,USD,1983-12-31,1983-12-31,FY,1550000.0,780000.0,760000.0,0.49032258064516127,540000.0,890000.0,0.0,0.0,1570000.0,2350000.0,-50000.0,0.0,-900000.0,-0.580645,-800000.0,-0.5161290322580645,0.0,-850000.0,-0.5483870967741935,0.0,-850000.0,-0.5483870967741935,-848.0,-848.0,10000.0,10000.0,,,1620598748,18:19:08,20210509
