,date,symbol,reportedCurrency,fillingDate,acceptedDate,period,revenue,costOfRevenue,grossProfit,grossProfitRatio,researchAndDevelopmentExpenses,generalAndAdministrativeExpenses,sellingAndMarketingExpenses,otherExpenses,operatingExpenses,costAndExpenses,interestExpense,depreciationAndAmortization,ebitda,ebitdaratio,operatingIncome,operatingIncomeRatio,totalOtherIncomeExpensesNet,incomeBeforeTax,incomeBeforeTaxRatio,incomeTaxExpense,netIncome,netIncomeRatio,eps,epsdiluted,weightedAverageShsOut,weightedAverageShsOutDil,link,finalLink,timestamp,est_time,est_date
0,2019-12-31,NXTDW,USD,2020-03-30,2020-03-30 17:07:59,FY,17137301000.0,4368495000.0,12768806000.0,0.7450885060605518,1208536000,2423845000,3279317000,-5278780000,10191015000,14559510000,3020012.0,74092000.0,2651883000,0.15474332860232776,2577791000,0.15041989400781372,0.0,-2700989000,-0.15760877398372125,332571000.0,-11789455000,-0.6879411758012537,-390.98516333405775,-410.53209403785473,30153203,28717499.0,https://www.sec.gov/Archives/edgar/data/1566826/000121390020008044/0001213900-20-008044-index.htm,https://www.sec.gov/Archives/edgar/data/1566826/000121390020008044/f10k2019_nxtidinc.htm,1620595971,17:32:51,20210509
1,2018-12-31,NXTDW,USD,2019-04-01,2019-04-01 17:15:12,FY,17116511000000.0,4803791000000.0,12312720000000.0,0.7193475352541181,761722000000,2742277000000,4110616000000,-1881782000000,11725231000000,16529022000000,2967211.0,143939000000.0,731428000000,0.04273230683519556,587489000000,0.034322941164820334,0.0,-1294293000000,-0.07561663705880246,-34323000000.0,-7089962000000,-0.41421771060702733,-235131.30595114556,-288658.18457619805,30153203,24561791.0,https://www.sec.gov/Archives/edgar/data/1566826/000121390019005543/0001213900-19-005543-index.htm,https://www.sec.gov/Archives/edgar/data/1566826/000121390019005543/f10k2018_nxtidinc.htm,1620595971,17:32:51,20210509
2,2017-12-31,NXTDW,USD,2018-04-02,2018-04-02 16:43:22,FY,23316969000000.0,11685447000000.0,11631522000000.0,0.4988436533067398,1667850000000,3804367000000,4899126000000,-6239261000000,15270469000000,26955916000000,3275059.0,167668000000.0,-9710540000000,-0.4164580739460605,-9878208000000,-0.42364888849832927,0.0,-9878208000000,-0.42364888849832927,1613335000000.0,-8264873000000,-0.3544574339829504,-274096.0222368416,-1339032.531294797,30153203,6172272.0,https://www.sec.gov/Archives/edgar/data/1566826/000121390018003889/0001213900-18-003889-index.htm,https://www.sec.gov/Archives/edgar/data/1566826/000121390018003889/f10k2017_nxtidinc.htm,1620595971,17:32:51,20210509
3,2016-12-31,NXTDW,USD,2017-04-14,2017-04-13 21:54:53,FY,7736320000.0,4434868000.0,3301452000.0,0.42674708388484445,888187000,3360017000,2881668000,-5846805000,10011540000,14446408000,1249961.0,260399000.0,-12296494000,-1.5894500227498345,-12556893000,-1.6231093077845797,0.0,-12556893000,-1.6231093077845797,-196035000.0,-12752928000,-1.6484488749172734,-422.9377555677916,-4703.798099585497,30153203,2711198.0,https://www.sec.gov/Archives/edgar/data/1566826/000121390017003750/0001213900-17-003750-index.htm,https://www.sec.gov/Archives/edgar/data/1566826/000121390017003750/f10k2016_nxtidinc.htm,1620595971,17:32:51,20210509
4,2015-12-31,NXTDW,USD,2016-04-14,2016-04-14 17:30:52,FY,616854000.0,1823824000.0,-1206970000.0,-1.9566542488173864,2728518000,141675000,3423567000,-2148250000,9717327000,11541151000,30744.0,183196000.0,-12889351000,-20.89530261617822,-13072547000,-21.192286991735482,0.0,-13072547000,-21.192286991735482,-4307000.0,-13076854000,-21.19926919497969,-433.6804285766922,-572.3159996866385,30153203,22849010.0,https://www.sec.gov/Archives/edgar/data/1566826/000121390016012575/0001213900-16-012575-index.htm,https://www.sec.gov/Archives/edgar/data/1566826/000121390016012575/f10k2015_nxtidinc.htm,1620595971,17:32:51,20210509
5,2014-12-31,NXTDW,USD,2015-03-06,2015-03-06 17:29:28,FY,0.0,0.0,0.0,0.0,1417745000,1036583000,1396077000,-1829284000,5246482000,5246482000,35461.0,12473000.0,-7063293000,0.0,-7075766000,0.0,0.0,-7075766000,0.0,-843000.0,-7076609000,0.0,-234.6884674241738,-330.53795280001015,30153203,21409369.0,https://www.sec.gov/Archives/edgar/data/1566826/000121390015001614/0001213900-15-001614-index.htm,https://www.sec.gov/Archives/edgar/data/1566826/000121390015001614/f10k2014_nxtid.htm,1620595971,17:32:51,20210509
6,2013-12-31,NXTDW,USD,2014-02-25,2014-02-24 18:36:50,FY,518614000.0,0.0,518614000.0,1.0,518614000,753839000,81323000,-109435000,1435099000,1435099000,35461.0,585000.0,-1543949000,-2.9770677228150415,-1544534000,-2.978195729386403,0.0,-1544534000,-2.978195729386403,0.0,-1544534000,-2.978195729386403,-51.22288335338703,-72.14290154931703,30153203,21409369.0,https://www.sec.gov/Archives/edgar/data/1566826/000101968714000613/0001019687-14-000613-index.htm,https://www.sec.gov/Archives/edgar/data/1566826/000101968714000613/nxt_10k-123113.htm,1620595971,17:32:51,20210509
