,date,symbol,reportedCurrency,fillingDate,acceptedDate,period,revenue,costOfRevenue,grossProfit,grossProfitRatio,researchAndDevelopmentExpenses,generalAndAdministrativeExpenses,sellingAndMarketingExpenses,otherExpenses,operatingExpenses,costAndExpenses,interestExpense,depreciationAndAmortization,ebitda,ebitdaratio,operatingIncome,operatingIncomeRatio,totalOtherIncomeExpensesNet,incomeBeforeTax,incomeBeforeTaxRatio,incomeTaxExpense,netIncome,netIncomeRatio,eps,epsdiluted,weightedAverageShsOut,weightedAverageShsOutDil,link,finalLink,timestamp,est_time,est_date
0,2017-12-31,TORM,USD,2018-03-27 00:00:00,2018-03-27 14:42:07,FY,38966000.0,35412000.0,3554000.0,0.09120771955037725,199000.0,0.0,0.0,-108000.0,4881000.0,40293000.0,112000.0,2774000.0,1432000.0,0.03674998716830057,-1342000.0,-0.03444028127085151,-108000.0,-1450000.0,-0.03721192834779038,-314000.0,-1136000.0,-0.029153621105579224,-0.32072,-0.32072,3542000.0,3542000.0,https://www.sec.gov/Archives/edgar/data/842295/000100329718000083/0001003297-18-000083-index.html,https://www.sec.gov/Archives/edgar/data/842295/000100329718000083/tor10k.htm,1620598948,18:22:28,20210509
1,2016-12-31,TORM,USD,2017-03-09 00:00:00,2017-03-09 14:46:37,FY,38456000.0,33361000.0,5095000.0,0.13248907842729354,199000.0,0.0,0.0,-189000.0,4353000.0,37714000.0,177000.0,2561000.0,3301000.0,0.08583836072394425,740000.0,0.019242770959018097,-189000.0,551000.0,0.01432806324110672,107000.0,444000.0,0.01154566257541086,0.13151658767772512,0.12854661262304573,3376000.0,3454000.0,https://www.sec.gov/Archives/edgar/data/842295/000100329717000052/0001003297-17-000052-index.html,https://www.sec.gov/Archives/edgar/data/842295/000100329717000052/tor10k.htm,1620598948,18:22:28,20210509
2,2015-12-31,TORM,USD,2016-03-07 00:00:00,2016-03-07 15:45:07,FY,37059000.0,35183000.0,1876000.0,0.050621981165169055,178000.0,0.0,0.0,24000.0,4659000.0,39842000.0,208000.0,2863000.0,-2870000.0,-0.07744407566313176,-5733000.0,-0.15469926333684125,-321000.0,-6054000.0,-0.1633611268517769,310000.0,-6364000.0,-0.17172616638333468,-2.11148,-2.11148,3014000.0,3014000.0,https://www.sec.gov/Archives/edgar/data/842295/000100329716000614/0001003297-16-000614-index.html,https://www.sec.gov/Archives/edgar/data/842295/000100329716000614/kmarch4edgar1.htm,1620598948,18:22:28,20210509
3,2014-12-31,TORM,USD,2015-03-18,2015-03-17 17:59:17,FY,46730000.0,40111000.0,6619000.0,0.14164348384335546,199000.0,0.0,0.0,-212000.0,5008000.0,45119000.0,354000.0,3445000.0,2916000.0,0.0624010271774021,-529000.0,-0.01132035095227905,-212000.0,-741000.0,-0.015857051144874814,-187000.0,-554000.0,-0.011855339182537984,-0.18381,-0.18381,3014000.0,3014000.0,https://www.sec.gov/Archives/edgar/data/842295/000100329715000155/0001003297-15-000155-index.htm,https://www.sec.gov/Archives/edgar/data/842295/000100329715000155/tor201410k.htm,1620598948,18:22:28,20210509
4,2013-12-31,TORM,USD,2014-03-11,2014-03-10 18:52:55,FY,46021.0,42566.0,3455.0,0.0750744225462289,652.0,0.0,0.0,-511000.0,5374000.0,47940.0,-389.0,3157.0,1228.0,0.026683470589513484,-1929.0,-0.04191564720453706,-511.0,-2440.0,-0.05301927380978249,-824.0,-1616.0,-0.03511440429369201,-0.00054,-0.00054,3002000.0,3002000.0,https://www.sec.gov/Archives/edgar/data/842295/000084229514000013/0000842295-14-000013-index.htm,https://www.sec.gov/Archives/edgar/data/842295/000084229514000013/x10k2013.htm,1620598948,18:22:28,20210509
5,2012-12-31,TORM,USD,2013-03-07 00:00:00,2013-03-06 17:46:38,FY,41021000.0,31727000.0,9294000.0,0.2265668803783428,287000.0,0.0,0.0,0.0,5413000.0,36653000.0,471000.0,2078000.0,6447000.0,0.15716340411008994,4369000.0,0.10650642353916287,0.0,3884000.0,0.0946832110382487,48000.0,3836000.0,0.09351307866702421,1.8451178451178452,1.1857805255023184,2079000.0,3235000.0,https://www.sec.gov/Archives/edgar/data/842295/000084229513000010/0000842295-13-000010-index.html,https://www.sec.gov/Archives/edgar/data/842295/000084229513000010/x10k2012.htm,1620598948,18:22:28,20210509
6,2011-12-31,TORM,USD,2012-03-12 00:00:00,2012-03-12 16:26:53,FY,41021000.0,31727000.0,9294000.0,0.2265668803783428,287000.0,0.0,0.0,0.0,4926000.0,36653000.0,471000.0,2078000.0,6447000.0,0.15716340411008994,4369000.0,0.10650642353916287,0.0,3884000.0,0.0946832110382487,48000.0,3836000.0,0.09351307866702421,1.8451178451178452,1.1857805255023184,2079000.0,3235000.0,https://www.sec.gov/Archives/edgar/data/842295/000084229512000012/0000842295-12-000012-index.html,https://www.sec.gov/Archives/edgar/data/842295/000084229512000012/x10k2011.htm,1620598948,18:22:28,20210509
7,2010-12-31,TORM,USD,2011-03-24,2011-03-24 09:09:01,FY,31016000.0,24258000.0,6758000.0,0.21788754191385093,254000.0,0.0,0.0,0.0,3955000.0,28213000.0,439000.0,1903000.0,4706000.0,0.1517281403146763,2803000.0,0.09037271085891153,0.0,2304000.0,0.07428424039205571,16000.0,2288000.0,0.07376837761155533,1.2016806722689075,0.8215439856373429,1904000.0,2785000.0,https://www.sec.gov/Archives/edgar/data/842295/000084229511000014/0000842295-11-000014-index.htm,https://www.sec.gov/Archives/edgar/data/842295/000084229511000014/x2010form10k.htm,1620598948,18:22:28,20210509
8,2009-12-31,TORM,USD,2010-03-24 00:00:00,2010-03-24 14:03:10,FY,24193000.0,20382000.0,3811000.0,0.15752490389782167,200000.0,0.0,0.0,0.0,3450000.0,23797000.0,558000.0,1812000.0,2173000.0,0.08981936923903608,361000.0,0.014921671557888646,0.0,-132000.0,-0.005456123672136569,4000.0,-136000.0,-0.005621460753110404,-0.07192,-0.07192,1891000.0,1891000.0,https://www.sec.gov/Archives/edgar/data/842295/000084229510000024/0000842295-10-000024-index.html,https://www.sec.gov/Archives/edgar/data/842295/000084229510000024/x10k2009tor.htm,1620598948,18:22:28,20210509
9,2008-12-31,TORM,USD,2009-03-31,2009-03-31 12:46:10,FY,25304000.0,22032000.0,3272000.0,0.12930761934871957,244000.0,0.0,0.0,0.0,5694000.0,26949000.0,524000.0,1954000.0,-2444000.0,-0.09658552007587733,-4398000.0,-0.1738065128042997,0.0,-4943000.0,-0.19534460954789756,19000.0,-4962000.0,-0.19609547897565602,-0.62962,-0.62962,7881000.0,7881000.0,https://www.sec.gov/Archives/edgar/data/842295/000084229509000015/0000842295-09-000015-index.htm,https://www.sec.gov/Archives/edgar/data/842295/000084229509000015/x10k2008.htm,1620598948,18:22:28,20210509
10,2007-12-31,TORM,USD,2008-03-18,2008-03-18 10:08:30,FY,27961000.0,22768000.0,5193000.0,0.1857229712814277,245000.0,0.0,0.0,0.0,4523000.0,27303000.0,684000.0,1785000.0,2455000.0,0.08780086549121992,670000.0,0.023961946997603806,0.0,29000.0,0.001037158899896284,-42000.0,71000.0,0.002539251099746075,0.009045738310612816,0.009004438807863032,7849000.0,7885000.0,https://www.sec.gov/Archives/edgar/data/842295/000084229508000017/0000842295-08-000017-index.htm,https://www.sec.gov/Archives/edgar/data/842295/000084229508000017/x10k2007.htm,1620598948,18:22:28,20210509
11,2006-12-31,TORM,USD,2007-03-29,2007-03-29 16:53:38,FY,26079000.0,20939000.0,5140000.0,0.19709344683461788,239000.0,0.0,0.0,0.0,4400000.0,25338000.0,547000.0,1496000.0,2236000.0,0.08573948387591548,740000.0,0.02837532113961425,0.0,95000.0,0.003642777713869397,2000.0,93000.0,0.003566087656735304,0.011868300153139357,0.011812523815572209,7836000.0,7873000.0,https://www.sec.gov/Archives/edgar/data/842295/000084229507000033/0000842295-07-000033-index.htm,https://www.sec.gov/Archives/edgar/data/842295/000084229507000033/x10k2006.htm,1620598948,18:22:28,20210509
12,2005-12-31,TORM,USD,2006-03-24,2006-03-24 15:53:40,FY,32669000.0,26318000.0,6351000.0,0.1944044813125593,376000.0,0.0,0.0,0.0,4870000.0,31200000.0,412000.0,1412000.0,2893000.0,0.08855489913985735,1481000.0,0.04533349658697848,0.0,954000.0,0.029201995775811933,471000.0,483000.0,0.014784658238697236,0.06182795698924731,0.05941690244802559,7812000.0,8129000.0,https://www.sec.gov/Archives/edgar/data/842295/000084229506000022/0000842295-06-000022-index.htm,https://www.sec.gov/Archives/edgar/data/842295/000084229506000022/x2005filing.htm,1620598948,18:22:28,20210509
13,2004-12-31,TORM,USD,2005-03-30,2005-03-30 12:26:56,FY,30476000.0,23911000.0,6565000.0,0.21541540884630528,453000.0,0.0,0.0,0.0,5075000.0,28931000.0,228000.0,1142000.0,2632000.0,0.08636303976899856,1490000.0,0.04889093056831605,0.0,1287000.0,0.04222995143719648,183000.0,1104000.0,0.03622522640766505,0.1427278603749192,0.13741598207617625,7735000.0,8034000.0,https://www.sec.gov/Archives/edgar/data/842295/000084229505000013/0000842295-05-000013-index.htm,https://www.sec.gov/Archives/edgar/data/842295/000084229505000013/x10ksb2004.htm,1620598948,18:22:28,20210509
14,2003-12-31,TORM,USD,2004-03-29,2004-03-29 11:06:19,FY,24127445000.0,18297531000.0,5829914000.0,0.24162997781157516,0.0,0.0,0.0,0.0,4153134.0,18297531000.0,294579000.0,1144233000.0,2821013000.0,0.11692133170337762,1676780000.0,0.06949679089518182,0.0,1324448000.0,0.054893835629922685,0.0,1263840000.0,0.052381841508705125,179.03577032242418,174.56225803871877,7059148.0,7240053.0,https://www.sec.gov/Archives/edgar/data/842295/000084229504000024/0000842295-04-000024-index.htm,https://www.sec.gov/Archives/edgar/data/842295/000084229504000024/ksb03.htm,1620598948,18:22:28,20210509
15,2002-12-31,TORM,USD,2003-09-17,2003-09-17 14:17:14,FY,16269436000.0,12244986000.0,4024450000.0,0.2473626006457753,0.0,0.0,0.0,0.0,3432481.0,15677467000.0,316840000.0,812578000.0,1404547000.0,0.08633040506136783,591969000.0,0.03638534242981748,0.0,308692000.0,0.018973737012149654,0.0,308692000.0,0.018973737012149654,50.16282622119666,43.245845202199526,6153800.0,7138073.0,https://www.sec.gov/Archives/edgar/data/842295/000084229503000031/0000842295-03-000031-index.htm,https://www.sec.gov/Archives/edgar/data/842295/000084229503000031/x10ksba2002.htm,1620598948,18:22:28,20210509
16,2001-12-31,TORM,USD,2002-03-28,2002-03-28 00:00:00,FY,14691181000.0,11406830000.0,3284351000.0,0.2235593585022198,0.0,3487495000.0,0.0,0.0,3487000.0,14894325000.0,345417000.0,759971000.0,182143000.0,0.012398118299679243,-577828000.0,-0.03933162350936933,0.0,-577828000.0,-0.03933162350936933,0.0,-577828000.0,-0.03933162350936933,-104.93246,-104.93246,5506666.0,5506666.0,https://www.sec.gov/Archives/edgar/data/842295/000084229502000009/0000842295-02-000009-index.htm,https://www.sec.gov/Archives/edgar/data/842295/000084229502000009/x10ksb2001.htm,1620598948,18:22:28,20210509
