,date,symbol,reportedCurrency,fillingDate,acceptedDate,period,revenue,costOfRevenue,grossProfit,grossProfitRatio,researchAndDevelopmentExpenses,generalAndAdministrativeExpenses,sellingAndMarketingExpenses,otherExpenses,operatingExpenses,costAndExpenses,interestExpense,depreciationAndAmortization,ebitda,ebitdaratio,operatingIncome,operatingIncomeRatio,totalOtherIncomeExpensesNet,incomeBeforeTax,incomeBeforeTaxRatio,incomeTaxExpense,netIncome,netIncomeRatio,eps,epsdiluted,weightedAverageShsOut,weightedAverageShsOutDil,link,finalLink,timestamp,est_time,est_date
0,2019-12-31,BSTC,USD,2020-03-16,2020-03-16 14:55:47,FY,38187755.0,0.0,0.0,0.0,590331.0,9285372.0,0.0,-259.0,9875703.0,9875703.0,0.0,314158.0,28626210.0,0.7496175148290335,28312052.0,0.7413908463589964,-259.0,30298648.0,0.7934126528254934,5828840.0,24469808.0,0.6407762907246053,3.35,3.33,7315144.0,7351385.0,https://www.sec.gov/Archives/edgar/data/875622/000114036120005848/0001140361-20-005848-index.htm,https://www.sec.gov/Archives/edgar/data/875622/000114036120005848/form10k.htm,1620589727,15:48:47,20210509
1,2018-12-31,BSTC,USD,2019-04-02,2019-04-02 16:22:48,FY,32961443.0,0.0,0.0,0.0,756776.0,8805989.0,0.0,103948.0,9562765.0,9562765.0,0.0,2432941.0,25831619.0,0.7836919943098365,23398678.0,0.7098802682880115,103948.0,24797277.0,0.7523116327158371,4744008.0,20053269.0,0.6083856522907689,2.77,2.73,7242212.0,7333368.0,https://www.sec.gov/Archives/edgar/data/875622/000114036119006323/0001140361-19-006323-index.htm,https://www.sec.gov/Archives/edgar/data/875622/000114036119006323/form10k.htm,1620589727,15:48:47,20210509
2,2017-12-31,BSTC,USD,2018-03-14,2018-03-14 15:18:52,FY,27443752.0,0.0,0.0,0.0,1223277.0,8542324.0,0.0,51074.0,9765601.0,9765601.0,0.0,2239551.0,19917702.0,0.72576453831823,17678151.0,0.6441594064834867,51074.0,18365793.0,0.6692158200525934,7037527.0,11328266.0,0.41278124069915806,1.58,1.55,7170701.0,7321805.0,https://www.sec.gov/Archives/edgar/data/875622/000114036118013423/0001140361-18-013423-index.htm,https://www.sec.gov/Archives/edgar/data/875622/000114036118013423/form10k.htm,1620589727,15:48:47,20210509
3,2016-12-31,BSTC,USD,2017-03-16,2017-03-16 16:16:54,FY,26250955.0,0.0,0.0,0.0,1327923.0,7896616.0,0.0,52805.0,9224539.0,9224539.0,0.0,1691539.0,18717955.0,0.7130390113426349,17026416.0,0.6486017746782926,52805.0,17375004.0,0.661880834430595,6002765.0,11372239.0,0.43321239170155906,1.61,1.56,7061404.0,7283262.0,https://www.sec.gov/Archives/edgar/data/875622/000114036117012337/0001140361-17-012337-index.htm,https://www.sec.gov/Archives/edgar/data/875622/000114036117012337/form10k.htm,1620589727,15:48:47,20210509
4,2015-12-31,BSTC,USD,2016-03-14,2016-03-14 16:13:44,FY,22750135.0,0.0,22750135.0,1.0,1034288.0,7272532.0,0.0,14719.0,8306820.0,8306820.0,0.0,933009.0,15376324.0,0.6758783629196047,14443315.0,0.6348672216670362,14719.0,14550960.0,0.639598841940938,4933328.0,9617632.0,0.42275054631543946,1.41,1.32,6827355.0,7272989.0,https://www.sec.gov/Archives/edgar/data/875622/000114036116057622/0001140361-16-057622-index.htm,https://www.sec.gov/Archives/edgar/data/875622/000114036116057622/form10k.htm,1620589727,15:48:47,20210509
5,2014-12-31,BSTC,USD,2015-03-16,2015-03-16 12:20:28,FY,14077056.0,0.0,14077056.0,1.0,1263512.0,5814185.0,0.0,1150.0,7077697.0,7077697.0,0.0,247097.0,7246456.0,0.5147707020558844,6999359.0,0.4972175290060649,1150.0,7032667.0,0.4995836487401911,2386707.0,4645960.0,0.33003775789483253,0.72,0.66,6477457.0,7079570.0,https://www.sec.gov/Archives/edgar/data/875622/000114036115011871/0001140361-15-011871-index.htm,https://www.sec.gov/Archives/edgar/data/875622/000114036115011871/form10k.htm,1620589727,15:48:47,20210509
6,2013-12-31,BSTC,USD,2014-03-07,2014-03-07 08:43:59,FY,14467240.0,0.0,14467240.0,1.0,1484416.0,5038363.0,0.0,0.0,6522779.0,6522779.0,0.0,64323.0,8008784.0,0.5535806415045302,7944461.0,0.5491345273873939,0.0,7970663.0,0.5509456537667171,2684816.0,5285847.0,0.36536664906367766,0.83,0.76,6345615.0,6922274.0,https://www.sec.gov/Archives/edgar/data/875622/000114036114011561/0001140361-14-011561-index.htm,https://www.sec.gov/Archives/edgar/data/875622/000114036114011561/form10k.htm,1620589727,15:48:47,20210509
7,2012-12-31,BSTC,USD,2013-03-15,2013-03-15 17:10:05,FY,11145078.0,0.0,11145078.0,1.0,1249755.0,4774828.0,0.0,0.0,6024583.0,6024583.0,0.0,64190.0,5184685.0,0.4651995257458046,5120495.0,0.459440032631445,0.0,5155129.0,0.46254759275798696,2174054.0,2981075.0,0.2674790611604513,0.47,0.43,6351245.0,6981527.0,https://www.sec.gov/Archives/edgar/data/875622/000114036113012763/0001140361-13-012763-index.htm,https://www.sec.gov/Archives/edgar/data/875622/000114036113012763/form10k.htm,1620589727,15:48:47,20210509
8,2011-12-31,BSTC,USD,2012-03-13,2012-03-13 15:05:17,FY,11395726.0,0.0,11395726.0,1.0,972078.0,5231881.0,0.0,0.0,6203959.0,6203959.0,0.0,50685.0,5242452.0,0.46003668392869396,5191767.0,0.45558896379221475,15823.0,5263370.0,0.4618722843985543,-1338256.0,6601626.0,0.5793071893795972,1.04,0.95,6340648.0,6952386.0,https://www.sec.gov/Archives/edgar/data/875622/000114036112015150/0001140361-12-015150-index.htm,https://www.sec.gov/Archives/edgar/data/875622/000114036112015150/form10k.htm,1620589727,15:48:47,20210509
9,2010-12-31,BSTC,USD,2011-03-14,2011-03-14 17:24:05,FY,5661348.0,0.0,5661348.0,1.0,1223931.0,6470449.0,0.0,0.0,7694380.0,7694380.0,0.0,18949.0,-2014083.0,-0.3557603242196028,-2033032.0,-0.35910740692852655,439533.0,-1507189.0,-0.266224404505782,1351.0,-1508540.0,-0.26646304025119105,-0.24,-0.24,6261214.0,6261214.0,https://www.sec.gov/Archives/edgar/data/875622/000120445911000715/0001204459-11-000715-index.htm,https://www.sec.gov/Archives/edgar/data/875622/000120445911000715/biospecifics10k.htm,1620589727,15:48:47,20210509
10,2009-12-31,BSTC,USD,2010-03-15,2010-03-15 16:48:22,FY,3155757.0,0.0,3155757.0,1.0,488646.0,4832019.0,0.0,0.0,5320665.0,5320665.0,39.0,35669.0,-2129239.0,-0.6747157655041247,-2164908.0,-0.6860186002914673,-8863.0,-2118117.0,-0.6711914130270487,-161574.0,-1956543.0,-0.619991653349735,-0.32,-0.32,6065939.0,6065939.0,https://www.sec.gov/Archives/edgar/data/875622/000120445910000528/0001204459-10-000528-index.htm,https://www.sec.gov/Archives/edgar/data/875622/000120445910000528/form10k.htm,1620589727,15:48:47,20210509
11,2008-12-31,BSTC,USD,2009-03-31,2009-03-31 06:02:39,FY,8411780.0,0.0,8411780.0,1.0,439919.0,4191052.0,0.0,0.0,4630971.0,4630971.0,33880.0,55774.0,3836583.0,0.45609645045400615,3780809.0,0.44946598698491874,189139.0,4043620.0,0.4807091959133501,299212.0,3744408.0,0.4451386032444976,0.64,0.55,5854836.0,6836911.0,https://www.sec.gov/Archives/edgar/data/875622/000120445909000515/0001204459-09-000515-index.htm,https://www.sec.gov/Archives/edgar/data/875622/000120445909000515/biospec032709form10k.htm,1620589727,15:48:47,20210509
12,2007-12-31,BSTC,USD,2008-05-02,2008-05-02 17:28:58,FY,1514334.0,0.0,1514334.0,1.0,2489122.0,3516716.0,0.0,0.0,6005838.0,6005838.0,20781.0,32144.0,-4459360.0,-2.944766478200978,-4491504.0,-2.9659929711675233,-105000.0,-4490464.0,-2.965306200613603,53865.0,-4544329.0,-3.00087629281255,-0.86,-0.86,5291506.0,5291506.0,https://www.sec.gov/Archives/edgar/data/875622/000095012008000185/0000950120-08-000185-index.htm,https://www.sec.gov/Archives/edgar/data/875622/000095012008000185/form10ksb.htm,1620589727,15:48:47,20210509
13,2006-12-31,BSTC,USD,2006-12-31,2006-12-31,FY,1916918.0,0.0,1916918.0,1.0,1217306.0,4002519.0,0.0,0.0,5219825.0,5219825.0,63133.0,249745.0,-3053162.0,-1.5927452295820688,-3302907.0,-1.723029884429068,-70399.0,-3214831.0,-1.6770832137837925,147480.0,1226456.0,0.6398061888927956,-0.14,-0.14,5219908.0,5219908.0,,,1620589727,15:48:47,20210509
14,2005-12-31,BSTC,USD,2008-06-06,2008-06-06 14:32:42,FY,5478239.0,3622775.0,1855464.0,0.3386971616243833,686464.0,2289160.0,0.0,0.0,2975624.0,6598399.0,177764.0,723346.0,-396814.0,-0.07243459075078688,-1120160.0,-0.20447446706870584,-2519.0,-1298037.0,-0.23694420780108352,6118.0,-1296746.0,-0.23670854813015643,-0.26,-0.26,4989538.0,4989538.0,https://www.sec.gov/Archives/edgar/data/875622/000095012008000260/0000950120-08-000260-index.htm,https://www.sec.gov/Archives/edgar/data/875622/000095012008000260/form-10ksba.htm,1620589727,15:48:47,20210509
15,2004-12-31,BSTC,USD,2004-12-31,2004-12-31,FY,2836757.0,3052492.0,-215735.0,-0.07604986962224822,1057009.0,2094424.0,0.0,0.0,3151433.0,6203925.0,369778.0,784631.0,-2582537.0,-0.9103835823794565,-3367168.0,-1.1869779470007478,0.0,-3736750.0,-1.3172612247013051,0.0,-3658741.0,-1.2897618653977059,-0.75,-0.75,4903773.0,4903773.0,,,1620589727,15:48:47,20210509
16,2003-12-31,BSTC,USD,2003-12-31,2003-12-31,FY,0.0,0.0,0.0,0.0,0.0,0.0,0.0,0.0,0.0,0.0,0.0,650000.0,0.0,0.0,0.0,0.0,0.0,0.0,0.0,0.0,0.0,0.0,0.0,0.0,4564336.0,4564336.0,,,1620589727,15:48:47,20210509
17,2003-01-31,BSTC,USD,2003-01-31,2003-01-31,FY,4079240.0,3205235.0,874005.0,0.21425682234926113,1069045.0,3045319.0,0.0,0.0,4114364.0,7319599.0,46556.0,636657.0,-2603702.0,-0.6382811504103706,-3240359.0,-0.7943536050832999,23462.0,-3263453.0,-0.8000149537658976,-260464.0,-2924769.0,-0.7169887037781547,-0.64,-0.64,4564336.0,4564336.0,,,1620589727,15:48:47,20210509
18,2002-01-31,BSTC,USD,2002-01-31,2002-01-31,FY,8209685.0,5106234.0,3103451.0,0.3780231519236122,1067450.0,2319853.0,0.0,0.0,3387303.0,8493537.0,12915.0,437350.0,153498.0,0.018697185092972506,-283852.0,-0.034575260804769005,21551.0,-275216.0,-0.03352333250301321,-17130.0,-257316.0,-0.031342980881726885,-0.06,-0.06,4539325.0,4539325.0,,,1620589727,15:48:47,20210509
19,2001-01-31,BSTC,USD,2001-01-31,2001-01-31,FY,5531705.0,2503906.0,3027799.0,0.5473536640149828,1313099.0,2659621.0,0.0,0.0,3972720.0,6476626.0,5894.0,150735.0,-794186.0,-0.14356983967872472,-944921.0,-0.1708191235794389,-272971.0,-1223786.0,-0.22123124787023168,276695.0,-1468481.0,-0.26546625317149053,-0.32,-0.32,4529766.0,4529766.0,,,1620589727,15:48:47,20210509
20,2000-01-31,BSTC,USD,2000-01-31,2000-01-31,FY,6620865.0,2080000.0,4540865.0,0.6858416536207882,1659087.0,2971635.0,0.0,0.0,4830722.0,6910722.0,4921.0,389605.0,99748.0,0.015065705160881546,-289857.0,-0.04377932490694192,163049.0,-131729.0,-0.019896040774128456,-302000.0,159671.0,0.024116335252266887,0.03516718237683029,0.03515412058225973,4540341.0,4542028.0,,,1620589727,15:48:47,20210509
21,1999-01-31,BSTC,USD,1999-01-31,1999-01-31,FY,7061884.0,2250945.0,4810939.0,0.6812543225009077,2050049.0,1776293.0,0.0,0.0,3826342.0,6077287.0,6983.0,349593.0,1334190.0,0.18892833697070074,984597.0,0.1394241253467205,441894.0,1419508.0,0.2010098155109883,139300.0,1239708.0,0.17554918772384254,0.26300159747458995,0.25825065629865473,4713690.0,4800406.0,,,1620589727,15:48:47,20210509
22,1998-01-31,BSTC,USD,1998-01-31,1998-01-31,FY,5824833.0,1665202.0,4159631.0,0.7141202159787242,1904808.0,1526534.0,0.0,0.0,3431342.0,5096544.0,7613.0,186876.0,915165.0,0.15711437563961062,728289.0,0.12503173910737012,513291.0,1233967.0,0.21184590184817315,363820.0,835842.0,0.14349630281245832,0.17271575366243144,0.17008474100313617,4839408.0,4914268.0,,,1620589727,15:48:47,20210509
23,1997-01-31,BSTC,USD,1997-01-31,1997-01-31,FY,5874989.0,1699677.0,4175312.0,0.7106927349140568,1582935.0,1512246.0,0.0,0.0,3095181.0,4794858.0,4412.0,169792.0,1249923.0,0.21275324941033932,1080131.0,0.18385242934071877,388133.0,1463852.0,0.2491667643973461,300350.0,1125917.0,0.1916458056346999,0.23,0.23,4923582.0,4923582.0,,,1620589727,15:48:47,20210509
24,1996-01-31,BSTC,USD,1996-01-31,1996-01-31,FY,4400000.0,1000000.0,3400000.0,0.7727272727272727,1800000.0,1800000.0,0.0,0.0,3800000.0,4800000.0,0.0,200000.0,-200000.0,-0.045454545454545456,-400000.0,-0.09090909090909091,0.0,0.0,0.0,0.0,-300000.0,-0.06818181818181818,-0.07,-0.07,4285714.0,4285714.0,,,1620589727,15:48:47,20210509
25,1995-01-31,BSTC,USD,1995-01-31,1995-01-31,FY,4900000.0,1200000.0,3700000.0,0.7551020408163265,1700000.0,1400000.0,0.0,0.0,3300000.0,4500000.0,0.0,200000.0,600000.0,0.12244897959183673,400000.0,0.08163265306122448,100000.0,500000.0,0.10204081632653061,400000.0,100000.0,0.02040816326530612,0.02,0.02,5000000.0,5000000.0,,,1620589727,15:48:47,20210509
26,1994-01-31,BSTC,USD,1994-01-31,1994-01-31,FY,5600000.0,1600000.0,4000000.0,0.7142857142857143,900000.0,1200000.0,0.0,0.0,2300000.0,3900000.0,0.0,200000.0,1900000.0,0.3392857142857143,1700000.0,0.30357142857142855,-100000.0,1400000.0,0.25,100000.0,1300000.0,0.23214285714285715,0.28,0.27,4642857.0,4814815.0,,,1620589727,15:48:47,20210509
27,1993-01-31,BSTC,USD,1993-01-31,1993-01-31,FY,4900000.0,1400000.0,3500000.0,0.7142857142857143,0.0,2000000.0,0.0,0.0,2100000.0,3500000.0,0.0,100000.0,1500000.0,0.30612244897959184,1400000.0,0.2857142857142857,100000.0,1500000.0,0.30612244897959184,100000.0,1400000.0,0.2857142857142857,0.3,0.28,4666667.0,5000000.0,,,1620589727,15:48:47,20210509
28,1992-01-31,BSTC,USD,1992-01-31,1992-01-31,FY,4500000.0,1600000.0,2900000.0,0.6444444444444445,0.0,1500000.0,0.0,0.0,1600000.0,3200000.0,100000.0,100000.0,1400000.0,0.3111111111111111,1300000.0,0.28888888888888886,200000.0,1400000.0,0.3111111111111111,100000.0,1300000.0,0.28888888888888886,0.175,0.16,7000000.0,7000000.0,,,1620589727,15:48:47,20210509
