,date,symbol,reportedCurrency,fillingDate,acceptedDate,period,revenue,costOfRevenue,grossProfit,grossProfitRatio,researchAndDevelopmentExpenses,generalAndAdministrativeExpenses,sellingAndMarketingExpenses,otherExpenses,operatingExpenses,costAndExpenses,interestExpense,depreciationAndAmortization,ebitda,ebitdaratio,operatingIncome,operatingIncomeRatio,totalOtherIncomeExpensesNet,incomeBeforeTax,incomeBeforeTaxRatio,incomeTaxExpense,netIncome,netIncomeRatio,eps,epsdiluted,weightedAverageShsOut,weightedAverageShsOutDil,link,finalLink,timestamp,est_time,est_date
0,2020-12-31,0118.HK,HKD,2020-12-31,2020-12-31,FY,2432021000,2024043000,407978000,0.16775266331993022,0.0,222678000,151200000.0,0.0,0.0,2382092000,20315000.0,0.0,57124000.0,0.02348828402386328,49929000.0,0.014565252520434651,0.0,35423000.0,0.014565252520434651,9545000.0,19578000.0,0.008050094962173435,0.022714123283592274,0.022714123283592274,861930692,861930692,https://www1.hkexnews.hk/search/titlesearch.xhtml,https://www1.hkexnews.hk/search/titlesearch.xhtml,1620584539,14:22:19,20210509
1,2019-12-31,0118.HK,HKD,2019-12-31,2019-12-31,FY,2344923000,1967383000,377540000,0.16100315447458188,0.0,221354000,168808000.0,3292000.0,0.0,2296146000,24958000.0,85867000.0,134644000.0,0.05741936942065901,48777000.0,0.02080110946073709,0.0,39075000.0,0.01666366017135744,14191000.0,15755000.0,0.006718770722961905,0.0183,0.0183,861930692,861930692,https://www1.hkexnews.hk/search/titlesearch.xhtml,https://www1.hkexnews.hk/search/titlesearch.xhtml,1620584539,14:22:19,20210509
2,2018-12-31,0118.HK,HKD,2018-12-31,2018-12-31,FY,2682452000,2245294000,437158000,0.16296955173848404,0.0,251593000,153780000.0,2566000.0,0.0,2607278000,21856000.0,72130000.0,147304000.0,0.054913936950223154,75174000.0,0.028024359802151167,0.0,108219000.0,0.04034331276011649,19467000.0,74052000.0,0.027606085775253388,0.0936,0.0936,791218363,791218363,https://www1.hkexnews.hk/search/titlesearch.xhtml,https://www1.hkexnews.hk/search/titlesearch.xhtml,1620584539,14:22:19,20210509
3,2017-12-31,0118.HK,HKD,2017-12-31,2017-12-31,FY,2446848000,2037409000,409439000,0.16733323851747228,0.0,244887000,145043000.0,1319000.0,0.0,2371415000,20483000.0,66464000.0,141897000.0,0.057991751020087884,75433000.0,0.030828641582967147,0.0,49926000.0,0.02040420982423101,6076000.0,27284000.0,0.011150672211759782,0.038,0.038,716930692,716930692,https://www1.hkexnews.hk/search/titlesearch.xhtml,https://www1.hkexnews.hk/search/titlesearch.xhtml,1620584539,14:22:19,20210509
4,2016-12-31,0118.HK,HKD,2016-12-31,2016-12-31,FY,2192287000,1878696000,313591000,0.14304285889575588,0.0,322145000,147904000.0,3567000.0,0.0,2332529000,16559000.0,73175000.0,-67067000.0,-0.030592253660218758,-140242000.0,-0.06397063888076698,0.0,-279260000.0,-0.12738295670229308,54625000.0,-303160000.0,-0.1382848139864899,-0.4229,-0.4229,716930692,716930692,https://www1.hkexnews.hk/search/titlesearch.xhtml,https://www1.hkexnews.hk/search/titlesearch.xhtml,1620584539,14:22:19,20210509
5,2015-12-31,0118.HK,HKD,2015-12-31,2015-12-31,FY,2395165726,2016147389,379018337,0.15824305303206396,0.0,293674327,145461435.0,230725.0,0.0,2443165476,20808764.0,85356665.0,37356915.0,0.015596797580427636,-47999750.0,-0.020040262550082934,0.0,-26662281.0,-0.0111317061323046,12155667.0,-49601376.0,-0.020708953648412385,-0.0692,-0.0692,716930692,716930692,https://www1.hkexnews.hk/search/titlesearch.xhtml,https://www1.hkexnews.hk/search/titlesearch.xhtml,1620584539,14:22:19,20210509
6,2014-12-31,0118.HK,HKD,2014-12-31,2014-12-31,FY,2492728637,2059153897,433574740,0.17393579612492735,0.0,289183666,152479161.0,594753.0,0.0,2486200326,21267359.0,84873070.0,91401381.0,0.03666720061033262,6528311.0,0.0026189417103406913,0.0,-351442.0,-0.00014098686667432867,7583345.0,-33301502.0,-0.013359457385653648,-0.0465,-0.0465,716930692,716930692,https://www1.hkexnews.hk/search/titlesearch.xhtml,https://www1.hkexnews.hk/search/titlesearch.xhtml,1620584539,14:22:19,20210509
7,2013-12-31,0118.HK,HKD,2013-12-31,2013-12-31,FY,2465110889,2117309967,347800922,0.14108936176136455,0.0,275826275,161504360.0,589664.0,0.0,2553474117,18902412.0,84680091.0,-3683137.0,-0.0014941060122021959,-88363228.0,-0.03584553879271757,0.0,119120837.0,0.048322709348106736,-3904348.0,108389916.0,0.04396959036758366,0.1512,0.1512,716930692,716930692,https://www1.hkexnews.hk/search/titlesearch.xhtml,https://www1.hkexnews.hk/search/titlesearch.xhtml,1620584539,14:22:19,20210509
8,2012-12-31,0118.HK,HKD,2012-12-31,2012-12-31,FY,2121594925,1757903363,363691562,0.17142365760513872,0.0,241614053,138863457.0,533734.0,0.0,2115294109,19399240.0,77646509.0,83947325.0,0.039568026870162316,6300816.0,0.002969848733023341,0.0,-2861531.0,-0.001348764067202885,10276451.0,-24174761.0,-0.011394616717420739,-0.0337,-0.0337,716930692,716930692,https://www1.hkexnews.hk/search/titlesearch.xhtml,https://www1.hkexnews.hk/search/titlesearch.xhtml,1620584539,14:22:19,20210509
9,2011-12-31,0118.HK,HKD,2011-12-31,2011-12-31,FY,2416689680,2016014230,400675450,0.16579515910375386,0.0,222804791,140354256.0,0.0,0.0,2347323814,23147747.0,68482810.0,137848676.0,0.05704028826737904,69365866.0,0.028702843635265575,0.0,49665465.0,0.020551031194042255,15152028.0,26578969.0,0.010998089336815474,0.0372,0.037,715174472,718330414,https://www1.hkexnews.hk/search/titlesearch.xhtml,https://www1.hkexnews.hk/search/titlesearch.xhtml,1620584539,14:22:19,20210509
10,2010-12-31,0118.HK,HKD,2010-12-31,2010-12-31,FY,2426658383,1994388120,432270263,0.17813395821524666,0.0,199934654,130039410.0,453483.0,0.0,2308832368,13760054.0,54200559.0,172026574.0,0.07089031369439362,117826015.0,0.04855484225774519,0.0,310726522.0,0.12804708078269292,13348871.0,275671070.0,0.11360110344794255,0.3882,0.3873,710056446,711856507,https://www1.hkexnews.hk/search/titlesearch.xhtml,https://www1.hkexnews.hk/search/titlesearch.xhtml,1620584539,14:22:19,20210509
11,2009-12-31,0118.HK,HKD,2009-12-31,2009-12-31,FY,1692794123,1409480292,283313831,0.16736461165041508,0.0,187300579,88016637.0,1400403.0,0.0,1667214949,15492503.0,51130845.0,76710019.0,0.045315622235297656,25579174.0,0.015110623112672516,0.0,35324072.0,0.020867317247887207,-8563612.0,7301451.0,0.0043132539868819,0.0103,0.0103,709930692,709930692,https://www1.hkexnews.hk/search/titlesearch.xhtml,https://www1.hkexnews.hk/search/titlesearch.xhtml,1620584539,14:22:19,20210509
12,2008-12-31,0118.HK,HKD,2008-12-31,2008-12-31,FY,1939382596,1639642529,299740067,0.15455437602576072,0.0,221377214,107602601.0,0.0,0.0,1865941029,26514651.0,55973813.0,129415380.0,0.0667301956132435,73441567.0,0.03786852947503712,0.0,63932192.0,0.03296522931156592,-7627086.0,45239508.0,0.023326757749248153,0.0637,0.0637,710000697,710000697,https://www1.hkexnews.hk/search/titlesearch.xhtml,https://www1.hkexnews.hk/search/titlesearch.xhtml,1620584539,14:22:19,20210509
13,2007-12-31,0118.HK,HKD,2007-12-31,2007-12-31,FY,2093377079,1707055795,386321284,0.18454452753659867,0.0,212774788,0.0,0.0,0.0,1949357801,0.0,54959026.0,198978304.0,0.09505134359025816,144019278.0,0.06879758044776031,0.0,147626146.0,0.07052057055603216,-9933951.0,137692195.0,0.06577515173032045,0.1412,0.1412,708499816,708499816,https://www1.hkexnews.hk/search/titlesearch.xhtml,https://www1.hkexnews.hk/search/titlesearch.xhtml,1620584539,14:22:19,20210509
14,2006-12-31,0118.HK,HKD,2006-12-31,2006-12-31,FY,1912967085,1522181575,390785510,0.2042824014402736,0.0,201179002,0.0,0.0,0.0,1811230615,0.0,55782567.0,157519037.0,0.0823427847949616,101736470.0,0.05318255123035742,0.0,108103573.0,0.056510942528841264,-11544167.0,88616335.0,0.046324024963555505,0.0921,0.0921,707307438,707307438,https://www1.hkexnews.hk/search/titlesearch.xhtml,https://www1.hkexnews.hk/search/titlesearch.xhtml,1620584539,14:22:19,20210509
15,2005-12-31,0118.HK,HKD,2005-12-31,2005-12-31,FY,1650728643,1334057895,316670748,0.19183694990867134,0.0,201104091,0.0,0.0,0.0,1599099448,0.0,59409128.0,111038323.0,0.06726624843572185,51629195.0,0.031276609404541605,0.0,80300041.0,0.04864520970210123,-7197785.0,73102256.0,0.04428484130931749,0.0767,0.0767,706930313,706930313,https://www1.hkexnews.hk/search/titlesearch.xhtml,https://www1.hkexnews.hk/search/titlesearch.xhtml,1620584539,14:22:19,20210509
16,2004-12-31,0118.HK,HKD,2004-12-31,2004-12-31,FY,1656302908,1328939190,327363718,0.19764725185159188,0.0,198423476,0.0,0.0,0.0,1608378407,0.0,60477885.0,108402386.0,0.06544840649401311,47924501.0,0.02893462347287022,0.0,70281978.0,0.04243304631087443,-13507592.0,41849359.0,0.025266730377557244,0.059258,0.059258,706228857,706228857,https://www1.hkexnews.hk/search/titlesearch.xhtml,https://www1.hkexnews.hk/search/titlesearch.xhtml,1620584539,14:22:19,20210509
17,2003-12-31,0118.HK,HKD,2003-12-31,2003-12-31,FY,1393628209,1101255266,292372943,0.20979264133135814,0.0,188963397,0.0,0.0,0.0,1364603317,0.0,63539262.0,92564154.0,0.06641954676449865,29024892.0,0.02082685454596736,0.0,52166644.0,0.03743225321008123,-13378918.0,20528285.0,0.01473010152021112,0.031974,0.031974,642026234,642026234,https://www1.hkexnews.hk/search/titlesearch.xhtml,https://www1.hkexnews.hk/search/titlesearch.xhtml,1620584539,14:22:19,20210509
18,2002-12-31,0118.HK,HKD,2002-12-31,2002-12-31,FY,1313483603,1006499127,306984476,0.233717783228391,0.0,197060264,0.0,0.0,0.0,1257555043,0.0,63092819.0,119021379.0,0.09061504744189791,55928560.0,0.04258032599132492,0.0,56349959.0,0.04290115146568754,-16377209.0,22460750.0,0.01710013733608824,0.03498416234499228,0.03498416234499228,642026234,642026234,https://www1.hkexnews.hk/search/titlesearch.xhtml,https://www1.hkexnews.hk/search/titlesearch.xhtml,1620584539,14:22:19,20210509
