,date,symbol,reportedCurrency,fillingDate,acceptedDate,period,revenue,costOfRevenue,grossProfit,grossProfitRatio,researchAndDevelopmentExpenses,generalAndAdministrativeExpenses,sellingAndMarketingExpenses,otherExpenses,operatingExpenses,costAndExpenses,interestExpense,depreciationAndAmortization,ebitda,ebitdaratio,operatingIncome,operatingIncomeRatio,totalOtherIncomeExpensesNet,incomeBeforeTax,incomeBeforeTaxRatio,incomeTaxExpense,netIncome,netIncomeRatio,eps,epsdiluted,weightedAverageShsOut,weightedAverageShsOutDil,link,finalLink,timestamp,est_time,est_date
0,2020-12-31,MTRO.L,GBP,2020-12-31,2020-12-31,FY,432600000,0.0,0.0,0.0,0.0,0.0,0.0,-502300000.0,0.0,0.0,176600000,74400000,0.0,0.0,0.0,-0.7198335644937587,0.0,-311400000,-0.7198335644937587,-9700000.0,-301700000,-0.6974110032362459,-2.04653371320038,-2.04653371320038,147420000,147420000,https://find-and-update.company-information.service.gov.uk/search/companies?q=Metro+Bank+PLC,https://find-and-update.company-information.service.gov.uk/search/companies?q=Metro+Bank+PLC,1620595389,17:23:09,20210509
1,2019-12-31,MTRO.L,GBP,2019-12-31,2019-12-31,FY,415600000,0.0,0.0,0.0,0.0,111900000.0,7400000.0,-5800000.0,395200000.0,0.0,188100000,76400000,0.0,0.0,0.0,-0.314725697786333,0.0,-130800000,-0.314725697786333,51800000.0,-182600000,-0.4393647738209817,-1.239,-1.239,147420000,147420000,https://find-and-update.company-information.service.gov.uk/search/companies?q=Metro+Bank+PLC,https://find-and-update.company-information.service.gov.uk/search/companies?q=Metro+Bank+PLC,1620595389,17:23:09,20210509
2,2018-12-31,MTRO.L,GBP,2018-12-31,2018-12-31,FY,404100000,0.0,0.0,0.0,0.0,101600000.0,5900000.0,-305600000.0,346800000.0,0.0,114300000,45000000,0.0,0.0,0.0,0.10047018064835436,0.0,40600000,0.10047018064835436,13500000.0,27100000,0.06706260826528088,0.291,0.282,92964000,95853000,https://find-and-update.company-information.service.gov.uk/search/companies?q=Metro+Bank+PLC,https://find-and-update.company-information.service.gov.uk/search/companies?q=Metro+Bank+PLC,1620595389,17:23:09,20210509
3,2017-12-31,MTRO.L,GBP,2017-12-31,2017-12-31,FY,293752000,0.0,0.0,0.0,0.0,74343000.0,3735000.0,-231409000.0,264839000.0,0.0,60964000,33430000,0.0,0.0,0.0,0.06357403524061113,0.0,18675000,0.06357403524061113,7886000.0,10789000,0.03672826057354503,0.128,0.126,84412000,84412000,https://find-and-update.company-information.service.gov.uk/search/companies?q=Metro+Bank+PLC,https://find-and-update.company-information.service.gov.uk/search/companies?q=Metro+Bank+PLC,1620595389,17:23:09,20210509
4,2016-12-31,MTRO.L,GBP,2016-12-31,2016-12-31,FY,195106000,0.0,0.0,0.0,0.0,57465000.0,3035000.0,-179767000.0,202146000.0,0.0,59246000,22379000,0.0,0.0,0.0,-0.08814695601365412,0.0,-17198000,-0.08814695601365412,-445000.0,-16753000,-0.08586614455731756,-0.208527,-0.208527,80339834,80339834,https://find-and-update.company-information.service.gov.uk/search/companies?q=Metro+Bank+PLC,https://find-and-update.company-information.service.gov.uk/search/companies?q=Metro+Bank+PLC,1620595389,17:23:09,20210509
5,2015-12-31,MTRO.L,GBP,2015-12-31,2015-12-31,FY,120200000,0.0,0.0,0.0,0.0,41101000.0,3467000.0,0.0,159758000.0,0.0,36326000,18195000,0.0,0.0,0.0,-0.4725207986688852,0.0,-56797000,-0.4725207986688852,-7600000.0,-49197000,-0.4092928452579035,-0.612965,-0.612965,80260640,80260640,https://find-and-update.company-information.service.gov.uk/search/companies?q=Metro+Bank+PLC,https://find-and-update.company-information.service.gov.uk/search/companies?q=Metro+Bank+PLC,1620595389,17:23:09,20210509
6,2014-12-31,MTRO.L,GBP,2014-12-31,2014-12-31,FY,75447000,0.0,0.0,0.0,0.0,33213000.0,3468000.0,0.0,122161000.0,0.0,20621000,14221000,0.0,0.0,0.0,-0.6477527270799369,0.0,-48871000,-0.6477527270799369,-7759000.0,-41112000,-0.544912322557557,-0.512231,-0.512231,80260640,80260640,https://find-and-update.company-information.service.gov.uk/search/companies?q=Metro+Bank+PLC,https://find-and-update.company-information.service.gov.uk/search/companies?q=Metro+Bank+PLC,1620595389,17:23:09,20210509
7,2013-12-31,MTRO.L,GBP,2013-12-31,2013-12-31,FY,31534000,0.0,0.0,0.0,0.0,25497000.0,2571000.0,0.0,85944000.0,0.0,11515000,10292000,0.0,0.0,0.0,-1.7579755184879813,0.0,-55436000,-1.7579755184879813,-9000000.0,-46436000,-1.472569290289846,-0.578565,-0.578565,80260640,80260640,https://find-and-update.company-information.service.gov.uk/search/companies?q=Metro+Bank+PLC,https://find-and-update.company-information.service.gov.uk/search/companies?q=Metro+Bank+PLC,1620595389,17:23:09,20210509
