,date,symbol,reportedCurrency,fillingDate,acceptedDate,period,revenue,costOfRevenue,grossProfit,grossProfitRatio,researchAndDevelopmentExpenses,generalAndAdministrativeExpenses,sellingAndMarketingExpenses,otherExpenses,operatingExpenses,costAndExpenses,interestExpense,depreciationAndAmortization,ebitda,ebitdaratio,operatingIncome,operatingIncomeRatio,totalOtherIncomeExpensesNet,incomeBeforeTax,incomeBeforeTaxRatio,incomeTaxExpense,netIncome,netIncomeRatio,eps,epsdiluted,weightedAverageShsOut,weightedAverageShsOutDil,link,finalLink,timestamp,est_time,est_date
0,2020-12-31,HILS.L,GBP,2020-12-31,2020-12-31,FY,660500000.0,415900000.0,244600000.0,0.37032551097653293,0.0,142200000.0,34100000.0,0.0,0.0,596700000.0,7100000.0,6100000.0,69900000.0,0.10582891748675247,63800000.0,0.09659348978046935,0.0,35500000.0,0.053747161241483724,11500000.0,24000000.0,0.036336109008327025,0.30303030303030304,0.30303030303030304,79200000,79200000,https://find-and-update.company-information.service.gov.uk/search/companies?q=Hill+&+Smith+Holdings+PLC,https://find-and-update.company-information.service.gov.uk/search/companies?q=Hill+&+Smith+Holdings+PLC,1620593095,16:44:55,20210509
1,2019-12-31,HILS.L,GBP,2019-12-31,2019-12-31,FY,694700000.0,438200000.0,256500000.0,0.369224125521808,0.0,152400000.0,36800000.0,0.0,187300000.0,625500000.0,7900000.0,37500000.0,106700000.0,0.15359147833597236,69200000.0,0.09961134302576652,0.0,61800000.0,0.08895926299121923,13400000.0,48400000.0,0.069670361307039,0.611,0.608,79200000,79600000,https://find-and-update.company-information.service.gov.uk/search/companies?q=Hill+&+Smith+Holdings+PLC,https://find-and-update.company-information.service.gov.uk/search/companies?q=Hill+&+Smith+Holdings+PLC,1620593095,16:44:55,20210509
2,2018-12-31,HILS.L,GBP,2018-12-31,2018-12-31,FY,637900000.0,409300000.0,228600000.0,0.3583633798401003,0.0,129100000.0,35800000.0,0.0,163400000.0,572700000.0,5000000.0,24300000.0,89500000.0,0.14030412290327637,65200000.0,0.10221037780216335,0.0,59800000.0,0.09374510111302713,12600000.0,47200000.0,0.07399278883837591,0.599,0.593,78800000,79500000,https://find-and-update.company-information.service.gov.uk/search/companies?q=Hill+&+Smith+Holdings+PLC,https://find-and-update.company-information.service.gov.uk/search/companies?q=Hill+&+Smith+Holdings+PLC,1620593095,16:44:55,20210509
3,2017-12-31,HILS.L,GBP,2017-12-31,2017-12-31,FY,585100000.0,365800000.0,219300000.0,0.37480772517518374,0.0,114600000.0,32100000.0,0.0,145200000.0,511000000.0,3400000.0,23200000.0,97300000.0,0.16629635959665015,74100000.0,0.1266450179456503,0.0,70200000.0,0.11997949068535294,16300000.0,53900000.0,0.0921210049564177,0.686,0.677,78600000,79600000,https://find-and-update.company-information.service.gov.uk/search/companies?q=Hill+&+Smith+Holdings+PLC,https://find-and-update.company-information.service.gov.uk/search/companies?q=Hill+&+Smith+Holdings+PLC,1620593095,16:44:55,20210509
4,2016-12-31,HILS.L,GBP,2016-12-31,2016-12-31,FY,540100000.0,340600000.0,199500000.0,0.36937604147380115,0.0,120200000.0,28700000.0,0.0,147700000.0,488300000.0,3000000.0,21000000.0,72800000.0,0.13478985373079058,51800000.0,0.095908165154601,0.0,48300000.0,0.08942788372523607,14500000.0,33800000.0,0.06258100351786706,0.43,0.425,78500000,79300000,https://find-and-update.company-information.service.gov.uk/search/companies?q=Hill+&+Smith+Holdings+PLC,https://find-and-update.company-information.service.gov.uk/search/companies?q=Hill+&+Smith+Holdings+PLC,1620593095,16:44:55,20210509
5,2015-12-31,HILS.L,GBP,2015-12-31,2015-12-31,FY,467500000.0,300600000.0,166900000.0,0.3570053475935829,0.0,107600000.0,23200000.0,0.0,129600000.0,430200000.0,3500000.0,18000000.0,55300000.0,0.11828877005347593,37300000.0,0.0797860962566845,0.0,33200000.0,0.07101604278074866,9100000.0,24100000.0,0.051550802139037434,0.309,0.306,78100000,78800000,https://find-and-update.company-information.service.gov.uk/search/companies?q=Hill+&+Smith+Holdings+PLC,https://find-and-update.company-information.service.gov.uk/search/companies?q=Hill+&+Smith+Holdings+PLC,1620593095,16:44:55,20210509
6,2014-12-31,HILS.L,GBP,2014-12-31,2014-12-31,FY,454700000.0,296900000.0,157800000.0,0.3470420057180559,0.0,95300000.0,22900000.0,0.0,117000000.0,413900000.0,3700000.0,17200000.0,58000000.0,0.12755663074554652,40800000.0,0.08972949197272927,0.0,36900000.0,0.08115240818121838,9600000.0,27300000.0,0.0600395865405762,0.351,0.347,77800000,78800000,https://find-and-update.company-information.service.gov.uk/search/companies?q=Hill+&+Smith+Holdings+PLC,https://find-and-update.company-information.service.gov.uk/search/companies?q=Hill+&+Smith+Holdings+PLC,1620593095,16:44:55,20210509
7,2013-12-31,HILS.L,GBP,2013-12-31,2013-12-31,FY,444500000.0,297700000.0,146800000.0,0.33025871766029247,0.0,91100000.0,22300000.0,0.0,112300000.0,410000000.0,4000000.0,16900000.0,51400000.0,0.1156355455568054,34500000.0,0.07761529808773904,0.0,30600000.0,0.06884139482564679,7600000.0,23000000.0,0.05174353205849269,0.296,0.292,77600000,78600000,https://find-and-update.company-information.service.gov.uk/search/companies?q=Hill+&+Smith+Holdings+PLC,https://find-and-update.company-information.service.gov.uk/search/companies?q=Hill+&+Smith+Holdings+PLC,1620593095,16:44:55,20210509
8,2012-12-31,HILS.L,GBP,2012-12-31,2012-12-31,FY,440700000.0,297500000.0,143200000.0,0.32493759927388244,0.0,84700000.0,20300000.0,0.0,103900000.0,401400000.0,4400000.0,16400000.0,55700000.0,0.12638983435443613,39300000.0,0.08917631041524847,0.0,35200000.0,0.07987292943045156,9100000.0,26100000.0,0.05922396187882913,0.339,0.336,77000000,77800000,https://find-and-update.company-information.service.gov.uk/search/companies?q=Hill+&+Smith+Holdings+PLC,https://find-and-update.company-information.service.gov.uk/search/companies?q=Hill+&+Smith+Holdings+PLC,1620593095,16:44:55,20210509
9,2011-12-31,HILS.L,GBP,2011-12-31,2011-12-31,FY,406200000.0,269300000.0,136900000.0,0.33702609551944857,200000.0,0.0,18900000.0,7500000.0,111500000.0,380800000.0,5100000.0,16800000.0,42200000.0,0.10388970950270802,25400000.0,0.06253077301821763,0.0,25400000.0,0.06253077301821763,9300000.0,16100000.0,0.0396356474643033,0.209,0.207,76900000,77700000,https://find-and-update.company-information.service.gov.uk/search/companies?q=Hill+&+Smith+Holdings+PLC,https://find-and-update.company-information.service.gov.uk/search/companies?q=Hill+&+Smith+Holdings+PLC,1620593095,16:44:55,20210509
10,2010-12-31,HILS.L,GBP,2010-12-31,2010-12-31,FY,374200000.0,248100000.0,126100000.0,0.3369855692143239,300000.0,0.0,20200000.0,7800000.0,94100000.0,342200000.0,5000000.0,15000000.0,47000000.0,0.12560128273650453,32000000.0,0.08551576696953501,0.0,35300000.0,0.09433458043826831,10700000.0,24600000.0,0.06574024585783003,0.32,0.317,76900000,77600000,https://find-and-update.company-information.service.gov.uk/search/companies?q=Hill+&+Smith+Holdings+PLC,https://find-and-update.company-information.service.gov.uk/search/companies?q=Hill+&+Smith+Holdings+PLC,1620593095,16:44:55,20210509
11,2009-12-31,HILS.L,GBP,2009-12-31,2009-12-31,FY,389700000.0,262000000.0,127700000.0,0.32768796510136,200000.0,0.0,20000000.0,5600000.0,93000000.0,355000000.0,6000000.0,15000000.0,49700000.0,0.12753400051321528,34700000.0,0.08904285347703361,0.0,39700000.0,0.10187323582242751,12200000.0,27500000.0,0.0705671028996664,0.363,0.359,75800000,76500000,https://find-and-update.company-information.service.gov.uk/search/companies?q=Hill+&+Smith+Holdings+PLC,https://find-and-update.company-information.service.gov.uk/search/companies?q=Hill+&+Smith+Holdings+PLC,1620593095,16:44:55,20210509
12,2008-12-31,HILS.L,GBP,2008-12-31,2008-12-31,FY,419800000.0,285700000.0,134100000.0,0.31943782753692235,100000.0,0.0,23000000.0,4000000.0,96800000.0,382500000.0,9400000.0,12800000.0,50100000.0,0.1193425440686041,37300000.0,0.08885183420676512,0.0,35100000.0,0.08361124344926155,15300000.0,22700000.0,0.05407336827060505,0.3,0.297,75600000,76500000,https://find-and-update.company-information.service.gov.uk/search/companies?q=Hill+&+Smith+Holdings+PLC,https://find-and-update.company-information.service.gov.uk/search/companies?q=Hill+&+Smith+Holdings+PLC,1620593095,16:44:55,20210509
13,2007-12-31,HILS.L,GBP,2007-12-31,2007-12-31,FY,329600000.0,235500000.0,94100000.0,0.285497572815534,0.0,0.0,19800000.0,4000000.0,65800000.0,301300000.0,7200000.0,9200000.0,37500000.0,0.1137742718446602,28300000.0,0.0858616504854369,0.0,30800000.0,0.09344660194174757,10000000.0,22300000.0,0.06765776699029126,0.295,0.291,75565565,76550467,https://find-and-update.company-information.service.gov.uk/search/companies?q=Hill+&+Smith+Holdings+PLC,https://find-and-update.company-information.service.gov.uk/search/companies?q=Hill+&+Smith+Holdings+PLC,1620593095,16:44:55,20210509
14,2006-12-31,HILS.L,GBP,2006-12-31,2006-12-31,FY,306000000.0,232500000.0,73500000.0,0.24019607843137256,0.0,0.0,0.0,3800000.0,58400000.0,290900000.0,5200000.0,6800000.0,21900000.0,0.07156862745098039,15100000.0,0.04934640522875817,0.0,17300000.0,0.0565359477124183,4300000.0,13000000.0,0.042483660130718956,0.198,0.193,65834026,67604552,https://find-and-update.company-information.service.gov.uk/search/companies?q=Hill+&+Smith+Holdings+PLC,https://find-and-update.company-information.service.gov.uk/search/companies?q=Hill+&+Smith+Holdings+PLC,1620593095,16:44:55,20210509
15,2005-12-31,HILS.L,GBP,2005-12-31,2005-12-31,FY,277296000.0,207943000.0,69353000.0,0.2501045813859558,0.0,0.0,21039000.0,3144000.0,56238000.0,264181000.0,4685000.0,6195000.0,19310000.0,0.06963677802781143,13115000.0,0.047296030234839304,0.0,15827000.0,0.057076192949050836,1631000.0,14176000.0,0.051122266458946394,0.225,0.218,62960978,64968617,https://find-and-update.company-information.service.gov.uk/search/companies?q=Hill+&+Smith+Holdings+PLC,https://find-and-update.company-information.service.gov.uk/search/companies?q=Hill+&+Smith+Holdings+PLC,1620593095,16:44:55,20210509
16,2004-12-31,HILS.L,GBP,2004-12-31,2004-12-31,FY,268652000.0,206993000.0,61659000.0,0.2295125292199574,65000.0,0.0,20839000.0,1988000.0,50400000.0,257393000.0,3736000.0,5585000.0,16844000.0,0.06269821181305182,11259000.0,0.041909235739916326,0.0,10110000.0,0.037632327323079674,2563000.0,7539000.0,0.028062325983056146,0.1216,0.1163,61999081,64805705,https://find-and-update.company-information.service.gov.uk/search/companies?q=Hill+&+Smith+Holdings+PLC,https://find-and-update.company-information.service.gov.uk/search/companies?q=Hill+&+Smith+Holdings+PLC,1620593095,16:44:55,20210509
17,2003-12-31,HILS.L,GBP,2003-12-31,2003-12-31,FY,241665000.0,184693000.0,56972000.0,0.23574783274367409,60000.0,0.0,0.0,3516000.0,43314000.0,228007000.0,3933000.0,5619000.0,19277000.0,0.07976744667204601,13658000.0,0.05651625183621956,0.0,6215000.0,0.0257174187408189,1872000.0,4340000.0,0.017958744543065813,0.0704,0.0699,61608085,62076036,https://find-and-update.company-information.service.gov.uk/search/companies?q=Hill+&+Smith+Holdings+PLC,https://find-and-update.company-information.service.gov.uk/search/companies?q=Hill+&+Smith+Holdings+PLC,1620593095,16:44:55,20210509
18,2002-12-31,HILS.L,GBP,2002-12-31,2002-12-31,FY,212740000.0,159740000.0,53000000.0,0.24913039390805677,133000.0,0.0,0.0,3989000.0,38181000.0,197921000.0,4200000.0,5993000.0,20812000.0,0.09782833505687694,14819000.0,0.06965779825138667,0.0,6484000.0,0.03047851837924227,2543000.0,3944000.0,0.018539061765535395,0.0645,0.0642,61157774,61399912,https://find-and-update.company-information.service.gov.uk/search/companies?q=Hill+&+Smith+Holdings+PLC,https://find-and-update.company-information.service.gov.uk/search/companies?q=Hill+&+Smith+Holdings+PLC,1620593095,16:44:55,20210509
19,2001-12-31,HILS.L,GBP,2001-12-31,2001-12-31,FY,0.0,0.0,0.0,0.0,0.0,0.0,0.0,0.0,0.0,0.0,0.0,0.0,0.0,0.0,0.0,0.0,0.0,0.0,0.0,0.0,0.0,0.0,0.0,0.0,79200000,79200000,https://find-and-update.company-information.service.gov.uk/search/companies?q=Hill+&+Smith+Holdings+PLC,https://find-and-update.company-information.service.gov.uk/search/companies?q=Hill+&+Smith+Holdings+PLC,1620593095,16:44:55,20210509
20,2000-09-30,HILS.L,GBP,2000-09-30,2000-09-30,FY,58858000.0,42114000.0,16744000.0,0.28448129396173844,141000.0,0.0,0.0,0.0,12370000.0,54484000.0,670000.0,1822000.0,6196000.0,0.10527031159740392,4374000.0,0.07431445173128547,0.0,4352000.0,0.07394067076693057,1112000.0,3240000.0,0.05504774202317442,0.084,0.083,38778000,38898000,https://find-and-update.company-information.service.gov.uk/search/companies?q=Hill+&+Smith+Holdings+PLC,https://find-and-update.company-information.service.gov.uk/search/companies?q=Hill+&+Smith+Holdings+PLC,1620593095,16:44:55,20210509
21,1999-09-30,HILS.L,GBP,1999-09-30,1999-09-30,FY,61940000.0,44739000.0,17201000.0,0.2777042298999031,37000.0,0.0,0.0,0.0,11816000.0,56555000.0,691000.0,1880000.0,7265000.0,0.11729092670326122,5385000.0,0.08693897319987084,0.0,3562000.0,0.057507265095253474,1269000.0,2293000.0,0.037019696480464964,0.05821422224478916,0.05811389614010188,39389000,39457000,https://find-and-update.company-information.service.gov.uk/search/companies?q=Hill+&+Smith+Holdings+PLC,https://find-and-update.company-information.service.gov.uk/search/companies?q=Hill+&+Smith+Holdings+PLC,1620593095,16:44:55,20210509
22,1998-09-30,HILS.L,GBP,1998-09-30,1998-09-30,FY,76497000.0,56613000.0,19884000.0,0.25993176202988355,0.0,0.0,0.0,0.0,11639000.0,68252000.0,1667000.0,2228000.0,10473000.0,0.13690732969920388,8245000.0,0.10778200452305318,0.0,-1566000.0,-0.020471391034942547,378000.0,-1944000.0,-0.025412761284756266,-0.049,-0.049,39518000,39518000,https://find-and-update.company-information.service.gov.uk/search/companies?q=Hill+&+Smith+Holdings+PLC,https://find-and-update.company-information.service.gov.uk/search/companies?q=Hill+&+Smith+Holdings+PLC,1620593095,16:44:55,20210509
23,1997-09-30,HILS.L,GBP,1997-09-30,1997-09-30,FY,81281000.0,0.0,0.0,0.0,0.0,0.0,0.0,24000.0,76681000.0,76681000.0,1293000.0,2102000.0,6702000.0,0.08245469420897873,4600000.0,0.05659379190708776,0.0,1216000.0,0.014960445860656242,205000.0,1011000.0,0.012438331221318636,0.026,0.026,39478000,39478000,https://find-and-update.company-information.service.gov.uk/search/companies?q=Hill+&+Smith+Holdings+PLC,https://find-and-update.company-information.service.gov.uk/search/companies?q=Hill+&+Smith+Holdings+PLC,1620593095,16:44:55,20210509
24,1996-09-30,HILS.L,GBP,1996-09-30,1996-09-30,FY,80683000.0,0.0,0.0,0.0,0.0,0.0,0.0,30000.0,76330000.0,76330000.0,1141000.0,1892000.0,6245000.0,0.07740168313027528,4353000.0,0.05395188577519428,0.0,2922000.0,0.036215807543100775,622000.0,2300000.0,0.028506624691694658,0.059,0.059,39474000,39474000,https://find-and-update.company-information.service.gov.uk/search/companies?q=Hill+&+Smith+Holdings+PLC,https://find-and-update.company-information.service.gov.uk/search/companies?q=Hill+&+Smith+Holdings+PLC,1620593095,16:44:55,20210509
25,1995-09-30,HILS.L,GBP,1995-09-30,1995-09-30,FY,87823000.0,0.0,0.0,0.0,0.0,0.0,0.0,30000.0,81834000.0,81834000.0,992000.0,1688000.0,7677000.0,0.08741445862701115,5989000.0,0.06819398107557245,0.0,5434000.0,0.061874452022818625,1546000.0,3888000.0,0.04427086298577821,0.099375,0.099375,39117988,39117988,https://find-and-update.company-information.service.gov.uk/search/companies?q=Hill+&+Smith+Holdings+PLC,https://find-and-update.company-information.service.gov.uk/search/companies?q=Hill+&+Smith+Holdings+PLC,1620593095,16:44:55,20210509
26,1994-09-30,HILS.L,GBP,1994-09-30,1994-09-30,FY,76639000.0,0.0,0.0,0.0,0.0,0.0,0.0,33000.0,71529000.0,71529000.0,889000.0,1540000.0,6650000.0,0.08677044324691084,5110000.0,0.0666762353370999,0.0,4750000.0,0.06197888803350774,1590000.0,3160000.0,0.04123227077597568,0.080966,0.080966,39002895,39002895,https://find-and-update.company-information.service.gov.uk/search/companies?q=Hill+&+Smith+Holdings+PLC,https://find-and-update.company-information.service.gov.uk/search/companies?q=Hill+&+Smith+Holdings+PLC,1620593095,16:44:55,20210509
27,1993-09-30,HILS.L,GBP,1993-09-30,1993-09-30,FY,66968000.0,0.0,0.0,0.0,0.0,0.0,0.0,46000.0,62745000.0,62745000.0,767000.0,1216000.0,5439000.0,0.08121789511408434,4223000.0,0.06305996894038944,0.0,4026000.0,0.06011826544021025,1075000.0,2951000.0,0.04406582248237964,0.076704,0.076704,38418104,38418104,https://find-and-update.company-information.service.gov.uk/search/companies?q=Hill+&+Smith+Holdings+PLC,https://find-and-update.company-information.service.gov.uk/search/companies?q=Hill+&+Smith+Holdings+PLC,1620593095,16:44:55,20210509
28,1992-09-30,HILS.L,GBP,1992-09-30,1992-09-30,FY,66413000.0,0.0,0.0,0.0,0.0,0.0,0.0,23000.0,61547000.0,61547000.0,1035000.0,1144000.0,6010000.0,0.09049433092918555,4866000.0,0.07326878773734058,0.0,1531000.0,0.023052715582792524,952000.0,579000.0,0.008718172646921537,0.015254,0.015254,38347150,38347150,https://find-and-update.company-information.service.gov.uk/search/companies?q=Hill+&+Smith+Holdings+PLC,https://find-and-update.company-information.service.gov.uk/search/companies?q=Hill+&+Smith+Holdings+PLC,1620593095,16:44:55,20210509
29,1991-09-30,HILS.L,GBP,1991-09-30,1991-09-30,FY,75815000.0,0.0,0.0,0.0,0.0,0.0,0.0,23000.0,75861000.0,75861000.0,1191000.0,1074000.0,1028000.0,0.013559322033898305,-46000.0,-0.0006067400910110136,0.0,4640000.0,0.061201609180241374,1531000.0,3109000.0,0.04100771615115742,0.081135,0.081135,38318652,38318652,https://find-and-update.company-information.service.gov.uk/search/companies?q=Hill+&+Smith+Holdings+PLC,https://find-and-update.company-information.service.gov.uk/search/companies?q=Hill+&+Smith+Holdings+PLC,1620593095,16:44:55,20210509
30,1990-09-30,HILS.L,GBP,1990-09-30,1990-09-30,FY,72084000.0,0.0,0.0,0.0,0.0,0.0,0.0,25000.0,72134000.0,72134000.0,1264000.0,979000.0,929000.0,0.012887742078685977,-50000.0,-0.0006936352033738416,0.0,5121000.0,0.07104211752954886,1832000.0,3289000.0,0.045627323677931306,0.086505,0.086505,38020923,38020923,https://find-and-update.company-information.service.gov.uk/search/companies?q=Hill+&+Smith+Holdings+PLC,https://find-and-update.company-information.service.gov.uk/search/companies?q=Hill+&+Smith+Holdings+PLC,1620593095,16:44:55,20210509
31,1989-09-30,HILS.L,GBP,1989-09-30,1989-09-30,FY,58700000.0,0.0,0.0,0.0,0.0,0.0,0.0,25000.0,58750000.0,58750000.0,970000.0,762000.0,712000.0,0.01212947189097104,-50000.0,-0.0008517887563884157,0.0,6521000.0,0.11109028960817717,2276000.0,4245000.0,0.07231686541737649,0.118225,0.118225,35906151,35906151,https://find-and-update.company-information.service.gov.uk/search/companies?q=Hill+&+Smith+Holdings+PLC,https://find-and-update.company-information.service.gov.uk/search/companies?q=Hill+&+Smith+Holdings+PLC,1620593095,16:44:55,20210509
32,1988-09-30,HILS.L,GBP,1988-09-30,1988-09-30,FY,49568000.0,0.0,0.0,0.0,0.0,0.0,0.0,35000.0,49638000.0,49638000.0,453000.0,561000.0,491000.0,0.009905584247901873,-70000.0,-0.0014122014202711426,0.0,5523000.0,0.11142269205939316,1991000.0,3532000.0,0.07125564880568108,0.104343,0.104343,33849816,33849816,https://find-and-update.company-information.service.gov.uk/search/companies?q=Hill+&+Smith+Holdings+PLC,https://find-and-update.company-information.service.gov.uk/search/companies?q=Hill+&+Smith+Holdings+PLC,1620593095,16:44:55,20210509
33,1987-09-30,HILS.L,GBP,1987-09-30,1987-09-30,FY,37042000.0,0.0,0.0,0.0,0.0,0.0,0.0,23000.0,37088000.0,37088000.0,518000.0,499000.0,453000.0,0.01222936126559041,-46000.0,-0.0012418335942983641,0.0,3501000.0,0.0945143350790994,1272000.0,2229000.0,0.06017493655850116,0.069497,0.069497,32073107,32073107,https://find-and-update.company-information.service.gov.uk/search/companies?q=Hill+&+Smith+Holdings+PLC,https://find-and-update.company-information.service.gov.uk/search/companies?q=Hill+&+Smith+Holdings+PLC,1620593095,16:44:55,20210509
34,1986-09-30,HILS.L,GBP,1986-09-30,1986-09-30,FY,29376000.0,0.0,0.0,0.0,0.0,0.0,0.0,24000.0,29424000.0,29424000.0,436000.0,410000.0,362000.0,0.012322984749455338,-48000.0,-0.0016339869281045752,0.0,2051000.0,0.06981889978213508,696000.0,1355000.0,0.04612608932461874,0.040566,0.040566,33402472,33402472,https://find-and-update.company-information.service.gov.uk/search/companies?q=Hill+&+Smith+Holdings+PLC,https://find-and-update.company-information.service.gov.uk/search/companies?q=Hill+&+Smith+Holdings+PLC,1620593095,16:44:55,20210509
35,1985-09-30,HILS.L,GBP,1985-09-30,1985-09-30,FY,27408000.0,0.0,0.0,0.0,0.0,0.0,0.0,23000.0,27454000.0,27454000.0,528000.0,369000.0,323000.0,0.011784880326911851,-46000.0,-0.001678342089900759,0.0,1655000.0,0.06038382953882078,432000.0,1223000.0,0.04462200817279626,0.03495,0.03495,34993066,34993066,https://find-and-update.company-information.service.gov.uk/search/companies?q=Hill+&+Smith+Holdings+PLC,https://find-and-update.company-information.service.gov.uk/search/companies?q=Hill+&+Smith+Holdings+PLC,1620593095,16:44:55,20210509
