,date,symbol,reportedCurrency,fillingDate,acceptedDate,period,revenue,costOfRevenue,grossProfit,grossProfitRatio,researchAndDevelopmentExpenses,generalAndAdministrativeExpenses,sellingAndMarketingExpenses,otherExpenses,operatingExpenses,costAndExpenses,interestExpense,depreciationAndAmortization,ebitda,ebitdaratio,operatingIncome,operatingIncomeRatio,totalOtherIncomeExpensesNet,incomeBeforeTax,incomeBeforeTaxRatio,incomeTaxExpense,netIncome,netIncomeRatio,eps,epsdiluted,weightedAverageShsOut,weightedAverageShsOutDil,link,finalLink,timestamp,est_time,est_date
0,2020-12-31,ALC.TO,CAD,2020-12-31,2020-12-31,FY,545660000,75154000,470506000,0.862269545137998,0.0,0.0,0.0,0.0,0.0,471574000,18309000.0,75154000,149240000,0.2735036469596452,74086000,0.1357731920976432,5972000.0,60558000.0,0.11098119708243229,9503000.0,45850000.0,0.08402668328263022,1.21,1.19,37802685,42005197,https://www.sedar.com/ModifyCompanyDocumentSearchForm.do?lang=EN&company_search=Algoma Central Corp&document_selection=0&industry_group=A&FromDate=13&FromMonth=05&FromYear=2000&ToDate=13&ToMonth=11&ToYear=2020&Variable=Issuer,https://www.sedar.com/ModifyCompanyDocumentSearchForm.do?lang=EN&company_search=Algoma Central Corp&document_selection=0&industry_group=A&FromDate=13&FromMonth=05&FromYear=2000&ToDate=13&ToMonth=11&ToYear=2020&Variable=Issuer,1620586480,14:54:40,20210509
1,2019-12-31,ALC.TO,CAD,2019-12-31,2019-12-31,FY,567908000,70015000,497893000,0.8767141861005656,0.0,0.0,0.0,0.0,439523000.0,509538000,18761000.0,70015000,128385000,0.22606654598984344,58370000,0.10278073209040901,-886000.0,38791000.0,0.06830507758298879,5109000.0,24159000.0,0.042540341041154554,0.6322358971865464,0.5718979719246601,38212003,42243549,https://www.sedar.com/ModifyCompanyDocumentSearchForm.do?lang=EN&company_search=Algoma Central Corp&document_selection=0&industry_group=A&FromDate=13&FromMonth=05&FromYear=2000&ToDate=13&ToMonth=11&ToYear=2020&Variable=Issuer,https://www.sedar.com/ModifyCompanyDocumentSearchForm.do?lang=EN&company_search=Algoma Central Corp&document_selection=0&industry_group=A&FromDate=13&FromMonth=05&FromYear=2000&ToDate=13&ToMonth=11&ToYear=2020&Variable=Issuer,1620586480,14:54:40,20210509
2,2018-12-31,ALC.TO,CAD,2018-12-31,2018-12-31,FY,508201000,55714000,452487000,0.8903701488190696,0.0,0.0,0.0,0.0,406224000.0,461938000,24390000.0,55714000,101977000,0.20066272990411274,46263000,0.09103287872318236,16454000.0,50970000.0,0.10029496203273902,8550000.0,50943000.0,0.10024183344778936,1.32,1.29,38493198,42393907,https://www.sedar.com/ModifyCompanyDocumentSearchForm.do?lang=EN&company_search=Algoma Central Corp&document_selection=0&industry_group=A&FromDate=13&FromMonth=05&FromYear=2000&ToDate=13&ToMonth=11&ToYear=2020&Variable=Issuer,https://www.sedar.com/ModifyCompanyDocumentSearchForm.do?lang=EN&company_search=Algoma Central Corp&document_selection=0&industry_group=A&FromDate=13&FromMonth=05&FromYear=2000&ToDate=13&ToMonth=11&ToYear=2020&Variable=Issuer,1620586480,14:54:40,20210509
3,2017-12-31,ALC.TO,CAD,2017-12-31,2017-12-31,FY,451050000,45431000,405619000,0.8992772419909101,0.0,0.0,0.0,0.0,361201000.0,406632000,3172000.0,48461000,92879000,0.20591730406828512,44418000,0.09847688726305287,2943000.0,43723000.0,0.09693603813324465,13126000.0,56195000.0,0.12458707460370247,1.44,1.32,38883615,43398477,https://www.sedar.com/ModifyCompanyDocumentSearchForm.do?lang=EN&company_search=Algoma Central Corp&document_selection=0&industry_group=A&FromDate=13&FromMonth=05&FromYear=2000&ToDate=13&ToMonth=11&ToYear=2020&Variable=Issuer,https://www.sedar.com/ModifyCompanyDocumentSearchForm.do?lang=EN&company_search=Algoma Central Corp&document_selection=0&industry_group=A&FromDate=13&FromMonth=05&FromYear=2000&ToDate=13&ToMonth=11&ToYear=2020&Variable=Issuer,1620586480,14:54:40,20210509
4,2016-12-31,ALC.TO,CAD,2016-12-31,2016-12-31,FY,379404000,46903000,332501000,0.8763771599666846,0.0,29733000.0,0.0,0.0,310522000.0,357425000,8773000.0,46903000,68882000,0.18155317287113473,21979000,0.057930332837819315,-20305000.0,-7008000.0,-0.018471075687130342,-8351000.0,33315000.0,0.08780877376095139,0.8561244946610493,0.7677571229897133,38913733,43392629,https://www.sedar.com/ModifyCompanyDocumentSearchForm.do?lang=EN&company_search=Algoma Central Corp&document_selection=0&industry_group=A&FromDate=13&FromMonth=05&FromYear=2000&ToDate=13&ToMonth=11&ToYear=2020&Variable=Issuer,https://www.sedar.com/ModifyCompanyDocumentSearchForm.do?lang=EN&company_search=Algoma Central Corp&document_selection=0&industry_group=A&FromDate=13&FromMonth=05&FromYear=2000&ToDate=13&ToMonth=11&ToYear=2020&Variable=Issuer,1620586480,14:54:40,20210509
5,2015-12-31,ALC.TO,CAD,2015-12-31,2015-12-31,FY,413493000,44907000,368586000,0.8913959849380764,0.0,26313000.0,0.0,0.0,353535000.0,398442000,12231000.0,44907000,59958000,0.14500366390724873,15051000,0.036399648845325074,16419000.0,19460000.0,0.047062465386354786,4266000.0,25771000.0,0.06232511795846604,0.662272333445421,0.5939128119583449,38912995,43391891,https://www.sedar.com/ModifyCompanyDocumentSearchForm.do?lang=EN&company_search=Algoma Central Corp&document_selection=0&industry_group=A&FromDate=13&FromMonth=05&FromYear=2000&ToDate=13&ToMonth=11&ToYear=2020&Variable=Issuer,https://www.sedar.com/ModifyCompanyDocumentSearchForm.do?lang=EN&company_search=Algoma Central Corp&document_selection=0&industry_group=A&FromDate=13&FromMonth=05&FromYear=2000&ToDate=13&ToMonth=11&ToYear=2020&Variable=Issuer,1620586480,14:54:40,20210509
6,2014-12-31,ALC.TO,CAD,2014-12-31,2014-12-31,FY,503683000,44617000,459066000,0.9114184913924036,0.0,26001000.0,0.0,0.0,401440000.0,446057000,8277000.0,44617000,102243000,0.20299076998826643,57626000,0.11440926138066998,7187000.0,54994000.0,0.10918375247923794,8700000.0,52765000.0,0.10475834999394461,1.36,1.31,38912110,43251110,https://www.sedar.com/ModifyCompanyDocumentSearchForm.do?lang=EN&company_search=Algoma Central Corp&document_selection=0&industry_group=A&FromDate=13&FromMonth=05&FromYear=2000&ToDate=13&ToMonth=11&ToYear=2020&Variable=Issuer,https://www.sedar.com/ModifyCompanyDocumentSearchForm.do?lang=EN&company_search=Algoma Central Corp&document_selection=0&industry_group=A&FromDate=13&FromMonth=05&FromYear=2000&ToDate=13&ToMonth=11&ToYear=2020&Variable=Issuer,1620586480,14:54:40,20210509
7,2013-12-31,ALC.TO,CAD,2013-12-31,2013-12-31,FY,491499000,44715000,446784000,0.9090232126616737,0.0,26598000.0,0.0,0.0,396604000.0,441319000,10410000.0,44715000,94895000,0.19307262069709197,50180000,0.10209583335876574,5587000.0,50438000.0,0.10262075812972153,15524000.0,41923000.0,0.08529620609604496,1.08,1.06,38912110,43251110,https://www.sedar.com/ModifyCompanyDocumentSearchForm.do?lang=EN&company_search=Algoma Central Corp&document_selection=0&industry_group=A&FromDate=13&FromMonth=05&FromYear=2000&ToDate=13&ToMonth=11&ToYear=2020&Variable=Issuer,https://www.sedar.com/ModifyCompanyDocumentSearchForm.do?lang=EN&company_search=Algoma Central Corp&document_selection=0&industry_group=A&FromDate=13&FromMonth=05&FromYear=2000&ToDate=13&ToMonth=11&ToYear=2020&Variable=Issuer,1620586480,14:54:40,20210509
8,2012-12-31,ALC.TO,CAD,2012-12-31,2012-12-31,FY,560377000,46117000,514260000,0.9177036173861526,0.0,30289000.0,0.0,0.0,437765000.0,483882000,9927000.0,46117000,122612000,0.21880269889734946,76495000,0.136506316283502,-3152000.0,62577000.0,0.11166946537777246,18758000.0,43819000.0,0.07819557190962513,1.13,1.1,38777876,43390000,https://www.sedar.com/ModifyCompanyDocumentSearchForm.do?lang=EN&company_search=Algoma Central Corp&document_selection=0&industry_group=A&FromDate=13&FromMonth=05&FromYear=2000&ToDate=13&ToMonth=11&ToYear=2020&Variable=Issuer,https://www.sedar.com/ModifyCompanyDocumentSearchForm.do?lang=EN&company_search=Algoma Central Corp&document_selection=0&industry_group=A&FromDate=13&FromMonth=05&FromYear=2000&ToDate=13&ToMonth=11&ToYear=2020&Variable=Issuer,1620586480,14:54:40,20210509
9,2011-12-31,ALC.TO,CAD,2011-12-31,2011-12-31,FY,582690000,416937000,165753000,0.2844617206404778,0.0,0.0,0.0,-986000.0,73670000.0,490607000,8568000.0,47148000,139231000,0.2389452367468122,92083000,0.15803085688788207,-986000.0,82529000.0,0.1416344883214059,13685000.0,68844000.0,0.11814858672707615,1.769,1.679,38916902,41002978,https://www.sedar.com/ModifyCompanyDocumentSearchForm.do?lang=EN&company_search=Algoma Central Corp&document_selection=0&industry_group=A&FromDate=13&FromMonth=05&FromYear=2000&ToDate=13&ToMonth=11&ToYear=2020&Variable=Issuer,https://www.sedar.com/ModifyCompanyDocumentSearchForm.do?lang=EN&company_search=Algoma Central Corp&document_selection=0&industry_group=A&FromDate=13&FromMonth=05&FromYear=2000&ToDate=13&ToMonth=11&ToYear=2020&Variable=Issuer,1620586480,14:54:40,20210509
10,2010-12-31,ALC.TO,CAD,2010-12-31,2010-12-31,FY,536373000,427985000,108388000,0.20207579427003222,0.0,0.0,0.0,0.0,27721000.0,455706000,10545000.0,37007000,117674000,0.21938837338941372,80667000,0.150393476181687,-34263000.0,35911000.0,0.0669515430493332,3454000.0,32602000.0,0.06078232871527836,0.838,0.838,38904530,38904530,https://www.sedar.com/ModifyCompanyDocumentSearchForm.do?lang=EN&company_search=Algoma Central Corp&document_selection=0&industry_group=A&FromDate=13&FromMonth=05&FromYear=2000&ToDate=13&ToMonth=11&ToYear=2020&Variable=Issuer,https://www.sedar.com/ModifyCompanyDocumentSearchForm.do?lang=EN&company_search=Algoma Central Corp&document_selection=0&industry_group=A&FromDate=13&FromMonth=05&FromYear=2000&ToDate=13&ToMonth=11&ToYear=2020&Variable=Issuer,1620586480,14:54:40,20210509
11,2009-12-31,ALC.TO,CAD,2009-12-31,2009-12-31,FY,520147000,419981000,100166000,0.1925724843169335,0.0,0.0,0.0,-33788000.0,28456000.0,448437000,3869000.0,37175000,108885000,0.20933505335991556,71710000,0.13786487281480042,-33788000.0,34053000.0,0.06546803115273182,386000.0,38845000.0,0.07468081138601203,0.998,0.998,38912110,38912110,https://www.sedar.com/ModifyCompanyDocumentSearchForm.do?lang=EN&company_search=Algoma Central Corp&document_selection=0&industry_group=A&FromDate=13&FromMonth=05&FromYear=2000&ToDate=13&ToMonth=11&ToYear=2020&Variable=Issuer,https://www.sedar.com/ModifyCompanyDocumentSearchForm.do?lang=EN&company_search=Algoma Central Corp&document_selection=0&industry_group=A&FromDate=13&FromMonth=05&FromYear=2000&ToDate=13&ToMonth=11&ToYear=2020&Variable=Issuer,1620586480,14:54:40,20210509
12,2008-12-31,ALC.TO,CAD,2008-12-31,2008-12-31,FY,688914000,558293000,130621000,0.18960421765271138,0.0,0.0,0.0,-4699000.0,25358000.0,583651000,0.0,34221000,139484000,0.20246939385757873,105263000,0.15279555938767395,-4699000.0,63455000.0,0.09210873926208496,12308000.0,41280000.0,0.05992039645006488,1.061,1.061,38906692,38906692,https://www.sedar.com/ModifyCompanyDocumentSearchForm.do?lang=EN&company_search=Algoma Central Corp&document_selection=0&industry_group=A&FromDate=13&FromMonth=05&FromYear=2000&ToDate=13&ToMonth=11&ToYear=2020&Variable=Issuer,https://www.sedar.com/ModifyCompanyDocumentSearchForm.do?lang=EN&company_search=Algoma Central Corp&document_selection=0&industry_group=A&FromDate=13&FromMonth=05&FromYear=2000&ToDate=13&ToMonth=11&ToYear=2020&Variable=Issuer,1620586480,14:54:40,20210509
13,2007-12-31,ALC.TO,CAD,2007-12-31,2007-12-31,FY,580546000,455418000,125128000,0.2155350308158182,0.0,0.0,0.0,0.0,480093000.0,935511000,0.0,29432000,-325533000,-0.5607359279023539,-354965000,-0.6114330302852832,-25939000.0,73051000.0,0.12583154478714864,11480000.0,52443000.0,0.09033392702731566,1.348,1.348,38904303,38904303,https://www.sedar.com/ModifyCompanyDocumentSearchForm.do?lang=EN&company_search=Algoma Central Corp&document_selection=0&industry_group=A&FromDate=13&FromMonth=05&FromYear=2000&ToDate=13&ToMonth=11&ToYear=2020&Variable=Issuer,https://www.sedar.com/ModifyCompanyDocumentSearchForm.do?lang=EN&company_search=Algoma Central Corp&document_selection=0&industry_group=A&FromDate=13&FromMonth=05&FromYear=2000&ToDate=13&ToMonth=11&ToYear=2020&Variable=Issuer,1620586480,14:54:40,20210509
14,2006-12-31,ALC.TO,CAD,2006-12-31,2006-12-31,FY,548552000,433463000,115089000,0.20980508684682583,0.0,0.0,0.0,0.0,455472000.0,888935000,0.0,29163000,-311220000,-0.5673482185827414,-340383000,-0.6205118202102992,-32146000.0,60934000.0,0.11108153830448161,11744000.0,42059000.0,0.07667276757718502,1.081,1.081,38907493,38907493,https://www.sedar.com/ModifyCompanyDocumentSearchForm.do?lang=EN&company_search=Algoma Central Corp&document_selection=0&industry_group=A&FromDate=13&FromMonth=05&FromYear=2000&ToDate=13&ToMonth=11&ToYear=2020&Variable=Issuer,https://www.sedar.com/ModifyCompanyDocumentSearchForm.do?lang=EN&company_search=Algoma Central Corp&document_selection=0&industry_group=A&FromDate=13&FromMonth=05&FromYear=2000&ToDate=13&ToMonth=11&ToYear=2020&Variable=Issuer,1620586480,14:54:40,20210509
15,2005-12-31,ALC.TO,CAD,2005-12-31,2005-12-31,FY,510480000,415061000,95419000,0.18692015358094344,0.0,0.0,0.0,0.0,435654000.0,850715000,0.0,28284000,-311951000,-0.6110934806456668,-340235000,-0.6665001567152484,-31129000.0,43697000.0,0.08559982761322676,9937000.0,31541000.0,0.061786945619808804,0.8109999996914492,0.8106142379850938,38891492,38910000,https://www.sedar.com/ModifyCompanyDocumentSearchForm.do?lang=EN&company_search=Algoma Central Corp&document_selection=0&industry_group=A&FromDate=13&FromMonth=05&FromYear=2000&ToDate=13&ToMonth=11&ToYear=2020&Variable=Issuer,https://www.sedar.com/ModifyCompanyDocumentSearchForm.do?lang=EN&company_search=Algoma Central Corp&document_selection=0&industry_group=A&FromDate=13&FromMonth=05&FromYear=2000&ToDate=13&ToMonth=11&ToYear=2020&Variable=Issuer,1620586480,14:54:40,20210509
16,2004-12-31,ALC.TO,CAD,2004-12-31,2004-12-31,FY,319792000,244771000,75021000,0.2345931105218392,0.0,0.0,0.0,0.0,260515000.0,505286000,0.0,24650000,-160844000,-0.5029644268774703,-185494000,-0.5800457797568419,-26434000.0,32843000.0,0.10270113073497773,10298000.0,23915000.0,0.07478298393956072,0.6149999978141334,0.6145901622913792,38886179,38912110,https://www.sedar.com/ModifyCompanyDocumentSearchForm.do?lang=EN&company_search=Algoma Central Corp&document_selection=0&industry_group=A&FromDate=13&FromMonth=05&FromYear=2000&ToDate=13&ToMonth=11&ToYear=2020&Variable=Issuer,https://www.sedar.com/ModifyCompanyDocumentSearchForm.do?lang=EN&company_search=Algoma Central Corp&document_selection=0&industry_group=A&FromDate=13&FromMonth=05&FromYear=2000&ToDate=13&ToMonth=11&ToYear=2020&Variable=Issuer,1620586480,14:54:40,20210509
17,2003-12-31,ALC.TO,CAD,2003-12-31,2003-12-31,FY,279188000,206215000,72973000,0.26137584709944556,0.0,0.0,0.0,0.0,224486000.0,430701000,0.0,24965000,-126548000,-0.4532716305858418,-151513000,-0.542691662965457,-28172000.0,26530000.0,0.09502557416507873,14928000.0,11739000.0,0.04204693611473272,0.30199999943402334,0.30167986264430274,38870861,38912110,https://www.sedar.com/ModifyCompanyDocumentSearchForm.do?lang=EN&company_search=Algoma Central Corp&document_selection=0&industry_group=A&FromDate=13&FromMonth=05&FromYear=2000&ToDate=13&ToMonth=11&ToYear=2020&Variable=Issuer,https://www.sedar.com/ModifyCompanyDocumentSearchForm.do?lang=EN&company_search=Algoma Central Corp&document_selection=0&industry_group=A&FromDate=13&FromMonth=05&FromYear=2000&ToDate=13&ToMonth=11&ToYear=2020&Variable=Issuer,1620586480,14:54:40,20210509
18,2002-12-31,ALC.TO,CAD,2002-12-31,2002-12-31,FY,289741000,209197000,80544000,0.27798620146958836,0.0,0.0,0.0,0.0,226556000.0,435753000,0.0,28397000,-117615000,-0.4059315043435344,-146012000,-0.5039397254789623,-31175000.0,32010000.0,0.11047797860848137,9775000.0,22235000.0,0.07674095140142403,0.571,0.571,38940455,38940455,https://www.sedar.com/ModifyCompanyDocumentSearchForm.do?lang=EN&company_search=Algoma Central Corp&document_selection=0&industry_group=A&FromDate=13&FromMonth=05&FromYear=2000&ToDate=13&ToMonth=11&ToYear=2020&Variable=Issuer,https://www.sedar.com/ModifyCompanyDocumentSearchForm.do?lang=EN&company_search=Algoma Central Corp&document_selection=0&industry_group=A&FromDate=13&FromMonth=05&FromYear=2000&ToDate=13&ToMonth=11&ToYear=2020&Variable=Issuer,1620586480,14:54:40,20210509
19,2001-12-31,ALC.TO,CAD,2001-12-31,2001-12-31,FY,295724000,213105000,82619000,0.2793787450460565,0.0,16818000.0,0.0,0.0,229923000.0,443028000,0.0,28555000,-118749000,-0.40155347553800164,-147304000,-0.4981131054632022,-32364000.0,33437000.0,0.11306826635646752,1818000.0,31619000.0,0.1069206422204488,0.81299999827727,0.8125747999787213,38891759,38912110,https://www.sedar.com/ModifyCompanyDocumentSearchForm.do?lang=EN&company_search=Algoma Central Corp&document_selection=0&industry_group=A&FromDate=13&FromMonth=05&FromYear=2000&ToDate=13&ToMonth=11&ToYear=2020&Variable=Issuer,https://www.sedar.com/ModifyCompanyDocumentSearchForm.do?lang=EN&company_search=Algoma Central Corp&document_selection=0&industry_group=A&FromDate=13&FromMonth=05&FromYear=2000&ToDate=13&ToMonth=11&ToYear=2020&Variable=Issuer,1620586480,14:54:40,20210509
20,2000-12-31,ALC.TO,CAD,2000-12-31,2000-12-31,FY,283738000,216020000,67718000,0.23866383776582623,0.0,17267000.0,0.0,0.0,45258000.0,261278000,0.0,27991000,50451000,0.17780840070769513,22460000,0.07915753265336331,0.0,-7000000.0,-0.024670646864360785,-9179000.0,6559000.0,0.023116396111906055,0.169,0.169,38912110,38912110,https://www.sedar.com/ModifyCompanyDocumentSearchForm.do?lang=EN&company_search=Algoma Central Corp&document_selection=0&industry_group=A&FromDate=13&FromMonth=05&FromYear=2000&ToDate=13&ToMonth=11&ToYear=2020&Variable=Issuer,https://www.sedar.com/ModifyCompanyDocumentSearchForm.do?lang=EN&company_search=Algoma Central Corp&document_selection=0&industry_group=A&FromDate=13&FromMonth=05&FromYear=2000&ToDate=13&ToMonth=11&ToYear=2020&Variable=Issuer,1620586480,14:54:40,20210509
21,1999-12-31,ALC.TO,CAD,1999-12-31,1999-12-31,FY,257500000,187800000,69700000,0.27067961165048543,0.0,19500000.0,0.0,0.0,45400000.0,233200000,0.0,25900000,50200000,0.19495145631067962,24300000,0.09436893203883495,0.0,19500000.0,0.07572815533980583,12100000.0,7400000.0,0.028737864077669904,0.19,0.19,38947368,38947368,https://www.sedar.com/ModifyCompanyDocumentSearchForm.do?lang=EN&company_search=Algoma Central Corp&document_selection=0&industry_group=A&FromDate=13&FromMonth=05&FromYear=2000&ToDate=13&ToMonth=11&ToYear=2020&Variable=Issuer,https://www.sedar.com/ModifyCompanyDocumentSearchForm.do?lang=EN&company_search=Algoma Central Corp&document_selection=0&industry_group=A&FromDate=13&FromMonth=05&FromYear=2000&ToDate=13&ToMonth=11&ToYear=2020&Variable=Issuer,1620586480,14:54:40,20210509
22,1998-12-31,ALC.TO,CAD,1998-12-31,1998-12-31,FY,239000000,169800000,69200000,0.2895397489539749,0.0,15300000.0,0.0,0.0,36800000.0,206600000,0.0,21500000,53900000,0.22552301255230126,32400000,0.13556485355648534,0.0,30200000.0,0.12635983263598327,14200000.0,16000000.0,0.06694560669456066,0.41,0.41,39024390,39024390,https://www.sedar.com/ModifyCompanyDocumentSearchForm.do?lang=EN&company_search=Algoma Central Corp&document_selection=0&industry_group=A&FromDate=13&FromMonth=05&FromYear=2000&ToDate=13&ToMonth=11&ToYear=2020&Variable=Issuer,https://www.sedar.com/ModifyCompanyDocumentSearchForm.do?lang=EN&company_search=Algoma Central Corp&document_selection=0&industry_group=A&FromDate=13&FromMonth=05&FromYear=2000&ToDate=13&ToMonth=11&ToYear=2020&Variable=Issuer,1620586480,14:54:40,20210509
23,1997-12-31,ALC.TO,CAD,1997-12-31,1997-12-31,FY,187100000,122000000,65100000,0.34794227685729556,0.0,11000000.0,0.0,0.0,22800000.0,144800000,0.0,11800000,54100000,0.28915018706574025,42300000,0.2260823089257082,0.0,103100000.0,0.5510422234099412,27100000.0,76000000.0,0.4061998931052913,1.952,1.952,38934426,38934426,https://www.sedar.com/ModifyCompanyDocumentSearchForm.do?lang=EN&company_search=Algoma Central Corp&document_selection=0&industry_group=A&FromDate=13&FromMonth=05&FromYear=2000&ToDate=13&ToMonth=11&ToYear=2020&Variable=Issuer,https://www.sedar.com/ModifyCompanyDocumentSearchForm.do?lang=EN&company_search=Algoma Central Corp&document_selection=0&industry_group=A&FromDate=13&FromMonth=05&FromYear=2000&ToDate=13&ToMonth=11&ToYear=2020&Variable=Issuer,1620586480,14:54:40,20210509
24,1996-12-31,ALC.TO,CAD,1996-12-31,1996-12-31,FY,177700000,126200000,51500000,0.28981429375351714,0.0,8100000.0,0.0,0.0,26500000.0,152700000,0.0,18400000,43400000,0.2442318514350028,25000000,0.14068655036578503,0.0,23100000.0,0.12999437253798538,10400000.0,12700000.0,0.0714687675858188,0.327,0.327,38837920,38837920,https://www.sedar.com/ModifyCompanyDocumentSearchForm.do?lang=EN&company_search=Algoma Central Corp&document_selection=0&industry_group=A&FromDate=13&FromMonth=05&FromYear=2000&ToDate=13&ToMonth=11&ToYear=2020&Variable=Issuer,https://www.sedar.com/ModifyCompanyDocumentSearchForm.do?lang=EN&company_search=Algoma Central Corp&document_selection=0&industry_group=A&FromDate=13&FromMonth=05&FromYear=2000&ToDate=13&ToMonth=11&ToYear=2020&Variable=Issuer,1620586480,14:54:40,20210509
