,date,symbol,reportedCurrency,fillingDate,acceptedDate,period,revenue,costOfRevenue,grossProfit,grossProfitRatio,researchAndDevelopmentExpenses,generalAndAdministrativeExpenses,sellingAndMarketingExpenses,otherExpenses,operatingExpenses,costAndExpenses,interestExpense,depreciationAndAmortization,ebitda,ebitdaratio,operatingIncome,operatingIncomeRatio,totalOtherIncomeExpensesNet,incomeBeforeTax,incomeBeforeTaxRatio,incomeTaxExpense,netIncome,netIncomeRatio,eps,epsdiluted,weightedAverageShsOut,weightedAverageShsOutDil,link,finalLink,timestamp,est_time,est_date
0,2020-12-31,SRE,USD,2021-02-25,2021-02-25 17:00:40,FY,11370000000,6328000000,5042000000,0.4434476693051891,0.0,0.0,0.0,-133000000.0,2209000000,8537000000,1081000000.0,1666000000.0,4499000000,0.3956904133685136,2833000000,0.24916446789797714,-373000000,1489000000,0.13095866314863677,249000000,3933000000,0.345910290237467,14.152369163452127,14.152369163452127,289490000,289490000,https://www.sec.gov/Archives/edgar/data/1032208/000103220821000007/0001032208-21-000007-index.htm,https://www.sec.gov/Archives/edgar/data/1032208/000103220821000007/sre-20201231.htm,1620598267,18:11:07,20210509
1,2019-12-31,SRE,USD,2020-02-27 00:00:00,2020-02-27 15:32:05,FY,10829000000,6137000000,4692000000,0.43328100470957615,0.0,0.0,0.0,-139000000.0,2065000000,8202000000,1077000000.0,1569000000.0,4196000000,0.3874780681503371,2627000000,0.24258934342967955,83000000,1734000000,0.16012558869701726,315000000,2198000000,0.20297349709114415,7.4,7.29,277904000,282033000,https://www.sec.gov/Archives/edgar/data/1032208/000103220820000006/0001032208-20-000006-index.html,https://www.sec.gov/Archives/edgar/data/86521/000103220820000006/sre20191231form10k.htm,1620598267,18:11:07,20210509
2,2018-12-31,SRE,USD,2019-02-26 00:00:00,2019-02-26 16:50:28,FY,11687000000,7273000000,4414000000,0.3776846068280996,0.0,0.0,0.0,-24000000.0,2021000000,9294000000,925000000.0,1549000000.0,3942000000,0.3372978523145375,2393000000,0.20475742277744502,-528000000,1046000000,0.08950115512963121,96000000,1050000000,0.08984341576110208,3.45,3.42,268072000,269852000,https://www.sec.gov/Archives/edgar/data/1032208/000008652119000014/0000086521-19-000014-index.html,https://www.sec.gov/Archives/edgar/data/86521/000008652119000014/sre20181231form10k.htm,1620598267,18:11:07,20210509
3,2017-12-31,SRE,USD,2018-02-27 00:00:00,2018-02-27 15:55:44,FY,11207000000,6951000000,4256000000,0.3797626483447845,0.0,0.0,0.0,12000000.0,1926000000,8877000000,659000000.0,1490000000.0,3820000000,0.34085839207638086,2330000000,0.20790577317747835,-135000000,1585000000,0.14142946372802712,1276000000,257000000,0.022932096011421432,1.02,1.01,251545000,252300000,https://www.sec.gov/Archives/edgar/data/1032208/000008652118000019/0000086521-18-000019-index.html,https://www.sec.gov/Archives/edgar/data/86521/000008652118000019/sreform10k.htm,1620598267,18:11:07,20210509
4,2016-12-31,SRE,USD,2017-02-28 00:00:00,2017-02-28 15:12:24,FY,10183000000,6824000000,3359000000,0.32986349798684084,0.0,0.0,0.0,17000000.0,1738000000,8562000000,553000000.0,1312000000.0,2933000000,0.2880290680546008,1621000000,0.15918688009427479,732000000,1830000000,0.17971128351173524,389000000,1371000000,0.13463615830305412,5.48,5.46,250217000,251155000,https://www.sec.gov/Archives/edgar/data/1032208/000008652117000017/0000086521-17-000017-index.html,https://www.sec.gov/Archives/edgar/data/86521/000008652117000017/sre20161231form10k.htm,1620598267,18:11:07,20210509
5,2015-12-31,SRE,USD,2016-02-26 00:00:00,2016-02-26 13:38:18,FY,10231000000,6648000000,3583000000,0.3502101456358127,0.0,0.0,0.0,-1000000.0,1673000000,8321000000,561000000.0,1250000000.0,3160000000,0.3088652135666113,1910000000,0.18668751832665428,323000000,1704000000,0.16655263415110938,341000000,1350000000,0.13195191085915356,5.43,5.37,248249000,250923000,https://www.sec.gov/Archives/edgar/data/1032208/000008652116000091/0000086521-16-000091-index.html,https://www.sec.gov/Archives/edgar/data/86521/000008652116000091/sre10k_12312015.htm,1620598267,18:11:07,20210509
6,2014-12-31,SRE,USD,2015-02-26,2015-02-26 16:15:40,FY,11035000000,7689000000,3346000000,0.3032170367014046,0.0,0.0,0.0,28000000.0,1564000000,9253000000,554000000.0,1156000000.0,2938000000,0.2662437698232895,1782000000,0.16148618033529677,268000000,1524000000,0.1381060262800181,300000000,1162000000,0.10530131400090621,4.72,4.63,245891000,250655000,https://www.sec.gov/Archives/edgar/data/1032208/000008652115000011/sre10k02262015.htm,https://www.sec.gov/Archives/edgar/data/1032208/000008652115000011/sre10k02262015.htm,1620598267,18:11:07,20210509
7,2013-12-31,SRE,USD,2014-02-27,2014-02-27 16:21:04,FY,10557000000,7186000000,3371000000,0.3193141991095955,0.0,0.0,0.0,4000000.0,1487000000,8673000000,559000000.0,1113000000.0,2997000000,0.28388746803069054,1884000000,0.17845978971298665,80000000,1430000000,0.13545514824287203,366000000,1009000000,0.09557639480913138,4.1,4.01,243863000,249332000,https://www.sec.gov/Archives/edgar/data/1032208/000008652114000011/sre10k02272014.htm,https://www.sec.gov/Archives/edgar/data/1032208/000008652114000011/sre10k02272014.htm,1620598267,18:11:07,20210509
8,2012-12-31,SRE,USD,2013-02-26 00:00:00,2013-02-26 17:20:02,FY,9647000000,6613000000,3034000000,0.3145019176946201,0.0,0.0,0.0,24000000.0,1449000000,8062000000,493000000.0,1090000000.0,2675000000,0.2772882761480253,1585000000,0.16429978231574582,-174000000,943000000,0.09775059604021975,59000000,865000000,0.0896651808852493,3.56,3.48,241347000,246693000,https://www.sec.gov/Archives/edgar/data/1032208/000008652113000014/0000086521-13-000014-index.html,https://www.sec.gov/Archives/edgar/data/86521/000008652113000014/sre10k2012.htm,1620598267,18:11:07,20210509
9,2011-12-31,SRE,USD,2012-02-28 00:00:00,2012-02-28 17:06:33,FY,10036000000,4146000000,5890000000,0.5868872060581906,0.0,0.0,0.0,0.0,4109000000,8255000000,465000000.0,978000000.0,2759000000,0.274910322837784,1781000000,0.17746113989637305,379000000,1721000000,0.1714826624153049,366000000,1357000000,0.13521323236349142,5.66,5.62,239720000,241523000,https://www.sec.gov/Archives/edgar/data/1032208/000008652112000010/0000086521-12-000010-index.html,https://www.sec.gov/Archives/edgar/data/86521/000008652112000010/sre10k2011.htm,1620598267,18:11:07,20210509
10,2010-12-31,SRE,USD,2011-02-24,2011-02-24 16:04:40,FY,9003000000,3783000000,5220000000,0.5798067310896368,0.0,0.0,0.0,0.0,3693000000,7476000000,436000000.0,867000000.0,2394000000,0.2659113628790403,1527000000,0.1696101299566811,-321000000,786000000,0.08730423192269243,102000000,739000000,0.08208374986115739,3.02,2.98,244736000,247942000,https://www.sec.gov/Archives/edgar/data/1032208/000008652111000017/sre2010_10k2.htm,https://www.sec.gov/Archives/edgar/data/1032208/000008652111000017/sre2010_10k2.htm,1620598267,18:11:07,20210509
11,2009-12-31,SRE,USD,2010-02-26 00:00:00,2010-02-25 18:30:20,FY,8106000000,3258000000,4848000000,0.5980754996299038,0.0,0.0,0.0,0.0,3545000000,6803000000,367000000.0,775000000.0,2078000000,0.25635331852948434,1303000000,0.1607451270663706,519000000,1476000000,0.18208734270910437,422000000,1119000000,0.13804589193190228,4.6,4.52,243339000,247384000,https://www.sec.gov/Archives/edgar/data/1032208/000008652110000019/0000086521-10-000019-index.html,https://www.sec.gov/Archives/edgar/data/75527/000008652110000019/sre_200910k.htm,1620598267,18:11:07,20210509
12,2008-12-31,SRE,USD,2009-02-24 00:00:00,2009-02-24 17:19:00,FY,10758000000,5997000000,4761000000,0.4425543781372002,0.0,0.0,0.0,0.0,3535000000,9532000000,253000000.0,687000000.0,1913000000,0.17782115634876372,1226000000,0.11396170291875814,543000000,1561000000,0.14510131994794573,438000000,1113000000,0.10345789180145008,4.5,4.43,247387000,251159000,https://www.sec.gov/Archives/edgar/data/75527/000008652109000012/0000086521-09-000012-index.html,https://www.sec.gov/Archives/edgar/data/75527/000008652109000012/sempra_10k2008.htm,1620598267,18:11:07,20210509
13,2007-12-31,SRE,USD,2008-02-26,2008-02-26 16:46:01,FY,11438000000,3462000000,7976000000,0.6973247071166288,0.0,73000000.0,0.0,0.0,6303000000,9765000000,0.0,0.0,2173000000,0.18998076586815876,1673000000,0.14626682986536108,186000000,1649000000,0.1441685609372268,524000000,1099000000,0.09608323133414932,4.24,4.16,259269000,264004000,https://www.sec.gov/Archives/edgar/data/1032208/000008652108000015/sempra10k2007.htm,https://www.sec.gov/Archives/edgar/data/1032208/000008652108000015/sempra10k2007.htm,1620598267,18:11:07,20210509
14,2006-12-31,SRE,USD,2007-02-23,2007-02-22 18:07:18,FY,11761000000,3477000000,8284000000,0.7043618739903069,0.0,56000000.0,0.0,0.0,6500000000,9977000000,351000000.0,0.0,2251000000,0.1913952895161976,1784000000,0.15168778165122013,190000000,1732000000,0.14726638891250743,641000000,1406000000,0.11954765751211632,5.48,5.38,256477000,261368000,https://www.sec.gov/Archives/edgar/data/1032208/000008652107000014/se10k123106.htm,https://www.sec.gov/Archives/edgar/data/1032208/000008652107000014/se10k123106.htm,1620598267,18:11:07,20210509
15,2005-12-31,SRE,USD,2006-02-23,2006-02-22 18:50:29,FY,11737000000,3856000000,7881000000,0.6714663031439039,0.0,0.0,0.0,0.0,6797000000,10653000000,311000000.0,0.0,1597000000,0.13606543409729913,1084000000,0.09235750191701457,133000000,971000000,0.08272982874669847,42000000,920000000,0.0783845957229275,3.74,3.65,245906000,252088000,https://www.sec.gov/Archives/edgar/data/1032208/000008652106000008/se10k12312005.htm,https://www.sec.gov/Archives/edgar/data/1032208/000008652106000008/se10k12312005.htm,1620598267,18:11:07,20210509
16,2004-12-31,SRE,USD,2005-02-23 00:00:00,2005-02-23 15:54:49,FY,9410000000,3169000000,6241000000,0.663230605738576,0.0,0.0,0.0,0.0,4969000000,8138000000,0.0,0.0,1789000000,0.19011689691817216,1272000000,0.13517534537725823,104000000,1113000000,0.11827842720510096,193000000,895000000,0.0951115834218916,3.92,3.83,228271000,233852000,https://www.sec.gov/Archives/edgar/data/1032208/000008652105000014/0000086521-05-000014-index.html,https://www.sec.gov/Archives/edgar/data/1032208/000008652105000014/se10k2004.txt,1620598267,18:11:07,20210509
17,2003-12-31,SRE,USD,2004-02-25 00:00:00,2004-02-24 19:07:50,FY,7887000000,2612000000,5275000000,0.6688221123367567,0.0,0.0,0.0,0.0,4336000000,6948000000,308000000.0,0.0,1528000000,0.19373652846456194,939000000,0.11905667554203118,26000000,742000000,0.09407886395334095,47000000,649000000,0.08228730822873083,3.07,3.03,211740000,214482000,https://www.sec.gov/Archives/edgar/data/1032208/000008652104000004/0000086521-04-000004-index.html,https://www.sec.gov/Archives/edgar/data/1032208/000008652104000004/sempra10k2003.txt,1620598267,18:11:07,20210509
18,2002-12-31,SRE,USD,2003-02-26 00:00:00,2003-02-26 17:24:00,FY,6020000000,1678000000,4342000000,0.7212624584717608,0.0,0.0,0.0,0.0,3355000000,5033000000,0.0,0.0,1526000000,0.2534883720930233,987000000,0.16395348837209303,57000000,721000000,0.11976744186046512,146000000,591000000,0.09817275747508306,2.88,2.87,205003000,206062000,https://www.sec.gov/Archives/edgar/data/1032208/000008652103000005/0000086521-03-000005-index.html,https://www.sec.gov/Archives/edgar/data/1032208/000008652103000005/se10k2002.txt,1620598267,18:11:07,20210509
19,2001-12-31,SRE,USD,2002-03-19 00:00:00,2002-03-19 00:00:00,FY,8029000000,3282000000,4747000000,0.5912317847801719,0.0,0.0,0.0,0.0,3754000000,7036000000,0.0,0.0,1482000000,0.18458089425831362,993000000,0.12367667206376884,90000000,731000000,0.09104496201270394,213000000,518000000,0.06451612903225806,2.54,2.52,203593000,205338000,https://www.sec.gov/Archives/edgar/data/1032208/000008652102000006/0000086521-02-000006-index.html,https://www.sec.gov/Archives/edgar/data/1032208/000008652102000006/se10k2001tags.txt,1620598267,18:11:07,20210509
20,2000-12-31,SRE,USD,2001-03-13 00:00:00,2001-03-13 00:00:00,FY,7037000000,2925000000,4112000000,0.5843399175785136,0.0,0.0,0.0,0.0,3207000000,6132000000,286000000.0,0.0,1362000000,0.1935483870967742,905000000,0.12860594003126333,106000000,699000000,0.09933210174790394,270000000,429000000,0.060963478755151346,2.0609641853426535,2.0590846912572895,208155000,208345000,https://www.sec.gov/Archives/edgar/data/75527/000008652101000009/0000086521-01-000009-index.html,https://www.sec.gov/Archives/edgar/data/75527/000008652101000009/0000086521-01-000009-0001.txt,1620598267,18:11:07,20210509
21,1999-12-31,SRE,USD,2000-03-29 00:00:00,2000-03-29 00:00:00,FY,5360000000,1700000000,3660000000,0.6828358208955224,0.0,0.0,0.0,0.0,2922000000,4622000000,0.0,0.0,1239000000,0.23115671641791044,738000000,0.1376865671641791,75000000,573000000,0.10690298507462687,179000000,394000000,0.07350746268656716,1.66,1.66,237349398,237349398,https://www.sec.gov/Archives/edgar/data/1032208/000008652100000007/0000086521-00-000007-index.html,https://www.sec.gov/Archives/edgar/data/1032208/0000086521-00-000007.txt,1620598267,18:11:07,20210509
22,1998-12-31,SRE,USD,1999-03-09 00:00:00,1999-03-09 00:00:00,FY,5481000000,937000000,4544000000,0.829045794563036,0.0,0.0,0.0,0.0,3937000000,4874000000,0.0,0.0,1492000000,0.2722130997993067,607000000,0.11074621419449006,44000000,432000000,0.07881773399014778,138000000,294000000,0.05363984674329502,1.24,1.24,237096774,237096774,https://www.sec.gov/Archives/edgar/data/1032208/000008652199000003/0000086521-99-000003-index.html,https://www.sec.gov/Archives/edgar/data/1032208/0000086521-99-000003.txt,1620598267,18:11:07,20210509
