,date,symbol,reportedCurrency,fillingDate,acceptedDate,period,revenue,costOfRevenue,grossProfit,grossProfitRatio,researchAndDevelopmentExpenses,generalAndAdministrativeExpenses,sellingAndMarketingExpenses,otherExpenses,operatingExpenses,costAndExpenses,interestExpense,depreciationAndAmortization,ebitda,ebitdaratio,operatingIncome,operatingIncomeRatio,totalOtherIncomeExpensesNet,incomeBeforeTax,incomeBeforeTaxRatio,incomeTaxExpense,netIncome,netIncomeRatio,eps,epsdiluted,weightedAverageShsOut,weightedAverageShsOutDil,link,finalLink,timestamp,est_time,est_date
0,2020-12-31,FBIZ,USD,2021-02-24,2021-02-24 16:07:51,FY,101616000.0,0.0,94179000.0,1.0,0.0,49822000.0,1580000.0,3043000.0,103000000.0,1580000.0,17108000,0.0,92599000.0,0.9832234362225124,92599000.0,0.18013895449535505,1931000.0,18305000.0,0.18013895449535505,1327000.0,16978000.0,0.1670799874035585,1.993805322725071,1.993805322725071,8417216.0,8417216.0,https://www.sec.gov/Archives/edgar/data/1521951/000152195121000028/0001521951-21-000028-index.htm,https://www.sec.gov/Archives/edgar/data/1521951/000152195121000028/fbiz-20201231.htm,1620591954,16:25:54,20210509
1,2019-12-31,FBIZ,USD,2020-02-27,2020-02-27 16:12:29,FY,89185000.0,0.0,0.0,0.0,0.0,45224000.0,2221000.0,0.0,101000000.0,0.0,32184000,3049000.0,0.0,0.0,0.0,0.2746986600885799,0.0,24499000.0,0.2746986600885799,1175000.0,23324000.0,0.26152379884509724,2.68,2.68,8515375.0,8515375.0,https://www.sec.gov/Archives/edgar/data/1521951/000152195120000014/0001521951-20-000014-index.htm,https://www.sec.gov/Archives/edgar/data/1521951/000152195120000014/fbiz10-k20191231.htm,1620591954,16:25:54,20210509
2,2018-12-31,FBIZ,USD,2019-02-28,2019-02-28 16:19:41,FY,83426000.0,0.0,0.0,0.0,0.0,44686000.0,2135000.0,0.0,92000000.0,0.0,23933000,1477000.0,0.0,0.0,0.0,0.21161268669239805,0.0,17654000.0,0.21161268669239805,1351000.0,16303000.0,0.19541869441181406,1.86,1.86,8640198.0,8640198.0,https://www.sec.gov/Archives/edgar/data/1521951/000152195119000019/0001521951-19-000019-index.htm,https://www.sec.gov/Archives/edgar/data/1521951/000152195119000019/fbiz10-k20181231.htm,1620591954,16:25:54,20210509
3,2017-12-31,FBIZ,USD,2018-03-09,2018-03-09 16:11:27,FY,74490000.0,0.0,0.0,0.0,0.0,38955000.0,2109000.0,0.0,78000000.0,0.0,15202000,1562000.0,0.0,0.0,0.0,0.19104577795677272,0.0,14231000.0,0.19104577795677272,2326000.0,11905000.0,0.15982011008189018,1.36,1.36,8612770.0,8612770.0,https://www.sec.gov/Archives/edgar/data/1521951/000152195118000021/0001521951-18-000021-index.htm,https://www.sec.gov/Archives/edgar/data/1521951/000152195118000021/fbiz10-k20171231.htm,1620591954,16:25:54,20210509
4,2016-12-31,FBIZ,USD,2017-03-10,2017-03-10 16:07:59,FY,77625000.0,0.0,0.0,0.0,0.0,38424000.0,2338000.0,0.0,79000000.0,0.0,14789000,1515000.0,0.0,0.0,0.0,0.2198389694041868,0.0,17065000.0,0.2198389694041868,2156000.0,14909000.0,0.1920644122383253,1.71,1.71,8573722.0,8573722.0,https://www.sec.gov/Archives/edgar/data/1521951/000152195117000027/0001521951-17-000027-index.htm,https://www.sec.gov/Archives/edgar/data/1521951/000152195117000027/fbiz10-k20161231.htm,1620591954,16:25:54,20210509
5,2015-12-31,FBIZ,USD,2016-03-11,2016-03-11 16:12:25,FY,75651000.0,0.0,0.0,0.0,0.0,34396000.0,2585000.0,0.0,65000000.0,0.0,13831000,-90000.0,0.0,0.0,0.0,0.32902407106317166,0.0,24891000.0,0.32902407106317166,8377000.0,16514000.0,0.2182918930351218,1.9316481494824764,1.9313892506036614,8549176.0,8550322.0,https://www.sec.gov/Archives/edgar/data/1521951/000152195116000090/0001521951-16-000090-index.htm,https://www.sec.gov/Archives/edgar/data/1521951/000152195116000090/fbiz10-k20151231.htm,1620591954,16:25:54,20210509
6,2014-12-31,FBIZ,USD,2015-03-06,2015-03-06 16:08:22,FY,56233000.0,0.0,0.0,0.0,0.0,25264000.0,1662000.0,0.0,47000000.0,0.0,11571000,1870000.0,0.0,0.0,0.0,0.37739405687052086,0.0,21222000.0,0.37739405687052086,7083000.0,14139000.0,0.2514359895435065,1.76,1.755,7859938.0,7896744.0,https://www.sec.gov/Archives/edgar/data/1521951/000152195115000018/0001521951-15-000018-index.htm,https://www.sec.gov/Archives/edgar/data/1521951/000152195115000018/fbiz10-k20141231.htm,1620591954,16:25:54,20210509
7,2013-12-31,FBIZ,USD,2014-03-07,2014-03-07 16:43:26,FY,50547000.0,0.0,0.0,0.0,0.0,22771000.0,1355000.0,0.0,41000000.0,0.0,11705000,2322000.0,0.0,0.0,0.0,0.41812570478960176,0.0,21135000.0,0.41812570478960176,7389000.0,13746000.0,0.2719449225473322,1.75,1.745,7854857.0,7877364.0,https://www.sec.gov/Archives/edgar/data/1521951/000152195114000015/0001521951-14-000015-index.htm,https://www.sec.gov/Archives/edgar/data/1521951/000152195114000015/fbiz10-k20131231.htm,1620591954,16:25:54,20210509
8,2012-12-31,FBIZ,USD,2013-03-08,2013-03-08 16:34:41,FY,46580000.0,0.0,0.0,0.0,0.0,20069000.0,1224000.0,0.0,50000000.0,0.0,16885000,3054000.0,0.0,0.0,0.0,0.2936024044654358,0.0,13676000.0,0.2936024044654358,4750000.0,8926000.0,0.19162730785744955,1.65,1.645,7833334.0,7833334.0,https://www.sec.gov/Archives/edgar/data/1521951/000152195113000015/0001521951-13-000015-index.htm,https://www.sec.gov/Archives/edgar/data/1521951/000152195113000015/fbiz10-k20121231.htm,1620591954,16:25:54,20210509
9,2011-12-31,FBIZ,USD,2012-03-09,2012-03-09 16:26:08,FY,42521000.0,0.0,0.0,0.0,0.0,19423000.0,994000.0,0.0,51000000.0,0.0,20756000,2404000.0,0.0,0.0,0.0,0.2792502528162555,0.0,11874000.0,0.2792502528162555,3449000.0,8425000.0,0.19813739093624327,1.615,1.615,5015652.0,5015652.0,https://www.sec.gov/Archives/edgar/data/1521951/000119312512107021/0001193125-12-107021-index.htm,https://www.sec.gov/Archives/edgar/data/1521951/000119312512107021/d301332d10k.htm,1620591954,16:25:54,20210509
10,2010-12-31,FBIZ,USD,2010-12-31,2010-12-31,FY,38694000.0,0.0,0.0,0.0,0.0,18771000.0,749000.0,0.0,0.0,0.0,24675000,1593000.0,0.0,0.0,0.0,0.08502610223807308,0.0,3290000.0,0.08502610223807308,2349000.0,941000.0,0.024319015868093246,0.185,0.185,4967300.0,4967300.0,,,1620591954,16:25:54,20210509
11,2009-12-31,FBIZ,USD,2009-12-31,2009-12-31,FY,34484000.0,0.0,0.0,0.0,0.0,16989000.0,634000.0,0.0,0.0,0.0,28322000,847000.0,0.0,0.0,0.0,0.05098016471407029,0.0,1758000.0,0.05098016471407029,717000.0,1041000.0,0.030187913235123535,0.205,0.205,4912514.0,4912514.0,,,1620591954,16:25:54,20210509
12,2008-12-31,FBIZ,USD,2008-12-31,2008-12-31,FY,31395000.0,0.0,0.0,0.0,0.0,12422000.0,970000.0,0.0,0.0,0.0,33515000,538000.0,0.0,0.0,0.0,0.16499442586399107,0.0,5180000.0,0.16499442586399107,2056000.0,3124000.0,0.09950629081063864,0.645,0.64,4862166.0,4863686.0,,,1620591954,16:25:54,20210509
13,2007-12-31,FBIZ,USD,2007-12-31,2007-12-31,FY,27624000.0,0.0,0.0,0.0,0.0,12121000.0,1076000.0,0.0,0.0,0.0,36280000,475000.0,0.0,0.0,0.0,0.18328265276571098,0.0,5063000.0,0.18328265276571098,1807000.0,3256000.0,0.11786852012742542,0.665,0.66,4896241.0,4933333.0,,,1620591954,16:25:54,20210509
14,2006-12-31,FBIZ,USD,2006-12-31,2006-12-31,FY,22645000.0,0.0,0.0,0.0,0.0,9290000.0,936000.0,0.0,0.0,0.0,28689000,602000.0,0.0,0.0,0.0,0.23969971296091852,0.0,5428000.0,0.23969971296091852,1681000.0,3747000.0,0.16546699050563038,0.755,0.75,4962914.0,4996000.0,,,1620591954,16:25:54,20210509
15,2005-12-31,FBIZ,USD,2005-12-31,2005-12-31,FY,22015000.0,0.0,0.0,0.0,0.0,8502000.0,797000.0,0.0,0.0,0.0,18733000,959000.0,0.0,0.0,0.0,0.3275948217124688,0.0,7212000.0,0.3275948217124688,2455000.0,4757000.0,0.2160799454917102,0.98,0.965,4854082.0,4929534.0,,,1620591954,16:25:54,20210509
16,2004-12-31,FBIZ,USD,2004-12-31,2004-12-31,FY,19506000.0,0.0,0.0,0.0,0.0,7935000.0,688000.0,0.0,0.0,0.0,11727000,830000.0,0.0,0.0,0.0,0.3531733825489593,0.0,6889000.0,0.3531733825489593,3014000.0,3875000.0,0.19865682354147443,0.86,0.835,4505814.0,4640719.0,,,1620591954,16:25:54,20210509
17,2003-12-31,FBIZ,USD,2003-12-31,2003-12-31,FY,2772000.0,0.0,0.0,0.0,0.0,6945000.0,0.0,0.0,0.0,0.0,12475000,1013000.0,0.0,0.0,0.0,1.7586580086580086,0.0,4875000.0,1.7586580086580086,761000.0,4114000.0,1.4841269841269842,1.025,0.985,4013659.0,4176650.0,,,1620591954,16:25:54,20210509
18,2002-12-31,FBIZ,USD,2002-12-31,2002-12-31,FY,3613000.0,0.0,0.0,0.0,0.0,0.0,0.0,0.0,0.0,0.0,14966000,0.0,0.0,0.0,0.0,-0.4157210074730141,0.0,-1502000.0,-0.4157210074730141,-528000.0,-187000.0,-0.05175754220869084,-0.045,-0.045,4155556.0,4155556.0,,,1620591954,16:25:54,20210509
19,2001-12-31,FBIZ,USD,2001-12-31,2001-12-31,FY,11485000.0,0.0,0.0,0.0,0.0,0.0,0.0,0.0,0.0,0.0,15220000,0.0,0.0,0.0,0.0,0.0,0.0,0.0,0.0,0.0,2426000.0,0.21123204179364388,0.615,0.59,3944715.0,4111864.0,,,1620591954,16:25:54,20210509
