,date,symbol,reportedCurrency,fillingDate,acceptedDate,period,revenue,costOfRevenue,grossProfit,grossProfitRatio,researchAndDevelopmentExpenses,generalAndAdministrativeExpenses,sellingAndMarketingExpenses,otherExpenses,operatingExpenses,costAndExpenses,interestExpense,depreciationAndAmortization,ebitda,ebitdaratio,operatingIncome,operatingIncomeRatio,totalOtherIncomeExpensesNet,incomeBeforeTax,incomeBeforeTaxRatio,incomeTaxExpense,netIncome,netIncomeRatio,eps,epsdiluted,weightedAverageShsOut,weightedAverageShsOutDil,link,finalLink,timestamp,est_time,est_date
0,2020-03-31,HAL.NS,INR,2020-03-31,2020-03-31,FY,212448500000,88306800000,124141700000,0.5843378512910188,0.0,335700000,231200000,1943500000.0,82565500000,170872300000,3484600000.0,9985200000,51561400000,0.24270070158179513,41576200000,0.1957001343855099,0.0,39689900000,0.18682127668587917,10959900000,28731700000,0.13524077599983056,85.92,85.92,334387500,334387500,https://www.nseindia.com/companies-listing/corporate-filings-annual-reports,https://www.nseindia.com/companies-listing/corporate-filings-annual-reports,1620592937,16:42:17,20210509
1,2019-03-31,HAL.NS,INR,2019-03-31,2019-03-31,FY,197521600000,79834600000,117687000000,0.5958183813820869,0.0,308800000,1963600000,787500000.0,80495700000,160330300000,1696000000.0,10292800000,47484100000,0.24039953098800335,37191300000,0.18828978704101224,0.0,36099700000,0.1827633028489036,13452000000,22650200000,0.11467201561753246,67.73,67.73,334387500,334387500,https://www.nseindia.com/companies-listing/corporate-filings-annual-reports,https://www.nseindia.com/companies-listing/corporate-filings-annual-reports,1620592937,16:42:17,20210509
2,2018-03-31,HAL.NS,INR,2018-03-31,2018-03-31,FY,183092300000,82633600000,100458700000,0.5486779072631672,0.0,271700000,400800000,832300000.0,73831600000,156465200000,51800000.0,9470900000,36098000000,0.1971573900158554,26627100000,0.145429927965294,0.0,33256700000,0.18163898754890292,12524300000,20734600000,0.11324670671568383,58.58,58.58,353923356,353923356,https://www.nseindia.com/companies-listing/corporate-filings-annual-reports,https://www.nseindia.com/companies-listing/corporate-filings-annual-reports,1620592937,16:42:17,20210509
3,2017-03-31,HAL.NS,INR,2017-03-31,2017-03-31,FY,176389000000,90637000000,85752000000,0.48615276462817975,0.0,262000000,595000000,743000000.0,59789000000,150426000000,103000000.0,6808000000,32771000000,0.18578822942473738,25963000000,0.14719171830442943,0.0,35917000000,0.20362380874090788,9670000000,26247000000,0.1488017960303647,78.492767,78.492767,334387500,334387500,https://www.nseindia.com/companies-listing/corporate-filings-annual-reports,https://www.nseindia.com/companies-listing/corporate-filings-annual-reports,1620592937,16:42:17,20210509
4,2016-03-31,HAL.NS,INR,2016-03-31,2016-03-31,FY,166356000000,87891000000,78465000000,0.47166919137271873,0.0,209000000,491000000,423000000.0,61775000000,149666000000,0.0,8528000000,25218000000,0.15159056481281108,16690000000,0.10032700954579336,0.0,32133000000,0.19315804659886027,12090000000,20043000000,0.12048257952824064,59.939442,59.939442,334387500,334387500,https://www.nseindia.com/companies-listing/corporate-filings-annual-reports,https://www.nseindia.com/companies-listing/corporate-filings-annual-reports,1620592937,16:42:17,20210509
5,2015-03-31,HAL.NS,INR,2015-03-31,2015-03-31,FY,155877000000,82065000000,73812000000,0.4735272041417271,0.0,202000000,579000000,195000000.0,73345000000,155410000000,193000000.0,8077000000,8544000000,0.054812448276525726,467000000,0.002995951936462724,0.0,16727000000,0.107308967968334,6786000000,9941000000,0.06377464282735747,29.728982,29.728982,334387500,334387500,https://www.nseindia.com/companies-listing/corporate-filings-annual-reports,https://www.nseindia.com/companies-listing/corporate-filings-annual-reports,1620592937,16:42:17,20210509
6,2014-03-31,HAL.NS,INR,2014-03-31,2014-03-31,FY,152789000000,86580000000,66209000000,0.4333361694886412,0.0,215000000,367000000,8000000.0,48964000000,135544000000,449000000.0,6198000000,23443000000,0.15343382049754892,17245000000,0.11286807296336779,0.0,36516000000,0.23899626281996741,11105000000,25411000000,0.16631432891111272,75.992673,75.992673,334387500,334387500,https://www.nseindia.com/companies-listing/corporate-filings-annual-reports,https://www.nseindia.com/companies-listing/corporate-filings-annual-reports,1620592937,16:42:17,20210509
7,2013-03-31,HAL.NS,INR,2013-03-31,2013-03-31,FY,149902000000,91950000000,57952000000,0.3865992448399621,0.0,236000000,426000000,-3254000000.0,40350000000,132300000000,252000000.0,6010000000,23612000000,0.15751624394604474,17602000000,0.11742338327707436,0.0,37505000000,0.2501967952395565,5333000000,32172000000,0.2146202185427813,96.21173,96.21173,334387500,334387500,https://www.nseindia.com/companies-listing/corporate-filings-annual-reports,https://www.nseindia.com/companies-listing/corporate-filings-annual-reports,1620592937,16:42:17,20210509
