,date,symbol,reportedCurrency,fillingDate,acceptedDate,period,revenue,costOfRevenue,grossProfit,grossProfitRatio,researchAndDevelopmentExpenses,generalAndAdministrativeExpenses,sellingAndMarketingExpenses,otherExpenses,operatingExpenses,costAndExpenses,interestExpense,depreciationAndAmortization,ebitda,ebitdaratio,operatingIncome,operatingIncomeRatio,totalOtherIncomeExpensesNet,incomeBeforeTax,incomeBeforeTaxRatio,incomeTaxExpense,netIncome,netIncomeRatio,eps,epsdiluted,weightedAverageShsOut,weightedAverageShsOutDil,link,finalLink,timestamp,est_time,est_date
0,2019-12-31,PFP.L,GBP,2019-12-31,2019-12-31,FY,0.0,0.0,0.0,0.0,0.0,652000.0,0.0,0.0,652000.0,652000.0,0.0,0.0,-652000.0,0.0,-652000.0,0.0,0.0,-652000.0,0.0,0.0,-652000.0,0.0,-0.0022,-0.0022,296363636.0,296363636.0,https://find-and-update.company-information.service.gov.uk/search/companies?q=Pathfinder+Minerals+PLC,https://find-and-update.company-information.service.gov.uk/search/companies?q=Pathfinder+Minerals+PLC,1620596497,17:41:37,20210509
1,2018-12-31,PFP.L,GBP,2018-12-31,2018-12-31,FY,0.0,0.0,0.0,0.0,0.0,645000.0,0.0,0.0,645000.0,645000.0,0.0,0.0,-645000.0,0.0,-645000.0,0.0,0.0,-645000.0,0.0,0.0,-645000.0,0.0,-0.0026,-0.0026,248076923.0,248076923.0,https://find-and-update.company-information.service.gov.uk/search/companies?q=Pathfinder+Minerals+PLC,https://find-and-update.company-information.service.gov.uk/search/companies?q=Pathfinder+Minerals+PLC,1620596497,17:41:37,20210509
2,2017-12-31,PFP.L,GBP,2017-12-31,2017-12-31,FY,0.0,0.0,0.0,0.0,0.0,615000.0,0.0,0.0,615000.0,615000.0,0.0,1000.0,-614000.0,0.0,-615000.0,0.0,0.0,-615000.0,0.0,0.0,-615000.0,0.0,-0.0033,-0.0033,186363636.0,186363636.0,https://find-and-update.company-information.service.gov.uk/search/companies?q=Pathfinder+Minerals+PLC,https://find-and-update.company-information.service.gov.uk/search/companies?q=Pathfinder+Minerals+PLC,1620596497,17:41:37,20210509
3,2016-12-31,PFP.L,GBP,2016-12-31,2016-12-31,FY,0.0,0.0,0.0,0.0,0.0,743000.0,0.0,0.0,582000.0,582000.0,0.0,1000.0,-581000.0,0.0,-582000.0,0.0,0.0,-582000.0,0.0,0.0,-582000.0,0.0,-0.0044,-0.0044,132272727.0,132272727.0,https://find-and-update.company-information.service.gov.uk/search/companies?q=Pathfinder+Minerals+PLC,https://find-and-update.company-information.service.gov.uk/search/companies?q=Pathfinder+Minerals+PLC,1620596497,17:41:37,20210509
4,2015-12-31,PFP.L,GBP,2015-12-31,2015-12-31,FY,0.0,0.0,0.0,0.0,0.0,1104000.0,0.0,0.0,1101000.0,1101000.0,0.0,0.0,-1101000.0,0.0,-1101000.0,0.0,0.0,-1093000.0,0.0,0.0,-1093000.0,0.0,-0.0105,-0.0105,104095238.0,104095238.0,https://find-and-update.company-information.service.gov.uk/search/companies?q=Pathfinder+Minerals+PLC,https://find-and-update.company-information.service.gov.uk/search/companies?q=Pathfinder+Minerals+PLC,1620596497,17:41:37,20210509
5,2014-12-31,PFP.L,GBP,2014-12-31,2014-12-31,FY,0.0,0.0,0.0,0.0,0.0,1070000.0,0.0,0.0,1070000.0,1070000.0,0.0,0.0,-1070000.0,0.0,-1070000.0,0.0,0.0,-1056000.0,0.0,0.0,-1056000.0,0.0,-0.01,-0.01,105600000.0,105600000.0,https://find-and-update.company-information.service.gov.uk/search/companies?q=Pathfinder+Minerals+PLC,https://find-and-update.company-information.service.gov.uk/search/companies?q=Pathfinder+Minerals+PLC,1620596497,17:41:37,20210509
6,2013-12-31,PFP.L,GBP,2013-12-31,2013-12-31,FY,0.0,0.0,0.0,0.0,0.0,1480000.0,0.0,0.0,1480000.0,1480000.0,0.0,0.0,-1480000.0,0.0,-1480000.0,0.0,0.0,-1459000.0,0.0,0.0,-1459000.0,0.0,-0.01,-0.01,145900000.0,145900000.0,https://find-and-update.company-information.service.gov.uk/search/companies?q=Pathfinder+Minerals+PLC,https://find-and-update.company-information.service.gov.uk/search/companies?q=Pathfinder+Minerals+PLC,1620596497,17:41:37,20210509
7,2012-12-31,PFP.L,GBP,2012-12-31,2012-12-31,FY,0.0,0.0,0.0,0.0,0.0,4424000.0,0.0,0.0,4424000.0,4424000.0,0.0,0.0,-4424000.0,0.0,-4424000.0,0.0,0.0,-4318000.0,0.0,0.0,-4318000.0,0.0,-0.04,-0.04,107950000.0,107950000.0,https://find-and-update.company-information.service.gov.uk/search/companies?q=Pathfinder+Minerals+PLC,https://find-and-update.company-information.service.gov.uk/search/companies?q=Pathfinder+Minerals+PLC,1620596497,17:41:37,20210509
8,2011-12-31,PFP.L,GBP,2011-12-31,2011-12-31,FY,0.0,0.0,0.0,0.0,0.0,2533000.0,0.0,0.0,2533000.0,2533000.0,0.0,0.0,32297000.0,0.0,-2533000.0,0.0,0.0,-37344000.0,0.0,0.0,-37344000.0,0.0,-0.45,-0.45,103716700.0,103716700.0,https://find-and-update.company-information.service.gov.uk/search/companies?q=Pathfinder+Minerals+PLC,https://find-and-update.company-information.service.gov.uk/search/companies?q=Pathfinder+Minerals+PLC,1620596497,17:41:37,20210509
9,2010-12-31,PFP.L,GBP,2010-12-31,2010-12-31,FY,0.0,0.0,0.0,0.0,0.0,1057000.0,0.0,0.0,1057000.0,1057000.0,7000.0,0.0,-1057000.0,0.0,-1057000.0,0.0,0.0,-1064000.0,0.0,0.0,-1064000.0,0.0,-0.276,-0.276,4953000.0,4953000.0,https://find-and-update.company-information.service.gov.uk/search/companies?q=Pathfinder+Minerals+PLC,https://find-and-update.company-information.service.gov.uk/search/companies?q=Pathfinder+Minerals+PLC,1620596497,17:41:37,20210509
10,2009-12-31,PFP.L,GBP,2009-12-31,2009-12-31,FY,0.0,0.0,0.0,0.0,0.0,384000.0,0.0,0.0,384000.0,384000.0,4000.0,0.0,-383000.0,0.0,-384000.0,0.0,0.0,-387000.0,0.0,0.0,-387000.0,0.0,-0.484,-0.484,799700.0,799700.0,https://find-and-update.company-information.service.gov.uk/search/companies?q=Pathfinder+Minerals+PLC,https://find-and-update.company-information.service.gov.uk/search/companies?q=Pathfinder+Minerals+PLC,1620596497,17:41:37,20210509
11,2008-12-31,PFP.L,GBP,2008-12-31,2008-12-31,FY,70000.0,8746000.0,-8676000.0,-123.94285714285714,0.0,389000.0,0.0,0.0,474000.0,9220000.0,385000.0,15000.0,-9135000.0,-130.5,-9150000.0,-130.71428571428572,0.0,-9668000.0,-138.11428571428573,333000.0,-10001000.0,-142.87142857142857,-12.5,-12.5,799713.0,799713.0,https://find-and-update.company-information.service.gov.uk/search/companies?q=Pathfinder+Minerals+PLC,https://find-and-update.company-information.service.gov.uk/search/companies?q=Pathfinder+Minerals+PLC,1620596497,17:41:37,20210509
12,2007-12-31,PFP.L,GBP,2007-12-31,2007-12-31,FY,27000.0,7000.0,20000.0,0.7407407407407407,0.0,709000.0,0.0,0.0,706000.0,713000.0,521000.0,5000.0,-681000.0,-25.22222222222222,-686000.0,-25.40740740740741,0.0,-1048000.0,-38.81481481481482,-104000.0,-951000.0,-35.22222222222222,-1.19,-1.19,799713.0,799713.0,https://find-and-update.company-information.service.gov.uk/search/companies?q=Pathfinder+Minerals+PLC,https://find-and-update.company-information.service.gov.uk/search/companies?q=Pathfinder+Minerals+PLC,1620596497,17:41:37,20210509
13,2006-12-31,PFP.L,GBP,2006-12-31,2006-12-31,FY,17000000.0,12550000.0,4450000.0,0.26176470588235295,0.0,555000.0,0.0,0.0,65000.0,12615000.0,816000.0,3000.0,4388000.0,0.2581176470588235,4385000.0,0.25794117647058823,0.0,2821000.0,0.16594117647058823,535000.0,2205000.0,0.12970588235294117,2.76,2.76,799713.0,799713.0,https://find-and-update.company-information.service.gov.uk/search/companies?q=Pathfinder+Minerals+PLC,https://find-and-update.company-information.service.gov.uk/search/companies?q=Pathfinder+Minerals+PLC,1620596497,17:41:37,20210509
14,2005-12-31,PFP.L,GBP,2005-12-31,2005-12-31,FY,745000.0,553000.0,192000.0,0.25771812080536916,0.0,515000.0,0.0,8000.0,76000.0,629000.0,856000.0,3000.0,119000.0,0.1597315436241611,116000.0,0.15570469798657718,0.0,-1421000.0,-1.9073825503355704,-190000.0,-1314000.0,-1.763758389261745,-1.64,-1.64,799713.0,799713.0,https://find-and-update.company-information.service.gov.uk/search/companies?q=Pathfinder+Minerals+PLC,https://find-and-update.company-information.service.gov.uk/search/companies?q=Pathfinder+Minerals+PLC,1620596497,17:41:37,20210509
15,2004-12-31,PFP.L,GBP,2004-12-31,2004-12-31,FY,0.0,44000.0,-44000.0,0.0,0.0,793000.0,0.0,-9000.0,769000.0,813000.0,671000.0,5000.0,-808000.0,0.0,-813000.0,0.0,0.0,-176000.0,0.0,-8000.0,-158000.0,0.0,-0.2,-0.2,799713.0,799713.0,https://find-and-update.company-information.service.gov.uk/search/companies?q=Pathfinder+Minerals+PLC,https://find-and-update.company-information.service.gov.uk/search/companies?q=Pathfinder+Minerals+PLC,1620596497,17:41:37,20210509
16,2003-12-31,PFP.L,GBP,2003-12-31,2003-12-31,FY,0.0,2115000.0,-2115000.0,0.0,0.0,3933000.0,0.0,227000.0,2097000.0,4212000.0,552000.0,21000.0,-4191000.0,0.0,-4212000.0,0.0,0.0,-4620000.0,0.0,-72000.0,-4426000.0,0.0,-5.54,-5.54,798742.0,798742.0,https://find-and-update.company-information.service.gov.uk/search/companies?q=Pathfinder+Minerals+PLC,https://find-and-update.company-information.service.gov.uk/search/companies?q=Pathfinder+Minerals+PLC,1620596497,17:41:37,20210509
17,2002-12-31,PFP.L,GBP,2002-12-31,2002-12-31,FY,15390000.0,13980000.0,1410000.0,0.09161793372319688,0.0,1451000.0,0.0,171000.0,1406000.0,15386000.0,721000.0,145000.0,149000.0,0.009681611435997401,4000.0,0.0002599090318388564,0.0,-112000.0,-0.007277452891487979,84000.0,-103000.0,-0.0066926575698505525,-0.129162,-0.13,797450.0,797450.0,https://find-and-update.company-information.service.gov.uk/search/companies?q=Pathfinder+Minerals+PLC,https://find-and-update.company-information.service.gov.uk/search/companies?q=Pathfinder+Minerals+PLC,1620596497,17:41:37,20210509
18,2001-12-31,PFP.L,GBP,2001-12-31,2001-12-31,FY,527000.0,422000.0,105000.0,0.19924098671726756,0.0,1803000.0,0.0,165000.0,1072000.0,1494000.0,292000.0,0.0,-64000.0,-0.12144212523719165,-967000.0,-1.8349146110056926,0.0,-1271000.0,-2.411764705882353,-201000.0,-973000.0,-1.8462998102466792,-1.220139,-1.3,797450.0,797450.0,https://find-and-update.company-information.service.gov.uk/search/companies?q=Pathfinder+Minerals+PLC,https://find-and-update.company-information.service.gov.uk/search/companies?q=Pathfinder+Minerals+PLC,1620596497,17:41:37,20210509
19,2000-12-31,PFP.L,GBP,2000-12-31,2000-12-31,FY,4594000.0,3567000.0,1027000.0,0.22355245973008273,0.0,0.0,0.0,0.0,-423000.0,3144000.0,81000.0,29000.0,1479000.0,0.3219416630387462,1450000.0,0.3156290814105355,0.0,1366000.0,0.29734436221158034,393000.0,752000.0,0.16369177187636047,1.1,1.1,703400.0,703400.0,https://find-and-update.company-information.service.gov.uk/search/companies?q=Pathfinder+Minerals+PLC,https://find-and-update.company-information.service.gov.uk/search/companies?q=Pathfinder+Minerals+PLC,1620596497,17:41:37,20210509
20,1999-12-31,PFP.L,GBP,1999-12-31,1999-12-31,FY,11544000.0,9920000.0,1624000.0,0.14067914067914067,0.0,0.0,0.0,0.0,1735000.0,11655000.0,284000.0,73000.0,-38000.0,-0.003291753291753292,-111000.0,-0.009615384615384616,0.0,2729000.0,0.2363998613998614,783000.0,1946000.0,0.16857241857241856,2.8,2.8,703400.0,703400.0,https://find-and-update.company-information.service.gov.uk/search/companies?q=Pathfinder+Minerals+PLC,https://find-and-update.company-information.service.gov.uk/search/companies?q=Pathfinder+Minerals+PLC,1620596497,17:41:37,20210509
21,1998-12-31,PFP.L,GBP,1998-12-31,1998-12-31,FY,10400000.0,8843000.0,1557000.0,0.14971153846153845,0.0,0.0,0.0,0.0,341000.0,9184000.0,156000.0,27000.0,1243000.0,0.11951923076923077,1216000.0,0.11692307692307692,0.0,1174000.0,0.11288461538461539,282000.0,890000.0,0.08557692307692308,1.7,1.7,538180.0,538180.0,https://find-and-update.company-information.service.gov.uk/search/companies?q=Pathfinder+Minerals+PLC,https://find-and-update.company-information.service.gov.uk/search/companies?q=Pathfinder+Minerals+PLC,1620596497,17:41:37,20210509
22,1998-03-31,PFP.L,GBP,1998-03-31,1998-03-31,FY,2216000.0,0.0,0.0,0.0,0.0,0.0,0.0,0.0,1954000.0,1954000.0,10000.0,1000.0,263000.0,0.11868231046931407,262000.0,0.11823104693140794,0.0,268000.0,0.12093862815884476,117000.0,151000.0,0.06814079422382671,0.9,0.9,168380.0,168380.0,https://find-and-update.company-information.service.gov.uk/search/companies?q=Pathfinder+Minerals+PLC,https://find-and-update.company-information.service.gov.uk/search/companies?q=Pathfinder+Minerals+PLC,1620596497,17:41:37,20210509
23,1997-03-31,PFP.L,GBP,1997-03-31,1997-03-31,FY,71000.0,0.0,0.0,0.0,0.0,0.0,0.0,0.0,124000.0,124000.0,54000.0,22000.0,-31000.0,-0.43661971830985913,-53000.0,-0.7464788732394366,0.0,-334000.0,-4.704225352112676,0.0,-334000.0,-4.704225352112676,-3.520037,-3.520037,95549.0,95549.0,https://find-and-update.company-information.service.gov.uk/search/companies?q=Pathfinder+Minerals+PLC,https://find-and-update.company-information.service.gov.uk/search/companies?q=Pathfinder+Minerals+PLC,1620596497,17:41:37,20210509
24,1996-03-31,PFP.L,GBP,1996-03-31,1996-03-31,FY,288000.0,0.0,0.0,0.0,0.0,0.0,0.0,0.0,191000.0,191000.0,105000.0,21000.0,118000.0,0.4097222222222222,97000.0,0.3368055555555556,0.0,-90000.0,-0.3125,0.0,-90000.0,-0.3125,-0.96001,-0.96001,95549.0,95549.0,https://find-and-update.company-information.service.gov.uk/search/companies?q=Pathfinder+Minerals+PLC,https://find-and-update.company-information.service.gov.uk/search/companies?q=Pathfinder+Minerals+PLC,1620596497,17:41:37,20210509
25,1995-03-31,PFP.L,GBP,1995-03-31,1995-03-31,FY,316000.0,0.0,0.0,0.0,0.0,0.0,0.0,0.0,193000.0,193000.0,104000.0,20000.0,143000.0,0.4525316455696203,123000.0,0.38924050632911394,0.0,20000.0,0.06329113924050633,0.0,20000.0,0.06329113924050633,0.240002,0.240002,95549.0,95549.0,https://find-and-update.company-information.service.gov.uk/search/companies?q=Pathfinder+Minerals+PLC,https://find-and-update.company-information.service.gov.uk/search/companies?q=Pathfinder+Minerals+PLC,1620596497,17:41:37,20210509
26,1994-03-31,PFP.L,GBP,1994-03-31,1994-03-31,FY,301000.0,0.0,0.0,0.0,0.0,0.0,0.0,0.0,190000.0,190000.0,103000.0,20000.0,131000.0,0.43521594684385384,111000.0,0.3687707641196013,0.0,8000.0,0.026578073089700997,0.0,8000.0,0.026578073089700997,0.080001,0.080001,95549.0,95549.0,https://find-and-update.company-information.service.gov.uk/search/companies?q=Pathfinder+Minerals+PLC,https://find-and-update.company-information.service.gov.uk/search/companies?q=Pathfinder+Minerals+PLC,1620596497,17:41:37,20210509
