,date,symbol,reportedCurrency,fillingDate,acceptedDate,period,revenue,costOfRevenue,grossProfit,grossProfitRatio,researchAndDevelopmentExpenses,generalAndAdministrativeExpenses,sellingAndMarketingExpenses,otherExpenses,operatingExpenses,costAndExpenses,interestExpense,depreciationAndAmortization,ebitda,ebitdaratio,operatingIncome,operatingIncomeRatio,totalOtherIncomeExpensesNet,incomeBeforeTax,incomeBeforeTaxRatio,incomeTaxExpense,netIncome,netIncomeRatio,eps,epsdiluted,weightedAverageShsOut,weightedAverageShsOutDil,link,finalLink,timestamp,est_time,est_date
0,2020-03-31,CUPID.NS,INR,2020-03-31,2020-03-31,FY,1539738000,423705000,1116033000,0.7248200667905839,0.0,371220000,75321000.0,3041000.0,0.0,1058700000,4990000.0,24996000,506034000,0.32864941957657734,481038000.0,0.3124154888688855,0.0,527041000.0,0.3422926497884705,128635000.0,398406000.0,0.25874921577567095,29.87,29.87,13338000,13338000,https://www.nseindia.com/companies-listing/corporate-filings-annual-reports,https://www.nseindia.com/companies-listing/corporate-filings-annual-reports,1620590842,16:07:22,20210509
1,2019-03-31,CUPID.NS,INR,2019-03-31,2019-03-31,FY,824358000,373749000,450609000,0.5466180955361627,0.0,25682000,14684000.0,8001000.0,266070000.0,639819000,688000.0,20145000,204684000,0.24829503686505136,184539000.0,0.22385783846338606,0.0,209134000.0,0.2536931769934907,57043000.0,152091000.0,0.18449629893808273,11.4,11.4,13338000,13338000,https://www.nseindia.com/companies-listing/corporate-filings-annual-reports,https://www.nseindia.com/companies-listing/corporate-filings-annual-reports,1620590842,16:07:22,20210509
2,2018-03-31,CUPID.NS,INR,2018-03-31,2018-03-31,FY,779027000,312097000,466930000,0.5993758881271124,0.0,23431000,7314000.0,906000.0,216878000.0,528975000,256000.0,21785000,271837000,0.34894425995504647,250052000.0,0.3209798890154,0.0,260923000.0,0.33493447595526216,90021000.0,170902000.0,0.21937878918188972,12.816667,12.816667,13338000,13338000,https://www.nseindia.com/companies-listing/corporate-filings-annual-reports,https://www.nseindia.com/companies-listing/corporate-filings-annual-reports,1620590842,16:07:22,20210509
3,2017-03-31,CUPID.NS,INR,2017-03-31,2017-03-31,FY,829292775,303285262,526007513,0.6342844515919001,0.0,25646873,21741328.0,0.0,210791030.0,514076292,8259.0,20980334,336196817,0.4054018401402327,315216483.0,0.380102772509986,0.0,324030932.0,0.39073164721590636,118639100.0,205391832.0,0.24767107370494093,15.4,15.4,13338000,13338000,https://www.nseindia.com/companies-listing/corporate-filings-annual-reports,https://www.nseindia.com/companies-listing/corporate-filings-annual-reports,1620590842,16:07:22,20210509
4,2016-03-31,CUPID.NS,INR,2016-03-31,2016-03-31,FY,611456169,273589691,337866478,0.5525604207290286,0.0,45528605,0.0,0.0,98253866.0,371843557,672263.0,19299756,258912368,0.4234356951920784,239612612.0,0.3918720983580427,0.0,248297089.0,0.4060750411694677,88968158.0,159328931.0,0.2605729389574611,11.941667,11.941667,13338000,13338000,https://www.nseindia.com/companies-listing/corporate-filings-annual-reports,https://www.nseindia.com/companies-listing/corporate-filings-annual-reports,1620590842,16:07:22,20210509
5,2015-03-31,CUPID.NS,INR,2015-03-31,2015-03-31,FY,444405128,245620181,198784947,0.44730570030686057,0.0,38890223,0.0,0.0,85129883.0,330750064,1248635.0,18321133,131976197,0.2969727140502303,113655064.0,0.2557465178484619,0.0,114364558.0,0.2573430205782864,37283385.0,77081173.0,0.17344798280545493,5.775,5.775,13338000,13338000,https://www.nseindia.com/companies-listing/corporate-filings-annual-reports,https://www.nseindia.com/companies-listing/corporate-filings-annual-reports,1620590842,16:07:22,20210509
6,2014-03-31,CUPID.NS,INR,2014-03-31,2014-03-31,FY,195338683,130465701,64872982,0.33210514683361514,0.0,19240465,0.0,0.0,58820321.0,189286022,0.0,15064376,21117037,0.10810473724756299,6052661.0,0.03098547050202033,0.0,1079210.0,0.005524814560155502,559784.0,519426.0,0.0026591046485144984,0.041667,0.041667,13338000,13338000,https://www.nseindia.com/companies-listing/corporate-filings-annual-reports,https://www.nseindia.com/companies-listing/corporate-filings-annual-reports,1620590842,16:07:22,20210509
7,2013-03-31,CUPID.NS,INR,2013-03-31,2013-03-31,FY,283988877,209941382,74047495,0.26074082824025535,0.0,20129414,0.0,0.0,58030065.0,267971447,0.0,14189982,30207412,0.10636829272718311,16017430.0,0.05640161040532584,0.0,13707847.0,0.04826895737891875,5128354.0,8579493.0,0.030210665609977393,0.641667,0.641667,13338000,13338000,https://www.nseindia.com/companies-listing/corporate-filings-annual-reports,https://www.nseindia.com/companies-listing/corporate-filings-annual-reports,1620590842,16:07:22,20210509
8,2012-03-31,CUPID.NS,INR,2012-03-31,2012-03-31,FY,259775940,199327771,60448169,0.2326934857785521,0.0,14173060,0.0,0.0,46022860.0,245350631,0.0,13726919,28152228,0.1083711909578693,14425309.0,0.05552981157531371,0.0,7198462.0,0.027710272167622604,1334379.0,5864083.0,0.022573618634581787,0.5,0.441667,11652000,13338000,https://www.nseindia.com/companies-listing/corporate-filings-annual-reports,https://www.nseindia.com/companies-listing/corporate-filings-annual-reports,1620590842,16:07:22,20210509
