,date,symbol,reportedCurrency,fillingDate,acceptedDate,period,revenue,costOfRevenue,grossProfit,grossProfitRatio,researchAndDevelopmentExpenses,generalAndAdministrativeExpenses,sellingAndMarketingExpenses,otherExpenses,operatingExpenses,costAndExpenses,interestExpense,depreciationAndAmortization,ebitda,ebitdaratio,operatingIncome,operatingIncomeRatio,totalOtherIncomeExpensesNet,incomeBeforeTax,incomeBeforeTaxRatio,incomeTaxExpense,netIncome,netIncomeRatio,eps,epsdiluted,weightedAverageShsOut,weightedAverageShsOutDil,link,finalLink,timestamp,est_time,est_date
0,2020-12-31,MOBN.SW,CHF,2020-12-31,2020-12-31,FY,258345000,108835000,149510000,0.5787222512531692,0.0,2312000.0,0.0,6181000.0,0.0,154626000,27903000,4224000.0,107943000,0.41782500145154733,103719000,0.4014747721070661,0.0,118172000,0.4574193423522809,21560000.0,96612000,0.37396504673982467,14.642920799822488,14.642920799822488,6597864.0,6597864.0,https://www.six-group.com/en/products-services/the-swiss-stock-exchange.html,https://www.six-group.com/en/products-services/the-swiss-stock-exchange.html,1620595200,17:20:00,20210509
1,2019-12-31,MOBN.SW,CHF,2019-12-31,2019-12-31,FY,186687000,69939000,116748000,0.6253675938870944,0.0,2801000.0,0.0,5900000.0,46538000.0,116477000,29464000,3637000.0,73847000,0.39556584014955515,70210000,0.3760840337034716,0.0,108216000,0.579665429301451,5131000.0,103161000,0.5525880216619261,15.64,15.64,6597864.0,6597864.0,https://www.six-group.com/en/products-services/the-swiss-stock-exchange.html,https://www.six-group.com/en/products-services/the-swiss-stock-exchange.html,1620595200,17:20:00,20210509
2,2018-12-31,MOBN.SW,CHF,2018-12-31,2018-12-31,FY,176286000,69469000,106817000,0.605930136255857,0.0,3430000.0,0.0,4208000.0,48386000.0,117855000,30156000,3776000.0,62207000,0.35287544104466606,58431000,0.3314557026649876,0.0,109692000,0.6222388618494946,19400000.0,90623000,0.514068048512077,14.26,14.26,6353960.0,6353960.0,https://www.six-group.com/en/products-services/the-swiss-stock-exchange.html,https://www.six-group.com/en/products-services/the-swiss-stock-exchange.html,1620595200,17:20:00,20210509
3,2017-12-31,MOBN.SW,CHF,2017-12-31,2017-12-31,FY,310664000,184944000,125720000,0.4046815852496588,0.0,2963000.0,0.0,3702000.0,41876000.0,226820000,31190000,2691000.0,86535000,0.27854852831354776,83844000,0.26988643679344887,0.0,115927000,0.37315878247881956,24436000.0,91650000,0.2950132619164113,14.74,14.74,6217383.0,6217383.0,https://www.six-group.com/en/products-services/the-swiss-stock-exchange.html,https://www.six-group.com/en/products-services/the-swiss-stock-exchange.html,1620595200,17:20:00,20210509
4,2016-12-31,MOBN.SW,CHF,2016-12-31,2016-12-31,FY,266446000,140942000,125504000,0.47102977714058386,0.0,2991000.0,0.0,3161000.0,41839000.0,182781000,31579000,2557000.0,86222000,0.3236002792310637,83665000,0.3140035879690444,0.0,174548000,0.6550970928443287,15130000.0,158656000,0.5954527371399834,25.52,25.52,6215739.0,6215739.0,https://www.six-group.com/en/products-services/the-swiss-stock-exchange.html,https://www.six-group.com/en/products-services/the-swiss-stock-exchange.html,1620595200,17:20:00,20210509
5,2015-12-31,MOBN.SW,CHF,2015-12-31,2015-12-31,FY,194045000,88208000,105837000,0.5454250302764823,0.0,2396000.0,0.0,1212000.0,35116000.0,123324000,29904000,2140000.0,72861000,0.3754850678966219,70721000,0.3644566981885645,0.0,139076000,0.7167203483728001,34095000.0,103937000,0.5356334870777397,16.72013112667562,16.719439893857288,6216279.0,6216536.0,https://www.six-group.com/en/products-services/the-swiss-stock-exchange.html,https://www.six-group.com/en/products-services/the-swiss-stock-exchange.html,1620595200,17:20:00,20210509
6,2014-12-31,MOBN.SW,CHF,2014-12-31,2014-12-31,FY,262516000,142159000,120357000,0.4584749120053635,0.0,2240000.0,0.0,744000.0,32217000.0,174376000,29202000,1922000.0,90062000,0.34307242225235796,88140000,0.3357509637507809,0.0,67996000,0.2590165932743147,4755000.0,62151000,0.23675128373127732,10.0,9.82,6213991.0,6591030.0,https://www.six-group.com/en/products-services/the-swiss-stock-exchange.html,https://www.six-group.com/en/products-services/the-swiss-stock-exchange.html,1620595200,17:20:00,20210509
7,2013-12-31,MOBN.SW,CHF,2013-12-31,2013-12-31,FY,309647000,192196000,117451000,0.37930611309006707,0.0,2683000.0,0.0,602000.0,31025000.0,223221000,26359000,1551000.0,87977000,0.28412030473410044,86426000,0.2791113752111275,0.0,98278000,0.3173872183486357,16673000.0,81580000,0.2634612962502462,13.14,12.34,6208848.0,7023866.0,https://www.six-group.com/en/products-services/the-swiss-stock-exchange.html,https://www.six-group.com/en/products-services/the-swiss-stock-exchange.html,1620595200,17:20:00,20210509
8,2012-12-31,MOBN.SW,CHF,2012-12-31,2012-12-31,FY,244719000,137098000,107621000,0.4397737813573936,0.0,2563000.0,0.0,776000.0,27786000.0,164884000,27029000,1320000.0,81155000,0.3316252518194337,79835000,0.32623131019659285,0.0,93653000,0.38269607182114995,17613000.0,76323000,0.31188015642430705,12.33,11.58,6191784.0,7021251.0,https://www.six-group.com/en/products-services/the-swiss-stock-exchange.html,https://www.six-group.com/en/products-services/the-swiss-stock-exchange.html,1620595200,17:20:00,20210509
9,2011-12-31,MOBN.SW,CHF,2011-12-31,2011-12-31,FY,221816000,117696000,104120000,0.46939805965304576,0.0,2683000.0,0.0,0.0,-16950000.0,100746000,32472000,1356000.0,122426000,0.5519259205828254,121070000,0.5458127456991381,0.0,92367000,0.4164127024200238,11913000.0,80454000,0.36270602661665524,15.46,14.0,5202626.0,6054477.0,https://www.six-group.com/en/products-services/the-swiss-stock-exchange.html,https://www.six-group.com/en/products-services/the-swiss-stock-exchange.html,1620595200,17:20:00,20210509
10,2010-12-31,MOBN.SW,CHF,2010-12-31,2010-12-31,FY,170013000,82416000,87597000,0.5152370701064036,0.0,2940000.0,0.0,0.0,-14553000.0,67863000,27397000,1372000.0,103522000,0.608906377747584,102150000,0.6008364066277284,0.0,77949000,0.4584884685288772,11942000.0,66007000,0.3882467811285019,12.862633,12.071695,5132367.0,5626593.0,https://www.six-group.com/en/products-services/the-swiss-stock-exchange.html,https://www.six-group.com/en/products-services/the-swiss-stock-exchange.html,1620595200,17:20:00,20210509
11,2009-12-31,MOBN.SW,CHF,2009-12-31,2009-12-31,FY,254058000,165695000,88363000,0.34780640641113447,0.0,1743000.0,0.0,0.0,16552000.0,182247000,20822000,1110000.0,72921000,0.28702501003707814,71811000,0.28265592896110336,0.0,78567000,0.3092482818883877,16008000.0,62549000,0.24619968668571743,13.930399,13.693118,4490530.0,4569073.0,https://www.six-group.com/en/products-services/the-swiss-stock-exchange.html,https://www.six-group.com/en/products-services/the-swiss-stock-exchange.html,1620595200,17:20:00,20210509
12,2008-12-31,MOBN.SW,CHF,2008-12-31,2008-12-31,FY,186114000,104130000,81984000,0.4405042070988749,0.0,1289000.0,0.0,0.0,13395000.0,117525000,20987000,914000.0,69503000,0.3734431584942562,68589000,0.36853218994809633,0.0,59151000,0.31782133531061607,12695000.0,46456000,0.2496104538078812,10.578799,10.400838,4391830.0,4468123.0,https://www.six-group.com/en/products-services/the-swiss-stock-exchange.html,https://www.six-group.com/en/products-services/the-swiss-stock-exchange.html,1620595200,17:20:00,20210509
13,2007-12-31,MOBN.SW,CHF,2007-12-31,2007-12-31,FY,172434000,97888000,74546000,0.4323161325492652,0.0,1876000.0,0.0,0.0,16121000.0,114009000,16320000,793000.0,59218000,0.3434241506895392,58425000,0.33882528967604997,0.0,65686000,0.3809341545170906,13780000.0,51906000,0.301019520512196,12.734105,12.496824,4074741.0,4153488.0,https://www.six-group.com/en/products-services/the-swiss-stock-exchange.html,https://www.six-group.com/en/products-services/the-swiss-stock-exchange.html,1620595200,17:20:00,20210509
14,2006-12-31,MOBN.SW,CHF,2006-12-31,2006-12-31,FY,141779000,82519000,59260000,0.41797445319828747,0.0,1799000.0,0.0,0.0,14510000.0,97029000,15369000,299000.0,45049000,0.3177409912610471,44750000,0.31563207527207837,0.0,52140000,0.3677554503840484,11156000.0,40984000,0.28906960833409745,12.90218,12.615465,3177134.0,3249901.0,https://www.six-group.com/en/products-services/the-swiss-stock-exchange.html,https://www.six-group.com/en/products-services/the-swiss-stock-exchange.html,1620595200,17:20:00,20210509
15,2005-12-31,MOBN.SW,CHF,2005-12-31,2005-12-31,FY,155548000,94352000,61196000,0.3934219662097873,0.0,1466000.0,0.0,0.0,14576000.0,108928000,14413000,207000.0,46827000,0.30104533648777226,46620000,0.29971455756422455,0.0,47477000,0.30522411088538587,11408000.0,36069000,0.23188340576542288,15.443069,15.0476,2335298.0,2397125.0,https://www.six-group.com/en/products-services/the-swiss-stock-exchange.html,https://www.six-group.com/en/products-services/the-swiss-stock-exchange.html,1620595200,17:20:00,20210509
