,date,symbol,reportedCurrency,fillingDate,acceptedDate,period,revenue,costOfRevenue,grossProfit,grossProfitRatio,researchAndDevelopmentExpenses,generalAndAdministrativeExpenses,sellingAndMarketingExpenses,otherExpenses,operatingExpenses,costAndExpenses,interestExpense,depreciationAndAmortization,ebitda,ebitdaratio,operatingIncome,operatingIncomeRatio,totalOtherIncomeExpensesNet,incomeBeforeTax,incomeBeforeTaxRatio,incomeTaxExpense,netIncome,netIncomeRatio,eps,epsdiluted,weightedAverageShsOut,weightedAverageShsOutDil,link,finalLink,timestamp,est_time,est_date
0,2020-12-31,TFII.TO,USD,2020-12-31,2020-12-31,FY,3781134000,3239249000,541885000.0,0.14331282625794273,0.0,0.0,0.0,0.0,0.0,3389821000,47410000.0,299229000.0,690542000.0,0.1826282802989791,391313000.0,0.10349091039883802,26755000.0,362657000.0,0.09591223162151884,86982000.0,275675000.0,0.07290802177336217,3.3058462723622797,3.3058462723622797,83390145,83390145,https://www.sedar.com/ModifyCompanyDocumentSearchForm.do?lang=EN&company_search=TFI INTERNATIONAL INC&document_selection=0&industry_group=A&FromDate=13&FromMonth=05&FromYear=2000&ToDate=13&ToMonth=11&ToYear=2020&Variable=Issuer,https://www.sedar.com/ModifyCompanyDocumentSearchForm.do?lang=EN&company_search=TFI INTERNATIONAL INC&document_selection=0&industry_group=A&FromDate=13&FromMonth=05&FromYear=2000&ToDate=13&ToMonth=11&ToYear=2020&Variable=Issuer,1620598734,18:18:54,20210509
1,2019-12-31,TFII.TO,CAD,2019-12-31,2019-12-31,FY,5178864000,4522291000,656573000.0,0.12677934774884994,0.0,0.0,0.0,-3241000.0,207057000.0,4729348000,76841000.0,392292000.0,841808000.0,0.16254684425001312,449516000.0,0.08679818585697559,58333000.0,425979000.0,0.08225336676151372,101503000.0,310283000.0,0.05991333234469953,3.72,3.63,83390145,85364183,https://www.sedar.com/ModifyCompanyDocumentSearchForm.do?lang=EN&company_search=TFI INTERNATIONAL INC&document_selection=0&industry_group=A&FromDate=13&FromMonth=05&FromYear=2000&ToDate=13&ToMonth=11&ToYear=2020&Variable=Issuer,https://www.sedar.com/ModifyCompanyDocumentSearchForm.do?lang=EN&company_search=TFI INTERNATIONAL INC&document_selection=0&industry_group=A&FromDate=13&FromMonth=05&FromYear=2000&ToDate=13&ToMonth=11&ToYear=2020&Variable=Issuer,1620598734,18:18:54,20210509
2,2018-12-31,TFII.TO,CAD,2018-12-31,2018-12-31,FY,5123208000,4428564000,694644000.0,0.13558770208041523,0.0,0.0,0.0,0.0,279857000.0,4708421000,54609000.0,260593000.0,675380000.0,0.131827558045662,414787000.0,0.08096235796009063,27653000.0,382218000.0,0.07460520829917505,90224000.0,291994000.0,0.05699436759155591,3.32,3.22,87965628,90803989,https://www.sedar.com/ModifyCompanyDocumentSearchForm.do?lang=EN&company_search=TFI INTERNATIONAL INC&document_selection=0&industry_group=A&FromDate=13&FromMonth=05&FromYear=2000&ToDate=13&ToMonth=11&ToYear=2020&Variable=Issuer,https://www.sedar.com/ModifyCompanyDocumentSearchForm.do?lang=EN&company_search=TFI INTERNATIONAL INC&document_selection=0&industry_group=A&FromDate=13&FromMonth=05&FromYear=2000&ToDate=13&ToMonth=11&ToYear=2020&Variable=Issuer,1620598734,18:18:54,20210509
3,2017-12-31,TFII.TO,CAD,2017-12-31,2017-12-31,FY,4741019000,4231462000,509557000.0,0.10747837121091479,0.0,0.0,0.0,0.0,411580000.0,4643042000,56758000.0,142981000.0,240958000.0,0.0508240949888621,97977000.0,0.020665810451297496,79565000.0,117346000.0,0.024751219094460496,-40642000.0,157988000.0,0.03332363780866519,1.75,1.7,90493739,92777883,https://www.sedar.com/ModifyCompanyDocumentSearchForm.do?lang=EN&company_search=TFI INTERNATIONAL INC&document_selection=0&industry_group=A&FromDate=13&FromMonth=05&FromYear=2000&ToDate=13&ToMonth=11&ToYear=2020&Variable=Issuer,https://www.sedar.com/ModifyCompanyDocumentSearchForm.do?lang=EN&company_search=TFI INTERNATIONAL INC&document_selection=0&industry_group=A&FromDate=13&FromMonth=05&FromYear=2000&ToDate=13&ToMonth=11&ToYear=2020&Variable=Issuer,1620598734,18:18:54,20210509
4,2016-12-31,TFII.TO,CAD,2016-12-31,2016-12-31,FY,4025208000,3543711000,481497000.0,0.11962040222517693,0.0,0.0,0.0,0.0,243713000.0,3787424000,41201000.0,193086000.0,430870000.0,0.10704291554622768,237784000.0,0.05907371743273888,14545000.0,203331000.0,0.050514408199526586,46272000.0,639579000.0,0.15889340376944497,6.83,6.7,93708666,95520493,https://www.sedar.com/ModifyCompanyDocumentSearchForm.do?lang=EN&company_search=TFI INTERNATIONAL INC&document_selection=0&industry_group=A&FromDate=13&FromMonth=05&FromYear=2000&ToDate=13&ToMonth=11&ToYear=2020&Variable=Issuer,https://www.sedar.com/ModifyCompanyDocumentSearchForm.do?lang=EN&company_search=TFI INTERNATIONAL INC&document_selection=0&industry_group=A&FromDate=13&FromMonth=05&FromYear=2000&ToDate=13&ToMonth=11&ToYear=2020&Variable=Issuer,1620598734,18:18:54,20210509
5,2015-12-31,TFII.TO,CAD,2015-12-31,2015-12-31,FY,4029889000,3540655000,489234000.0,0.1214013586974728,0.0,0.0,0.0,0.0,240234000.0,3780889000,60036000.0,176226000.0,425226000.0,0.10551804280465293,249000000.0,0.06178830235770762,16467000.0,200756000.0,0.04981675673945362,55024000.0,163437000.0,0.04055620390536811,1.63,1.6,100206062,101993889,https://www.sedar.com/ModifyCompanyDocumentSearchForm.do?lang=EN&company_search=TFI INTERNATIONAL INC&document_selection=0&industry_group=A&FromDate=13&FromMonth=05&FromYear=2000&ToDate=13&ToMonth=11&ToYear=2020&Variable=Issuer,https://www.sedar.com/ModifyCompanyDocumentSearchForm.do?lang=EN&company_search=TFI INTERNATIONAL INC&document_selection=0&industry_group=A&FromDate=13&FromMonth=05&FromYear=2000&ToDate=13&ToMonth=11&ToYear=2020&Variable=Issuer,1620598734,18:18:54,20210509
6,2014-12-31,TFII.TO,CAD,2014-12-31,2014-12-31,FY,3714669000,3230215000,484454000.0,0.13041646510092825,0.0,0.0,0.0,0.0,230697000.0,3460912000,45413000.0,152874000.0,406631000.0,0.10946628084494205,253757000.0,0.06831214302001067,-7691000.0,181663000.0,0.04890422269117383,53745000.0,127918000.0,0.03443590801764572,1.29,1.26,99437384,101365898,https://www.sedar.com/ModifyCompanyDocumentSearchForm.do?lang=EN&company_search=TFI INTERNATIONAL INC&document_selection=0&industry_group=A&FromDate=13&FromMonth=05&FromYear=2000&ToDate=13&ToMonth=11&ToYear=2020&Variable=Issuer,https://www.sedar.com/ModifyCompanyDocumentSearchForm.do?lang=EN&company_search=TFI INTERNATIONAL INC&document_selection=0&industry_group=A&FromDate=13&FromMonth=05&FromYear=2000&ToDate=13&ToMonth=11&ToYear=2020&Variable=Issuer,1620598734,18:18:54,20210509
7,2013-12-31,TFII.TO,CAD,2013-12-31,2013-12-31,FY,3109646000,2720192000,389454000.0,0.12524062224446128,0.0,0.0,0.0,0.0,196316000.0,2916508000,41856000.0,135896000.0,329034000.0,0.105810757880479,193138000.0,0.062109320482138484,-71067000.0,71879000.0,0.02311484972887589,9522000.0,62357000.0,0.020052764848474715,0.67,0.66,92589293,94209498,https://www.sedar.com/ModifyCompanyDocumentSearchForm.do?lang=EN&company_search=TFI INTERNATIONAL INC&document_selection=0&industry_group=A&FromDate=13&FromMonth=05&FromYear=2000&ToDate=13&ToMonth=11&ToYear=2020&Variable=Issuer,https://www.sedar.com/ModifyCompanyDocumentSearchForm.do?lang=EN&company_search=TFI INTERNATIONAL INC&document_selection=0&industry_group=A&FromDate=13&FromMonth=05&FromYear=2000&ToDate=13&ToMonth=11&ToYear=2020&Variable=Issuer,1620598734,18:18:54,20210509
8,2012-12-31,TFII.TO,CAD,2012-12-31,2012-12-31,FY,3140256000,2712129000,428127000.0,0.13633506312861118,0.0,0.0,0.0,0.0,189783000.0,2901912000,46951000.0,147631000.0,385975000.0,0.12291195367511439,238344000.0,0.07589954449573538,24841000.0,208771000.0,0.06648215941630237,54595000.0,154176000.0,0.04909663415976277,1.63,1.55,94756603,107545716,https://www.sedar.com/ModifyCompanyDocumentSearchForm.do?lang=EN&company_search=TFI INTERNATIONAL INC&document_selection=0&industry_group=A&FromDate=13&FromMonth=05&FromYear=2000&ToDate=13&ToMonth=11&ToYear=2020&Variable=Issuer,https://www.sedar.com/ModifyCompanyDocumentSearchForm.do?lang=EN&company_search=TFI INTERNATIONAL INC&document_selection=0&industry_group=A&FromDate=13&FromMonth=05&FromYear=2000&ToDate=13&ToMonth=11&ToYear=2020&Variable=Issuer,1620598734,18:18:54,20210509
9,2011-12-31,TFII.TO,CAD,2011-12-31,2011-12-31,FY,2690532000,2209746000,480786000.0,0.1786955144930445,0.0,0.0,0.0,0.0,294436000.0,2504182000,53739000.0,132593000.0,318943000.0,0.11854272686591351,186350000.0,0.06926139514415737,0.0,136079000.0,0.05057698626145313,33859000.0,102220000.0,0.03799248624435613,1.07,1.06,95419861,105224670,https://www.sedar.com/ModifyCompanyDocumentSearchForm.do?lang=EN&company_search=TFI INTERNATIONAL INC&document_selection=0&industry_group=A&FromDate=13&FromMonth=05&FromYear=2000&ToDate=13&ToMonth=11&ToYear=2020&Variable=Issuer,https://www.sedar.com/ModifyCompanyDocumentSearchForm.do?lang=EN&company_search=TFI INTERNATIONAL INC&document_selection=0&industry_group=A&FromDate=13&FromMonth=05&FromYear=2000&ToDate=13&ToMonth=11&ToYear=2020&Variable=Issuer,1620598734,18:18:54,20210509
10,2010-12-31,TFII.TO,CAD,2010-12-31,2010-12-31,FY,2002118000,1409671000,592447000.0,0.29591013117108983,0.0,0.0,0.0,33859000.0,458926000.0,1868597000,37630000.0,126659000.0,260180000.0,0.12995238042912555,133521000.0,0.06668987542192818,42074000.0,137965000.0,0.0689095248132228,33373000.0,104592000.0,0.05224067712292682,1.1,1.09,95276515,95874510,https://www.sedar.com/ModifyCompanyDocumentSearchForm.do?lang=EN&company_search=TFI INTERNATIONAL INC&document_selection=0&industry_group=A&FromDate=13&FromMonth=05&FromYear=2000&ToDate=13&ToMonth=11&ToYear=2020&Variable=Issuer,https://www.sedar.com/ModifyCompanyDocumentSearchForm.do?lang=EN&company_search=TFI INTERNATIONAL INC&document_selection=0&industry_group=A&FromDate=13&FromMonth=05&FromYear=2000&ToDate=13&ToMonth=11&ToYear=2020&Variable=Issuer,1620598734,18:18:54,20210509
11,2009-12-31,TFII.TO,CAD,2009-12-31,2009-12-31,FY,1846526000,1308830000,537696000.0,0.29119330028388446,0.0,297155954.541114,0.0,5546000.0,433754000.0,1742584000,34996000.0,122602000.0,226544000.0,0.12268660175919538,103942000.0,0.05629056942604653,-36606000.0,32340000.0,0.017513969475653198,21411000.0,10929000.0,0.005918681892375196,0.12,0.12,90036501,90036501,https://www.sedar.com/ModifyCompanyDocumentSearchForm.do?lang=EN&company_search=TFI INTERNATIONAL INC&document_selection=0&industry_group=A&FromDate=13&FromMonth=05&FromYear=2000&ToDate=13&ToMonth=11&ToYear=2020&Variable=Issuer,https://www.sedar.com/ModifyCompanyDocumentSearchForm.do?lang=EN&company_search=TFI INTERNATIONAL INC&document_selection=0&industry_group=A&FromDate=13&FromMonth=05&FromYear=2000&ToDate=13&ToMonth=11&ToYear=2020&Variable=Issuer,1620598734,18:18:54,20210509
12,2008-12-31,TFII.TO,CAD,2008-12-31,2008-12-31,FY,2261929000,1629234000,632695000.0,0.2797147921088593,0.0,289837304.847987,0.0,-13840000.0,475738000.0,2104972000,46597000.0,123006000.0,279963000.0,0.12377178947703486,156957000.0,0.06939077221256723,-11183000.0,99177000.0,0.04384620383752098,19499000.0,79678000.0,0.03522568568686285,0.92,0.92,86467788,86467788,https://www.sedar.com/ModifyCompanyDocumentSearchForm.do?lang=EN&company_search=TFI INTERNATIONAL INC&document_selection=0&industry_group=A&FromDate=13&FromMonth=05&FromYear=2000&ToDate=13&ToMonth=11&ToYear=2020&Variable=Issuer,https://www.sedar.com/ModifyCompanyDocumentSearchForm.do?lang=EN&company_search=TFI INTERNATIONAL INC&document_selection=0&industry_group=A&FromDate=13&FromMonth=05&FromYear=2000&ToDate=13&ToMonth=11&ToYear=2020&Variable=Issuer,1620598734,18:18:54,20210509
13,2007-12-31,TFII.TO,CAD,2007-12-31,2007-12-31,FY,1940149000,1388508000,551641000.0,0.28432919327330014,0.0,0.0,0.0,0.0,1860812000.0,3249320000,0.0,107668000.0,-1201503000.0,-0.6192838797432568,-1309171000.0,-0.6747785865930915,5293000.0,48385000.0,0.024938806246324382,3575000.0,44810000.0,0.023096164263672534,0.52,0.52,85853200,85853200,https://www.sedar.com/ModifyCompanyDocumentSearchForm.do?lang=EN&company_search=TFI INTERNATIONAL INC&document_selection=0&industry_group=A&FromDate=13&FromMonth=05&FromYear=2000&ToDate=13&ToMonth=11&ToYear=2020&Variable=Issuer,https://www.sedar.com/ModifyCompanyDocumentSearchForm.do?lang=EN&company_search=TFI INTERNATIONAL INC&document_selection=0&industry_group=A&FromDate=13&FromMonth=05&FromYear=2000&ToDate=13&ToMonth=11&ToYear=2020&Variable=Issuer,1620598734,18:18:54,20210509
14,2006-12-31,TFII.TO,CAD,2006-12-31,2006-12-31,FY,1794847000,1277084000,517763000.0,0.2884719421766869,0.0,0.0,0.0,0.0,1643282000.0,2920366000,0.0,90104000.0,-1035415000.0,-0.5768820406419043,-1125519000.0,-0.6270835341396788,5186000.0,133088000.0,0.07415005290144508,1394000.0,151011000.0,0.0841358622768403,1.78,1.78,84726039,84726039,https://www.sedar.com/ModifyCompanyDocumentSearchForm.do?lang=EN&company_search=TFI INTERNATIONAL INC&document_selection=0&industry_group=A&FromDate=13&FromMonth=05&FromYear=2000&ToDate=13&ToMonth=11&ToYear=2020&Variable=Issuer,https://www.sedar.com/ModifyCompanyDocumentSearchForm.do?lang=EN&company_search=TFI INTERNATIONAL INC&document_selection=0&industry_group=A&FromDate=13&FromMonth=05&FromYear=2000&ToDate=13&ToMonth=11&ToYear=2020&Variable=Issuer,1620598734,18:18:54,20210509
15,2005-12-31,TFII.TO,CAD,2005-12-31,2005-12-31,FY,1516108000,1127408000,388700000.0,0.25638015233743244,0.0,217000172.205958,0.0,-4582000.0,252024000.0,1379432000,15333000.0,68521000.0,205197000.0,0.13534457967374355,136676000.0,0.09014925058109317,39298000.0,160641000.0,0.10595617198774758,10399000.0,150242000.0,0.09909716194360824,2.06,2.0,71505340,75260039,https://www.sedar.com/ModifyCompanyDocumentSearchForm.do?lang=EN&company_search=TFI INTERNATIONAL INC&document_selection=0&industry_group=A&FromDate=13&FromMonth=05&FromYear=2000&ToDate=13&ToMonth=11&ToYear=2020&Variable=Issuer,https://www.sedar.com/ModifyCompanyDocumentSearchForm.do?lang=EN&company_search=TFI INTERNATIONAL INC&document_selection=0&industry_group=A&FromDate=13&FromMonth=05&FromYear=2000&ToDate=13&ToMonth=11&ToYear=2020&Variable=Issuer,1620598734,18:18:54,20210509
16,2004-12-31,TFII.TO,CAD,2004-12-31,2004-12-31,FY,1120236000,806947000,313289000.0,0.2796633923566106,0.0,178890977.756335,0.0,-1636000.0,215052000.0,1021999000,10879000.0,44635000.0,142872000.0,0.12753741175966493,98237000.0,0.08769312894782885,-2708000.0,84650000.0,0.07556443463698721,6955000.0,77695000.0,0.06935592143084136,1.26,1.16,51064452,66818388,https://www.sedar.com/ModifyCompanyDocumentSearchForm.do?lang=EN&company_search=TFI INTERNATIONAL INC&document_selection=0&industry_group=A&FromDate=13&FromMonth=05&FromYear=2000&ToDate=13&ToMonth=11&ToYear=2020&Variable=Issuer,https://www.sedar.com/ModifyCompanyDocumentSearchForm.do?lang=EN&company_search=TFI INTERNATIONAL INC&document_selection=0&industry_group=A&FromDate=13&FromMonth=05&FromYear=2000&ToDate=13&ToMonth=11&ToYear=2020&Variable=Issuer,1620598734,18:18:54,20210509
17,2003-12-31,TFII.TO,CAD,2003-12-31,2003-12-31,FY,753674000,524960000,228714000.0,0.3034654240427559,0.0,0.0,0.0,2768000.0,697016000.0,1221976000,0.0,33554000.0,-434748000.0,-0.5768382616356674,-468302000.0,-0.6213588368445774,1384000.0,50525000.0,0.06703826853520223,4451000.0,46074000.0,0.06113253210273938,0.72,0.72,63948896,63948896,https://www.sedar.com/ModifyCompanyDocumentSearchForm.do?lang=EN&company_search=TFI INTERNATIONAL INC&document_selection=0&industry_group=A&FromDate=13&FromMonth=05&FromYear=2000&ToDate=13&ToMonth=11&ToYear=2020&Variable=Issuer,https://www.sedar.com/ModifyCompanyDocumentSearchForm.do?lang=EN&company_search=TFI INTERNATIONAL INC&document_selection=0&industry_group=A&FromDate=13&FromMonth=05&FromYear=2000&ToDate=13&ToMonth=11&ToYear=2020&Variable=Issuer,1620598734,18:18:54,20210509
18,2002-12-31,TFII.TO,CAD,2002-12-31,2002-12-31,FY,444684000,299828000,144856000.0,0.3257504205233379,0.0,0.0,0.0,0.0,83282000.0,383110000,0.0,20120000.0,81694000.0,0.1837124789738331,61574000.0,0.1384668663590325,0.0,35128000.0,0.07899542146782884,8538000.0,26590000.0,0.05979527034928174,0.48,0.47,55738865,56237211,https://www.sedar.com/ModifyCompanyDocumentSearchForm.do?lang=EN&company_search=TFI INTERNATIONAL INC&document_selection=0&industry_group=A&FromDate=13&FromMonth=05&FromYear=2000&ToDate=13&ToMonth=11&ToYear=2020&Variable=Issuer,https://www.sedar.com/ModifyCompanyDocumentSearchForm.do?lang=EN&company_search=TFI INTERNATIONAL INC&document_selection=0&industry_group=A&FromDate=13&FromMonth=05&FromYear=2000&ToDate=13&ToMonth=11&ToYear=2020&Variable=Issuer,1620598734,18:18:54,20210509
19,2002-04-30,TFII.TO,CAD,2002-04-30,2002-04-30,FY,445478000,294609000,150869000.0,0.3386676783140806,0.0,83581000.0,0.0,0.0,83581000.0,378190000,0.0,23994000.0,91282000.0,0.2049079864774467,67288000.0,0.1510467408042597,0.0,31114000.0,0.0698440775975469,12677000.0,17488000.0,0.03925670852432668,0.44,0.41,39875115,39875115,https://www.sedar.com/ModifyCompanyDocumentSearchForm.do?lang=EN&company_search=TFI INTERNATIONAL INC&document_selection=0&industry_group=A&FromDate=13&FromMonth=05&FromYear=2000&ToDate=13&ToMonth=11&ToYear=2020&Variable=Issuer,https://www.sedar.com/ModifyCompanyDocumentSearchForm.do?lang=EN&company_search=TFI INTERNATIONAL INC&document_selection=0&industry_group=A&FromDate=13&FromMonth=05&FromYear=2000&ToDate=13&ToMonth=11&ToYear=2020&Variable=Issuer,1620598734,18:18:54,20210509
20,2001-04-30,TFII.TO,CAD,2001-04-30,2001-04-30,FY,450013000,364956000,85057000.0,0.1890100952639146,0.0,19113000.0,0.0,0.0,49573000.0,414529000,0.0,30460000.0,65944000.0,0.14653798890254283,35484000.0,0.07885105541395471,0.0,20930000.0,0.04650976749560568,8554000.0,12376000.0,0.027501427736532056,0.33,0.31,37252000,37252000,https://www.sedar.com/ModifyCompanyDocumentSearchForm.do?lang=EN&company_search=TFI INTERNATIONAL INC&document_selection=0&industry_group=A&FromDate=13&FromMonth=05&FromYear=2000&ToDate=13&ToMonth=11&ToYear=2020&Variable=Issuer,https://www.sedar.com/ModifyCompanyDocumentSearchForm.do?lang=EN&company_search=TFI INTERNATIONAL INC&document_selection=0&industry_group=A&FromDate=13&FromMonth=05&FromYear=2000&ToDate=13&ToMonth=11&ToYear=2020&Variable=Issuer,1620598734,18:18:54,20210509
21,2000-04-30,TFII.TO,CAD,2000-04-30,2000-04-30,FY,278200000,224800000,53400000.0,0.19194823867721064,0.0,11000000.0,0.0,0.0,31400000.0,256200000,0.0,20400000.0,42400000.0,0.15240833932422718,22000000.0,0.07907979870596693,0.0,14800000.0,0.053199137311286844,4300000.0,10500000.0,0.037742631200575125,0.34,0.28,30882353,37500000,https://www.sedar.com/ModifyCompanyDocumentSearchForm.do?lang=EN&company_search=TFI INTERNATIONAL INC&document_selection=0&industry_group=A&FromDate=13&FromMonth=05&FromYear=2000&ToDate=13&ToMonth=11&ToYear=2020&Variable=Issuer,https://www.sedar.com/ModifyCompanyDocumentSearchForm.do?lang=EN&company_search=TFI INTERNATIONAL INC&document_selection=0&industry_group=A&FromDate=13&FromMonth=05&FromYear=2000&ToDate=13&ToMonth=11&ToYear=2020&Variable=Issuer,1620598734,18:18:54,20210509
22,1999-04-30,TFII.TO,CAD,1999-04-30,1999-04-30,FY,188500000,154500000,34000000.0,0.18037135278514588,0.0,7300000.0,0.0,0.0,21100000.0,175600000,0.0,13800000.0,26700000.0,0.14164456233421752,12900000.0,0.06843501326259947,0.0,7500000.0,0.03978779840848806,900000.0,6600000.0,0.0350132625994695,0.21,0.18,31428571,36666667,https://www.sedar.com/ModifyCompanyDocumentSearchForm.do?lang=EN&company_search=TFI INTERNATIONAL INC&document_selection=0&industry_group=A&FromDate=13&FromMonth=05&FromYear=2000&ToDate=13&ToMonth=11&ToYear=2020&Variable=Issuer,https://www.sedar.com/ModifyCompanyDocumentSearchForm.do?lang=EN&company_search=TFI INTERNATIONAL INC&document_selection=0&industry_group=A&FromDate=13&FromMonth=05&FromYear=2000&ToDate=13&ToMonth=11&ToYear=2020&Variable=Issuer,1620598734,18:18:54,20210509
23,1998-04-30,TFII.TO,CAD,1998-04-30,1998-04-30,FY,142000000,122800000,19200000.0,0.1352112676056338,0.0,5000000.0,0.0,0.0,13200000.0,136000000,0.0,8200000.0,14200000.0,0.1,6000000.0,0.04225352112676056,0.0,2200000.0,0.015492957746478873,200000.0,2000000.0,0.014084507042253521,0.09,0.08,22222222,25000000,https://www.sedar.com/ModifyCompanyDocumentSearchForm.do?lang=EN&company_search=TFI INTERNATIONAL INC&document_selection=0&industry_group=A&FromDate=13&FromMonth=05&FromYear=2000&ToDate=13&ToMonth=11&ToYear=2020&Variable=Issuer,https://www.sedar.com/ModifyCompanyDocumentSearchForm.do?lang=EN&company_search=TFI INTERNATIONAL INC&document_selection=0&industry_group=A&FromDate=13&FromMonth=05&FromYear=2000&ToDate=13&ToMonth=11&ToYear=2020&Variable=Issuer,1620598734,18:18:54,20210509
24,1997-04-30,TFII.TO,CAD,1997-04-30,1997-04-30,FY,116600000,108700000,7900000.0,0.06775300171526587,0.0,0.0,0.0,0.0,6800000.0,115500000,0.0,6800000.0,7900000.0,0.06775300171526587,1100000.0,0.009433962264150943,-1000000.0,0.0,0.0,0.0,-3300000.0,-0.02830188679245283,-0.25,-0.25,13200000,13200000,https://www.sedar.com/ModifyCompanyDocumentSearchForm.do?lang=EN&company_search=TFI INTERNATIONAL INC&document_selection=0&industry_group=A&FromDate=13&FromMonth=05&FromYear=2000&ToDate=13&ToMonth=11&ToYear=2020&Variable=Issuer,https://www.sedar.com/ModifyCompanyDocumentSearchForm.do?lang=EN&company_search=TFI INTERNATIONAL INC&document_selection=0&industry_group=A&FromDate=13&FromMonth=05&FromYear=2000&ToDate=13&ToMonth=11&ToYear=2020&Variable=Issuer,1620598734,18:18:54,20210509
