,date,symbol,reportedCurrency,fillingDate,acceptedDate,period,revenue,costOfRevenue,grossProfit,grossProfitRatio,researchAndDevelopmentExpenses,generalAndAdministrativeExpenses,sellingAndMarketingExpenses,otherExpenses,operatingExpenses,costAndExpenses,interestExpense,depreciationAndAmortization,ebitda,ebitdaratio,operatingIncome,operatingIncomeRatio,totalOtherIncomeExpensesNet,incomeBeforeTax,incomeBeforeTaxRatio,incomeTaxExpense,netIncome,netIncomeRatio,eps,epsdiluted,weightedAverageShsOut,weightedAverageShsOutDil,link,finalLink,timestamp,est_time,est_date
0,2020-12-31,CORT,USD,2021-02-23,2021-02-23 17:09:47,FY,353874000.0,5582000.0,348292000.0,0.9842260239520281,114764000.0,105326000.0,0.0,5582000.0,220090000.0,225672000.0,0.0,2237000.0,130439000.0,0.36860294907226865,128202000.0,0.3622814900218722,3400000.0,131602000.0,0.37188942957097726,25591000.0,106011000.0,0.2995727292765222,0.927082877856387,0.927082877856387,115412000.0,115412000.0,https://www.sec.gov/Archives/edgar/data/1088856/000162828021002861/0001628280-21-002861-index.htm,https://www.sec.gov/Archives/edgar/data/1088856/000162828021002861/cort-20201231.htm,1620590575,16:02:55,20210509
1,2019-12-31,CORT,USD,2020-02-24 00:00:00,2020-02-24 16:58:13,FY,306486000.0,5504000.0,300982000.0,0.9820415940695497,89017000.0,0.0,0.0,0.0,189376000.0,194880000.0,0.0,2171000.0,113777000.0,0.3712306598017528,111606000.0,0.36414713885789235,0.0,116676000.0,0.38068949315792566,22495000.0,94181000.0,0.30729299217582534,0.82,0.77,114349000.0,122566000.0,https://www.sec.gov/Archives/edgar/data/1088856/000162828020002122/0001628280-20-002122-index.html,https://www.sec.gov/Archives/edgar/data/1088856/000162828020002122/cort12311910-kdoc.htm,1620590575,16:02:55,20210509
2,2018-12-31,CORT,USD,2019-02-26 00:00:00,2019-02-25 18:19:26,FY,251247000.0,5215000.0,246032000.0,0.9792435332561185,75247000.0,0.0,0.0,0.0,156536000.0,161751000.0,0.0,236000.0,89732000.0,0.3571465529936676,89496000.0,0.35620723829538264,0.0,92153000.0,0.36678248894514165,16743000.0,75410000.0,0.30014288727825605,0.65,0.6,115343000.0,126688000.0,https://www.sec.gov/Archives/edgar/data/1088856/000162828019001879/0001628280-19-001879-index.html,https://www.sec.gov/Archives/edgar/data/1088856/000162828019001879/cort12311810-kdoc.htm,1620590575,16:02:55,20210509
3,2017-12-31,CORT,USD,2018-02-28 00:00:00,2018-02-28 17:05:48,FY,159201000.0,3554000.0,155647000.0,0.9776760196229923,40376000.0,0.0,0.0,0.0,102792000.0,106346000.0,49000.0,106000.0,52961000.0,0.3326675083699223,52855000.0,0.33200168340651126,0.0,52806000.0,0.33169389639512314,-76316000.0,129122000.0,0.8110627445807501,1.14,1.04,113527000.0,124515000.0,https://www.sec.gov/Archives/edgar/data/1088856/000156459018003840/0001564590-18-003840-index.html,https://www.sec.gov/Archives/edgar/data/1088856/000156459018003840/cort-10k_20171231.htm,1620590575,16:02:55,20210509
4,2016-12-31,CORT,USD,2017-03-06 00:00:00,2017-03-06 17:11:27,FY,81321000.0,2058000.0,79263000.0,0.9746928837569632,23844000.0,0.0,0.0,0.0,69084000.0,71142000.0,2039000.0,87000.0,10266000.0,0.12624045449514887,10179000.0,0.12517062013502048,0.0,8140000.0,0.10009714587867832,0.0,8140000.0,0.10009714587867832,0.0736211855362408,0.0700884285209964,110566000.0,116139000.0,https://www.sec.gov/Archives/edgar/data/1088856/000156459017003493/0001564590-17-003493-index.html,https://www.sec.gov/Archives/edgar/data/1088856/000156459017003493/cort-10k_20161231.htm,1620590575,16:02:55,20210509
5,2015-12-31,CORT,USD,2016-03-10 00:00:00,2016-03-10 16:08:17,FY,50286000.0,1361000.0,48925000.0,0.9729348128703814,15419000.0,0.0,0.0,0.0,52368000.0,53729000.0,2965000.0,155000.0,-3288000.0,-0.06538599212504474,-3443000.0,-0.06846836097522173,0.0,-6408000.0,-0.12743109414151055,0.0,-6408000.0,-0.12743109414151055,-0.06,-0.06,106883000.0,106883000.0,https://www.sec.gov/Archives/edgar/data/1088856/000108885616000011/0001088856-16-000011-index.html,https://www.sec.gov/Archives/edgar/data/1088856/000108885616000011/cort-20151231x10k.htm,1620590575,16:02:55,20210509
6,2014-12-31,CORT,USD,2015-03-13,2015-03-13 16:47:44,FY,26551000.0,882000.0,25669000.0,0.9667809122066966,18372000.0,0.0,0.0,0.0,53288000.0,54170000.0,3764000.0,141000.0,-27478000.0,-1.0349139392113291,-27619000.0,-1.0402244736544763,0.0,-31383000.0,-1.1819893789311138,0.0,-31383000.0,-1.1819893789311138,-0.31,-0.31,100978000.0,100978000.0,https://www.sec.gov/Archives/edgar/data/1088856/000156276215000080/cort-20141231x10k.htm,https://www.sec.gov/Archives/edgar/data/1088856/000156276215000080/cort-20141231x10k.htm,1620590575,16:02:55,20210509
7,2013-12-31,CORT,USD,2014-03-14,2014-03-14 17:18:39,FY,10357000.0,143000.0,10214000.0,0.9861929130056967,20470000.0,0.0,0.0,0.0,51710000.0,51853000.0,4515000.0,74000.0,-41422000.0,-3.9994206816645748,-41496000.0,-4.006565607801487,0.0,-46011000.0,-4.442502655209037,0.0,-46011000.0,-4.442502655209037,-0.46,-0.46,99819000.0,99819000.0,https://www.sec.gov/Archives/edgar/data/1088856/000119312514100313/0001193125-14-100313-index.htm,https://www.sec.gov/Archives/edgar/data/1088856/000119312514100313/d667165d10k.htm,1620590575,16:02:55,20210509
8,2012-12-31,CORT,USD,2013-03-15 00:00:00,2013-03-15 16:45:29,FY,3307000.0,91000.0,3216000.0,0.9724826126398548,14074000.0,0.0,0.0,0.0,39488000.0,39579000.0,1776000.0,27000.0,-36245000.0,-10.960084668884186,-36272000.0,-10.968249168430601,0.0,-38048000.0,-11.505291805261566,0.0,-38048000.0,-11.505291805261566,-0.41,-0.41,93015000.0,93015000.0,https://www.sec.gov/Archives/edgar/data/1088856/000119312513110085/0001193125-13-110085-index.html,https://www.sec.gov/Archives/edgar/data/1088856/000119312513110085/d440304d10k.htm,1620590575,16:02:55,20210509
9,2011-12-31,CORT,USD,2012-03-13 00:00:00,2012-03-13 17:13:59,FY,0.0,0.0,0.0,0.0,21001000.0,0.0,0.0,0.0,32332000.0,32332000.0,0.0,3000.0,-32329000.0,0.0,-32332000.0,0.0,-25000.0,0.0,0.0,0.0,-32354000.0,0.0,-0.39,-0.39,83309000.0,83309000.0,https://www.sec.gov/Archives/edgar/data/1088856/000119312512112317/0001193125-12-112317-index.html,https://www.sec.gov/Archives/edgar/data/1088856/000119312512112317/d252578d10k.htm,1620590575,16:02:55,20210509
10,2010-12-31,CORT,USD,2011-03-15,2011-03-15 17:24:43,FY,0.0,0.0,0.0,0.0,18949000.0,0.0,0.0,0.0,27437000.0,27437000.0,0.0,6000.0,-27431000.0,0.0,-27437000.0,0.0,-25000.0,0.0,0.0,0.0,-25966000.0,0.0,-0.38,-0.38,68336000.0,68336000.0,https://www.sec.gov/Archives/edgar/data/1088856/000119312511067361/0001193125-11-067361-index.htm,https://www.sec.gov/Archives/edgar/data/1088856/000119312511067361/d10k.htm,1620590575,16:02:55,20210509
11,2009-12-31,CORT,USD,2010-03-26 00:00:00,2010-03-26 17:00:45,FY,29000.0,0.0,29000.0,1.0,14402000.0,0.0,0.0,0.0,20279000.0,20279000.0,0.0,10000.0,-20240000.0,-697.9310344827586,-20250000.0,-698.2758620689655,-17000.0,0.0,0.0,0.0,-20166000.0,-695.3793103448276,-0.38,-0.38,52443000.0,52443000.0,https://www.sec.gov/Archives/edgar/data/1088856/000119312510068719/0001193125-10-068719-index.html,https://www.sec.gov/Archives/edgar/data/1088856/000119312510068719/d10k.htm,1620590575,16:02:55,20210509
12,2008-12-31,CORT,USD,2009-03-31 00:00:00,2009-03-31 16:19:00,FY,209000.0,0.0,209000.0,1.0,14152000.0,0.0,0.0,0.0,19898000.0,19898000.0,0.0,12000.0,-19677000.0,-94.14832535885168,-19689000.0,-94.20574162679426,-1316000.0,0.0,0.0,0.0,-20061000.0,-95.98564593301435,-0.43,-0.43,46721000.0,46721000.0,https://www.sec.gov/Archives/edgar/data/1088856/000119312509069400/0001193125-09-069400-index.html,https://www.sec.gov/Archives/edgar/data/1088856/000119312509069400/d10k.htm,1620590575,16:02:55,20210509
13,2007-12-31,CORT,USD,2008-03-31,2008-03-31 15:17:26,FY,482000.0,0.0,0.0,0.0,7860000.0,0.0,0.0,0.0,12727000.0,12727000.0,0.0,13000.0,-12232000.0,-25.37759336099585,-12245000.0,-25.404564315352697,-16000.0,0.0,0.0,0.0,-11573000.0,-24.010373443983404,-0.34,-0.34,34251000.0,34251000.0,https://www.sec.gov/Archives/edgar/data/1088856/000119312508070911/0001193125-08-070911-index.htm,https://www.sec.gov/Archives/edgar/data/1088856/000119312508070911/d10k.htm,1620590575,16:02:55,20210509
14,2006-12-31,CORT,USD,2007-04-02 00:00:00,2007-04-02 16:12:57,FY,294000.0,0.0,0.0,0.0,20834000.0,0.0,0.0,0.0,25876000.0,25876000.0,0.0,14000.0,-25568000.0,-86.96598639455782,-25582000.0,-87.01360544217687,-10000.0,0.0,0.0,0.0,-24873000.0,-84.60204081632654,-1.09,-1.09,22841000.0,22841000.0,https://www.sec.gov/Archives/edgar/data/1088856/000119312507072178/0001193125-07-072178-index.html,https://www.sec.gov/Archives/edgar/data/1088856/000119312507072178/d10k.htm,1620590575,16:02:55,20210509
15,2005-12-31,CORT,USD,2006-03-30,2006-03-30 16:24:53,FY,0.0,0.0,0.0,0.0,17074000.0,0.0,0.0,0.0,21158000.0,21158000.0,0.0,704000.0,-20454000.0,0.0,-21158000.0,0.0,-52000.0,0.0,0.0,0.0,-20093000.0,0.0,-0.89,-0.89,22608000.0,22608000.0,https://www.sec.gov/Archives/edgar/data/1088856/000119312506068655/0001193125-06-068655-index.htm,https://www.sec.gov/Archives/edgar/data/1088856/000119312506068655/d10k.htm,1620590575,16:02:55,20210509
16,2004-12-31,CORT,USD,2005-03-29 00:00:00,2005-03-29 17:19:08,FY,0.0,0.0,0.0,0.0,11550771.0,0.0,0.0,0.0,16044835.0,16044835.0,0.0,1609913.0,-14434922.0,0.0,-16044835.0,0.0,-67884.0,0.0,0.0,0.0,-15534481.0,0.0,-0.84,-0.84,18440390.0,18440390.0,https://www.sec.gov/Archives/edgar/data/1088856/000095013405006254/0000950134-05-006254-index.html,https://www.sec.gov/Archives/edgar/data/1088856/000095013405006254/f06815e10vk.htm,1620590575,16:02:55,20210509
17,2003-12-31,CORT,USD,2003-12-31,2003-12-31,FY,0.0,0.0,0.0,0.0,8107629.0,0.0,0.0,0.0,0.0,9994596.0,0.0,22551.0,-9972045.0,0.0,-9994596.0,0.0,0.0,0.0,0.0,0.0,-9812362.0,0.0,-1.13,-1.13,8650471.0,8650471.0,,,1620590575,16:02:55,20210509
18,2002-12-31,CORT,USD,2002-12-31,2002-12-31,FY,0.0,0.0,0.0,0.0,13264000.0,0.0,0.0,0.0,0.0,18795000.0,0.0,0.0,-18795000.0,0.0,-18795000.0,0.0,0.0,0.0,0.0,0.0,-18504000.0,0.0,-2.75,-2.75,6720000.0,6720000.0,,,1620590575,16:02:55,20210509
19,2001-12-31,CORT,USD,2001-12-31,2001-12-31,FY,0.0,0.0,0.0,0.0,5390000.0,0.0,0.0,0.0,0.0,8006000.0,0.0,0.0,-8006000.0,0.0,-8006000.0,0.0,0.0,0.0,0.0,0.0,-7454000.0,0.0,-1.39,-1.39,5376000.0,5376000.0,,,1620590575,16:02:55,20210509
