,date,symbol,reportedCurrency,fillingDate,acceptedDate,period,revenue,costOfRevenue,grossProfit,grossProfitRatio,researchAndDevelopmentExpenses,generalAndAdministrativeExpenses,sellingAndMarketingExpenses,otherExpenses,operatingExpenses,costAndExpenses,interestExpense,depreciationAndAmortization,ebitda,ebitdaratio,operatingIncome,operatingIncomeRatio,totalOtherIncomeExpensesNet,incomeBeforeTax,incomeBeforeTaxRatio,incomeTaxExpense,netIncome,netIncomeRatio,eps,epsdiluted,weightedAverageShsOut,weightedAverageShsOutDil,link,finalLink,timestamp,est_time,est_date
0,2020-06-30,MCY.AX,NZD,2020-06-30,2020-06-30,FY,1734000000,1038000000,696000000,0.4013840830449827,0.0,82000000,0.0,38000000,450000000,0.0,52000000,214000000,460000000,0.26528258362168394,246000000,0.14186851211072665,56000000,248000000,0.14302191464821223,41000000,207000000,0.11937716262975778,0.15210589051289702,0.15210589051289702,1360894041,1360894041,,,1620594854,17:14:14,20210509
1,2019-06-30,MCY.AX,NZD,2019-06-30,2019-06-30,FY,1957000000,1263000000,694000000,0.3546244251405212,0.0,86000000,0.0,246000000,436000000,0.0,74000000,204000000,462000000,0.23607562595809914,258000000,0.1318344404701073,247000000,430000000,0.21972406745017883,73000000,357000000,0.18242207460398568,0.2623,0.2623,1360894041,1360894041,,,1620594854,17:14:14,20210509
2,2018-06-30,MCY.AX,NZD,2018-06-30,2018-06-30,FY,1756000000,1003000000,753000000,0.4288154897494305,0.0,87000000,0.0,96000000,436000000,0.0,92000000,197000000,514000000,0.29271070615034167,317000000,0.18052391799544418,98000000,325000000,0.18507972665148065,91000000,234000000,0.13325740318906606,0.1702,0.1702,1374982137,1374982137,,,1620594854,17:14:14,20210509
3,2017-06-30,MCY.AX,NZD,2017-06-30,2017-06-30,FY,1552000000,836000000,716000000,0.46134020618556704,0.0,83000000,0.0,76000000,427000000,0.0,97000000,189000000,478000000,0.3079896907216495,289000000,0.18621134020618557,64000000,258000000,0.16623711340206185,74000000,184000000,0.11855670103092783,0.1337,0.1337,1376302303,1376302303,,,1620594854,17:14:14,20210509
4,2016-06-30,MCY.AX,NZD,2016-06-30,2016-06-30,FY,1512000000,831000000,681000000,0.4503968253968254,0.0,83000000,0.0,72000000,422000000,0.0,100000000,182000000,441000000,0.2916666666666667,259000000,0.1712962962962963,56000000,218000000,0.14417989417989419,58000000,160000000,0.10582010582010581,0.1163,0.1163,1376076400,1376076400,,,1620594854,17:14:14,20210509
5,2015-06-30,MCY.AX,NZD,2015-06-30,2015-06-30,FY,1627000000,955000000,672000000,0.4130301167793485,0.0,82000000,0.0,59000000,400000000,0.0,104000000,159000000,431000000,0.26490473263675474,272000000,0.16717885679164105,-68000000,94000000,0.057775046097111246,47000000,47000000,0.028887523048555623,0.0342,0.0342,1375892536,1375892536,,,1620594854,17:14:14,20210509
6,2014-06-30,MCY.AX,NZD,2014-06-30,2014-06-30,FY,1672000000,980000000,692000000,0.4138755980861244,0.0,80000000,18000000.0,65000000,382000000,0.0,87000000,161000000,471000000,0.28169856459330145,310000000,0.1854066985645933,69000000,295000000,0.17643540669856458,83000000,212000000,0.12679425837320574,0.146827,0.146827,1443520000,1443520000,,,1620594854,17:14:14,20210509
7,2013-06-30,MCY.AX,NZD,2013-06-30,2013-06-30,FY,1805579000,1127321000,678258000,0.3756457070003583,0.0,78468000,20198000.0,56606000,468578000,0.0,60590000,149824000,359504000,0.1991073223603066,209680000,0.1161289536486634,34444000,187172000,0.10366314628160828,72411000,114701000,0.06352588283315214,0.07875,0.07875,1455853360,1455853360,,,1620594854,17:14:14,20210509
