,date,symbol,reportedCurrency,fillingDate,acceptedDate,period,revenue,costOfRevenue,grossProfit,grossProfitRatio,researchAndDevelopmentExpenses,generalAndAdministrativeExpenses,sellingAndMarketingExpenses,otherExpenses,operatingExpenses,costAndExpenses,interestExpense,depreciationAndAmortization,ebitda,ebitdaratio,operatingIncome,operatingIncomeRatio,totalOtherIncomeExpensesNet,incomeBeforeTax,incomeBeforeTaxRatio,incomeTaxExpense,netIncome,netIncomeRatio,eps,epsdiluted,weightedAverageShsOut,weightedAverageShsOutDil,link,finalLink,timestamp,est_time,est_date
0,2016-03-23,VRTB,USD,2016-03-30 00:00:00,2016-03-30 17:21:22,FY,5216000000.0,0.0,5216000000.0,1.0,0.0,0.0,0.0,13724000000.0,13724000000.0,13724000000.0,0.0,0.0,-8508000000.0,-1.6311349693251533,-8508000000.0,-1.6311349693251533,-220000000.0,-18006000000.0,-3.4520705521472395,0.0,-18006000000.0,-3.4520705521472395,0.0,0.0,0.0,0.0,https://www.sec.gov/Archives/edgar/data/1327603/000132760316000032/0001327603-16-000032-index.html,https://www.sec.gov/Archives/edgar/data/1327603/000132760316000032/vrtb12311510k.htm,1620599635,18:33:55,20210509
1,2015-03-23,VRTB,USD,2015-03-31,2015-03-30 19:40:44,FY,4777000000.0,0.0,4777000000.0,1.0,0.0,0.0,0.0,9799000000.0,9799000000.0,9799000000.0,0.0,0.0,-5022000000.0,-1.0512874188821435,-5022000000.0,-1.0512874188821435,1840000000.0,-650000000.0,-0.13606866234038098,0.0,-650000000.0,-0.13606866234038098,0.0,0.0,0.0,0.0,https://www.sec.gov/Archives/edgar/data/1327603/000132760315000006/0001327603-15-000006-index.htm,https://www.sec.gov/Archives/edgar/data/1327603/000132760315000006/vrtb12311410k.htm,1620599635,18:33:55,20210509
2,2014-03-27,VRTB,USD,2014-03-31,2014-03-31 15:28:58,FY,205000000.0,0.0,205000000.0,1.0,0.0,0.0,0.0,9594000000.0,9594000000.0,9594000000.0,0.0,0.0,-7832000000.0,-38.204878048780486,-7832000000.0,-38.204878048780486,0.0,-5950000000.0,-29.024390243902438,0.0,-5950000000.0,-29.024390243902438,0.0,0.0,0.0,0.0,https://www.sec.gov/Archives/edgar/data/1327603/000132760314000009/0001327603-14-000009-index.htm,https://www.sec.gov/Archives/edgar/data/1327603/000132760314000009/vrtb10k123113.htm,1620599635,18:33:55,20210509
3,2012-12-31,VRTB,USD,2013-03-29 00:00:00,2013-03-28 20:50:41,FY,4584000000.0,0.0,4584000000.0,1.0,0.0,2936000.0,0.0,4368000.0,4200000.0,4368000.0,3000.0,0.0,216000.0,0.04712041884816754,216000.0,4.712041884816754e-05,786000.0,-13050000.0,-0.0028468586387434556,0.0,-11996000.0,-0.0026169284467713787,-1.0221308018980821,-0.9709878919525857,11736267.0,12354428.0,https://www.sec.gov/Archives/edgar/data/1327603/000132760313000008/0001327603-13-000008-index.html,https://www.sec.gov/Archives/edgar/data/1327603/000132760313000008/vrtb10k123112.htm,1620599635,18:33:55,20210509
4,2011-12-31,VRTB,USD,2012-03-16 00:00:00,2012-03-16 16:56:40,FY,2087000.0,0.0,2087000.0,1.0,0.0,3038000.0,0.0,4582000.0,4376000.0,4582000.0,206000.0,0.0,-2495000.0,-1.19549592717,-2495000.0,-1.195495927168184,89000000.0,-867000.0,-0.415428845232391,0.0,-867000.0,-0.415428845232391,-0.06673744273819648,-0.06918617664978507,12991208.0,12531405.0,https://www.sec.gov/Archives/edgar/data/1327603/000132760312000003/0001327603-12-000003-index.html,https://www.sec.gov/Archives/edgar/data/1327603/000132760312000003/vrtb12311110k.htm,1620599635,18:33:55,20210509
5,2010-12-31,VRTB,USD,2011-04-15,2011-04-15 14:52:08,FY,2095000000.0,0.0,2095000000.0,1.0,0.0,5851000.0,0.0,16357000000.0,14284000.0,16357000000.0,-965000000.0,0.0,-14262000000.0,-6.80763723150358,-14262000000.0,-6.80763723150358,-2866000000.0,-21506000000.0,-10.265393794749404,0.0,-21506000000.0,-10.265393794749404,21506.0,21506.0,-1000000.0,-1000000.0,https://www.sec.gov/Archives/edgar/data/1327603/000132760311000014/0001327603-11-000014-index.htm,https://www.sec.gov/Archives/edgar/data/1327603/000132760311000014/vrm212311010k.htm,1620599635,18:33:55,20210509
6,2009-12-31,VRTB,USD,2010-03-19 00:00:00,2010-03-19 16:18:33,FY,6578000000.0,0.0,6578000000.0,1.0,0.0,2606000.0,0.0,63317000000.0,57446000.0,63317000000.0,-5871000000.0,0.0,-56739000000.0,-8.625570082091821,-56739000000.0,-8.625570082091821,127000000.0,-55010000000.0,-8.36272423228945,0.0,-55010000000.0,-8.36272423228945,13752.5,13752.5,-4000000.0,-4000000.0,https://www.sec.gov/Archives/edgar/data/1327603/000132760310000012/0001327603-10-000012-index.html,https://www.sec.gov/Archives/edgar/data/1327603/000132760310000012/form10-k_12312009.htm,1620599635,18:33:55,20210509
7,2008-12-31,VRTB,USD,2009-03-27 00:00:00,2009-03-26 20:45:41,FY,19307000000.0,0.0,19307000000.0,1.0,0.0,1098000.0,0.0,0.0,91231000.0,-313227252000.0,-6421000000.0,0.0,-78345000000.0,-4.057854664111463,-78345000000.0,-4.057854664111463,703000000.0,-130169000000.0,-6.742062464391154,0.0,-130169000000.0,-6.742062464391154,16271125000.0,16271125000.0,-8.0,-8.0,https://www.sec.gov/Archives/edgar/data/1327603/000132760309000002/0001327603-09-000002-index.html,https://www.sec.gov/Archives/edgar/data/1327603/000132760309000002/form10-k_12312008.htm,1620599635,18:33:55,20210509
8,2007-12-31,VRTB,USD,2008-03-14,2008-03-14 16:07:22,FY,29010000000.0,0.0,29010000000.0,1.0,0.0,3004000.0,0.0,11879000000.0,8512000.0,11879000000.0,-3367000000.0,0.0,17131000000.0,0.5905205101689073,17131000000.0,0.5905205101689073,984000000.0,16928000000.0,0.5835229231299552,0.0,16928000000.0,0.5835229231299552,16928000000.0,16928000000.0,1.0,1.0,https://www.sec.gov/Archives/edgar/data/1327603/000132760308000013/0001327603-08-000013-index.htm,https://www.sec.gov/Archives/edgar/data/1327603/000132760308000013/form10-k_12312007.htm,1620599635,18:33:55,20210509
9,2006-12-31,VRTB,USD,2007-03-14,2007-03-14 17:18:43,FY,23479000000.0,0.0,23479000000.0,1.0,0.0,0.0,0.0,10624000000.0,9178000.0,10624000000.0,-1446000000.0,0.0,12855000000.0,0.5475105413348098,12855000000.0,0.5475105413348098,335000000.0,15851000000.0,0.6751139315984497,0.0,15851000000.0,0.6751139315984497,0.40819,0.40819,38832458000.0,38832458000.0,https://www.sec.gov/Archives/edgar/data/1327603/000132760307000015/0001327603-07-000015-index.htm,https://www.sec.gov/Archives/edgar/data/1327603/000132760307000015/form10-k_12312006.htm,1620599635,18:33:55,20210509
