,date,symbol,reportedCurrency,fillingDate,acceptedDate,period,revenue,costOfRevenue,grossProfit,grossProfitRatio,researchAndDevelopmentExpenses,generalAndAdministrativeExpenses,sellingAndMarketingExpenses,otherExpenses,operatingExpenses,costAndExpenses,interestExpense,depreciationAndAmortization,ebitda,ebitdaratio,operatingIncome,operatingIncomeRatio,totalOtherIncomeExpensesNet,incomeBeforeTax,incomeBeforeTaxRatio,incomeTaxExpense,netIncome,netIncomeRatio,eps,epsdiluted,weightedAverageShsOut,weightedAverageShsOutDil,link,finalLink,timestamp,est_time,est_date
0,2020-12-31,3382.HK,HKD,2020-12-31,2020-12-31,FY,15490177000,12132303000,3357874000,0.21677441129304073,0.0,1770862000,0.0,115300000.0,0.0,13853428000,550117000.0,1464432000.0,3101181000,0.20020307062985787,1636749000,0.11600635680276604,0.0,1796959000,0.11600635680276604,389433000,636161000,0.04106867210103538,0.103,0.103,6158000000,6158000000,https://www1.hkexnews.hk/search/titlesearch.xhtml,https://www1.hkexnews.hk/search/titlesearch.xhtml,1620585602,14:40:02,20210509
1,2019-12-31,3382.HK,HKD,2019-12-31,2019-12-31,FY,15077403000,11854271000,3223132000,0.21377235854211762,0.0,1674496000,0.0,25129000.0,1767649000.0,13621920000,657187000.0,1409905000.0,2865388000,0.19004519544911017,1455483000,0.09653406491820905,0.0,1516137000,0.1005569062523566,410633000,388491000,0.02576644001622826,0.063,0.063,6158000000,6158000000,https://www1.hkexnews.hk/search/titlesearch.xhtml,https://www1.hkexnews.hk/search/titlesearch.xhtml,1620585602,14:40:02,20210509
2,2018-12-31,3382.HK,HKD,2018-12-31,2018-12-31,FY,15871075000,12690429000,3180646000,0.20040520254614133,0.0,1804583000,0.0,19249000.0,1991562000.0,14681991000,616065000.0,1224977000.0,2414061000,0.15210444157059305,1189084000,0.0749214530206681,0.0,1302858000,0.08209009156594622,263324000,430534000,0.027126958948905478,0.06991458265670672,0.06990968965959024,6158000000,6158431000,https://www1.hkexnews.hk/search/titlesearch.xhtml,https://www1.hkexnews.hk/search/titlesearch.xhtml,1620585602,14:40:02,20210509
3,2017-12-31,3382.HK,HKD,2017-12-31,2017-12-31,FY,16621811000,12980095000,3641716000,0.2190926127122971,0.0,1912589000,0.0,14879000.0,1921867000.0,14901962000,571887000.0,1171791000.0,2891640000,0.1739666032780664,1719849000,0.10346941136558466,0.0,2125939000,0.12790056390365648,471273000,774592000,0.04660093897109045,0.12578629425138033,0.12575819368715271,6158000000,6159376000,https://www1.hkexnews.hk/search/titlesearch.xhtml,https://www1.hkexnews.hk/search/titlesearch.xhtml,1620585602,14:40:02,20210509
4,2016-12-31,3382.HK,HKD,2016-12-31,2016-12-31,FY,16456982000,11887746000,4569236000,0.2776472624202907,0.0,1979661000,0.0,12992000.0,2252799000.0,14140545000,584608000.0,1187763000.0,3504200000,0.21293090069613008,2316437000,0.14075709628897934,0.0,2359241000,0.1433580592115857,571717000,530479000,0.03223428208161132,0.08614468983436181,0.086131444222527,6158000000,6158947000,https://www1.hkexnews.hk/search/titlesearch.xhtml,https://www1.hkexnews.hk/search/titlesearch.xhtml,1620585602,14:40:02,20210509
5,2015-12-31,3382.HK,HKD,2015-12-31,2015-12-31,FY,20541760000,15883437000,4658323000,0.2267733144579627,0.0,2068313000,0.0,19645000.0,2324805000.0,18208242000,611479000.0,1258613000.0,3592131000,0.17486968010530743,2333518000,0.11359873740127428,0.0,2494149000,0.12141846657735267,632142000,639387000,0.03112620340224012,0.10383030204611887,0.10377110297422078,6158000000,6161513000,https://www1.hkexnews.hk/search/titlesearch.xhtml,https://www1.hkexnews.hk/search/titlesearch.xhtml,1620585602,14:40:02,20210509
6,2014-12-31,3382.HK,HKD,2014-12-31,2014-12-31,FY,33559969000,28991563000,4568406000,0.13612664540899905,0.0,2183040000,0.0,9957000.0,2093397000.0,31084960000,478915000.0,1151056000.0,3626065000,0.10804732864920108,2475009000,0.07374884643069843,0.0,2665133000,0.07941404832644512,601496000,819125000,0.02440779966155511,0.1330180253329003,0.13294921903847423,6158000000,6161187000,https://www1.hkexnews.hk/search/titlesearch.xhtml,https://www1.hkexnews.hk/search/titlesearch.xhtml,1620585602,14:40:02,20210509
7,2013-12-31,3382.HK,HKD,2013-12-31,2013-12-31,FY,22108849000,18053433000,4055416000,0.1834295399095629,0.0,2017083000,0.0,10896000.0,1904926000.0,19958359000,427670000.0,1076750000.0,3227240000,0.14597051162636282,2150490000,0.0972682928903264,0.0,2399244000,0.10851962487961268,466645000,811047000,0.03668427062847098,0.13170623579084118,0.1316689459821707,6158000000,6159744000,https://www1.hkexnews.hk/search/titlesearch.xhtml,https://www1.hkexnews.hk/search/titlesearch.xhtml,1620585602,14:40:02,20210509
8,2012-12-31,3382.HK,HKD,2012-12-31,2012-12-31,FY,17934680000,13962121000,3972559000,0.22150152665115855,0.0,1938460000,0.0,13768000.0,1915935000.0,15878056000,403770000.0,1025503000.0,3082127000,0.17185291290393806,2056624000,0.11467302455354654,0.0,2092506000,0.1166737293333363,375548000,705794000,0.039353587574464666,0.11461416044170185,0.11461296927086174,6158000000,6158064000,https://www1.hkexnews.hk/search/titlesearch.xhtml,https://www1.hkexnews.hk/search/titlesearch.xhtml,1620585602,14:40:02,20210509
9,2011-12-31,3382.HK,HKD,2011-12-31,2011-12-31,FY,16547695000,13024589000,3523106000,0.21290614795595397,0.0,1775372000,0.0,0.0,1435346000.0,14459935000,0.0,977158000.0,3064918000,0.18521721605335364,2087760000,0.12616621227306885,0.0,1936114000,0.11700203563094437,308157000,713264000,0.04310352589892429,0.116,0.116,6158000000,6158000000,https://www1.hkexnews.hk/search/titlesearch.xhtml,https://www1.hkexnews.hk/search/titlesearch.xhtml,1620585602,14:40:02,20210509
10,2010-12-31,3382.HK,HKD,2010-12-31,2010-12-31,FY,15052720000,11844581000,3208139000,0.2131268634505923,0.0,1568180000,0.0,0.0,1563789000.0,13408370000,367464000.0,804354000.0,2448704000,0.16267518428563077,1644350000,0.10923939327908844,0.0,1582249000,0.10511382660409548,283672000,570586000,0.0379058402733858,0.093,0.093,6104919000,6104919000,https://www1.hkexnews.hk/search/titlesearch.xhtml,https://www1.hkexnews.hk/search/titlesearch.xhtml,1620585602,14:40:02,20210509
11,2009-12-31,3382.HK,HKD,2009-12-31,2009-12-31,FY,1402780000,985901000,416879000,0.2971805985257845,0.0,450323000,0.0,0.0,443394000.0,1429295000,12623000.0,137350000.0,110835000,0.07901096394302742,-26515000,-0.018901752234847944,0.0,-17780000,-0.012674831406207673,29929000,-47814000,-0.03408517372645746,-0.027,-0.027,1787100000,1787100000,https://www1.hkexnews.hk/search/titlesearch.xhtml,https://www1.hkexnews.hk/search/titlesearch.xhtml,1620585602,14:40:02,20210509
12,2008-12-31,3382.HK,HKD,2008-12-31,2008-12-31,FY,1258991000,689691000,569300000,0.45218750570893673,0.0,363600000,0.0,8755000.0,324948000.0,1014639000,0.0,135031000.0,379383000,0.30133892934897866,244352000,0.19408558123131936,0.0,181034000,0.14379292624013992,50414000,130289000,0.10348683985826745,0.07290526551396116,0.07279280346350918,1787100000,1789861000,https://www1.hkexnews.hk/search/titlesearch.xhtml,https://www1.hkexnews.hk/search/titlesearch.xhtml,1620585602,14:40:02,20210509
13,2007-12-31,3382.HK,HKD,2007-12-31,2007-12-31,FY,1193777000,561701000,632076000,0.5294757731134039,0.0,309808000,0.0,-2539000.0,341012000.0,902713000,0.0,0.0,291064000,0.2438177314523567,291064000,0.2438177314523567,0.0,287793000,0.2410776887140563,47151000,240642000,0.2015803621614422,0.135,0.134,1780696296,1793985075,https://www1.hkexnews.hk/search/titlesearch.xhtml,https://www1.hkexnews.hk/search/titlesearch.xhtml,1620585602,14:40:02,20210509
14,2006-12-31,3382.HK,HKD,2006-12-31,2006-12-31,FY,1036495000,484163000,552332000,0.5328843843916276,0.0,277812000,0.0,-7216000.0,295488000.0,779651000,0.0,0.0,256844000,0.24780052002180425,256844000,0.24780052002180425,0.0,341211000,0.3291969570523736,36938000,304273000,0.29355954442616705,0.2,0.2,1520185000,1520185000,https://www1.hkexnews.hk/search/titlesearch.xhtml,https://www1.hkexnews.hk/search/titlesearch.xhtml,1620585602,14:40:02,20210509
15,2005-12-31,3382.HK,HKD,2005-12-31,2005-12-31,FY,898223000,448891000,449332000,0.500245484695894,0.0,242916000,0.0,-1089000.0,251592000.0,700483000,0.0,0.0,197740000,0.22014577671691773,197740000,0.22014577671691773,0.0,172821000,0.1924032228076992,25056000,147765000,0.16450814552733564,0.13,0.13,1132884615,1132884615,https://www1.hkexnews.hk/search/titlesearch.xhtml,https://www1.hkexnews.hk/search/titlesearch.xhtml,1620585602,14:40:02,20210509
