,date,symbol,reportedCurrency,fillingDate,acceptedDate,period,revenue,costOfRevenue,grossProfit,grossProfitRatio,researchAndDevelopmentExpenses,generalAndAdministrativeExpenses,sellingAndMarketingExpenses,otherExpenses,operatingExpenses,costAndExpenses,interestExpense,depreciationAndAmortization,ebitda,ebitdaratio,operatingIncome,operatingIncomeRatio,totalOtherIncomeExpensesNet,incomeBeforeTax,incomeBeforeTaxRatio,incomeTaxExpense,netIncome,netIncomeRatio,eps,epsdiluted,weightedAverageShsOut,weightedAverageShsOutDil,link,finalLink,timestamp,est_time,est_date
0,2020-12-31,QUMU,USD,2021-03-10,2021-03-09 18:58:50,FY,29072000.0,8353000.0,20719000.0,0.712678866263071,8252000.0,8180000.0,9055000.0,-406000.0,26400000.0,34753000.0,73000.0,913000.0,-4768000.0,-0.16400660429279032,-5681000.0,-0.19541139240506328,-3752000.0,-9506000.0,-0.3269812878370941,-306000.0,-9200000.0,-0.31645569620253167,-0.68,-0.7,13579000.0,13579000.0,https://www.sec.gov/Archives/edgar/data/892482/000089248221000008/0000892482-21-000008-index.htm,https://www.sec.gov/Archives/edgar/data/892482/000089248221000008/qumu-20201231.htm,1620597032,17:50:32,20210509
1,2019-12-31,QUMU,USD,2020-03-06,2020-03-06 17:18:44,FY,25362000.0,7059000.0,18303000.0,0.7216702152827064,7360000.0,6486000.0,8709000.0,-125000.0,23613000.0,30672000.0,0.0,1058000.0,-4252000.0,-0.16765239334437348,-5310000.0,-0.2093683463449255,-573000.0,-6637000.0,-0.2616907183976027,-194000.0,-6443000.0,-0.2540414793785979,-0.62,-0.63,10395000.0,10414000.0,https://www.sec.gov/Archives/edgar/data/892482/000089248220000007/qumu10k12312019.htm,https://www.sec.gov/Archives/edgar/data/892482/000089248220000007/qumu10k12312019.htm,1620597032,17:50:32,20210509
2,2018-12-31,QUMU,USD,2019-03-15,2019-03-15 17:08:02,FY,25013000.0,8493000.0,16520000.0,0.6604565625874546,7013000.0,6731000.0,8394000.0,-378000.0,23433000.0,31926000.0,1809000.0,1295000.0,-5618000.0,-0.224603206332707,-6913000.0,-0.2763762843321473,5403000.0,-3319000.0,-0.1326910006796466,298000.0,-3617000.0,-0.1446048055011394,-0.38,-0.39,9499000.0,9606000.0,https://www.sec.gov/Archives/edgar/data/892482/000089248219000013/qumu10k12312018.htm,https://www.sec.gov/Archives/edgar/data/892482/000089248219000013/qumu10k12312018.htm,1620597032,17:50:32,20210509
3,2017-12-31,QUMU,USD,2018-03-23,2018-03-23 17:23:39,FY,28167000.0,10262000.0,17905000.0,0.6356729506159691,7279000.0,8567000.0,10026000.0,0.0,26776000.0,37038000.0,0.0,904000.0,-7967000.0,-0.28284872368374336,-8871000.0,-0.31494301842581746,-359000.0,-12082000.0,-0.42894166932935707,-358000.0,-11724000.0,-0.4162317605708808,-1.25,-1.25,9347000.0,9347000.0,https://www.sec.gov/Archives/edgar/data/892482/000089248218000015/qumu10k12312017.htm,https://www.sec.gov/Archives/edgar/data/892482/000089248218000015/qumu10k12312017.htm,1620597032,17:50:32,20210509
4,2016-12-31,QUMU,USD,2017-03-31,2017-03-31 17:01:52,FY,31682000.0,12360000.0,19322000.0,0.6098731140710814,8541000.0,8966000.0,11529000.0,0.0,30683000.0,43043000.0,0.0,1647000.0,-9714000.0,-0.30660943122277634,-11361000.0,-0.3585947856827221,221000.0,-11427000.0,-0.3606779875007891,-252000.0,-11175000.0,-0.35272394419544223,-1.21,-1.23,9232000.0,9232000.0,https://www.sec.gov/Archives/edgar/data/892482/000089248217000024/qumu10k12312016.htm,https://www.sec.gov/Archives/edgar/data/892482/000089248217000024/qumu10k12312016.htm,1620597032,17:50:32,20210509
5,2015-12-31,QUMU,USD,2016-03-15,2016-03-15 17:08:26,FY,34454000.0,17499000.0,16955000.0,0.4921054159168747,10689000.0,16878000.0,17994000.0,0.0,46359000.0,63858000.0,0.0,798000.0,-28606000.0,-0.8302664422128054,-29404000.0,-0.8534277587507981,-131000.0,-29528000.0,-0.8570267603181053,-839000.0,-28699000.0,-0.8329656933882859,-3.11,-3.11,9235000.0,9235000.0,https://www.sec.gov/Archives/edgar/data/892482/000089248216000029/qumu10k12312015.htm,https://www.sec.gov/Archives/edgar/data/892482/000089248216000029/qumu10k12312015.htm,1620597032,17:50:32,20210509
6,2014-12-31,QUMU,USD,2015-03-24,2015-03-24 16:17:30,FY,26521000.0,14472000.0,12049000.0,0.45431921873232534,9506000.0,0.0,0.0,0.0,40775000.0,55247000.0,0.0,652000.0,-28074000.0,-1.0585573696316126,-28726000.0,-1.0831416613249878,-241000.0,-28907000.0,-1.089966441687719,-6564000.0,-8520000.0,-0.3212548546434901,-3.259054,-3.259054,8836000.0,8836000.0,https://www.sec.gov/Archives/edgar/data/892482/000089248215000003/qumu10k10k12312014.htm,https://www.sec.gov/Archives/edgar/data/892482/000089248215000003/qumu10k10k12312014.htm,1620597032,17:50:32,20210509
7,2013-12-31,QUMU,USD,2014-03-14,2014-03-14 15:59:58,FY,82472000.0,42912000.0,39560000.0,0.4796779513046852,12203000.0,0.0,0.0,0.0,49245000.0,92157000.0,0.0,628000.0,-9057000.0,-0.10981909011543312,-9685000.0,-0.11743379571248423,-221000.0,-9878000.0,-0.11977398389756523,-59000.0,-9694000.0,-0.11754292365893879,-1.12,-1.12,8691000.0,8691000.0,https://www.sec.gov/Archives/edgar/data/892482/000089248214000003/qumu10k10k123113.htm,https://www.sec.gov/Archives/edgar/data/892482/000089248214000003/qumu10k10k123113.htm,1620597032,17:50:32,20210509
8,2012-12-31,QUMU,USD,2013-03-15,2013-03-15 12:38:34,FY,79443000.0,40782000.0,38661000.0,0.4866508062384351,11866000.0,0.0,0.0,0.0,48857000.0,89639000.0,0.0,952000.0,-9244000.0,-0.116360157597271,-10196000.0,-0.12834359226111802,-29693000.0,-39788000.0,-0.5008370781566658,8809000.0,-48338000.0,-0.6084614125851239,-4.85,-4.85,9971000.0,9971000.0,https://www.sec.gov/Archives/edgar/data/892482/000144530513000625/rimg10k12-31x12.htm,https://www.sec.gov/Archives/edgar/data/892482/000144530513000625/rimg10k12-31x12.htm,1620597032,17:50:32,20210509
9,2011-12-31,QUMU,USD,2012-03-15,2012-03-15 12:04:47,FY,83634000.0,41613000.0,42021000.0,0.5024391993686778,7257000.0,0.0,0.0,0.0,37573000.0,79186000.0,0.0,223000.0,4671000.0,0.05585049142693163,4448000.0,0.05318411172489657,26000.0,4669000.0,0.055826577707630866,1997000.0,2835000.0,0.03389769710883134,0.2930535455861071,0.2922981750695948,9674000.0,9699000.0,https://www.sec.gov/Archives/edgar/data/892482/000089710112000447/rimage120677_10k.htm,https://www.sec.gov/Archives/edgar/data/892482/000089710112000447/rimage120677_10k.htm,1620597032,17:50:32,20210509
10,2010-12-31,QUMU,USD,2011-03-14,2011-03-14 17:17:57,FY,88731000.0,45221000.0,43510000.0,0.4903584992843538,6506000.0,0.0,0.0,0.0,31938000.0,77159000.0,0.0,2108000.0,13680000.0,0.15417385130337763,11572000.0,0.1304166525791437,17000.0,12096000.0,0.13632214220509178,4494000.0,7700000.0,0.08677914145000057,0.81,0.8,9524000.0,9596000.0,https://www.sec.gov/Archives/edgar/data/892482/000089710111000403/rimage111295_10k.htm,https://www.sec.gov/Archives/edgar/data/892482/000089710111000403/rimage111295_10k.htm,1620597032,17:50:32,20210509
11,2009-12-31,QUMU,USD,2010-03-12,2010-03-12 17:16:07,FY,83227000.0,42894000.0,40333000.0,0.4846143679334831,7143000.0,0.0,0.0,0.0,29087000.0,71981000.0,0.0,1250000.0,12496000.0,0.15014358321217874,11246000.0,0.13512441875833564,324000.0,13112000.0,0.15754502745503263,4617000.0,8495000.0,0.10207024162831774,0.91,0.89,9374000.0,9507000.0,https://www.sec.gov/Archives/edgar/data/892482/000089710110000537/rimage101201_10k.htm,https://www.sec.gov/Archives/edgar/data/892482/000089710110000537/rimage101201_10k.htm,1620597032,17:50:32,20210509
12,2008-12-31,QUMU,USD,2009-03-16,2009-03-16 14:42:15,FY,91394000.0,51731000.0,39663000.0,0.433978160491936,5251000.0,0.0,0.0,0.0,27915000.0,79646000.0,0.0,1372000.0,13120000.0,0.14355428146267807,11748000.0,0.12854235507801387,-108000.0,14459000.0,0.15820513381622425,5028000.0,9431000.0,0.10319058143860647,0.99,0.97,9556000.0,9729000.0,https://www.sec.gov/Archives/edgar/data/892482/000089710109000532/rimage091153_10k.htm,https://www.sec.gov/Archives/edgar/data/892482/000089710109000532/rimage091153_10k.htm,1620597032,17:50:32,20210509
13,2007-12-31,QUMU,USD,2008-03-14,2008-03-14 17:27:54,FY,108874000.0,57719000.0,51155000.0,0.46985506181457465,5903000.0,0.0,0.0,0.0,30274000.0,87993000.0,0.0,1525000.0,22406000.0,0.20579752741701415,20881000.0,0.1917905101309771,62000.0,24394000.0,0.22405716700038578,8633000.0,15761000.0,0.1447636717673641,1.59,1.52,9915000.0,10371000.0,https://www.sec.gov/Archives/edgar/data/892482/000089710108000645/rimage081141_10-k.htm,https://www.sec.gov/Archives/edgar/data/892482/000089710108000645/rimage081141_10-k.htm,1620597032,17:50:32,20210509
14,2006-12-31,QUMU,USD,2007-03-16,2007-03-16 17:00:45,FY,103252000.0,56014000.0,47238000.0,0.4575020338589083,6737000.0,0.0,0.0,0.0,29464000.0,85478000.0,0.0,1519000.0,19293000.0,0.18685352341843256,17774000.0,0.17214194398171465,-86000.0,20458000.0,0.19813659783829854,7374000.0,13084000.0,0.12671909502963624,1.33,1.26,9812000.0,10356000.0,https://www.sec.gov/Archives/edgar/data/892482/000089710107000600/rimage071135_10k.htm,https://www.sec.gov/Archives/edgar/data/892482/000089710107000600/rimage071135_10k.htm,1620597032,17:50:32,20210509
15,2005-12-31,QUMU,USD,2006-03-15,2006-03-15 17:23:55,FY,95410000.0,51957000.0,43453000.0,0.4554344408342941,5512000.0,0.0,0.0,0.0,26829000.0,78786000.0,0.0,1228000.0,17852000.0,0.18710826957341997,16624000.0,0.1742375013101352,-125000.0,18043000.0,0.18911015616811655,6675000.0,11368000.0,0.11914893617021277,1.19,1.1,9530000.0,10312000.0,https://www.sec.gov/Archives/edgar/data/892482/000089710106000590/rimage061167_10k.htm,https://www.sec.gov/Archives/edgar/data/892482/000089710106000590/rimage061167_10k.htm,1620597032,17:50:32,20210509
16,2004-12-31,QUMU,USD,2005-03-16,2005-03-16 17:00:38,FY,70847930.0,38027320.0,32820610.0,0.46325432514400916,4529324.0,0.0,0.0,0.0,19385541.0,57412861.0,0.0,918945.0,14354014.0,0.20260315297849915,13435069.0,0.18963248467527563,-49253.0,14043284.0,0.1982172803072722,4971323.0,9071961.0,0.12804835652925922,0.98,0.91,9289553.0,9931687.0,https://www.sec.gov/Archives/edgar/data/892482/000089710105000732/rimage051268_10-k.htm,https://www.sec.gov/Archives/edgar/data/892482/000089710105000732/rimage051268_10-k.htm,1620597032,17:50:32,20210509
17,2003-12-31,QUMU,USD,2003-12-31,2003-12-31,FY,53797164.0,27399219.0,26397945.0,0.4906939889991227,3765556.0,0.0,0.0,0.0,14841435.0,42240654.0,0.0,930480.0,12486990.0,0.23211242139083763,11556510.0,0.21481634236332606,-3505.0,12071851.0,0.2243956763222686,4406226.0,7665625.0,0.14249124730812948,0.86,0.79,8931084.0,9743104.0,,,1620597032,17:50:32,20210509
18,2002-12-31,QUMU,USD,2002-12-31,2002-12-31,FY,46581069.0,23985704.0,22595365.0,0.4850761368314669,3602117.0,0.0,0.0,0.0,13176227.0,37161931.0,0.0,794745.0,10213883.0,0.21927111634127588,9419138.0,0.20220957144628862,-20332.0,10179079.0,0.21852394585448437,3715364.0,6463715.0,0.13876270207538605,0.74,0.68,8702552.0,9496723.0,,,1620597032,17:50:32,20210509
19,2001-12-31,QUMU,USD,2001-12-31,2001-12-31,FY,38894000.0,19669148.0,19224852.0,0.4942883735280506,3901147.0,8858804.0,0.0,0.0,12759951.0,32429099.0,0.0,570824.0,7035725.0,0.1808948681030493,6464901.0,0.1662184655730961,-138745.0,7436901.0,0.1912094667557978,2627756.0,4809145.0,0.12364747776006582,0.55,0.51,8701248.0,9509155.0,,,1620597032,17:50:32,20210509
20,2000-12-31,QUMU,USD,2000-12-31,2000-12-31,FY,49792051.0,22539004.0,27253047.0,0.5473373049043511,3550534.0,10157956.0,0.0,0.0,14423528.0,36962532.0,0.0,715038.0,13544557.0,0.27202247603739,12829519.0,0.2576619910676104,-612318.0,13305549.0,0.2672223524192647,5056109.0,8249440.0,0.16567785086820383,0.98,0.85,8416730.0,9673384.0,,,1620597032,17:50:32,20210509
21,1999-12-31,QUMU,USD,1999-12-31,1999-12-31,FY,36313426.0,17436272.0,18877154.0,0.5198395216138516,2612340.0,6991912.0,0.0,0.0,10097194.0,27533466.0,0.0,492942.0,9272902.0,0.25535739866571666,8779960.0,0.2417827499944511,-43592.0,9204647.0,0.25347779083141314,3350891.0,6343250.0,0.17468057131265996,0.833333,0.726667,7586985.0,8730150.0,,,1620597032,17:50:32,20210509
22,1998-12-31,QUMU,USD,1998-12-31,1998-12-31,FY,37400000.0,19700000.0,17700000.0,0.4732620320855615,1900000.0,7800000.0,0.0,0.0,11400000.0,31100000.0,300000.0,1700000.0,8000000.0,0.21390374331550802,6300000.0,0.16844919786096257,-100000.0,6000000.0,0.16042780748663102,900000.0,5100000.0,0.13636363636363635,0.706667,0.6,7153513.0,8457210.0,,,1620597032,17:50:32,20210509
23,1997-12-31,QUMU,USD,1997-12-31,1997-12-31,FY,38900000.0,25100000.0,13800000.0,0.35475578406169667,1900000.0,6600000.0,0.0,0.0,11000000.0,36100000.0,0.0,2500000.0,5300000.0,0.13624678663239073,2800000.0,0.07197943444730077,0.0,2000000.0,0.05141388174807198,100000.0,1900000.0,0.04884318766066838,0.275556,0.262222,6944157.0,7372212.0,,,1620597032,17:50:32,20210509
24,1996-12-31,QUMU,USD,1996-12-31,1996-12-31,FY,41800000.0,30400000.0,11400000.0,0.2727272727272727,2700000.0,10400000.0,0.0,0.0,15100000.0,45500000.0,700000.0,2000000.0,-1700000.0,-0.04066985645933014,-3700000.0,-0.08851674641148326,0.0,-4400000.0,-0.10526315789473684,800000.0,-5200000.0,-0.12440191387559808,-0.746667,-0.746667,6918383.0,6918383.0,,,1620597032,17:50:32,20210509
25,1995-12-31,QUMU,USD,1995-12-31,1995-12-31,FY,51500000.0,36100000.0,15400000.0,0.29902912621359223,0.0,14300000.0,0.0,0.0,17000000.0,53100000.0,600000.0,2700000.0,1100000.0,0.021359223300970873,-1600000.0,-0.031067961165048542,-200000.0,-2400000.0,-0.04660194174757282,-1000000.0,-1400000.0,-0.027184466019417475,-0.08,-0.08,4384000.0,4384000.0,,,1620597032,17:50:32,20210509
26,1994-12-31,QUMU,USD,1994-12-31,1994-12-31,FY,25300000.0,14200000.0,11100000.0,0.43873517786561267,0.0,9900000.0,0.0,0.0,10700000.0,24900000.0,200000.0,800000.0,1200000.0,0.04743083003952569,400000.0,0.015810276679841896,100000.0,0.0,0.0,0.0,300000.0,0.011857707509881422,0.031111,0.031111,4384000.0,4384000.0,,,1620597032,17:50:32,20210509
27,1993-12-31,QUMU,USD,1993-12-31,1993-12-31,FY,18200000.0,9300000.0,8900000.0,0.489010989010989,0.0,6500000.0,0.0,0.0,6900000.0,16200000.0,200000.0,400000.0,2400000.0,0.13186813186813187,2000000.0,0.10989010989010989,200000.0,2000000.0,0.10989010989010989,700000.0,1300000.0,0.07142857142857142,0.151111,0.151111,4271000.0,4271000.0,,,1620597032,17:50:32,20210509
28,1992-12-31,QUMU,USD,1992-12-31,1992-12-31,FY,13300000.0,7100000.0,6200000.0,0.46616541353383456,0.0,4500000.0,0.0,0.0,4800000.0,11900000.0,400000.0,300000.0,1700000.0,0.12781954887218044,1400000.0,0.10526315789473684,100000.0,1000000.0,0.07518796992481203,300000.0,700000.0,0.05263157894736842,0.177778,0.177778,2500000.0,2500000.0,,,1620597032,17:50:32,20210509
29,1991-12-31,QUMU,USD,1991-12-31,1991-12-31,FY,10000000.0,5400000.0,4600000.0,0.46,0.0,3000000.0,0.0,0.0,3100000.0,8500000.0,400000.0,100000.0,1600000.0,0.16,1500000.0,0.15,100000.0,1200000.0,0.12,300000.0,900000.0,0.09,0.257778,0.257778,3491379.0,3491379.0,,,1620597032,17:50:32,20210509
30,1990-12-31,QUMU,USD,1990-12-31,1990-12-31,FY,6700000.0,4300000.0,2400000.0,0.3582089552238806,0.0,2700000.0,0.0,0.0,2700000.0,7000000.0,400000.0,0.0,0.0,0.0,-300000.0,-0.04477611940298507,-300000.0,0.0,0.0,0.0,-1100000.0,-0.16417910447761194,-0.315556,-0.315556,3485915.0,3485915.0,,,1620597032,17:50:32,20210509
