,date,symbol,reportedCurrency,fillingDate,acceptedDate,period,revenue,costOfRevenue,grossProfit,grossProfitRatio,researchAndDevelopmentExpenses,generalAndAdministrativeExpenses,sellingAndMarketingExpenses,otherExpenses,operatingExpenses,costAndExpenses,interestExpense,depreciationAndAmortization,ebitda,ebitdaratio,operatingIncome,operatingIncomeRatio,totalOtherIncomeExpensesNet,incomeBeforeTax,incomeBeforeTaxRatio,incomeTaxExpense,netIncome,netIncomeRatio,eps,epsdiluted,weightedAverageShsOut,weightedAverageShsOutDil,link,finalLink,timestamp,est_time,est_date
0,2020-12-31,0563.HK,HKD,2020-12-31,2020-12-31,FY,6356732000.0,4159355000.0,2197377000.0,0.3456771498310767,0.0,413694000,255593000.0,5428000.0,0.0,4813092000.0,702595000.0,176073000.0,1719713000.0,0.27053413609382937,1543640000.0,0.29203637969950597,0.0,1856397000,0.29203637969950597,1115433000.0,521765000.0,0.08208069806938534,0.10848416374265114,0.10848416374265114,4809596000,4809596000,https://www1.hkexnews.hk/search/titlesearch.xhtml,https://www1.hkexnews.hk/search/titlesearch.xhtml,1620584793,14:26:33,20210509
1,2019-12-31,0563.HK,HKD,2019-12-31,2019-12-31,FY,8583906000.0,4907514000.0,3676392000.0,0.4282889397903472,0.0,341464000,254730000.0,-2753000.0,0.0,5494549000.0,728561000.0,179063000.0,3268420000.0,0.3807613923078841,3089357000.0,0.35990107533796384,0.0,2745131000,0.3197997508360413,1525433000.0,600292000.0,0.06993226626666228,0.1248,0.1248,4809596000,4809596000,https://www1.hkexnews.hk/search/titlesearch.xhtml,https://www1.hkexnews.hk/search/titlesearch.xhtml,1620584793,14:26:33,20210509
2,2018-12-31,0563.HK,HKD,2018-12-31,2018-12-31,FY,6977683000.0,3596818000.0,3380865000.0,0.484525450640277,0.0,385812000,321707000.0,556148000.0,0.0,4290081000.0,743301000.0,133432000.0,2821034000.0,0.40429380354481564,2687602000.0,0.38517112342306176,0.0,2824387000,0.404774335549494,1554640000.0,573074000.0,0.08212955503997531,0.1191,0.1191,4810973000,4810973000,https://www1.hkexnews.hk/search/titlesearch.xhtml,https://www1.hkexnews.hk/search/titlesearch.xhtml,1620584793,14:26:33,20210509
3,2017-12-31,0563.HK,HKD,2017-12-31,2017-12-31,FY,9356865000.0,4971065000.0,4385800000.0,0.46872536902049994,0.0,444055000,235033000.0,39839000.0,0.0,5584033000.0,621332000.0,113284000.0,3886116000.0,0.4153224397274087,3772832000.0,0.4032153931899199,0.0,3327586000,0.35563043818629425,2080264000.0,557964000.0,0.0596315111952561,0.116,0.116,4811114000,4811114000,https://www1.hkexnews.hk/search/titlesearch.xhtml,https://www1.hkexnews.hk/search/titlesearch.xhtml,1620584793,14:26:33,20210509
4,2016-12-31,0563.HK,HKD,2016-12-31,2016-12-31,FY,5490564000.0,4089951000.0,1400613000.0,0.2550945585917949,0.0,444626000,275194000.0,271602000.0,0.0,4809771000.0,716138000.0,103195000.0,783988000.0,0.14278824543343815,680793000.0,0.12399327282224558,0.0,2585589000,0.4709150098241274,1259024000.0,521888000.0,0.09505180159998135,0.1085,0.1085,4811273000,4811273000,https://www1.hkexnews.hk/search/titlesearch.xhtml,https://www1.hkexnews.hk/search/titlesearch.xhtml,1620584793,14:26:33,20210509
5,2015-12-31,0563.HK,HKD,2015-12-31,2015-12-31,FY,3871923000.0,2619927000.0,1251996000.0,0.3233525046856562,0.0,460317000,168020000.0,34105000.0,0.0,3454926000.0,810988000.0,121106000.0,538103000.0,0.13897564595163694,416997000.0,0.10769764791293629,0.0,1009274000,0.2606647911128398,469288000.0,517385000.0,0.1336248164025989,0.1075,0.1075,4811451000,4811451000,https://www1.hkexnews.hk/search/titlesearch.xhtml,https://www1.hkexnews.hk/search/titlesearch.xhtml,1620584793,14:26:33,20210509
6,2014-12-31,0563.HK,HKD,2014-12-31,2014-12-31,FY,7773636000.0,4823485000.0,2950151000.0,0.3795072215884562,0.0,460265000,200580000.0,35142000.0,0.0,5459645000.0,757327000.0,91113000.0,2405104000.0,0.30939241302268333,2313991000.0,0.29767164297376414,0.0,1731044000,0.2226813810165539,1151080000.0,161181000.0,0.020734312746313308,0.0335,0.0335,4811523000,4811523000,https://www1.hkexnews.hk/search/titlesearch.xhtml,https://www1.hkexnews.hk/search/titlesearch.xhtml,1620584793,14:26:33,20210509
7,2013-12-31,0563.HK,HKD,2013-12-31,2013-12-31,FY,9773547000.0,8254997000.0,1518550000.0,0.15537347904501814,0.0,495796000,237518000.0,-109745000.0,0.0,8988311000.0,698583000.0,74470000.0,859706000.0,0.08796253806320264,785236000.0,0.08034299113719921,0.0,782094000,0.08002151112589932,476377000.0,143471000.0,0.014679522183706693,0.0298,0.0298,4811523000,4811523000,https://www1.hkexnews.hk/search/titlesearch.xhtml,https://www1.hkexnews.hk/search/titlesearch.xhtml,1620584793,14:26:33,20210509
8,2012-12-31,0563.HK,HKD,2012-12-31,2012-12-31,FY,8782561000.0,7423621000.0,1358940000.0,0.15473163237921148,0.0,509411000,157936000.0,-97854000.0,0.0,8125713000.0,566511000.0,79473000.0,736321000.0,0.08383898500676511,656848000.0,0.0747900299240734,0.0,421612000,0.04800558743628425,388301000.0,-190166000.0,-0.021652681945505417,-0.0395,-0.0395,4811523000,4811523000,https://www1.hkexnews.hk/search/titlesearch.xhtml,https://www1.hkexnews.hk/search/titlesearch.xhtml,1620584793,14:26:33,20210509
9,2011-12-31,0563.HK,HKD,2011-12-31,2011-12-31,FY,4433476000.0,3307014000.0,1126462000.0,0.2540809964912407,0.0,576264000,302552000.0,-139369000.0,0.0,3454310000.0,0.0,57753000.0,1036919000.0,0.23388397726749846,979166000.0,0.22085740398730025,0.0,166442000,0.03754210014895761,594552000.0,-477650000.0,-0.1077371344741688,-0.0993,-0.0993,4811523000,4811523000,https://www1.hkexnews.hk/search/titlesearch.xhtml,https://www1.hkexnews.hk/search/titlesearch.xhtml,1620584793,14:26:33,20210509
10,2010-12-31,0563.HK,HKD,2010-12-31,2010-12-31,FY,4110291000.0,3476750000.0,633541000.0,0.15413531548009618,0.0,566800000,401945000.0,-3163000.0,0.0,4458483000.0,359661000.0,44929000.0,-303263000.0,-0.07378139406674612,-348192000.0,-0.08471225030052616,0.0,-707130000,-0.17203891403309401,128778000.0,-749649000.0,-0.18238343708511148,-0.3255,-0.3255,2303408000,2303408000,https://www1.hkexnews.hk/search/titlesearch.xhtml,https://www1.hkexnews.hk/search/titlesearch.xhtml,1620584793,14:26:33,20210509
11,2009-12-31,0563.HK,HKD,2009-12-31,2009-12-31,FY,513086000.0,448138000.0,64948000.0,0.1265830679457245,0.0,394571000,252359000.0,-1790000000.0,0.0,1098561000.0,132342000.0,30401000.0,-555074000.0,-1.0818342344168423,-585475000.0,-1.1410855100314568,0.0,-2034501000,-3.9652241534557557,149798000.0,-2106392000.0,-4.105339065965549,-1.0826,-1.2794,1945640189,1979523429,https://www1.hkexnews.hk/search/titlesearch.xhtml,https://www1.hkexnews.hk/search/titlesearch.xhtml,1620584793,14:26:33,20210509
12,2009-04-30,0563.HK,HKD,2009-04-30,2009-04-30,FY,2534580000.0,2044087000.0,490493000.0,0.19352042547483211,0.0,363655000,121029000.0,0.0,0.0,1780513000.0,0.0,0.0,955067000.0,0.3768146990822937,754067000.0,0.29751161928209013,0.0,338698000,0.13363081851825548,249142000.0,52545000.0,0.02073124541344128,0.0651,0.0556,1945640189,2118654012,https://www1.hkexnews.hk/search/titlesearch.xhtml,https://www1.hkexnews.hk/search/titlesearch.xhtml,1620584793,14:26:33,20210509
13,2008-04-30,0563.HK,HKD,2008-04-30,2008-04-30,FY,5029260000.0,4060574000.0,968686000.0,0.1926100460107451,0.0,342642000,299321000.0,0.0,0.0,4430321000.0,0.0,10792000.0,609731000.0,0.12123672269876681,598939000.0,0.11909088016924955,0.0,2375514000,0.472338674079288,808990000.0,1582562000.0,0.3146709456261955,0.8423,0.6819,1840767124,2069070162,https://www1.hkexnews.hk/search/titlesearch.xhtml,https://www1.hkexnews.hk/search/titlesearch.xhtml,1620584793,14:26:33,20210509
14,2007-04-30,0563.HK,HKD,2007-04-30,2007-04-30,FY,2779845000.0,2438229000.0,341616000.0,0.12289030503499296,0.0,197145000,90604000.0,0.0,0.0,2115102000.0,0.0,3270000.0,668013000.0,0.2403058443906045,664743000.0,0.23912951981135638,0.0,841330000,0.3026535652167657,23090000.0,833319000.0,0.2997717498637514,0.5868,0.5272,1419831298,1618619511,https://www1.hkexnews.hk/search/titlesearch.xhtml,https://www1.hkexnews.hk/search/titlesearch.xhtml,1620584793,14:26:33,20210509
15,2006-04-30,0563.HK,HKD,2006-04-30,2006-04-30,FY,671140000.0,610572000.0,60568000.0,0.09024644634502488,0.0,54725000,44606000.0,0.0,0.0,667825000.0,0.0,1295000.0,4610000.0,0.006868909616473463,3315000.0,0.004939356915099681,0.0,108980000,0.16238042733259828,14752000.0,104663000.0,0.15594808832732365,0.1512,0.14,692677692,792756893,https://www1.hkexnews.hk/search/titlesearch.xhtml,https://www1.hkexnews.hk/search/titlesearch.xhtml,1620584793,14:26:33,20210509
16,2005-04-30,0563.HK,HKD,2005-04-30,2005-04-30,FY,476472000.0,253809000.0,222663000.0,0.46731602276733997,0.0,13053000,11334000.0,0.0,0.0,259900000.0,0.0,951000.0,217523000.0,0.4565284004096778,216572000.0,0.4545324803975889,0.0,338687000,0.7108224617606071,77037000.0,261650000.0,0.5491403482261287,0.376,0.342,480010398,529204287,https://www1.hkexnews.hk/search/titlesearch.xhtml,https://www1.hkexnews.hk/search/titlesearch.xhtml,1620584793,14:26:33,20210509
17,2004-04-30,0563.HK,HKD,2004-04-30,2004-04-30,FY,654000.0,0.0,0.0,0.0,0.0,12357000,0.0,0.0,0.0,-54801000.0,719000.0,3606000.0,59061000.0,90.30733944954129,55455000.0,84.79357798165138,0.0,-14665000,-22.42354740061162,-15288000.0,623000.0,0.9525993883792049,0.0204,0.0204,475542537,475542537,https://www1.hkexnews.hk/search/titlesearch.xhtml,https://www1.hkexnews.hk/search/titlesearch.xhtml,1620584793,14:26:33,20210509
18,2003-04-30,0563.HK,HKD,2003-04-30,2003-04-30,FY,522000.0,0.0,522000.0,1.0,0.0,18039000,0.0,0.0,0.0,1615000.0,0.0,26126000.0,25033000.0,47.95593869731801,-1093000.0,-2.0938697318007664,0.0,-27843000,-53.339080459770116,9166000.0,-32299000.0,-61.87547892720306,-0.16,-0.16,218985160,218985160,https://www1.hkexnews.hk/search/titlesearch.xhtml,https://www1.hkexnews.hk/search/titlesearch.xhtml,1620584793,14:26:33,20210509
19,2002-04-30,0563.HK,HKD,2002-04-30,2002-04-30,FY,2378000.0,0.0,2378000.0,1.0,0.0,29421000,0.0,0.0,0.0,340547000.0,0.0,36355000.0,-301814000.0,-126.919259882254,-338169000.0,-142.20731707317074,0.0,-341661000,-143.6757779646762,0.0,-341627000.0,-143.661480235492,-1.836,-1.836,185928525,185928525,https://www1.hkexnews.hk/search/titlesearch.xhtml,https://www1.hkexnews.hk/search/titlesearch.xhtml,1620584793,14:26:33,20210509
20,2001-04-30,0563.HK,HKD,2001-04-30,2001-04-30,FY,5186000.0,2818000.0,2368000.0,0.4566139606633243,0.0,52129000,58000.0,0.0,0.0,21079000.0,0.0,7395000.0,-8498000.0,-1.638642499035866,-15893000.0,-3.0645969919012725,0.0,-16351000,-3.1529116853065946,0.0,-16155000.0,-3.1151176243733127,-0.12,-0.12,137006301,137006301,https://www1.hkexnews.hk/search/titlesearch.xhtml,https://www1.hkexnews.hk/search/titlesearch.xhtml,1620584793,14:26:33,20210509
21,2000-04-30,0563.HK,HKD,2000-04-30,2000-04-30,FY,54002000.0,42987000.0,11015000.0,0.2039739268915966,0.0,31570000,1661000.0,0.0,0.0,111448000.0,0.0,1102000.0,-56344000.0,-1.0433687641198475,-57446000.0,-1.0637754157253434,0.0,-59822000,-1.1077737861560684,0.0,-59822000.0,-1.1077737861560684,-3.6,-3.6,16580420,16580420,https://www1.hkexnews.hk/search/titlesearch.xhtml,https://www1.hkexnews.hk/search/titlesearch.xhtml,1620584793,14:26:33,20210509
