,date,symbol,reportedCurrency,fillingDate,acceptedDate,period,revenue,costOfRevenue,grossProfit,grossProfitRatio,researchAndDevelopmentExpenses,generalAndAdministrativeExpenses,sellingAndMarketingExpenses,otherExpenses,operatingExpenses,costAndExpenses,interestExpense,depreciationAndAmortization,ebitda,ebitdaratio,operatingIncome,operatingIncomeRatio,totalOtherIncomeExpensesNet,incomeBeforeTax,incomeBeforeTaxRatio,incomeTaxExpense,netIncome,netIncomeRatio,eps,epsdiluted,weightedAverageShsOut,weightedAverageShsOutDil,link,finalLink,timestamp,est_time,est_date
0,2020-12-31,BAD.TO,CAD,2020-12-31,2020-12-31,FY,558627000.0,394287000.0,164340000.0,0.29418556568157284,0.0,50389000.0,0.0,0.0,0.0,517468000.0,8337000.0,72792000.0,113951000.0,0.20398405376038037,41159000.0,0.07367885905980198,321000.0,33143000.0,0.05932939152600931,8394000.0,24749000.0,0.04430326496929078,0.6908146135943295,0.6908146135943295,35825820,35825820,https://www.sedar.com/ModifyCompanyDocumentSearchForm.do?lang=EN&company_search=Badger Daylighting Ltd&document_selection=0&industry_group=A&FromDate=13&FromMonth=05&FromYear=2000&ToDate=13&ToMonth=11&ToYear=2020&Variable=Issuer,https://www.sedar.com/ModifyCompanyDocumentSearchForm.do?lang=EN&company_search=Badger Daylighting Ltd&document_selection=0&industry_group=A&FromDate=13&FromMonth=05&FromYear=2000&ToDate=13&ToMonth=11&ToYear=2020&Variable=Issuer,1620589092,15:38:12,20210509
1,2019-12-31,BAD.TO,CAD,2019-12-31,2019-12-31,FY,654282000.0,453264000.0,201018000.0,0.30723449521765844,0.0,53611000.0,0.0,0.0,117135000.0,570399000.0,6917000.0,63524000.0,147407000.0,0.2252958204566227,83883000.0,0.12820618632332847,-768000.0,76198000.0,0.11646048645691001,16466000.0,59732000.0,0.09129396804436007,1.67,1.67,35825820,35825820,https://www.sedar.com/ModifyCompanyDocumentSearchForm.do?lang=EN&company_search=Badger Daylighting Ltd&document_selection=0&industry_group=A&FromDate=13&FromMonth=05&FromYear=2000&ToDate=13&ToMonth=11&ToYear=2020&Variable=Issuer,https://www.sedar.com/ModifyCompanyDocumentSearchForm.do?lang=EN&company_search=Badger Daylighting Ltd&document_selection=0&industry_group=A&FromDate=13&FromMonth=05&FromYear=2000&ToDate=13&ToMonth=11&ToYear=2020&Variable=Issuer,1620589092,15:38:12,20210509
2,2018-12-31,BAD.TO,CAD,2018-12-31,2018-12-31,FY,615442000.0,424162000.0,191280000.0,0.3108010178050897,0.0,39894000.0,0.0,0.0,88890000.0,513052000.0,4892000.0,48996000.0,151386000.0,0.245979312429116,102390000.0,0.1663682361619779,136000.0,97634000.0,0.15864045677740551,29817000.0,67817000.0,0.11019234956340321,1.83,1.83,37083766,37083766,https://www.sedar.com/ModifyCompanyDocumentSearchForm.do?lang=EN&company_search=Badger Daylighting Ltd&document_selection=0&industry_group=A&FromDate=13&FromMonth=05&FromYear=2000&ToDate=13&ToMonth=11&ToYear=2020&Variable=Issuer,https://www.sedar.com/ModifyCompanyDocumentSearchForm.do?lang=EN&company_search=Badger Daylighting Ltd&document_selection=0&industry_group=A&FromDate=13&FromMonth=05&FromYear=2000&ToDate=13&ToMonth=11&ToYear=2020&Variable=Issuer,1620589092,15:38:12,20210509
3,2017-12-31,BAD.TO,CAD,2017-12-31,2017-12-31,FY,499236000.0,352644000.0,146592000.0,0.29363267072086147,0.0,22890000.0,0.0,0.0,68348000.0,420992000.0,5523000.0,45458000.0,123702000.0,0.24778261183087757,78244000.0,0.1567274795888117,-1096000.0,71625000.0,0.14346922096964163,5773000.0,65852000.0,0.13190555168297158,1.77,1.77,37100681,37100681,https://www.sedar.com/ModifyCompanyDocumentSearchForm.do?lang=EN&company_search=Badger Daylighting Ltd&document_selection=0&industry_group=A&FromDate=13&FromMonth=05&FromYear=2000&ToDate=13&ToMonth=11&ToYear=2020&Variable=Issuer,https://www.sedar.com/ModifyCompanyDocumentSearchForm.do?lang=EN&company_search=Badger Daylighting Ltd&document_selection=0&industry_group=A&FromDate=13&FromMonth=05&FromYear=2000&ToDate=13&ToMonth=11&ToYear=2020&Variable=Issuer,1620589092,15:38:12,20210509
4,2016-12-31,BAD.TO,CAD,2016-12-31,2016-12-31,FY,404202000.0,284297000.0,119905000.0,0.29664623133977563,0.0,22046000.0,0.0,0.0,65471000.0,349768000.0,4952000.0,43425000.0,97859000.0,0.24210419542703895,54434000.0,0.1346702886180672,-2351000.0,47131000.0,0.1166025897942118,18219000.0,28912000.0,0.07152859213957377,0.78,0.78,37100681,37100681,https://www.sedar.com/ModifyCompanyDocumentSearchForm.do?lang=EN&company_search=Badger Daylighting Ltd&document_selection=0&industry_group=A&FromDate=13&FromMonth=05&FromYear=2000&ToDate=13&ToMonth=11&ToYear=2020&Variable=Issuer,https://www.sedar.com/ModifyCompanyDocumentSearchForm.do?lang=EN&company_search=Badger Daylighting Ltd&document_selection=0&industry_group=A&FromDate=13&FromMonth=05&FromYear=2000&ToDate=13&ToMonth=11&ToYear=2020&Variable=Issuer,1620589092,15:38:12,20210509
5,2015-12-31,BAD.TO,CAD,2015-12-31,2015-12-31,FY,404620000.0,283105000.0,121515000.0,0.3003188176560724,0.0,15466000.0,0.0,0.0,59108000.0,342213000.0,5915000.0,43642000.0,106049000.0,0.26209529929316394,62407000.0,0.15423607335277545,-15249000.0,41243000.0,0.10193020611932184,2755000.0,38488000.0,0.09512134842568336,1.04,1.04,37073547,37073547,https://www.sedar.com/ModifyCompanyDocumentSearchForm.do?lang=EN&company_search=Badger Daylighting Ltd&document_selection=0&industry_group=A&FromDate=13&FromMonth=05&FromYear=2000&ToDate=13&ToMonth=11&ToYear=2020&Variable=Issuer,https://www.sedar.com/ModifyCompanyDocumentSearchForm.do?lang=EN&company_search=Badger Daylighting Ltd&document_selection=0&industry_group=A&FromDate=13&FromMonth=05&FromYear=2000&ToDate=13&ToMonth=11&ToYear=2020&Variable=Issuer,1620589092,15:38:12,20210509
6,2014-12-31,BAD.TO,CAD,2014-12-31,2014-12-31,FY,422219000.0,282645000.0,139574000.0,0.3305725227903055,0.0,21846000.0,0.0,0.0,56733000.0,339378000.0,5806000.0,34887000.0,117728000.0,0.27883160160959125,82841000.0,0.196203865766344,-3516000.0,73519000.0,0.17412527621921325,20417000.0,53102000.0,0.12576885455178474,1.43,1.43,37033893,37033893,https://www.sedar.com/ModifyCompanyDocumentSearchForm.do?lang=EN&company_search=Badger Daylighting Ltd&document_selection=0&industry_group=A&FromDate=13&FromMonth=05&FromYear=2000&ToDate=13&ToMonth=11&ToYear=2020&Variable=Issuer,https://www.sedar.com/ModifyCompanyDocumentSearchForm.do?lang=EN&company_search=Badger Daylighting Ltd&document_selection=0&industry_group=A&FromDate=13&FromMonth=05&FromYear=2000&ToDate=13&ToMonth=11&ToYear=2020&Variable=Issuer,1620589092,15:38:12,20210509
7,2013-12-31,BAD.TO,CAD,2013-12-31,2013-12-31,FY,324594000.0,214711000.0,109883000.0,0.3385244336001282,0.0,25724000.0,0.0,0.0,50120000.0,264831000.0,1645000.0,24396000.0,84159000.0,0.2592746631176177,59763000.0,0.18411615741510934,-291000.0,57827000.0,0.17815178345872074,17464000.0,40363000.0,0.12434918698435585,1.09,1.09,37006770,37006770,https://www.sedar.com/ModifyCompanyDocumentSearchForm.do?lang=EN&company_search=Badger Daylighting Ltd&document_selection=0&industry_group=A&FromDate=13&FromMonth=05&FromYear=2000&ToDate=13&ToMonth=11&ToYear=2020&Variable=Issuer,https://www.sedar.com/ModifyCompanyDocumentSearchForm.do?lang=EN&company_search=Badger Daylighting Ltd&document_selection=0&industry_group=A&FromDate=13&FromMonth=05&FromYear=2000&ToDate=13&ToMonth=11&ToYear=2020&Variable=Issuer,1620589092,15:38:12,20210509
8,2012-12-31,BAD.TO,CAD,2012-12-31,2012-12-31,FY,239228701.0,163673403.0,75555298.0,0.3158287349476516,0.0,14060502.0,0.0,0.0,32474984.0,196148387.0,1246636.0,18414482.0,61494796.0,0.25705442425154496,43080314.0,0.18008003981094226,174804.0,42008482.0,0.1755996743885676,13958723.0,28049759.0,0.11725081013586242,0.8043855015508571,0.8031210899406,34871040,34925940,https://www.sedar.com/ModifyCompanyDocumentSearchForm.do?lang=EN&company_search=Badger Daylighting Ltd&document_selection=0&industry_group=A&FromDate=13&FromMonth=05&FromYear=2000&ToDate=13&ToMonth=11&ToYear=2020&Variable=Issuer,https://www.sedar.com/ModifyCompanyDocumentSearchForm.do?lang=EN&company_search=Badger Daylighting Ltd&document_selection=0&industry_group=A&FromDate=13&FromMonth=05&FromYear=2000&ToDate=13&ToMonth=11&ToYear=2020&Variable=Issuer,1620589092,15:38:12,20210509
9,2011-12-31,BAD.TO,CAD,2011-12-31,2011-12-31,FY,194178089.0,129398617.0,64779472.0,0.3336085566276224,0.0,11974119.0,0.0,1062039.0,26745936.0,156144553.0,1243454.0,14771817.0,52805353.0,0.2719429018585099,38033536.0,0.1958693496051452,976762.0,35813320.0,0.18443543339228147,10010164.0,25803156.0,0.1328839733302762,0.796667,0.793333,32440893,32509767,https://www.sedar.com/ModifyCompanyDocumentSearchForm.do?lang=EN&company_search=Badger Daylighting Ltd&document_selection=0&industry_group=A&FromDate=13&FromMonth=05&FromYear=2000&ToDate=13&ToMonth=11&ToYear=2020&Variable=Issuer,https://www.sedar.com/ModifyCompanyDocumentSearchForm.do?lang=EN&company_search=Badger Daylighting Ltd&document_selection=0&industry_group=A&FromDate=13&FromMonth=05&FromYear=2000&ToDate=13&ToMonth=11&ToYear=2020&Variable=Issuer,1620589092,15:38:12,20210509
10,2010-12-31,BAD.TO,CAD,2010-12-31,2010-12-31,FY,139610783.0,92403644.0,47207139.0,0.3381339033103195,0.0,12224084.0,0.0,0.0,25687756.0,118091400.0,984724.0,13171872.0,34691255.0,0.2484854984303039,21519383.0,0.1541384020459222,984724.0,20534659.0,0.14708505001365116,1971931.0,18562728.0,0.13296056078992122,0.573333,0.57,32425305,32566189,https://www.sedar.com/ModifyCompanyDocumentSearchForm.do?lang=EN&company_search=Badger Daylighting Ltd&document_selection=0&industry_group=A&FromDate=13&FromMonth=05&FromYear=2000&ToDate=13&ToMonth=11&ToYear=2020&Variable=Issuer,https://www.sedar.com/ModifyCompanyDocumentSearchForm.do?lang=EN&company_search=Badger Daylighting Ltd&document_selection=0&industry_group=A&FromDate=13&FromMonth=05&FromYear=2000&ToDate=13&ToMonth=11&ToYear=2020&Variable=Issuer,1620589092,15:38:12,20210509
11,2009-12-31,BAD.TO,CAD,2009-12-31,2009-12-31,FY,134970474.0,88279551.0,46690923.0,0.3459343485746372,0.0,11487400.0,0.0,0.0,23583519.0,111863070.0,1481160.0,13836620.0,36944024.0,0.27371930248981713,23107404.0,0.17120339964131712,1481160.0,21626244.0,0.16022944395972114,1973116.0,19653128.0,0.14561057257604357,0.606667,0.606667,32425509,32425509,https://www.sedar.com/ModifyCompanyDocumentSearchForm.do?lang=EN&company_search=Badger Daylighting Ltd&document_selection=0&industry_group=A&FromDate=13&FromMonth=05&FromYear=2000&ToDate=13&ToMonth=11&ToYear=2020&Variable=Issuer,https://www.sedar.com/ModifyCompanyDocumentSearchForm.do?lang=EN&company_search=Badger Daylighting Ltd&document_selection=0&industry_group=A&FromDate=13&FromMonth=05&FromYear=2000&ToDate=13&ToMonth=11&ToYear=2020&Variable=Issuer,1620589092,15:38:12,20210509
12,2008-12-31,BAD.TO,CAD,2008-12-31,2008-12-31,FY,148345556.0,96179154.0,52166402.0,0.35165463264703395,0.0,11232411.0,0.0,0.0,24289748.0,120468902.0,1708864.0,12506492.0,40383146.0,0.27222349687374525,27876654.0,0.1879170145144085,1708864.0,26167790.0,0.17639753225907218,7185900.0,18981890.0,0.1279572540750732,0.586667,0.583333,32343039,32540383,https://www.sedar.com/ModifyCompanyDocumentSearchForm.do?lang=EN&company_search=Badger Daylighting Ltd&document_selection=0&industry_group=A&FromDate=13&FromMonth=05&FromYear=2000&ToDate=13&ToMonth=11&ToYear=2020&Variable=Issuer,https://www.sedar.com/ModifyCompanyDocumentSearchForm.do?lang=EN&company_search=Badger Daylighting Ltd&document_selection=0&industry_group=A&FromDate=13&FromMonth=05&FromYear=2000&ToDate=13&ToMonth=11&ToYear=2020&Variable=Issuer,1620589092,15:38:12,20210509
13,2007-12-31,BAD.TO,CAD,2007-12-31,2007-12-31,FY,117687718.0,74894917.0,42792801.0,0.36361314270704104,0.0,9690948.0,0.0,0.0,20118304.0,95013221.0,1178295.0,10427356.0,33101853.0,0.281268543247648,22674497.0,0.19266663833179262,-713678.0,20782524.0,0.17659042381975662,4059679.0,16722845.0,0.1420950740161348,0.516667,0.516667,32366797,32366797,https://www.sedar.com/ModifyCompanyDocumentSearchForm.do?lang=EN&company_search=Badger Daylighting Ltd&document_selection=0&industry_group=A&FromDate=13&FromMonth=05&FromYear=2000&ToDate=13&ToMonth=11&ToYear=2020&Variable=Issuer,https://www.sedar.com/ModifyCompanyDocumentSearchForm.do?lang=EN&company_search=Badger Daylighting Ltd&document_selection=0&industry_group=A&FromDate=13&FromMonth=05&FromYear=2000&ToDate=13&ToMonth=11&ToYear=2020&Variable=Issuer,1620589092,15:38:12,20210509
14,2006-12-31,BAD.TO,CAD,2006-12-31,2006-12-31,FY,98370896.0,61987817.0,36383079.0,0.3698561310247698,0.0,7613620.0,0.0,0.0,16249888.0,78237705.0,432407.0,8636268.0,28769459.0,0.2924590521163902,20133191.0,0.2046661341785481,131584.0,19832368.0,0.2016080853833028,3335913.0,16496455.0,0.16769650039580813,0.51,0.51,32345990,32345990,https://www.sedar.com/ModifyCompanyDocumentSearchForm.do?lang=EN&company_search=Badger Daylighting Ltd&document_selection=0&industry_group=A&FromDate=13&FromMonth=05&FromYear=2000&ToDate=13&ToMonth=11&ToYear=2020&Variable=Issuer,https://www.sedar.com/ModifyCompanyDocumentSearchForm.do?lang=EN&company_search=Badger Daylighting Ltd&document_selection=0&industry_group=A&FromDate=13&FromMonth=05&FromYear=2000&ToDate=13&ToMonth=11&ToYear=2020&Variable=Issuer,1620589092,15:38:12,20210509
15,2005-12-31,BAD.TO,CAD,2005-12-31,2005-12-31,FY,83331679.0,52383444.0,30948235.0,0.37138619275869866,0.0,6142778.0,0.0,0.0,13455868.0,65839312.0,274470.0,7313090.0,24805457.0,0.29767139337250126,17492367.0,0.20991257118436316,-237817.0,16980080.0,0.2037650051428821,2199086.0,14780994.0,0.17737544925741866,0.463333,0.46,31901426,32132596,https://www.sedar.com/ModifyCompanyDocumentSearchForm.do?lang=EN&company_search=Badger Daylighting Ltd&document_selection=0&industry_group=A&FromDate=13&FromMonth=05&FromYear=2000&ToDate=13&ToMonth=11&ToYear=2020&Variable=Issuer,https://www.sedar.com/ModifyCompanyDocumentSearchForm.do?lang=EN&company_search=Badger Daylighting Ltd&document_selection=0&industry_group=A&FromDate=13&FromMonth=05&FromYear=2000&ToDate=13&ToMonth=11&ToYear=2020&Variable=Issuer,1620589092,15:38:12,20210509
16,2004-12-31,BAD.TO,CAD,2004-12-31,2004-12-31,FY,0.0,0.0,0.0,0.0,0.0,0.0,0.0,0.0,0.0,0.0,0.0,0.0,0.0,0.0,0.0,0.0,0.0,0.0,0.0,0.0,0.0,0.0,0.0,0.0,35825820,35825820,https://www.sedar.com/ModifyCompanyDocumentSearchForm.do?lang=EN&company_search=Badger Daylighting Ltd&document_selection=0&industry_group=A&FromDate=13&FromMonth=05&FromYear=2000&ToDate=13&ToMonth=11&ToYear=2020&Variable=Issuer,https://www.sedar.com/ModifyCompanyDocumentSearchForm.do?lang=EN&company_search=Badger Daylighting Ltd&document_selection=0&industry_group=A&FromDate=13&FromMonth=05&FromYear=2000&ToDate=13&ToMonth=11&ToYear=2020&Variable=Issuer,1620589092,15:38:12,20210509
17,2003-11-30,BAD.TO,CAD,2003-11-30,2003-11-30,FY,63686858.0,43387652.0,20299206.0,0.3187346124062205,0.0,6024137.0,0.0,0.0,12072451.0,55460103.0,944682.0,6048314.0,14275069.0,0.2241446579135683,8226755.0,0.1291750803595932,-718628.0,6563445.0,0.10305807518405131,2584099.0,3979346.0,0.06248300080999443,0.13333333333333333,0.13160518569963953,29845095,30237000,https://www.sedar.com/ModifyCompanyDocumentSearchForm.do?lang=EN&company_search=Badger Daylighting Ltd&document_selection=0&industry_group=A&FromDate=13&FromMonth=05&FromYear=2000&ToDate=13&ToMonth=11&ToYear=2020&Variable=Issuer,https://www.sedar.com/ModifyCompanyDocumentSearchForm.do?lang=EN&company_search=Badger Daylighting Ltd&document_selection=0&industry_group=A&FromDate=13&FromMonth=05&FromYear=2000&ToDate=13&ToMonth=11&ToYear=2020&Variable=Issuer,1620589092,15:38:12,20210509
18,2002-11-30,BAD.TO,CAD,2002-11-30,2002-11-30,FY,50084908.0,33480253.0,16604655.0,0.3315301088303886,0.0,7869978.0,0.0,0.0,13158275.0,46638528.0,1081795.0,5288297.0,8734677.0,0.17439738533611762,3446380.0,0.06881074833959963,-3060.0,2361525.0,0.0471504310240522,1776607.0,513544.0,0.010253467970830654,0.02,0.017026191897089052,25677200,30162000,https://www.sedar.com/ModifyCompanyDocumentSearchForm.do?lang=EN&company_search=Badger Daylighting Ltd&document_selection=0&industry_group=A&FromDate=13&FromMonth=05&FromYear=2000&ToDate=13&ToMonth=11&ToYear=2020&Variable=Issuer,https://www.sedar.com/ModifyCompanyDocumentSearchForm.do?lang=EN&company_search=Badger Daylighting Ltd&document_selection=0&industry_group=A&FromDate=13&FromMonth=05&FromYear=2000&ToDate=13&ToMonth=11&ToYear=2020&Variable=Issuer,1620589092,15:38:12,20210509
19,2001-11-30,BAD.TO,CAD,2001-11-30,2001-11-30,FY,58102194.0,39546378.0,18555816.0,0.31936515168428925,0.0,7347693.0,0.0,0.0,15119822.0,54666200.0,1455517.0,7772129.0,11208123.0,0.19290361049016497,3435994.0,0.05913707836919205,-82380.0,1898097.0,0.0326682500147929,40385.0,-5376703.0,-0.0925387258181679,-0.18,-0.18,30161919,30161919,https://www.sedar.com/ModifyCompanyDocumentSearchForm.do?lang=EN&company_search=Badger Daylighting Ltd&document_selection=0&industry_group=A&FromDate=13&FromMonth=05&FromYear=2000&ToDate=13&ToMonth=11&ToYear=2020&Variable=Issuer,https://www.sedar.com/ModifyCompanyDocumentSearchForm.do?lang=EN&company_search=Badger Daylighting Ltd&document_selection=0&industry_group=A&FromDate=13&FromMonth=05&FromYear=2000&ToDate=13&ToMonth=11&ToYear=2020&Variable=Issuer,1620589092,15:38:12,20210509
20,2000-11-30,BAD.TO,CAD,2000-11-30,2000-11-30,FY,77110017.0,56658661.0,20451356.0,0.26522307730784184,0.0,10709061.0,0.0,0.0,17251617.0,73910278.0,2954055.0,6542556.0,9742295.0,0.12634279408860719,3199739.0,0.041495763125042495,1692378.0,1938062.0,0.02513372549249989,532634.0,1405428.0,0.018226270135564878,0.046667,0.046667,30853320,30853320,https://www.sedar.com/ModifyCompanyDocumentSearchForm.do?lang=EN&company_search=Badger Daylighting Ltd&document_selection=0&industry_group=A&FromDate=13&FromMonth=05&FromYear=2000&ToDate=13&ToMonth=11&ToYear=2020&Variable=Issuer,https://www.sedar.com/ModifyCompanyDocumentSearchForm.do?lang=EN&company_search=Badger Daylighting Ltd&document_selection=0&industry_group=A&FromDate=13&FromMonth=05&FromYear=2000&ToDate=13&ToMonth=11&ToYear=2020&Variable=Issuer,1620589092,15:38:12,20210509
21,1999-11-30,BAD.TO,CAD,1999-11-30,1999-11-30,FY,58800000.0,48000000.0,10800000.0,0.1836734693877551,0.0,8400000.0,0.0,0.0,18500000.0,66500000.0,0.0,10100000.0,2400000.0,0.04081632653061224,-7700000.0,-0.13095238095238096,-6000000.0,-15900000.0,-0.27040816326530615,-4200000.0,-11700000.0,-0.1989795918367347,-0.413333,-0.413333,28306452,28306452,https://www.sedar.com/ModifyCompanyDocumentSearchForm.do?lang=EN&company_search=Badger Daylighting Ltd&document_selection=0&industry_group=A&FromDate=13&FromMonth=05&FromYear=2000&ToDate=13&ToMonth=11&ToYear=2020&Variable=Issuer,https://www.sedar.com/ModifyCompanyDocumentSearchForm.do?lang=EN&company_search=Badger Daylighting Ltd&document_selection=0&industry_group=A&FromDate=13&FromMonth=05&FromYear=2000&ToDate=13&ToMonth=11&ToYear=2020&Variable=Issuer,1620589092,15:38:12,20210509
22,1998-11-30,BAD.TO,CAD,1998-11-30,1998-11-30,FY,75900000.0,50800000.0,25100000.0,0.33069828722002637,0.0,2800000.0,0.0,0.0,9700000.0,60500000.0,1400000.0,6900000.0,22300000.0,0.2938076416337286,15400000.0,0.2028985507246377,-500000.0,13500000.0,0.17786561264822134,6300000.0,7200000.0,0.09486166007905138,0.293333,0.286667,24545455,25116279,https://www.sedar.com/ModifyCompanyDocumentSearchForm.do?lang=EN&company_search=Badger Daylighting Ltd&document_selection=0&industry_group=A&FromDate=13&FromMonth=05&FromYear=2000&ToDate=13&ToMonth=11&ToYear=2020&Variable=Issuer,https://www.sedar.com/ModifyCompanyDocumentSearchForm.do?lang=EN&company_search=Badger Daylighting Ltd&document_selection=0&industry_group=A&FromDate=13&FromMonth=05&FromYear=2000&ToDate=13&ToMonth=11&ToYear=2020&Variable=Issuer,1620589092,15:38:12,20210509
23,1997-11-30,BAD.TO,CAD,1997-11-30,1997-11-30,FY,26100000.0,19100000.0,7000000.0,0.2681992337164751,0.0,1400000.0,0.0,0.0,3100000.0,22200000.0,100000.0,1700000.0,5600000.0,0.21455938697318008,3900000.0,0.14942528735632185,0.0,3800000.0,0.14559386973180077,1600000.0,2200000.0,0.0842911877394636,0.113333,0.113333,19411765,19411765,https://www.sedar.com/ModifyCompanyDocumentSearchForm.do?lang=EN&company_search=Badger Daylighting Ltd&document_selection=0&industry_group=A&FromDate=13&FromMonth=05&FromYear=2000&ToDate=13&ToMonth=11&ToYear=2020&Variable=Issuer,https://www.sedar.com/ModifyCompanyDocumentSearchForm.do?lang=EN&company_search=Badger Daylighting Ltd&document_selection=0&industry_group=A&FromDate=13&FromMonth=05&FromYear=2000&ToDate=13&ToMonth=11&ToYear=2020&Variable=Issuer,1620589092,15:38:12,20210509
