,date,symbol,reportedCurrency,fillingDate,acceptedDate,period,revenue,costOfRevenue,grossProfit,grossProfitRatio,researchAndDevelopmentExpenses,generalAndAdministrativeExpenses,sellingAndMarketingExpenses,otherExpenses,operatingExpenses,costAndExpenses,interestExpense,depreciationAndAmortization,ebitda,ebitdaratio,operatingIncome,operatingIncomeRatio,totalOtherIncomeExpensesNet,incomeBeforeTax,incomeBeforeTaxRatio,incomeTaxExpense,netIncome,netIncomeRatio,eps,epsdiluted,weightedAverageShsOut,weightedAverageShsOutDil,link,finalLink,timestamp,est_time,est_date
0,2020-06-30,ZER.AX,AUD,2020-06-30,2020-06-30,FY,0.0,0.0,0.0,0.0,0.0,267132.4494,0.0,-14957875.5647,2188338.9188,0.0,6461473.1167,0.0,-17024910.3891,0.0,-2188338.9188,0.0,-14969060.1778,-23497568.1189,0.0,9094339.2103,-32591907.3292,0.0,-0.11308700179607319,-0.11308700179607319,288202064,288202064,,,1620600139,18:42:19,20210509
1,2019-06-30,ZER.AX,AUD,2019-06-30,2019-06-30,FY,0.0,0.0,0.0,0.0,0.0,213888.4928,0.0,-62819359.7606,1939307.0013,0.0,4727141.0238,0.0,-64697300.7272,0.0,-1939307.0013,0.0,-62819359.7606,-69424441.751,0.0,0.0,-69424441.751,0.0,-0.2567,-0.2567,288202064,288202064,,,1620600139,18:42:19,20210509
2,2018-06-30,ZER.AX,AUD,2018-06-30,2018-06-30,FY,0.0,0.0,0.0,0.0,0.0,202949.5332,0.0,47218312.8129,2035317.2777,0.0,2948200.5141,0.0,45183133.5408,0.0,-2035317.2777,0.0,47218312.8129,42234933.0267,0.0,0.0,42234933.0267,0.0,0.203,0.203,201443782,201443782,,,1620600139,18:42:19,20210509
3,2017-06-30,ZER.AX,AUD,2017-06-30,2017-06-30,FY,0.0,0.0,0.0,0.0,0.0,195007.8003,0.0,18243111.0244,1465929.5372,0.0,3415387.4155,0.0,16777199.688,0.0,-1465929.5372,0.0,18243111.0244,13361812.2725,0.0,0.0,13361812.2725,0.0,0.0717,0.0717,186461440,186461440,,,1620600139,18:42:19,20210509
4,2016-06-30,ZER.AX,AUD,2016-06-30,2016-06-30,FY,0.0,0.0,0.0,0.0,0.0,201992.9976,0.0,-3533930.7838,1352467.0077,0.0,4539609.4802,0.0,-4852379.4775,0.0,-1352467.0077,0.0,-3533930.7838,-9391988.9577,0.0,0.0,-9391988.9577,0.0,-0.0673,-0.0673,145959570,145959570,,,1620600139,18:42:19,20210509
5,2015-06-30,ZER.AX,AUD,2015-06-30,2015-06-30,FY,0.0,0.0,0.0,0.0,0.0,195312.5,0.0,-63164013.0209,2043067.7084,0.0,4120205.7292,0.0,-65205332.0312,0.0,-2043067.7084,0.0,-63164013.0209,-69325537.7604,0.0,0.0,-69325537.7604,0.0,-0.7422,-0.7422,93230720,93230720,,,1620600139,18:42:19,20210509
6,2014-06-30,ZER.AX,AUD,2014-06-30,2014-06-30,FY,0.0,0.0,0.0,0.0,0.0,162773.8854,0.0,37954336.518,5231700.6371,0.0,1744200.6369,0.0,32727578.5562,0.0,-5231700.6371,0.0,37954336.518,30983377.9193,0.0,0.0,30983377.9193,0.0,0.4671,0.4671,67077239,67077239,,,1620600139,18:42:19,20210509
7,2013-06-30,ZER.AX,AUD,2013-06-30,2013-06-30,FY,0.0,0.0,0.0,0.0,0.0,19335.8491,0.0,-6799506.1995,643607.5472,0.0,0.0,6354.717,-637252.8302000001,0.0,-643607.5472,0.0,-10070092.7224,-10657816.7116,0.0,-589152.5607,-10068664.1509,0.0,-0.200966,-0.200966,51605386,51605386,,,1620600139,18:42:19,20210509
8,2012-12-31,ZER.AX,AUD,2012-12-31,2012-12-31,FY,0.0,0.0,0.0,0.0,0.0,0.0,0.0,0.0,0.0,0.0,0.0,0.0,0.0,0.0,0.0,0.0,0.0,0.0,0.0,0.0,0.0,0.0,0.0,0.0,82645457,82645457,,,1620600139,18:42:19,20210509
