,date,symbol,reportedCurrency,fillingDate,acceptedDate,period,revenue,costOfRevenue,grossProfit,grossProfitRatio,researchAndDevelopmentExpenses,generalAndAdministrativeExpenses,sellingAndMarketingExpenses,otherExpenses,operatingExpenses,costAndExpenses,interestExpense,depreciationAndAmortization,ebitda,ebitdaratio,operatingIncome,operatingIncomeRatio,totalOtherIncomeExpensesNet,incomeBeforeTax,incomeBeforeTaxRatio,incomeTaxExpense,netIncome,netIncomeRatio,eps,epsdiluted,weightedAverageShsOut,weightedAverageShsOutDil,link,finalLink,timestamp,est_time,est_date
0,2020-12-31,ABCE,USD,2021-04-15,2021-04-15 13:02:18,FY,1161106.0,784730.0,376376.0,0.32415300584098267,0.0,0.0,305163.0,541477.0,846640.0,1631370.0,37657.0,13486.0,-456778.0,-0.39339905228290956,-470264.0,-0.4050138402523112,0.0,-524759.0,-0.45194753967338036,0.0,-524759.0,-0.45194753967338036,-0.06327022415059297,-0.06327022415059297,8293933.0,8293933.0,https://www.sec.gov/Archives/edgar/data/1300938/000118518521000536/0001185185-21-000536-index.htm,https://www.sec.gov/Archives/edgar/data/1300938/000118518521000536/abcoenergy20201231_10k.htm,1620586045,14:47:25,20210509
1,2019-12-31,ABCE,USD,2019-12-31,2019-12-31,FY,2352167.0,1701353.0,650814.0,0.27668698693587657,0.0,1050578.0,0.0,0.0,1113398.0,2814751.0,306356.0,10213.0,-452371.0,-0.192320953401693,-462584.0,-0.19666290701297995,-293165.0,-1381077.0,-0.587150912328929,0.0,-1381077.0,-0.587150912328929,-0.015065,-0.015065,91673588.0,91673588.0,,,1620586045,14:47:25,20210509
2,2018-12-31,ABCE,USD,2018-12-31,2018-12-31,FY,2867442.0,2040339.0,827103.0,0.2884462876668473,0.0,1016860.0,0.0,0.0,1016860.0,3057199.0,71712.0,18610.0,-171147.0,-0.059686298798720255,-189757.0,-0.0661764039168011,-309551.0,-640268.0,-0.2232889104644488,0.0,-640268.0,-0.2232889104644488,-0.01,-0.01,20431605.0,20431605.0,,,1620586045,14:47:25,20210509
3,2017-12-31,ABCE,USD,2018-04-17,2018-04-17,FY,1447056.0,1151593.0,295463.0,0.2041821463716677,0.0,834457.0,0.0,-109889.0,834457.0,1986050.0,102231.0,7785.0,-531209.0,-0.3670963666920976,-538994.0,-0.3724762552382216,348930.0,-599936.0,-0.41459072765670435,0.0,-599936.0,-0.41459072765670435,-0.2,-0.2,4725256.0,4725256.0,https://www.sec.gov/Archives/edgar/data/1300938/000118518518000715/0001185185-18-000715-index.htm,https://www.sec.gov/Archives/edgar/data/1300938/000118518518000715/abcoenergy10k123117.htm,1620586045,14:47:25,20210509
4,2016-12-31,ABCE,USD,2017-04-17,2017-04-17,FY,806548.0,864721.0,-58173.0,-0.07212589951249027,0.0,745731.0,0.0,-540634.0,745731.0,1610452.0,113326.0,12785.0,-791119.0,-0.9808703263785913,-803904.0,-0.9967218318066625,-193160.0,-1923384.0,-2.384711139324628,0.0,-1923384.0,-2.384711139324628,-5.4,-5.4,351117.0,351117.0,https://www.sec.gov/Archives/edgar/data/1300938/000118518517000938/0001185185-17-000938-index.htm,https://www.sec.gov/Archives/edgar/data/1300938/000118518517000938/abcoenergy10k123116.htm,1620586045,14:47:25,20210509
5,2015-12-31,ABCE,USD,2016-04-11,2016-04-11,FY,1889435.0,1311084.0,578351.0,0.30609732539092377,0.0,733038.0,0.0,0.0,733038.0,2044122.0,60136.0,16148.0,-138539.0,-0.07332297750385697,-154687.0,-0.0818694477449608,0.0,-214823.0,-0.1136969517342486,0.0,-214823.0,-0.1136969517342486,-2.0,-2.0,136743.0,136743.0,https://www.sec.gov/Archives/edgar/data/1300938/000118518516004190/0001185185-16-004190-index.htm,https://www.sec.gov/Archives/edgar/data/1300938/000118518516004190/abcoenergy10k123115.htm,1620586045,14:47:25,20210509
6,2014-12-31,ABCE,USD,2015-06-26,2015-06-26,FY,1315660.0,1081347.0,234313.0,0.17809540458781145,0.0,837862.0,0.0,0.0,837862.0,1919209.0,33638.0,13538.0,-590011.0,-0.4484524877247921,-603549.0,-0.45874238025021663,0.0,-637187.0,-0.48430977608196646,0.0,-637187.0,-0.48430977608196646,-6.0,-6.0,101335.0,101335.0,https://www.sec.gov/Archives/edgar/data/1300938/000118518515001702/0001185185-15-001702-index.htm,https://www.sec.gov/Archives/edgar/data/1300938/000118518515001702/abcoenergy10k123114.htm,1620586045,14:47:25,20210509
7,2013-12-31,ABCE,USD,2013-12-31,2013-12-31,FY,823147.0,776853.0,46294.0,0.056240258422857646,0.0,667955.0,0.0,0.0,667955.0,1444808.0,4923.0,14639.0,-607022.0,-0.7374405786572751,-621661.0,-0.7552247654428674,0.0,-626584.0,-0.7612054711977326,0.0,-626584.0,-0.7612054711977326,-6.0,-6.0,94585.0,94585.0,,,1620586045,14:47:25,20210509
