,date,symbol,reportedCurrency,fillingDate,acceptedDate,period,revenue,costOfRevenue,grossProfit,grossProfitRatio,researchAndDevelopmentExpenses,generalAndAdministrativeExpenses,sellingAndMarketingExpenses,otherExpenses,operatingExpenses,costAndExpenses,interestExpense,depreciationAndAmortization,ebitda,ebitdaratio,operatingIncome,operatingIncomeRatio,totalOtherIncomeExpensesNet,incomeBeforeTax,incomeBeforeTaxRatio,incomeTaxExpense,netIncome,netIncomeRatio,eps,epsdiluted,weightedAverageShsOut,weightedAverageShsOutDil,link,finalLink,timestamp,est_time,est_date
0,2020-06-30,EZL.AX,AUD,2020-06-30,2020-06-30,FY,64361996.0,0.0,0.0,0.0,0.0,27444866.0,0.0,-21036260.0,0.0,0.0,0.0,1331240.0,0.0,0.0,0.0,0.09310168068746656,0.0,5992210.0,0.09310168068746656,-1979426.0,-1354726.0,-0.02104853926531427,-0.008806316587837334,-0.008806316587837334,153835714.0,153835714.0,,,1620591918,16:25:18,20210509
1,2019-06-30,EZL.AX,AUD,2019-06-30,2019-06-30,FY,42557125.0,0.0,0.0,0.0,0.0,24978245.0,0.0,-12944304.0,0.0,0.0,0.0,385708.0,0.0,0.0,0.0,-0.06646421721392129,0.0,-2828526.0,-0.06646421721392129,-818926.0,-107685.0,-0.0025303635995147697,-0.0007,-0.0007,153835714.0,153835714.0,,,1620591918,16:25:18,20210509
2,2018-06-30,EZL.AX,AUD,2018-06-30,2018-06-30,FY,86700123.0,0.0,0.0,0.0,0.0,28049408.0,0.0,-9129057.0,0.0,0.0,0.0,309412.0,0.0,0.0,0.0,0.49492940165725025,0.0,42910440.0,0.49492940165725025,13577115.0,31263812.0,0.36059708934899665,0.1991,0.1942,156988680.0,160987703.0,,,1620591918,16:25:18,20210509
3,2017-06-30,EZL.AX,AUD,2017-06-30,2017-06-30,FY,65422297.0,0.0,0.0,0.0,0.0,27412316.0,0.0,-7228981.0,0.0,0.0,0.0,236178.0,0.0,0.0,0.0,0.3688898297166179,0.0,24133620.0,0.3688898297166179,6202258.0,19371167.0,0.29609426584334086,0.123,0.1203,157436897.0,161023832.0,,,1620591918,16:25:18,20210509
4,2016-06-30,EZL.AX,AUD,2016-06-30,2016-06-30,FY,36162673.0,0.0,0.0,0.0,0.0,20335224.0,0.0,-8595758.0,0.0,0.0,0.0,165793.0,0.0,0.0,0.0,0.057755050352610825,0.0,2088577.0,0.057755050352610825,-472441.0,3560417.0,0.09845558153292484,0.0224,0.0224,159130663.0,159130663.0,,,1620591918,16:25:18,20210509
5,2015-06-30,EZL.AX,AUD,2015-06-30,2015-06-30,FY,33518616.0,0.0,0.0,0.0,0.0,16173740.0,0.0,-24963668.0,0.0,0.0,0.0,116253.0,0.0,0.0,0.0,-0.3645419906358902,0.0,-12218943.0,-0.3645419906358902,-5088291.0,-7130652.0,-0.2127370652773969,-0.0466,-0.0466,152973466.0,152973466.0,,,1620591918,16:25:18,20210509
6,2014-06-30,EZL.AX,AUD,2014-06-30,2014-06-30,FY,74524888.0,0.0,0.0,0.0,0.0,15255163.0,0.0,-18341027.0,0.0,0.0,0.0,845543.0,0.0,0.0,0.0,0.48016214395384266,0.0,35784030.0,0.48016214395384266,9236930.0,26547100.0,0.3562179120618068,0.1829,0.1827,145166494.0,145304324.0,,,1620591918,16:25:18,20210509
7,2013-06-30,EZL.AX,AUD,2013-06-30,2013-06-30,FY,24145008.0,0.0,0.0,0.0,0.0,13272400.0,0.0,831090.0,0.0,0.0,0.0,1199457.0,0.0,0.0,0.0,0.3348509555267076,0.0,8084979.0,0.3348509555267076,1780447.0,6304532.0,0.2611111994661588,0.0438,0.0435,143803394.0,144931770.0,,,1620591918,16:25:18,20210509
8,2012-06-30,EZL.AX,AUD,2012-06-30,2012-06-30,FY,44939824.0,0.0,0.0,0.0,0.0,22555320.0,0.0,739193.0,0.0,0.0,0.0,1190337.0,0.0,0.0,0.0,0.3756662019860158,0.0,16882373.0,0.3756662019860158,5122184.0,11760189.0,0.2616874734533896,0.082,0.0811,143457112.0,145008496.0,,,1620591918,16:25:18,20210509
9,2011-06-30,EZL.AX,AUD,2011-06-30,2011-06-30,FY,54408251.0,0.0,0.0,0.0,0.0,24747944.0,0.0,2541945.0,0.0,0.0,0.0,1145045.0,0.0,0.0,0.0,0.6324246482394739,0.0,34409119.0,0.6324246482394739,7843079.0,26566040.0,0.48827226591055095,0.1938,0.1666,137062530.0,159460024.0,,,1620591918,16:25:18,20210509
10,2010-06-30,EZL.AX,AUD,2010-06-30,2010-06-30,FY,61340926.0,0.0,0.0,0.0,0.0,18924567.0,0.0,-3493350.0,0.0,0.0,0.0,185064.0,0.0,0.0,0.0,0.5461687193962478,0.0,33502495.0,0.5461687193962478,7170745.0,26331750.0,0.4292688701830161,0.2007,0.1849,131232079.0,142410763.0,,,1620591918,16:25:18,20210509
11,2009-06-30,EZL.AX,AUD,2009-06-30,2009-06-30,FY,36352123.0,0.0,0.0,0.0,0.0,15078611.0,0.0,-1995071.0,0.0,0.0,0.0,204515.0,0.0,0.0,0.0,0.3978341787630945,0.0,14462117.0,0.3978341787630945,4127061.0,10335056.0,0.28430405563933636,0.0807,0.0782,128005776.0,132161841.0,,,1620591918,16:25:18,20210509
12,2008-06-30,EZL.AX,AUD,2008-06-30,2008-06-30,FY,112527273.0,0.0,0.0,0.0,0.0,28584854.0,0.0,0.0,0.0,0.0,0.0,200685.0,0.0,0.0,0.0,0.5278668487771849,0.0,59399417.0,0.5278668487771849,17467790.0,41931627.0,0.3726352366150382,0.333,0.333,125830136.0,125830136.0,,,1620591918,16:25:18,20210509
13,2007-06-30,EZL.AX,AUD,2007-06-30,2007-06-30,FY,58804850.0,0.0,0.0,0.0,0.0,21268929.0,0.0,1603665.0,0.0,0.0,0.0,315323.0,0.0,0.0,0.0,0.5372634910215739,0.0,31593699.0,0.5372634910215739,9422523.0,22171176.0,0.3770297177868832,0.2215,0.2215,100000000.0,100000000.0,,,1620591918,16:25:18,20210509
14,2006-06-30,EZL.AX,AUD,2006-06-30,2006-06-30,FY,44765131.0,0.0,0.0,0.0,0.0,18923883.0,0.0,793888.0,0.0,0.0,0.0,286128.0,0.0,0.0,0.0,0.538531653129754,0.0,24107440.0,0.538531653129754,7292933.0,16814507.0,0.3756161687542029,0.1756,0.16815,95750274.0,99997068.0,,,1620591918,16:25:18,20210509
15,2005-06-30,EZL.AX,AUD,2005-06-30,2005-06-30,FY,27203176.0,0.0,0.0,0.0,0.0,12670214.0,0.0,10945877.0,0.0,0.0,0.0,199399.0,0.0,0.0,0.0,0.48766835166599665,0.0,13266128.0,0.48766835166599665,13266128.0,9227516.0,0.33920730432358337,0.10755,0.1015,85811048.0,90911488.0,,,1620591918,16:25:18,20210509
16,2004-06-30,EZL.AX,AUD,2004-06-30,2004-06-30,FY,21691715.0,0.0,0.0,0.0,0.0,9819088.0,0.0,5685458.0,0.0,0.0,0.0,193701.0,0.0,0.0,0.0,0.414985813708137,0.0,9001754.0,0.414985813708137,9001754.0,6185712.0,0.28516472763910095,0.1015,0.0885,61005188.0,69895051.0,,,1620591918,16:25:18,20210509
17,2003-06-30,EZL.AX,AUD,2003-06-30,2003-06-30,FY,7780175.0,0.0,0.0,0.0,0.0,3957870.0,0.0,4307.0,0.0,0.0,0.0,175518.0,0.0,0.0,0.0,0.13584655872136553,0.0,1056910.0,0.13584655872136553,1056910.0,718714.0,0.09237761361408965,0.0145,0.014,48921798.0,51336714.0,,,1620591918,16:25:18,20210509
18,2002-06-30,EZL.AX,AUD,2002-06-30,2002-06-30,FY,6638262.0,0.0,0.0,0.0,0.0,3762325.0,0.0,-915832.0,0.0,0.0,0.0,116526.0,0.0,0.0,0.0,0.2777201321671245,0.0,1843579.0,0.2777201321671245,1843579.0,1247744.0,0.18796245161760713,0.0335,0.03,37191678.0,41600000.0,,,1620591918,16:25:18,20210509
19,2001-06-30,EZL.AX,AUD,2001-06-30,2001-06-30,FY,4654089.0,0.0,0.0,0.0,0.0,2126372.0,0.0,-1372810.0,0.0,0.0,7414.0,93671.0,0.0,0.0,0.0,0.22802228320085843,0.0,1061236.0,0.22802228320085843,1061236.0,758964.0,0.16307466402125098,0.035,0.023,21643732.0,33000000.0,,,1620591918,16:25:18,20210509
20,2000-06-30,EZL.AX,AUD,2000-06-30,2000-06-30,FY,-49633.0,0.0,0.0,0.0,0.0,0.0,0.0,0.0,0.0,0.0,49633.0,0.0,0.0,0.0,0.0,9.771724457518184,0.0,-485000.0,9.771724457518184,-485000.0,-485000.0,9.771724457518184,-0.0435,-0.0435,11133912.0,11133912.0,,,1620591918,16:25:18,20210509
21,1999-06-30,EZL.AX,AUD,1999-06-30,1999-06-30,FY,-56887.0,0.0,0.0,0.0,0.0,0.0,0.0,0.0,0.0,0.0,56887.0,0.0,0.0,0.0,0.0,3.364828519696943,0.0,-191415.0,3.364828519696943,-191415.0,-191415.0,3.364828519696943,-0.0155,-0.0155,12322581.0,12322581.0,,,1620591918,16:25:18,20210509
22,1998-06-30,EZL.AX,AUD,1998-06-30,1998-06-30,FY,-57565.0,0.0,0.0,0.0,0.0,0.0,0.0,0.0,0.0,0.0,57565.0,0.0,0.0,0.0,0.0,-4.1721879614349,0.0,240172.0,-4.1721879614349,240172.0,240172.0,-4.1721879614349,0.025,0.025,9600000.0,9600000.0,,,1620591918,16:25:18,20210509
23,1997-06-30,EZL.AX,AUD,1997-06-30,1997-06-30,FY,-75220.0,0.0,0.0,0.0,0.0,0.0,0.0,0.0,0.0,0.0,75220.0,0.0,0.0,0.0,0.0,-4.123610741823983,0.0,310178.0,-4.123610741823983,310178.0,310178.0,-4.123610741823983,0.03,0.03,10333333.0,10333333.0,,,1620591918,16:25:18,20210509
24,1996-06-30,EZL.AX,AUD,1996-06-30,1996-06-30,FY,-102389.0,0.0,0.0,0.0,0.0,0.0,0.0,0.0,0.0,0.0,102389.0,0.0,0.0,0.0,0.0,-3.128158298254695,0.0,320289.0,-3.128158298254695,320289.0,320289.0,-3.128158298254695,0.0325,0.0325,9855046.0,9855046.0,,,1620591918,16:25:18,20210509
25,1995-06-30,EZL.AX,AUD,1995-06-30,1995-06-30,FY,-108000.0,0.0,0.0,0.0,0.0,0.0,0.0,0.0,0.0,0.0,108000.0,0.0,0.0,0.0,0.0,-2.9166666666666665,0.0,315000.0,-2.9166666666666665,315000.0,315000.0,-2.9166666666666665,0.032,0.032,9843749.0,9843749.0,,,1620591918,16:25:18,20210509
26,1994-06-30,EZL.AX,AUD,1994-06-30,1994-06-30,FY,-95000.0,0.0,0.0,0.0,0.0,0.0,0.0,0.0,0.0,0.0,95000.0,0.0,0.0,0.0,0.0,3.7473684210526317,0.0,-356000.0,3.7473684210526317,-356000.0,-356000.0,3.7473684210526317,-0.0365,-0.0365,9753424.0,9753424.0,,,1620591918,16:25:18,20210509
27,1993-06-30,EZL.AX,AUD,1993-06-30,1993-06-30,FY,-97000.0,0.0,0.0,0.0,0.0,0.0,0.0,0.0,0.0,0.0,97000.0,0.0,0.0,0.0,0.0,8.907216494845361,0.0,-864000.0,8.907216494845361,-864000.0,-864000.0,8.907216494845361,-0.088,-0.088,9818181.0,9818181.0,,,1620591918,16:25:18,20210509
28,1992-06-30,EZL.AX,AUD,1992-06-30,1992-06-30,FY,-150000.0,0.0,0.0,0.0,0.0,0.0,0.0,0.0,0.0,0.0,150000.0,0.0,0.0,0.0,0.0,-0.46,0.0,69000.0,-0.46,69000.0,69000.0,-0.46,0.007,0.007,9806000.0,9806000.0,,,1620591918,16:25:18,20210509
29,1991-06-30,EZL.AX,AUD,1991-06-30,1991-06-30,FY,-138000.0,0.0,0.0,0.0,0.0,0.0,0.0,0.0,0.0,0.0,138000.0,0.0,0.0,0.0,0.0,8.528985507246377,0.0,-1177000.0,8.528985507246377,-1177000.0,-1177000.0,8.528985507246377,-0.0076510191905112485,-0.0076510191905112485,153835714.0,153835714.0,,,1620591918,16:25:18,20210509
30,1990-06-30,EZL.AX,AUD,1990-06-30,1990-06-30,FY,-223000.0,0.0,0.0,0.0,0.0,0.0,0.0,0.0,0.0,0.0,223000.0,0.0,0.0,0.0,0.0,0.42152466367713004,0.0,-94000.0,0.42152466367713004,-94000.0,-94000.0,0.42152466367713004,-0.0006110414646627505,-0.0006110414646627505,153835714.0,153835714.0,,,1620591918,16:25:18,20210509
31,1989-06-30,EZL.AX,AUD,1989-06-30,1989-06-30,FY,-225000.0,0.0,0.0,0.0,0.0,0.0,0.0,0.0,0.0,0.0,225000.0,0.0,0.0,0.0,0.0,-0.3511111111111111,0.0,79000.0,-0.3511111111111111,79000.0,79000.0,-0.3511111111111111,0.0005135348479612478,0.0005135348479612478,153835714.0,153835714.0,,,1620591918,16:25:18,20210509
