,date,symbol,reportedCurrency,fillingDate,acceptedDate,period,revenue,costOfRevenue,grossProfit,grossProfitRatio,researchAndDevelopmentExpenses,generalAndAdministrativeExpenses,sellingAndMarketingExpenses,otherExpenses,operatingExpenses,costAndExpenses,interestExpense,depreciationAndAmortization,ebitda,ebitdaratio,operatingIncome,operatingIncomeRatio,totalOtherIncomeExpensesNet,incomeBeforeTax,incomeBeforeTaxRatio,incomeTaxExpense,netIncome,netIncomeRatio,eps,epsdiluted,weightedAverageShsOut,weightedAverageShsOutDil,link,finalLink,timestamp,est_time,est_date
0,2020-12-31,1349.HK,CNY,2020-12-31,2020-12-31,FY,833802693,62838517.0,770964176.0,0.9246362268585285,128782724,17428932,408773264.0,-499371.0,0.0,665862069,5601026.0,32284106.0,200224730.0,0.240134424703759,167940624.0,0.20141530533531152,0.0,176701110.0,0.2119219708492834,12441826.0,164662782.0,0.19748410910925182,0.17,0.17,989410959,989410959,https://www1.hkexnews.hk/search/titlesearch.xhtml,https://www1.hkexnews.hk/search/titlesearch.xhtml,1620585189,14:33:09,20210509
1,2019-12-31,1349.HK,CNY,2019-12-31,2019-12-31,FY,1029294769,73340503.0,955954266.0,0.9287468418097051,127821947,13391383,443457999.0,1063862.0,706097897.0,779438400,6298820.0,24096208.0,273952577.0,0.26615560989021214,249856369.0,0.2427452043137703,0.0,246311582.0,0.239301305533012,25657487.0,227357983.0,0.22088714510896343,0.25,0.25,923000000,923000000,https://www1.hkexnews.hk/search/titlesearch.xhtml,https://www1.hkexnews.hk/search/titlesearch.xhtml,1620585189,14:33:09,20210509
2,2018-12-31,1349.HK,CNY,2018-12-31,2018-12-31,FY,740422000,76297000.0,664125000.0,0.8969547096115459,114284000,93579000,350469000.0,1605000.0,530871000.0,607168000,6491000.0,53217000.0,186471000.0,0.2518442185672495,133254000.0,0.17997034123783465,0.0,143070000.0,0.19322764585601185,13304000.0,150982000.0,0.2039134439549338,0.1636,0.1636,923000000,923000000,https://www1.hkexnews.hk/search/titlesearch.xhtml,https://www1.hkexnews.hk/search/titlesearch.xhtml,1620585189,14:33:09,20210509
3,2017-12-31,1349.HK,CNY,2017-12-31,2017-12-31,FY,497694000,54791000.0,442903000.0,0.8899102661474722,110426000,54509000,253003000.0,965000.0,382930000.0,437721000,6079000.0,42607000.0,102580000.0,0.20611058200420337,59973000.0,0.12050175408986244,0.0,70496000.0,0.14164526797590488,10337000.0,75287000.0,0.1512716649186046,0.0816,0.0816,923000000,923000000,https://www1.hkexnews.hk/search/titlesearch.xhtml,https://www1.hkexnews.hk/search/titlesearch.xhtml,1620585189,14:33:09,20210509
4,2016-12-31,1349.HK,CNY,2016-12-31,2016-12-31,FY,621870000,46512000.0,575358000.0,0.9252062328139322,95046000,36485000,349838000.0,1031000.0,431871000.0,478383000,4062000.0,30114000.0,173601000.0,0.27915963143422257,143487000.0,0.23073471947513147,0.0,150838000.0,0.24255551803431585,20830000.0,138708000.0,0.22304983356650104,0.1503,0.1503,923000000,923000000,https://www1.hkexnews.hk/search/titlesearch.xhtml,https://www1.hkexnews.hk/search/titlesearch.xhtml,1620585189,14:33:09,20210509
5,2015-12-31,1349.HK,CNY,2015-12-31,2015-12-31,FY,579463000,50014000.0,529449000.0,0.9136890534857273,110116000,28876000,309038000.0,2871000.0,391890000.0,441904000,7129000.0,28298000.0,165857000.0,0.2862253500223483,137559000.0,0.23739048049659772,0.0,145950000.0,0.25187112895905345,18903000.0,127723000.0,0.2204161439125535,0.1384,0.1384,923000000,923000000,https://www1.hkexnews.hk/search/titlesearch.xhtml,https://www1.hkexnews.hk/search/titlesearch.xhtml,1620585189,14:33:09,20210509
6,2014-12-31,1349.HK,CNY,2014-12-31,2014-12-31,FY,470900000,36821000.0,434079000.0,0.9218071777447441,105071000,22650000,258025000.0,931000.0,312687000.0,349508000,1870000.0,24393000.0,145785000.0,0.3095880229348057,121392000.0,0.2577872159694203,0.0,128099000.0,0.2720301550222977,17605000.0,118258000.0,0.25113187513272456,0.1281,0.1281,923000000,923000000,https://www1.hkexnews.hk/search/titlesearch.xhtml,https://www1.hkexnews.hk/search/titlesearch.xhtml,1620585189,14:33:09,20210509
7,2013-12-31,1349.HK,CNY,2013-12-31,2013-12-31,FY,415925000,32407000.0,383518000.0,0.9220845104285629,68108000,20772000,232057000.0,75000.0,279352000.0,311759000,5440000.0,14838000.0,119004000.0,0.28611889162709625,104166000.0,0.2504441906593737,0.0,98946000.0,0.23789385105487768,15405000.0,87218000.0,0.20969645969826292,0.1009,0.1009,864352000,864352000,https://www1.hkexnews.hk/search/titlesearch.xhtml,https://www1.hkexnews.hk/search/titlesearch.xhtml,1620585189,14:33:09,20210509
8,2012-12-31,1349.HK,CNY,2012-12-31,2012-12-31,FY,232527000,23557000.0,208970000.0,0.8986913347697256,45312000,16810000,126620000.0,24000.0,146924000.0,170481000,6166000.0,9786000.0,71832000.0,0.308918964249313,62046000.0,0.2668335290095344,0.0,57700000.0,0.248143226378012,5264000.0,53159000.0,0.228614311456304,0.0749,0.0749,710000000,710000000,https://www1.hkexnews.hk/search/titlesearch.xhtml,https://www1.hkexnews.hk/search/titlesearch.xhtml,1620585189,14:33:09,20210509
9,2011-12-31,1349.HK,CNY,2011-12-31,2011-12-31,FY,133890000,23034000.0,110856000.0,0.8279632534169841,32891000,17371000,54596000.0,0.0,68367000.0,91401000,4862000.0,6824000.0,49313000.0,0.3683098065576219,42489000.0,0.31734259466726417,0.0,37627000.0,0.2810292030771529,5255000.0,30826000.0,0.2302337739935768,0.0434,0.0434,710000000,710000000,https://www1.hkexnews.hk/search/titlesearch.xhtml,https://www1.hkexnews.hk/search/titlesearch.xhtml,1620585189,14:33:09,20210509
10,2010-12-31,1349.HK,CNY,2010-12-31,2010-12-31,FY,92390000,18700000.0,73690000.0,0.7975971425478948,23819000,11124000,52646000.0,0.0,66758000.0,85458000,2946000.0,7724000.0,14656000.0,0.15863188656781038,6932000.0,0.0750297651260959,0.0,3986000.0,0.04314319731572681,2801000.0,3681000.0,0.03984197423963633,0.0052,0.0052,710000000,710000000,https://www1.hkexnews.hk/search/titlesearch.xhtml,https://www1.hkexnews.hk/search/titlesearch.xhtml,1620585189,14:33:09,20210509
11,2009-12-31,1349.HK,CNY,2009-12-31,2009-12-31,FY,61905000,16185000.0,45720000.0,0.7385510055730555,22108000,11848000,30483000.0,0.0,50770000.0,66955000,2545000.0,5303000.0,253000.0,0.004086907358048623,-5050000.0,-0.08157660932073338,0.0,-7595000.0,-0.12268798966157822,879000.0,-7320000.0,-0.11824569905500364,-0.0103,-0.0103,710000000,710000000,https://www1.hkexnews.hk/search/titlesearch.xhtml,https://www1.hkexnews.hk/search/titlesearch.xhtml,1620585189,14:33:09,20210509
12,2008-12-31,1349.HK,CNY,2008-12-31,2008-12-31,FY,31990000,12209000.0,19781000.0,0.6183494842138169,16004000,12156000,21701000.0,0.0,42014000.0,54223000,1483000.0,6171000.0,-16062000.0,-0.5020944045014067,-22233000.0,-0.6949984370115662,0.0,-23130000.0,-0.7230384495154736,1069000.0,-23402000.0,-0.7315411065958112,-0.033,-0.033,710000000,710000000,https://www1.hkexnews.hk/search/titlesearch.xhtml,https://www1.hkexnews.hk/search/titlesearch.xhtml,1620585189,14:33:09,20210509
13,2007-12-31,1349.HK,CNY,2007-12-31,2007-12-31,FY,24927000,10880000.0,14047000.0,0.5635254944437759,15863000,11309000,18987000.0,-943000.0,41991000.0,52871000,1252000.0,6865000.0,-21079000.0,-0.8456292373731296,-27944000.0,-1.1210334175793317,-213000.0,-28947000.0,-1.1612709110602961,1709000.0,-29550000.0,-1.1854615477193404,-0.0416,-0.0416,710000000,710000000,https://www1.hkexnews.hk/search/titlesearch.xhtml,https://www1.hkexnews.hk/search/titlesearch.xhtml,1620585189,14:33:09,20210509
14,2006-12-31,1349.HK,CNY,2006-12-31,2006-12-31,FY,19764000,9413000.0,10351000.0,0.5237300141671727,15570000,10726000,0.0,-448000.0,31660000.0,41073000,0.0,6134000.0,-15175000.0,-0.7678101598866626,-21309000.0,-1.0781724347298118,0.0,-21757000.0,-1.1008399109492006,273000.0,-22030000.0,-1.1146529042703905,-0.0295,-0.0295,710000000,710000000,https://www1.hkexnews.hk/search/titlesearch.xhtml,https://www1.hkexnews.hk/search/titlesearch.xhtml,1620585189,14:33:09,20210509
15,2005-12-31,1349.HK,CNY,2005-12-31,2005-12-31,FY,20117000,12093000.0,8024000.0,0.39886663021325247,24438000,12417000,0.0,-2900000.0,39781000.0,51874000,0.0,0.0,-31757000.0,-1.5786151016553165,-31757000.0,-1.5786151016553165,0.0,-34657000.0,-1.722771785057414,-4301000.0,-30356000.0,-1.5089725108117513,-0.041,-0.041,710000000,710000000,https://www1.hkexnews.hk/search/titlesearch.xhtml,https://www1.hkexnews.hk/search/titlesearch.xhtml,1620585189,14:33:09,20210509
