,date,symbol,reportedCurrency,fillingDate,acceptedDate,period,revenue,costOfRevenue,grossProfit,grossProfitRatio,researchAndDevelopmentExpenses,generalAndAdministrativeExpenses,sellingAndMarketingExpenses,otherExpenses,operatingExpenses,costAndExpenses,interestExpense,depreciationAndAmortization,ebitda,ebitdaratio,operatingIncome,operatingIncomeRatio,totalOtherIncomeExpensesNet,incomeBeforeTax,incomeBeforeTaxRatio,incomeTaxExpense,netIncome,netIncomeRatio,eps,epsdiluted,weightedAverageShsOut,weightedAverageShsOutDil,link,finalLink,timestamp,est_time,est_date
0,2020-12-31,0387.HK,HKD,2020-12-31,2020-12-31,FY,617937000,525003000,92934000,0.1503939722010496,0.0,91423000,17691000,6160000.0,0.0,619397000,5691000.0,0.0,1528000.0,0.002472743985228268,-1460000.0,-0.002362700404733816,0.0,6301000.0,0.010196832363169709,4132000.0,4451000.0,0.007202999658541243,0.019345781393974165,0.019345781393974165,230076000,230076000,https://www1.hkexnews.hk/search/titlesearch.xhtml,https://www1.hkexnews.hk/search/titlesearch.xhtml,1620584707,14:25:07,20210509
1,2019-12-31,0387.HK,HKD,2019-12-31,2019-12-31,FY,690896000,576073000,114823000,0.1661943331557861,0.0,136688000,27041000,2609000.0,0.0,729612000,8635000.0,12167000.0,-26549000.0,-0.038426912299390936,-38716000.0,-0.056037377550311476,0.0,-43720000.0,-0.06328014636066788,2357000.0,-43413000.0,-0.06283579583613164,-0.1887,-0.1887,230076000,230076000,https://www1.hkexnews.hk/search/titlesearch.xhtml,https://www1.hkexnews.hk/search/titlesearch.xhtml,1620584707,14:25:07,20210509
2,2018-12-31,0387.HK,HKD,2018-12-31,2018-12-31,FY,814836000,676903000,137933000,0.16927700788870398,0.0,117326000,26841000,2679000.0,0.0,810278000,6323000.0,10413000.0,14971000.0,0.018373022301420162,4558000.0,0.0055937636530541115,0.0,25172000.0,0.03089210589615579,5395000.0,19210000.0,0.023575296133209626,0.0835,0.083494,230076000,230076000,https://www1.hkexnews.hk/search/titlesearch.xhtml,https://www1.hkexnews.hk/search/titlesearch.xhtml,1620584707,14:25:07,20210509
3,2017-12-31,0387.HK,HKD,2017-12-31,2017-12-31,FY,614370000,510322000,104048000,0.16935722772921855,0.0,90553000,17392000,6714000.0,0.0,608725000,3882000.0,9259000.0,14904000.0,0.02425899702133893,5645000.0,0.009188274167032896,0.0,32901000.0,0.053552419551735925,4870000.0,28031000.0,0.045625600208343504,0.1225,0.1225,228895000,228895000,https://www1.hkexnews.hk/search/titlesearch.xhtml,https://www1.hkexnews.hk/search/titlesearch.xhtml,1620584707,14:25:07,20210509
4,2016-12-31,0387.HK,HKD,2016-12-31,2016-12-31,FY,715113000,581518000,133595000,0.186816628980315,0.0,100800000,34070000,1625000.0,0.0,697954000,3507000.0,8752000.0,25911000.0,0.03623343443623595,17159000.0,0.023994809211970697,0.0,25513000.0,0.03567687903869738,1840000.0,23673000.0,0.03310385911037836,0.1057,0.105,224069000,225457143,https://www1.hkexnews.hk/search/titlesearch.xhtml,https://www1.hkexnews.hk/search/titlesearch.xhtml,1620584707,14:25:07,20210509
5,2015-12-31,0387.HK,HKD,2015-12-31,2015-12-31,FY,674980000,551570000,123410000,0.1828350469643545,0.0,107391000,28074000,1511000.0,0.0,670929000,3023000.0,9354000.0,13405000.0,0.019859847699191087,4051000.0,0.006001659308423953,0.0,22472000.0,0.03329283830632019,1014000.0,21458000.0,0.03179057157249104,0.0963,0.0956,222930000,224561000,https://www1.hkexnews.hk/search/titlesearch.xhtml,https://www1.hkexnews.hk/search/titlesearch.xhtml,1620584707,14:25:07,20210509
6,2014-12-31,0387.HK,HKD,2014-12-31,2014-12-31,FY,678215000,547041000,131174000,0.19341064411727846,0.0,112048000,34508000,1617000.0,0.0,671510000,3661000.0,8898000.0,15603000.0,0.023005978929985328,6705000.0,0.009886245512116365,0.0,23563000.0,0.03474267009724055,998000.0,22565000.0,0.033271160325265586,0.1017,0.1017,221934000,221934000,https://www1.hkexnews.hk/search/titlesearch.xhtml,https://www1.hkexnews.hk/search/titlesearch.xhtml,1620584707,14:25:07,20210509
7,2013-12-31,0387.HK,HKD,2013-12-31,2013-12-31,FY,745599000,607635000,137964000,0.18503780182108615,0.0,131019000,33044000,1056000.0,0.0,771698000,5363000.0,11324000.0,-14775000.0,-0.019816281942438226,-26099000.0,-0.035004070552669735,0.0,4819000.0,0.006463259741496434,-1674000.0,6493000.0,0.008708434426548319,0.0293,0.0293,221934000,221934000,https://www1.hkexnews.hk/search/titlesearch.xhtml,https://www1.hkexnews.hk/search/titlesearch.xhtml,1620584707,14:25:07,20210509
8,2012-12-31,0387.HK,HKD,2012-12-31,2012-12-31,FY,930630000,795081000,135549000,0.145652944779343,0.0,136198000,32515000,0.0,0.0,940887000,5341000.0,11888000.0,1631000.0,0.0017525762118135028,-10257000.0,-0.011021566035911158,0.0,-4117000.0,-0.004423884895178535,1150000.0,15134000.0,0.016262102016913273,0.0683,0.0683,221696000,221696000,https://www1.hkexnews.hk/search/titlesearch.xhtml,https://www1.hkexnews.hk/search/titlesearch.xhtml,1620584707,14:25:07,20210509
9,2011-12-31,0387.HK,HKD,2011-12-31,2011-12-31,FY,1025831000,860162000,165669000,0.16149736165118816,0.0,125282000,38419000,0.0,0.0,996160000,2772000.0,10854000.0,40525000.0,0.03950455776828737,29671000.0,0.02892386757662812,0.0,27784000.0,0.027084383295104163,4815000.0,32604000.0,0.03178301299141866,0.0493,0.0487,218338000,219208000,https://www1.hkexnews.hk/search/titlesearch.xhtml,https://www1.hkexnews.hk/search/titlesearch.xhtml,1620584707,14:25:07,20210509
10,2010-12-31,0387.HK,HKD,2010-12-31,2010-12-31,FY,1075961000,893706000,182255000,0.16938810979208355,0.0,146706000,31251000,0.0,0.0,1046915000,3227000.0,12075000.0,41121000.0,0.0382179279732258,29046000.0,0.026995402249709793,0.0,25819000.0,0.023996222911425228,1500000.0,25199000.0,0.02341999384736064,0.117,0.116,215444000,217251000,https://www1.hkexnews.hk/search/titlesearch.xhtml,https://www1.hkexnews.hk/search/titlesearch.xhtml,1620584707,14:25:07,20210509
11,2009-12-31,0387.HK,HKD,2009-12-31,2009-12-31,FY,758562000,621803000,136759000,0.18028717494417068,0.0,155555000,35981000,0.0,0.0,789439000,5320000.0,12305000.0,-18572000.0,-0.02448316683408871,-30877000.0,-0.04070464905966816,0.0,-36197000.0,-0.04771791890445343,-919000.0,-34348000.0,-0.045280412148248926,-0.1594,-0.1594,215444000,215444000,https://www1.hkexnews.hk/search/titlesearch.xhtml,https://www1.hkexnews.hk/search/titlesearch.xhtml,1620584707,14:25:07,20210509
12,2008-12-31,0387.HK,HKD,2008-12-31,2008-12-31,FY,1037212000,843060000,194152000,0.18718641897702687,0.0,166245000,39783000,0.0,0.0,1020656000,10550000.0,12469000.0,29025000.0,0.02798367161197518,16556000.0,0.015962021264698055,0.0,6006000.0,0.005790523056038688,85000.0,7896000.0,0.007612715626120793,0.0371,0.0371,212680000,212680000,https://www1.hkexnews.hk/search/titlesearch.xhtml,https://www1.hkexnews.hk/search/titlesearch.xhtml,1620584707,14:25:07,20210509
13,2007-12-31,0387.HK,HKD,2007-12-31,2007-12-31,FY,846236000,666051000,180185000,0.2129252359861788,0.0,132303000,31525000,0.0,0.0,808563000,11042000.0,11592000.0,49265000.0,0.05821662042267169,37673000.0,0.04451831404005502,0.0,26631000.0,0.03146994455447417,3548000.0,23406000.0,0.027658950930945978,0.1115,0.1115,209918000,209918000,https://www1.hkexnews.hk/search/titlesearch.xhtml,https://www1.hkexnews.hk/search/titlesearch.xhtml,1620584707,14:25:07,20210509
14,2006-12-31,0387.HK,HKD,2006-12-31,2006-12-31,FY,881172000,691899000,189273000,0.21479688414974601,0.0,122627000,35775000,0.0,0.0,834751000,10806000.0,12223000.0,58644000.0,0.06655227356293664,46421000.0,0.05268097488345068,0.0,35615000.0,0.040417761799058524,4376000.0,30858000.0,0.035019269790687854,0.1503,0.1503,205319000,205319000,https://www1.hkexnews.hk/search/titlesearch.xhtml,https://www1.hkexnews.hk/search/titlesearch.xhtml,1620584707,14:25:07,20210509
15,2005-12-31,0387.HK,HKD,2005-12-31,2005-12-31,FY,800213000,613194000,187019000,0.23371152430665335,0.0,113586000,28658000,0.0,0.0,734796000,0.0,0.0,65417000.0,0.0817494841998318,65417000.0,0.0817494841998318,0.0,57770000.0,0.07219327853958883,5393000.0,52377000.0,0.06545382291964764,0.2517,0.2515,203090981,203252485,https://www1.hkexnews.hk/search/titlesearch.xhtml,https://www1.hkexnews.hk/search/titlesearch.xhtml,1620584707,14:25:07,20210509
16,2004-12-31,0387.HK,HKD,2004-12-31,2004-12-31,FY,661266000,510223000,151043000,0.22841488901591794,0.0,94286000,25120000,0.0,0.0,611084000,0.0,0.0,50182000.0,0.07588776679883738,50182000.0,0.07588776679883738,0.0,47846000.0,0.07235514906255576,3217000.0,44629000.0,0.06749023842145219,0.2173,0.2171,199958583,200142791,https://www1.hkexnews.hk/search/titlesearch.xhtml,https://www1.hkexnews.hk/search/titlesearch.xhtml,1620584707,14:25:07,20210509
17,2003-12-31,0387.HK,HKD,2003-12-31,2003-12-31,FY,519675000,389475000,130200000,0.2505412036368884,0.0,80502000,24723000,0.0,0.0,482744000,0.0,0.0,36931000.0,0.07106556982729591,36931000.0,0.07106556982729591,0.0,34216000.0,0.0658411507191995,2978000.0,31238000.0,0.06011064607687497,0.1742,0.1741,178117107,178219414,https://www1.hkexnews.hk/search/titlesearch.xhtml,https://www1.hkexnews.hk/search/titlesearch.xhtml,1620584707,14:25:07,20210509
18,2002-12-31,0387.HK,HKD,2002-12-31,2002-12-31,FY,451967000,328819000,123148000,0.27247122024395587,0.0,73877000,23482000,0.0,0.0,417887000,0.0,0.0,34080000.0,0.07540373522845695,34080000.0,0.07540373522845695,0.0,31366000.0,0.06939887204154285,3162000.0,28204000.0,0.06240278604411384,0.1785,0.1785,158005602,158005602,https://www1.hkexnews.hk/search/titlesearch.xhtml,https://www1.hkexnews.hk/search/titlesearch.xhtml,1620584707,14:25:07,20210509
