,date,symbol,reportedCurrency,fillingDate,acceptedDate,period,revenue,costOfRevenue,grossProfit,grossProfitRatio,researchAndDevelopmentExpenses,generalAndAdministrativeExpenses,sellingAndMarketingExpenses,otherExpenses,operatingExpenses,costAndExpenses,interestExpense,depreciationAndAmortization,ebitda,ebitdaratio,operatingIncome,operatingIncomeRatio,totalOtherIncomeExpensesNet,incomeBeforeTax,incomeBeforeTaxRatio,incomeTaxExpense,netIncome,netIncomeRatio,eps,epsdiluted,weightedAverageShsOut,weightedAverageShsOutDil,link,finalLink,timestamp,est_time,est_date
0,2021-03-31,SUPPETRO.NS,INR,2021-03-31,2021-03-31,FY,31784941000,22945038000,8839903000,0.2781160738980135,0.0,0.0,0.0,212788000.0,0.0,25487190000,72703000.0,391433000,6689184000,0.21045135808180357,6297751000,0.20254358817277654,0.0,6437836000,0.20254358817277654,1662919000,4774917000,0.1502257625710238,49.48000122443111,49.48000122443111,96501958,96501958,https://www.nseindia.com/companies-listing/corporate-filings-annual-reports,https://www.nseindia.com/companies-listing/corporate-filings-annual-reports,1620598449,18:14:09,20210509
1,2020-03-31,SUPPETRO.NS,INR,2020-03-31,2020-03-31,FY,27138277000,23570178000,3568099000,0.13147846490033246,0.0,109731000.0,47790000.0,12127000.0,2317218000.0,25887396000,49143000.0,360309000,1611190000,0.059369649738633,1250881000,0.046092867281146845,0.0,1178979000,0.043443399151685276,152451000,1026528000,0.037825835442684884,10.64,10.64,96501958,96501958,https://www.nseindia.com/companies-listing/corporate-filings-annual-reports,https://www.nseindia.com/companies-listing/corporate-filings-annual-reports,1620598449,18:14:09,20210509
2,2019-03-31,SUPPETRO.NS,INR,2019-03-31,2019-03-31,FY,31768094000,28781697000,2986397000,0.0940061748747029,0.0,90076000.0,68944000.0,15613000.0,2110078000.0,30891775000,27950000.0,232720000,1109039000,0.034910467086882835,876319000,0.027584878085540793,0.0,761630000,0.023974683529959337,269561000,492069000,0.015489408964856375,5.1,5.1,96501958,96501958,https://www.nseindia.com/companies-listing/corporate-filings-annual-reports,https://www.nseindia.com/companies-listing/corporate-filings-annual-reports,1620598449,18:14:09,20210509
3,2018-03-31,SUPPETRO.NS,INR,2018-03-31,2018-03-31,FY,30027210000,26207339000,3819871000,0.12721365055228243,0.0,81957000.0,71219000.0,12651000.0,1956859000.0,28164198000,37811000.0,207468000,2070480000,0.06895345921249427,1863012000,0.062044125977738195,0.0,1789364000,0.05959141725121981,628158000,1161206000,0.038671791351910484,12.03,12.03,96501958,96501958,https://www.nseindia.com/companies-listing/corporate-filings-annual-reports,https://www.nseindia.com/companies-listing/corporate-filings-annual-reports,1620598449,18:14:09,20210509
4,2017-03-31,SUPPETRO.NS,INR,2017-03-31,2017-03-31,FY,28840820000,24157130000,4683690000,0.16239794846332387,0.0,74098000.0,82617000.0,8907000.0,1885939000.0,26043069000,36335000.0,222183000,3019934000,0.10471040698565436,2797751000,0.0970066385075043,0.0,2778484000,0.09633859231464292,984361000,1794123000,0.06220776663076847,18.59,18.59,96501958,96501958,https://www.nseindia.com/companies-listing/corporate-filings-annual-reports,https://www.nseindia.com/companies-listing/corporate-filings-annual-reports,1620598449,18:14:09,20210509
5,2015-06-30,SUPPETRO.NS,INR,2015-06-30,2015-06-30,FY,26352452000,23502467000,2849985000,0.1081487597434956,0.0,42929000.0,73320000.0,8878000.0,1827004000.0,25329471000,120619000.0,236419000,1259400000,0.04779061925622709,1022981000,0.03881919602775483,0.0,562930000,0.021361579560034868,235176000,357012000,0.013547581834130653,3.7,3.7,96501958,96501958,https://www.nseindia.com/companies-listing/corporate-filings-annual-reports,https://www.nseindia.com/companies-listing/corporate-filings-annual-reports,1620598449,18:14:09,20210509
6,2014-06-30,SUPPETRO.NS,INR,2014-06-30,2014-06-30,FY,32392509000,29798356000,2594153000,0.08008496655816319,0.0,42225000.0,74678000.0,18763000.0,1685187000.0,31483543000,181925000.0,287374000,1196340000,0.036932613030994293,908966000,0.028060993978576962,0.0,439901000,0.013580331180891237,139011000,305899000,0.009443510535105509,3.16,3.16,96804411,96804411,https://www.nseindia.com/companies-listing/corporate-filings-annual-reports,https://www.nseindia.com/companies-listing/corporate-filings-annual-reports,1620598449,18:14:09,20210509
7,2013-06-30,SUPPETRO.NS,INR,2013-06-30,2013-06-30,FY,29380638000,26198974000,3181664000,0.10829118142363008,0.0,36065000.0,73586000.0,948000.0,1573568000.0,27772542000,210972000.0,277061000,1885157000,0.06416324247281492,1608096000,0.05473318857133055,0.0,1100496000,0.037456504518383844,373845000,728233000,0.024786153384415956,7.52,7.52,96838613,96838613,https://www.nseindia.com/companies-listing/corporate-filings-annual-reports,https://www.nseindia.com/companies-listing/corporate-filings-annual-reports,1620598449,18:14:09,20210509
8,2012-06-30,SUPPETRO.NS,INR,2012-06-30,2012-06-30,FY,22492526000,20620859000,1871667000,0.08321284145675768,0.0,547826000.0,0.0,0.0,791607000.0,21412466000,319928000.0,229234000,1309294000,0.05821018057287118,1080060000,0.048018617384281335,0.0,477771000,0.02124132256199237,164024000,313747000,0.013948944640544152,3.24,3.24,96838613,96838613,https://www.nseindia.com/companies-listing/corporate-filings-annual-reports,https://www.nseindia.com/companies-listing/corporate-filings-annual-reports,1620598449,18:14:09,20210509
9,2011-06-30,SUPPETRO.NS,INR,2011-06-30,2011-06-30,FY,19434948000,16923054000,2511894000,0.12924624238768223,0.0,663209000.0,0.0,0.0,1088383000.0,18011437000,0.0,203701000,1627212000,0.08372607943175356,1423511000,0.07324490911938637,0.0,1284498000,0.06609217580618174,-407469000,877029000,0.04512638778349188,9.06,8.87,96838613,98870431,https://www.nseindia.com/companies-listing/corporate-filings-annual-reports,https://www.nseindia.com/companies-listing/corporate-filings-annual-reports,1620598449,18:14:09,20210509
10,2010-06-30,SUPPETRO.NS,INR,2010-06-30,2010-06-30,FY,16127110000,14040543000,2086567000,0.12938257381514728,0.0,601399000.0,0.0,0.0,1021566000.0,15062109000,0.0,206829000,1271830000,0.07886285887552079,1065001000,0.06603793240078352,0.0,901810000,0.055918884412644296,296061000,605749000,0.03756091450979128,6.24,5.87,96838613,103173386,https://www.nseindia.com/companies-listing/corporate-filings-annual-reports,https://www.nseindia.com/companies-listing/corporate-filings-annual-reports,1620598449,18:14:09,20210509
11,2009-06-30,SUPPETRO.NS,INR,2009-06-30,2009-06-30,FY,13949639000,12525278000,1424361000,0.10210737353131503,0.0,568382000.0,0.0,0.0,873874000.0,13399152000,0.0,204060000,754547000,0.05409079044984605,550487000,0.03946245490653916,0.0,350057000,0.025094341151050574,156699000,193358000,0.013861147231121895,1.96,1.78,97890665,111602126,https://www.nseindia.com/companies-listing/corporate-filings-annual-reports,https://www.nseindia.com/companies-listing/corporate-filings-annual-reports,1620598449,18:14:09,20210509
12,2008-06-30,SUPPETRO.NS,INR,2008-06-30,2008-06-30,FY,14812740000,13555806000,1256934000,0.08485492893279704,0.0,557020000.0,0.0,58065000.0,875750000.0,14431556000,0.0,175850000,557034000,0.03760506158887552,381184000,0.025733523980033403,0.0,275795000,0.018618770058746726,40725000,235071000,0.01586951502557933,2.29,1.96,98376520,116366541,https://www.nseindia.com/companies-listing/corporate-filings-annual-reports,https://www.nseindia.com/companies-listing/corporate-filings-annual-reports,1620598449,18:14:09,20210509
13,2007-06-30,SUPPETRO.NS,INR,2007-06-30,2007-06-30,FY,14944891000,13461105000,1483786000,0.09928382883488411,0.0,559261000.0,0.0,0.0,808609000.0,14269714000,0.0,178374000,853551000,0.05711323020020688,675177000,0.04517778015242801,0.0,461501000,0.030880185074618476,152102000,309399000,0.020702660193373107,3.33,2.73,97512800,120594118,https://www.nseindia.com/companies-listing/corporate-filings-annual-reports,https://www.nseindia.com/companies-listing/corporate-filings-annual-reports,1620598449,18:14:09,20210509
14,2006-06-30,SUPPETRO.NS,INR,2006-06-30,2006-06-30,FY,14319718000,13034629000,1285089000,0.08974261923314411,0.0,604420000.0,0.0,51229000.0,855898000.0,13890527000,0.0,174950000,604141000,0.04218944814416038,429191000,0.029972028778779025,0.0,277038000,0.01934661003799097,59667000,166142000,0.01160232345357639,1.72,1.39,97512800,120777503,https://www.nseindia.com/companies-listing/corporate-filings-annual-reports,https://www.nseindia.com/companies-listing/corporate-filings-annual-reports,1620598449,18:14:09,20210509
