,date,symbol,reportedCurrency,fillingDate,acceptedDate,period,revenue,costOfRevenue,grossProfit,grossProfitRatio,researchAndDevelopmentExpenses,generalAndAdministrativeExpenses,sellingAndMarketingExpenses,otherExpenses,operatingExpenses,costAndExpenses,interestExpense,depreciationAndAmortization,ebitda,ebitdaratio,operatingIncome,operatingIncomeRatio,totalOtherIncomeExpensesNet,incomeBeforeTax,incomeBeforeTaxRatio,incomeTaxExpense,netIncome,netIncomeRatio,eps,epsdiluted,weightedAverageShsOut,weightedAverageShsOutDil,link,finalLink,timestamp,est_time,est_date
0,2020-12-31,0662.HK,HKD,2020-12-31,2020-12-31,FY,1445529000,0.0,0.0,0.0,0.0,0.0,0.0,0.0,0.0,1073108000,383000.0,14022000.0,0.0,0.0,0.0,0.25763647771853765,-8228000.0,372421000,0.25763647771853765,27474000,337952000,0.23379122798643265,0.3491351479231256,0.3491351479231256,967969000,967969000,https://www1.hkexnews.hk/search/titlesearch.xhtml,https://www1.hkexnews.hk/search/titlesearch.xhtml,1620584845,14:27:25,20210509
1,2019-12-31,0662.HK,HKD,2019-12-31,2019-12-31,FY,1390684000,0.0,0.0,0.0,0.0,138088000.0,0.0,0.0,0.0,956425000,4022000.0,10406000.0,0.0,0.0,0.0,0.31226288646450234,454000.0,434259000,0.31226288646450234,26691000,408965000,0.29407471431324445,0.422,0.422,967969000,967969000,https://www1.hkexnews.hk/search/titlesearch.xhtml,https://www1.hkexnews.hk/search/titlesearch.xhtml,1620584845,14:27:25,20210509
2,2018-12-31,0662.HK,HKD,2018-12-31,2018-12-31,FY,1222622000,0.0,0.0,0.0,0.0,124924000.0,0.0,0.0,0.0,928435000,4348000.0,8904000.0,0.0,0.0,0.0,0.24061975001267766,136154000.0,294187000,0.24061975001267766,36893000,255889000,0.20929526869302204,0.262,0.262,975956000,975956000,https://www1.hkexnews.hk/search/titlesearch.xhtml,https://www1.hkexnews.hk/search/titlesearch.xhtml,1620584845,14:27:25,20210509
3,2017-12-31,0662.HK,HKD,2017-12-31,2017-12-31,FY,1437911000,0.0,0.0,0.0,0.0,139796000.0,0.0,0.0,0.0,933879000,3170000.0,15068000.0,0.0,0.0,0.0,0.35053073521240186,21975000.0,504032000,0.35053073521240186,34152000,468187000,0.3256022104288791,0.478,0.478,978478000,978478000,https://www1.hkexnews.hk/search/titlesearch.xhtml,https://www1.hkexnews.hk/search/titlesearch.xhtml,1620584845,14:27:25,20210509
4,2016-12-31,0662.HK,HKD,2016-12-31,2016-12-31,FY,1147138000,0.0,0.0,0.0,0.0,126857000.0,0.0,0.0,0.0,746244000,2761000.0,15563000.0,0.0,0.0,0.0,0.349473210720942,1711000.0,400894000,0.349473210720942,31856000,367271000,0.320162874911301,0.368,0.368,997454000,997454000,https://www1.hkexnews.hk/search/titlesearch.xhtml,https://www1.hkexnews.hk/search/titlesearch.xhtml,1620584845,14:27:25,20210509
5,2015-12-31,0662.HK,HKD,2015-12-31,2015-12-31,FY,1096214000,0.0,0.0,0.0,0.0,124514000.0,0.0,0.0,0.0,885487000,2440000.0,14748000.0,0.0,0.0,0.0,0.19223162630654234,-18523000.0,210727000,0.19223162630654234,23089000,186063000,0.16973236977451484,0.183,0.182558,1019200000,1019200000,https://www1.hkexnews.hk/search/titlesearch.xhtml,https://www1.hkexnews.hk/search/titlesearch.xhtml,1620584845,14:27:25,20210509
6,2014-12-31,0662.HK,HKD,2014-12-31,2014-12-31,FY,1196050000,0.0,0.0,0.0,0.0,108637000.0,0.0,0.0,0.0,931554000,2324000.0,10809000.0,0.0,0.0,0.0,0.34074913256134776,21293000.0,407553000,0.34074913256134776,33900000,365507000,0.30559508381756617,0.359,0.358621,1019200000,1019200000,https://www1.hkexnews.hk/search/titlesearch.xhtml,https://www1.hkexnews.hk/search/titlesearch.xhtml,1620584845,14:27:25,20210509
7,2013-12-31,0662.HK,HKD,2013-12-31,2013-12-31,FY,1165072000,0.0,0.0,0.0,0.0,92650000.0,0.0,0.0,0.0,940859000,2545000.0,5762000.0,0.0,0.0,0.0,0.2473812777236085,9379000.0,288217000,0.2473812777236085,13010000,270731000,0.232372763228367,0.266,0.265631,1019200000,1019200000,https://www1.hkexnews.hk/search/titlesearch.xhtml,https://www1.hkexnews.hk/search/titlesearch.xhtml,1620584845,14:27:25,20210509
8,2012-12-31,0662.HK,HKD,2012-12-31,2012-12-31,FY,1127550000,0.0,0.0,0.0,0.0,90305000.0,0.0,0.0,0.0,839906000,0.0,8020000.0,0.0,0.0,0.0,0.39468316260919695,1797000.0,445025000,0.39468316260919695,38990000,403796000,0.3581180435457408,0.396,0.396,1019200000,1019200000,https://www1.hkexnews.hk/search/titlesearch.xhtml,https://www1.hkexnews.hk/search/titlesearch.xhtml,1620584845,14:27:25,20210509
9,2011-12-31,0662.HK,HKD,2011-12-31,2011-12-31,FY,600797000,0.0,0.0,0.0,0.0,46479000.0,0.0,0.0,0.0,746009000,0.0,12316000.0,0.0,0.0,0.0,-0.24169894323706675,-100565000.0,-145212000,-0.24169894323706675,-11112000,-137516000,-0.22888929205705089,-0.135,-0.135,1019200000,1019200000,https://www1.hkexnews.hk/search/titlesearch.xhtml,https://www1.hkexnews.hk/search/titlesearch.xhtml,1620584845,14:27:25,20210509
10,2010-12-31,0662.HK,HKD,2010-12-31,2010-12-31,FY,932995000,0.0,0.0,0.0,0.0,145635000.0,0.0,0.0,0.0,619054000,0.0,13391000.0,0.0,0.0,0.0,0.33648733380136014,11779000.0,313941000,0.33648733380136014,42378000,268819000,0.28812480238372123,0.264,0.264,1019200000,1019200000,https://www1.hkexnews.hk/search/titlesearch.xhtml,https://www1.hkexnews.hk/search/titlesearch.xhtml,1620584845,14:27:25,20210509
11,2009-12-31,0662.HK,HKD,2009-12-31,2009-12-31,FY,785562000,0.0,0.0,0.0,0.0,0.0,0.0,0.0,0.0,414516000,0.0,14958000.0,0.0,0.0,0.0,0.4723319101484033,-7882000.0,371046000,0.4723319101484033,39517000,330320000,0.42048877109636157,0.324,0.324,1021079193,1021079193,https://www1.hkexnews.hk/search/titlesearch.xhtml,https://www1.hkexnews.hk/search/titlesearch.xhtml,1620584845,14:27:25,20210509
12,2008-12-31,0662.HK,HKD,2008-12-31,2008-12-31,FY,455160000,0.0,0.0,0.0,0.0,0.0,0.0,0.0,0.0,1288724000,0.0,17045000.0,0.0,0.0,0.0,-1.8313647947974339,36579000.0,-833564000,-1.8313647947974339,-60485000,-771348000,-1.6946744002109149,-0.736,-0.736,1048253603,1048253603,https://www1.hkexnews.hk/search/titlesearch.xhtml,https://www1.hkexnews.hk/search/titlesearch.xhtml,1620584845,14:27:25,20210509
13,2007-12-31,0662.HK,HKD,2007-12-31,2007-12-31,FY,733658000,0.0,0.0,0.0,0.0,0.0,0.0,0.0,0.0,150995000,0.0,12828000.0,0.0,0.0,0.0,0.794188845483863,62766000.0,582663000,0.794188845483863,61724000,520584000,0.7095731253526848,0.495,0.495,152739428,152739428,https://www1.hkexnews.hk/search/titlesearch.xhtml,https://www1.hkexnews.hk/search/titlesearch.xhtml,1620584845,14:27:25,20210509
14,2006-12-31,0662.HK,HKD,2006-12-31,2006-12-31,FY,1658922000,0.0,0.0,0.0,0.0,0.0,0.0,0.0,0.0,1209847000,0.0,13198000.0,0.0,0.0,0.0,0.27070290224615745,1199630000.0,449075000,0.27070290224615745,32764000,3093610000,1.8648314990095978,2.925,0.393,1057644444,1057644444,https://www1.hkexnews.hk/search/titlesearch.xhtml,https://www1.hkexnews.hk/search/titlesearch.xhtml,1620584845,14:27:25,20210509
15,2005-12-31,0662.HK,HKD,2005-12-31,2005-12-31,FY,1229047000,0.0,0.0,0.0,0.0,0.0,0.0,0.0,0.0,1015235000,0.0,21332000.0,0.0,0.0,0.0,0.17396568235388882,0.0,213812000,0.17396568235388882,28028000,185784000,0.15116102150690738,0.174,0.17399999998876114,1067724138,1067724138,https://www1.hkexnews.hk/search/titlesearch.xhtml,https://www1.hkexnews.hk/search/titlesearch.xhtml,1620584845,14:27:25,20210509
16,2004-12-31,0662.HK,HKD,2004-12-31,2004-12-31,FY,1173988000,0.0,0.0,0.0,0.0,0.0,0.0,0.0,0.0,896853000,0.0,24151000.0,0.0,0.0,0.0,0.2360628899102887,0.0,277135000,0.2360628899102887,37037000,264798000,0.2255542646091783,0.227,0.2270000000420056,1166511013,1166511013,https://www1.hkexnews.hk/search/titlesearch.xhtml,https://www1.hkexnews.hk/search/titlesearch.xhtml,1620584845,14:27:25,20210509
17,2003-12-31,0662.HK,HKD,2003-12-31,2003-12-31,FY,1119341000,0.0,0.0,0.0,0.0,0.0,0.0,0.0,0.0,889152000,0.0,25080000.0,0.0,0.0,0.0,0.20564689402067823,0.0,230189000,0.20564689402067823,27632000,202557000,0.18096094041047367,0.192,0.192,1054984375,1054984375,https://www1.hkexnews.hk/search/titlesearch.xhtml,https://www1.hkexnews.hk/search/titlesearch.xhtml,1620584845,14:27:25,20210509
18,2002-12-31,0662.HK,HKD,2002-12-31,2002-12-31,FY,963998000,0.0,0.0,0.0,0.0,0.0,0.0,0.0,0.0,904893000,0.0,27571000.0,0.0,0.0,0.0,0.06131236786798313,0.0,59105000,0.06131236786798313,15380000,43725000,0.04535797792111602,0.041,0.04099999998593482,1066463415,1066463415,https://www1.hkexnews.hk/search/titlesearch.xhtml,https://www1.hkexnews.hk/search/titlesearch.xhtml,1620584845,14:27:25,20210509
