,date,symbol,reportedCurrency,fillingDate,acceptedDate,period,revenue,costOfRevenue,grossProfit,grossProfitRatio,researchAndDevelopmentExpenses,generalAndAdministrativeExpenses,sellingAndMarketingExpenses,otherExpenses,operatingExpenses,costAndExpenses,interestExpense,depreciationAndAmortization,ebitda,ebitdaratio,operatingIncome,operatingIncomeRatio,totalOtherIncomeExpensesNet,incomeBeforeTax,incomeBeforeTaxRatio,incomeTaxExpense,netIncome,netIncomeRatio,eps,epsdiluted,weightedAverageShsOut,weightedAverageShsOutDil,link,finalLink,timestamp,est_time,est_date
0,2020-06-30,LIC.AX,AUD,2020-06-30,2020-06-30,FY,126932000.0,93593000.0,33339000.0,0.2626524438281915,0.0,9694000.0,0.0,39801000.0,11009000.0,0.0,1347000.0,0.0,62477000.0,0.4922084265591025,22330000.0,0.1759209655563609,39801000.0,61130000.0,0.4815964453408124,18312000.0,42818000.0,0.3373302240569754,0.4095647457747219,0.4095647457747219,104545131.0,104545131.0,,,1620594434,17:07:14,20210509
1,2019-06-30,LIC.AX,AUD,2019-06-30,2019-06-30,FY,146059337.0,107712722.0,38346615.0,0.2625413464666076,0.0,9843826.0,0.0,56493801.0,13788030.0,0.0,1421634.0,0.0,81072659.0,0.5550665959821521,24558585.0,0.16814115074341326,56493801.0,79651025.0,0.5453333325756504,24587824.0,55063201.0,0.376991996068009,0.527,0.527,104545131.0,104545131.0,,,1620594434,17:07:14,20210509
2,2018-06-30,LIC.AX,AUD,2018-06-30,2018-06-30,FY,119250628.0,89245688.0,30004940.0,0.25161242756725777,0.0,0.0,5835906.0,61743638.0,15972865.0,0.0,307315.0,0.0,75787257.0,0.6355292066051006,14032075.0,0.1176687723606789,61743638.0,75479942.0,0.6329521551869731,22577027.0,52681734.0,0.4417732206827456,0.5039,0.5039,104545131.0,104545131.0,,,1620594434,17:07:14,20210509
3,2017-06-30,LIC.AX,AUD,2017-06-30,2017-06-30,FY,96280879.0,76894464.0,19386415.0,0.2013527005710033,0.0,0.0,0.0,30744462.0,8632791.0,0.0,1181811.0,0.0,41515208.0,0.4311885021323912,10753624.0,0.11169013112146597,30744462.0,40333397.0,0.418913884240712,12636296.0,27695112.0,0.287649139555529,0.2656,0.2651,104292165.0,104470434.0,,,1620594434,17:07:14,20210509
4,2016-06-30,LIC.AX,AUD,2016-06-30,2016-06-30,FY,69941681.0,53056286.0,16885395.0,0.24142106335705601,0.0,0.0,0.0,18924865.0,6624619.0,0.0,842529.0,0.0,29395525.0,0.4202862238898719,10260776.0,0.1467047381946682,18924865.0,28552996.0,0.40824005931455953,7937280.0,19268682.0,0.2754964096444865,0.1859,0.1847,103673650.0,104324212.0,,,1620594434,17:07:14,20210509
5,2015-06-30,LIC.AX,AUD,2015-06-30,2015-06-30,FY,78421926.0,55615604.0,22806322.0,0.29081563235261526,0.0,0.0,0.0,15050549.0,5099291.0,0.0,4027622.0,0.0,33125282.0,0.42239822062008525,17707031.0,0.22579184040953038,15050549.0,29097660.0,0.371039854338696,7222757.0,16652690.0,0.2123473733608634,0.1651,0.1611,100894035.0,103368653.0,,,1620594434,17:07:14,20210509
6,2014-06-30,LIC.AX,AUD,2014-06-30,2014-06-30,FY,68271738.0,47782016.0,20489722.0,0.3001201170534138,0.0,0.0,0.0,7182453.0,4887568.0,0.0,2227543.0,0.0,23301462.0,0.34130465522937176,15602154.0,0.22853020088634626,7182453.0,21073919.0,0.308677054625444,4943761.0,12277939.0,0.17983926233136177,0.1228,0.12,99970131.0,102316158.0,,,1620594434,17:07:14,20210509
7,2013-06-30,LIC.AX,AUD,2013-06-30,2013-06-30,FY,42125713.0,31827392.0,10298321.0,0.24446639039676313,0.0,3500248.0,0.0,9605856.0,6950080.0,0.0,2077335.0,0.0,13906145.0,0.3301106143888888,3348241.0,0.07948212057562087,9605856.0,11828810.0,0.2807978585430708,3117660.0,6239963.0,0.14812717828657285,0.0845,0.0845,73867485.0,73867485.0,,,1620594434,17:07:14,20210509
8,2012-06-30,LIC.AX,AUD,2012-06-30,2012-06-30,FY,27720778.0,20289309.0,7431469.0,0.26808298814701376,0.0,3407971.0,0.0,10598356.0,6839444.0,0.0,2763595.0,0.0,11641039.0,0.41993911570591563,592025.0,0.02135672382643806,10598356.0,8877444.0,0.32024512443337627,2829718.0,6047726.0,0.21816581049781503,0.122812,0.121875,49298616.0,49622522.0,,,1620594434,17:07:14,20210509
9,2011-06-30,LIC.AX,AUD,2011-06-30,2011-06-30,FY,26335872.0,18979257.0,7356615.0,0.2793381969657204,0.0,3049288.0,0.0,9481656.0,5288551.0,0.0,1015359.0,27004.0,2095068.0,0.0795518751002435,2068064.0,0.07852650559662501,9254526.0,10421708.0,0.395722913598608,3597250.0,6824458.0,0.2591316513081473,0.13875,0.137812,49287950.0,49520031.0,,,1620594434,17:07:14,20210509
10,2010-06-30,LIC.AX,AUD,2010-06-30,2010-06-30,FY,22699841.0,17785818.0,4914023.0,0.21647830044272115,0.0,2532844.0,0.0,8417435.0,4373280.0,0.0,209522.0,120366.0,661109.0,0.02912394848933083,540743.0,0.023821444388090647,7265108.0,7641313.0,0.33662407591313087,2343855.0,5297458.0,0.2333698284494592,0.107812,0.107812,49287950.0,49287950.0,,,1620594434,17:07:14,20210509
11,2009-06-30,LIC.AX,AUD,2009-06-30,2009-06-30,FY,14212868.0,9773347.0,4439521.0,0.31235926485773313,0.0,2578065.0,0.0,535710.0,3577651.0,0.0,387072.0,0.0,1419466.0,0.09987189074013773,861870.0,0.06064011851795148,535710.0,1032394.0,0.07263797848541195,326988.0,705406.0,0.049631502945077656,0.016875,0.016875,41864794.0,41864794.0,,,1620594434,17:07:14,20210509
12,2008-06-30,LIC.AX,AUD,2008-06-30,2008-06-30,FY,7822973.0,3881241.0,3941732.0,0.5038662411336458,0.0,2633273.0,0.0,-318319.0,2941384.0,0.0,373635.0,0.0,753164.0,0.09627592987985514,1000348.0,0.12787312445025695,-318319.0,379529.0,0.048514675942253664,290332.0,89197.0,0.011401931209528654,0.002812,0.002812,31490323.0,31490323.0,,,1620594434,17:07:14,20210509
13,2007-06-30,LIC.AX,AUD,2007-06-30,2007-06-30,FY,9122011.0,8031258.0,1090753.0,0.11957374311431986,0.0,660334.0,0.0,7166887.0,660334.0,0.0,467186.0,0.0,7740366.0,0.8485372359230876,430419.0,0.0471846613646925,7166887.0,7273180.0,0.7973219940208359,-1196.0,7274376.0,0.7974531054610655,0.25975,0.25975,28788699.0,28788699.0,,,1620594434,17:07:14,20210509
14,2006-06-30,LIC.AX,AUD,2006-06-30,2006-06-30,FY,240184.0,0.0,240184.0,1.0,0.0,646711.0,0.0,240184.0,694069.0,0.0,0.0,2310.0,-691759.0,-2.880121073843387,-694069.0,-2.889738700329747,240184.0,-319291.0,-1.3293599906738167,0.0,-319291.0,-1.3293599906738167,-0.07125,-0.07125,4485636.0,4485636.0,,,1620594434,17:07:14,20210509
15,2005-06-30,LIC.AX,AUD,2005-06-30,2005-06-30,FY,33385000.0,2663000.0,30722000.0,0.920233637861315,0.0,24834000.0,0.0,39000.0,26553000.0,0.0,869000.0,1163000.0,5332000.0,0.15971244570915083,4169000.0,0.12487644151565074,39000.0,15441000.0,0.462513104687734,15441000.0,11784000.0,0.3529728920173731,2.894991,2.894991,4069243.0,4069243.0,,,1620594434,17:07:14,20210509
16,2004-06-30,LIC.AX,AUD,2004-06-30,2004-06-30,FY,50078000.0,727000.0,49351000.0,0.9854826470705699,0.0,41232000.0,0.0,382000.0,52453000.0,0.0,1348000.0,3410000.0,308000.0,0.0061504053676265024,-3102000.0,-0.06194336834538121,382000.0,-4027000.0,-0.0804145532968569,-4027000.0,-6302000.0,-0.12584368385318903,-1.548745,-1.548745,4065714.0,4065714.0,,,1620594434,17:07:14,20210509
17,2003-06-30,LIC.AX,AUD,2003-06-30,2003-06-30,FY,73195000.0,8626000.0,64569000.0,0.8821504201106632,0.0,33063000.0,0.0,-77000.0,67338000.0,0.0,1809000.0,4553000.0,1784000.0,0.02437324953890293,-2769000.0,-0.03783045289978824,-77000.0,-5354000.0,-0.07314707288749231,-5354000.0,-8676000.0,-0.11853268665892479,-2.133743,-2.133743,4065243.0,4065243.0,,,1620594434,17:07:14,20210509
18,2002-06-30,LIC.AX,AUD,2002-06-30,2002-06-30,FY,175683000.0,80567000.0,95116000.0,0.5414069659557271,0.0,73654000.0,0.0,-24175000.0,84715000.0,0.0,1793000.0,11061000.0,21462000.0,0.12216321442598316,10401000.0,0.059203223988661395,-102745000.0,-95336000.0,-0.5426592214386139,-95336000.0,-85250000.0,-0.48524899961863127,-20.992434,-20.992434,4061028.0,4061028.0,,,1620594434,17:07:14,20210509
19,2001-06-30,LIC.AX,AUD,2001-06-30,2001-06-30,FY,219610000.0,85757000.0,133853000.0,0.609503210236328,0.0,38397000.0,0.0,-56210000.0,68465000.0,0.0,2092000.0,8959000.0,74347000.0,0.3385410500432585,65388000.0,0.2977460042803151,-56210000.0,7378000.0,0.03359592004007104,7378000.0,-224000.0,-0.0010199899822412458,0.937497,0.937497,4006608.0,4006608.0,,,1620594434,17:07:14,20210509
20,2000-06-30,LIC.AX,AUD,2000-06-30,2000-06-30,FY,0.0,0.0,0.0,0.0,0.0,0.0,0.0,0.0,0.0,0.0,3205618.0,0.0,9800504.0,0.0,0.0,0.0,0.0,6594886.0,0.0,6594886.0,3484309.0,0.0,1.199996,1.199996,2936209.0,2936209.0,,,1620594434,17:07:14,20210509
21,1999-06-30,LIC.AX,AUD,1999-06-30,1999-06-30,FY,0.0,0.0,0.0,0.0,0.0,0.0,0.0,0.0,0.0,0.0,51212.0,0.0,3875558.0,0.0,0.0,0.0,1753154.0,3824346.0,0.0,3824346.0,3171752.0,0.0,1.792494,1.679995,1771068.0,1888101.0,,,1620594434,17:07:14,20210509
22,1998-06-30,LIC.AX,AUD,1998-06-30,1998-06-30,FY,0.0,0.0,0.0,0.0,0.0,0.0,0.0,0.0,0.0,0.0,156000.0,0.0,1308000.0,0.0,0.0,0.0,0.0,1152000.0,0.0,1152000.0,553000.0,0.0,0.299999,0.299999,1893339.0,1893339.0,,,1620594434,17:07:14,20210509
