,date,symbol,reportedCurrency,fillingDate,acceptedDate,period,revenue,costOfRevenue,grossProfit,grossProfitRatio,researchAndDevelopmentExpenses,generalAndAdministrativeExpenses,sellingAndMarketingExpenses,otherExpenses,operatingExpenses,costAndExpenses,interestExpense,depreciationAndAmortization,ebitda,ebitdaratio,operatingIncome,operatingIncomeRatio,totalOtherIncomeExpensesNet,incomeBeforeTax,incomeBeforeTaxRatio,incomeTaxExpense,netIncome,netIncomeRatio,eps,epsdiluted,weightedAverageShsOut,weightedAverageShsOutDil,link,finalLink,timestamp,est_time,est_date
0,2020-09-30,STM.DE,EUR,2020-09-30,2020-09-30,FY,822126000,590627000,231499000,0.28158579098580994,40645000,2762000.0,34518000,4033000.0,0.0,772850000,11013000.0,43294000.0,92570000,0.11259831218085792,49276000,0.05993728455248952,0.0,47388000.0,0.057640799585465,17400000.0,31433000.0,0.03823379871211955,1.27,1.27,24700000,24700000,,,1620598374,18:12:54,20210509
1,2019-09-30,STM.DE,EUR,2019-09-30,2019-09-30,FY,951339000,674955000,276384000,0.2905210445487886,39150000,2828000.0,38232000,4855000.0,158996000.0,833951000,10417000.0,16003000.0,133391000,0.1402139510731716,117388000,0.12339239745243283,0.0,114852000.0,0.12072668102537581,33953000.0,80626000.0,0.08475002076021271,3.26,3.26,24700000,24700000,https://www.bundesanzeiger.de/pub/de/suche;wwwsid=627BFD7A56A5CB624C47FDDEAB2FC509.web07-pub?0,https://www.bundesanzeiger.de/pub/de/suche;wwwsid=627BFD7A56A5CB624C47FDDEAB2FC509.web07-pub?0,1620598374,18:12:54,20210509
2,2018-09-30,STM.DE,EUR,2018-09-30,2018-09-30,FY,962564000,671407000,291157000,0.30248066622063574,42031000,-3323000.0,38740000,2483000.0,161865000.0,833272000,9460000.0,14575000.0,143867000,0.14946226952181882,129292000,0.13432041921368346,0.0,126502000.0,0.13142191064698036,21147000.0,105410000.0,0.1095096014394887,4.27,4.27,24700000,24700000,https://www.bundesanzeiger.de/pub/de/suche;wwwsid=627BFD7A56A5CB624C47FDDEAB2FC509.web07-pub?0,https://www.bundesanzeiger.de/pub/de/suche;wwwsid=627BFD7A56A5CB624C47FDDEAB2FC509.web07-pub?0,1620598374,18:12:54,20210509
3,2017-09-30,STM.DE,EUR,2017-09-30,2017-09-30,FY,910016000,637164000,272852000,0.29983209086433643,38194000,-1641000.0,37497000,2790000.0,153917000.0,791081000,13328000.0,14640000.0,133575000,0.14678313348336733,118935000,0.13069550425487025,0.0,110913000.0,0.12188027463253394,31670000.0,79255000.0,0.0870918753076869,3.21,3.21,24700000,24700000,https://www.bundesanzeiger.de/pub/de/suche;wwwsid=627BFD7A56A5CB624C47FDDEAB2FC509.web07-pub?0,https://www.bundesanzeiger.de/pub/de/suche;wwwsid=627BFD7A56A5CB624C47FDDEAB2FC509.web07-pub?0,1620598374,18:12:54,20210509
4,2016-09-30,STM.DE,EUR,2016-09-30,2016-09-30,FY,737501000,547700000,189801000,0.2573569391770316,26590000,1164000.0,30013000,1563000.0,115933000.0,663633000,13261000.0,7814000.0,81682000,0.11075510406087585,73868000,0.10015986419001466,0.0,65938000.0,0.089407336396832,17951000.0,47971000.0,0.06504533553174843,2.21,2.21,21668547,21668547,https://www.bundesanzeiger.de/pub/de/suche;wwwsid=627BFD7A56A5CB624C47FDDEAB2FC509.web07-pub?0,https://www.bundesanzeiger.de/pub/de/suche;wwwsid=627BFD7A56A5CB624C47FDDEAB2FC509.web07-pub?0,1620598374,18:12:54,20210509
5,2015-09-30,STM.DE,EUR,2015-09-30,2015-09-30,FY,611271000,463594000,147677000,0.24159006398144195,24218000,-3588000.0,25406000,1350000.0,95781000.0,559375000,17058000.0,5449000.0,57345000,0.09381272790628052,51896000,0.08489851473405413,0.0,31117000.0,0.050905408566740445,14120000.0,16950000.0,0.027729108693198272,0.82,0.82,20723256,20723256,https://www.bundesanzeiger.de/pub/de/suche;wwwsid=627BFD7A56A5CB624C47FDDEAB2FC509.web07-pub?0,https://www.bundesanzeiger.de/pub/de/suche;wwwsid=627BFD7A56A5CB624C47FDDEAB2FC509.web07-pub?0,1620598374,18:12:54,20210509
6,2014-09-30,STM.DE,EUR,2014-09-30,2014-09-30,FY,507333000,387737000,119596000,0.23573471467458257,20291000,12133000.0,22132000,2583000.0,91704000.0,479441000,32055000.0,5348000.0,33240000,0.06551909692450521,27892000,0.05497769709441334,0.0,9872000.0,0.01945861988082778,-78000.0,10086000.0,0.019880433561388675,0.54,0.54,18751927,18751927,https://www.bundesanzeiger.de/pub/de/suche;wwwsid=627BFD7A56A5CB624C47FDDEAB2FC509.web07-pub?0,https://www.bundesanzeiger.de/pub/de/suche;wwwsid=627BFD7A56A5CB624C47FDDEAB2FC509.web07-pub?0,1620598374,18:12:54,20210509
7,2013-09-30,STM.DE,EUR,2013-09-30,2013-09-30,FY,460103000,349705000,110398000,0.23994192604699383,17573000,2322000.0,23295000,2587000.0,77727000.0,427432000,27436000.0,5700000.0,38371000,0.08339654381736264,32671000,0.07100801342308136,0.0,-5866000.0,-0.012749319174184912,10145000.0,-15938000.0,-0.03464006972351843,-0.769088,-0.769088,20723256,20723256,https://www.bundesanzeiger.de/pub/de/suche;wwwsid=627BFD7A56A5CB624C47FDDEAB2FC509.web07-pub?0,https://www.bundesanzeiger.de/pub/de/suche;wwwsid=627BFD7A56A5CB624C47FDDEAB2FC509.web07-pub?0,1620598374,18:12:54,20210509
8,2012-09-30,STM.DE,EUR,2012-09-30,2012-09-30,FY,443488000,336419000,107069000,0.2414247961613392,13951000,6876000.0,19185000,3333000.0,79274000.0,415693000,21865000.0,5649000.0,33444000,0.075411285085504,27795000,0.06267362363806912,0.0,17871000.0,0.04029646799913414,9483000.0,8342000.0,0.018809979074969334,0.402543,0.402543,20723256,20723256,https://www.bundesanzeiger.de/pub/de/suche;wwwsid=627BFD7A56A5CB624C47FDDEAB2FC509.web07-pub?0,https://www.bundesanzeiger.de/pub/de/suche;wwwsid=627BFD7A56A5CB624C47FDDEAB2FC509.web07-pub?0,1620598374,18:12:54,20210509
