,date,symbol,reportedCurrency,fillingDate,acceptedDate,period,revenue,costOfRevenue,grossProfit,grossProfitRatio,researchAndDevelopmentExpenses,generalAndAdministrativeExpenses,sellingAndMarketingExpenses,otherExpenses,operatingExpenses,costAndExpenses,interestExpense,depreciationAndAmortization,ebitda,ebitdaratio,operatingIncome,operatingIncomeRatio,totalOtherIncomeExpensesNet,incomeBeforeTax,incomeBeforeTaxRatio,incomeTaxExpense,netIncome,netIncomeRatio,eps,epsdiluted,weightedAverageShsOut,weightedAverageShsOutDil,link,finalLink,timestamp,est_time,est_date
0,2020-04-30,GTLY.L,GBP,2020-04-30,2020-04-30,FY,109838000,0.0,0.0,0.0,0.0,0.0,0.0,216000.0,93925000,93925000,1266000.0,5913000.0,21826000.0,0.19871082867495765,15913000.0,0.14487700067371947,0.0,14756000.0,0.13434330559551338,3033000.0,11723000.0,0.10672991132394982,0.10637187107068656,0.10637187107068656,110207707,110207707,https://find-and-update.company-information.service.gov.uk/search/companies?q=Gateley+Holdings+PLC,https://find-and-update.company-information.service.gov.uk/search/companies?q=Gateley+Holdings+PLC,1620592857,16:40:57,20210509
1,2019-04-30,GTLY.L,GBP,2019-04-30,2019-04-30,FY,103471000,54341000.0,49130000.0,0.47481903141943155,0.0,0.0,0.0,313000.0,87914000,87914000,448000.0,2528000.0,18085000.0,0.1747832726077838,15557000.0,0.1503513061630795,0.0,15945000.0,0.15410114911424458,2904000.0,13041000.0,0.12603531424263803,0.1183,0.1161,110207707,112280069,https://find-and-update.company-information.service.gov.uk/search/companies?q=Gateley+Holdings+PLC,https://find-and-update.company-information.service.gov.uk/search/companies?q=Gateley+Holdings+PLC,1620592857,16:40:57,20210509
2,2018-04-30,GTLY.L,GBP,2018-04-30,2018-04-30,FY,86090000,0.0,0.0,0.0,0.0,0.0,0.0,357000.0,71622000,71622000,412000.0,1517000.0,15985000.0,0.18567777906841676,14468000.0,0.1680566848646765,0.0,14646000.0,0.1701242885352538,2853000.0,11793000.0,0.13698455105122545,0.1103,0.1064,106881953,110830394,https://find-and-update.company-information.service.gov.uk/search/companies?q=Gateley+Holdings+PLC,https://find-and-update.company-information.service.gov.uk/search/companies?q=Gateley+Holdings+PLC,1620592857,16:40:57,20210509
3,2017-04-30,GTLY.L,GBP,2017-04-30,2017-04-30,FY,77587000,0.0,0.0,0.0,0.0,0.0,0.0,396000.0,64720000,64720000,436000.0,1291000.0,14158000.0,0.1824790235477593,12867000.0,0.1658396380836996,0.0,13113000.0,0.1690102723394383,3058000.0,10055000.0,0.12959645301403586,0.0943,0.0935,106663150,107422749,https://find-and-update.company-information.service.gov.uk/search/companies?q=Gateley+Holdings+PLC,https://find-and-update.company-information.service.gov.uk/search/companies?q=Gateley+Holdings+PLC,1620592857,16:40:57,20210509
4,2016-04-30,GTLY.L,GBP,2016-04-30,2016-04-30,FY,67061000,0.0,0.0,0.0,0.0,0.0,0.0,326000.0,56243000,56243000,491000.0,687000.0,11505000.0,0.17156022129106335,10818000.0,0.16131581694278344,0.0,11034000.0,0.16453676503481904,2448000.0,8586000.0,0.12803268665841547,0.0818,0.0818,104928209,104928209,https://find-and-update.company-information.service.gov.uk/search/companies?q=Gateley+Holdings+PLC,https://find-and-update.company-information.service.gov.uk/search/companies?q=Gateley+Holdings+PLC,1620592857,16:40:57,20210509
5,2015-04-30,GTLY.L,GBP,2015-04-30,2015-04-30,FY,60871000,0.0,0.0,0.0,0.0,0.0,0.0,329000.0,51467000,51467000,151000.0,822000.0,10226000.0,0.16799461155558476,9404000.0,0.1544906441491022,0.0,9837000.0,0.1616040479045851,2093000.0,7744000.0,0.12721985838905225,0.0774,0.0774,100000011,100000011,https://find-and-update.company-information.service.gov.uk/search/companies?q=Gateley+Holdings+PLC,https://find-and-update.company-information.service.gov.uk/search/companies?q=Gateley+Holdings+PLC,1620592857,16:40:57,20210509
6,2014-04-30,GTLY.L,GBP,2014-04-30,2014-04-30,FY,54616000,0.0,0.0,0.0,0.0,0.0,0.0,267000.0,34962000,34962000,203000.0,976000.0,20630000.0,0.3777281382744983,19654000.0,0.3598579170938919,0.0,20053000.0,0.3671634685806357,0.0,-373000.0,-0.00682950051267028,-0.003543,-0.003543,105274159,105274159,https://find-and-update.company-information.service.gov.uk/search/companies?q=Gateley+Holdings+PLC,https://find-and-update.company-information.service.gov.uk/search/companies?q=Gateley+Holdings+PLC,1620592857,16:40:57,20210509
7,2013-04-30,GTLY.L,GBP,2013-04-30,2013-04-30,FY,51372000,0.0,0.0,0.0,0.0,0.0,0.0,331000.0,34737000,34737000,219000.0,1064000.0,17699000.0,0.34452620104336995,16635000.0,0.32381452931558047,0.0,16803000.0,0.32708479327259987,0.0,-307000.0,-0.005976018064315191,-0.002916,-0.002916,105274159,105274159,https://find-and-update.company-information.service.gov.uk/search/companies?q=Gateley+Holdings+PLC,https://find-and-update.company-information.service.gov.uk/search/companies?q=Gateley+Holdings+PLC,1620592857,16:40:57,20210509
8,2012-04-30,GTLY.L,GBP,2012-04-30,2012-04-30,FY,45313000,0.0,0.0,0.0,0.0,0.0,0.0,309000.0,36507000,36507000,153000.0,966000.0,9772000.0,0.21565555138701917,8806000.0,0.19433716593472072,0.0,8987000.0,0.19833160461677665,0.0,-147000.0,-0.0032441021340454176,-0.001396,-0.001396,105274159,105274159,https://find-and-update.company-information.service.gov.uk/search/companies?q=Gateley+Holdings+PLC,https://find-and-update.company-information.service.gov.uk/search/companies?q=Gateley+Holdings+PLC,1620592857,16:40:57,20210509
