,date,symbol,reportedCurrency,fillingDate,acceptedDate,period,revenue,costOfRevenue,grossProfit,grossProfitRatio,researchAndDevelopmentExpenses,generalAndAdministrativeExpenses,sellingAndMarketingExpenses,otherExpenses,operatingExpenses,costAndExpenses,interestExpense,depreciationAndAmortization,ebitda,ebitdaratio,operatingIncome,operatingIncomeRatio,totalOtherIncomeExpensesNet,incomeBeforeTax,incomeBeforeTaxRatio,incomeTaxExpense,netIncome,netIncomeRatio,eps,epsdiluted,weightedAverageShsOut,weightedAverageShsOutDil,link,finalLink,timestamp,est_time,est_date
0,2020-03-31,BLND.L,GBP,2020-03-31,2020-03-31,FY,613000000,218000000.0,395000000.0,0.6443719412724307,0.0,73000000.0,0.0,0.0,73000000,291000000,97000000,0.0,-1005000000,-1.639477977161501,322000000.0,0.5252854812398042,0.0,-1116000000,-1.8205546492659055,-2000000.0,-1027000000,-1.6753670473083198,-1.1,-1.1,934000000,934000000,https://find-and-update.company-information.service.gov.uk/search/companies?q=British+Land+Company+PLC,https://find-and-update.company-information.service.gov.uk/search/companies?q=British+Land+Company+PLC,1620589469,15:44:29,20210509
1,2019-03-31,BLND.L,GBP,2019-03-31,2019-03-31,FY,904000000,399000000.0,505000000.0,0.5586283185840708,0.0,80000000.0,0.0,0.0,80000000,479000000,96000000,0.0,-238000000,-0.26327433628318586,425000000.0,0.47013274336283184,0.0,-319000000,-0.3528761061946903,1000000.0,-291000000,-0.3219026548672566,-0.2996910401647786,-0.29876796714579057,971000000,974000000,https://find-and-update.company-information.service.gov.uk/search/companies?q=British+Land+Company+PLC,https://find-and-update.company-information.service.gov.uk/search/companies?q=British+Land+Company+PLC,1620589469,15:44:29,20210509
2,2018-03-31,BLND.L,GBP,2018-03-31,2018-03-31,FY,639000000,200000000.0,439000000.0,0.6870109546165885,0.0,82000000.0,0.0,0.0,82000000,282000000,93000000,0.0,701000000,1.0970266040688577,357000000.0,0.5586854460093896,0.0,501000000,0.784037558685446,-6000000.0,493000000,0.7715179968701096,0.487,0.485,1013000000,1016000000,https://find-and-update.company-information.service.gov.uk/search/companies?q=British+Land+Company+PLC,https://find-and-update.company-information.service.gov.uk/search/companies?q=British+Land+Company+PLC,1620589469,15:44:29,20210509
3,2017-03-31,BLND.L,GBP,2017-03-31,2017-03-31,FY,589000000,148000000.0,441000000.0,0.7487266553480475,0.0,49000000.0,35000000.0,0.0,84000000,232000000,80000000,0.0,247000000,0.41935483870967744,357000000.0,0.6061120543293718,0.0,195000000,0.3310696095076401,-1000000.0,193000000,0.32767402376910015,0.188,0.147,1029000000,1091000000,https://find-and-update.company-information.service.gov.uk/search/companies?q=British+Land+Company+PLC,https://find-and-update.company-information.service.gov.uk/search/companies?q=British+Land+Company+PLC,1620589469,15:44:29,20210509
4,2016-03-31,BLND.L,GBP,2016-03-31,2016-03-31,FY,590000000,139000000.0,451000000.0,0.764406779661017,0.0,63000000.0,30000000.0,0.0,93000000,232000000,111000000,0.0,1384000000,2.3457627118644067,358000000.0,0.6067796610169491,0.0,1331000000,2.2559322033898304,-33000000.0,1345000000,2.2796610169491527,1.312,1.241,1025000000,1089000000,https://find-and-update.company-information.service.gov.uk/search/companies?q=British+Land+Company+PLC,https://find-and-update.company-information.service.gov.uk/search/companies?q=British+Land+Company+PLC,1620589469,15:44:29,20210509
5,2015-03-31,BLND.L,GBP,2015-03-31,2015-03-31,FY,470000000,89000000.0,381000000.0,0.8106382978723404,0.0,82000000.0,0.0,-35000000.0,70000000,159000000,112000000,0.0,1934000000,4.114893617021276,311000000.0,0.6617021276595745,0.0,1789000000,3.8063829787234043,24000000.0,1710000000,3.6382978723404253,1.683,1.673,1016000000,1080000000,https://find-and-update.company-information.service.gov.uk/search/companies?q=British+Land+Company+PLC,https://find-and-update.company-information.service.gov.uk/search/companies?q=British+Land+Company+PLC,1620589469,15:44:29,20210509
6,2014-03-31,BLND.L,GBP,2014-03-31,2014-03-31,FY,384000000,71000000.0,313000000.0,0.8151041666666666,0.0,72000000.0,0.0,-50000000.0,57000000,128000000,90000000,0.0,1247000000,3.2473958333333335,256000000.0,0.6666666666666666,0.0,1110000000,2.890625,-6000000.0,1106000000,2.8802083333333335,1.107,1.102,999000000,1004000000,https://find-and-update.company-information.service.gov.uk/search/companies?q=British+Land+Company+PLC,https://find-and-update.company-information.service.gov.uk/search/companies?q=British+Land+Company+PLC,1620589469,15:44:29,20210509
7,2013-03-31,BLND.L,GBP,2013-03-31,2013-03-31,FY,329000000,48000000.0,281000000.0,0.8541033434650456,0.0,72000000.0,0.0,-14000000.0,57000000,105000000,101000000,0.0,388000000,1.1793313069908815,224000000.0,0.6808510638297872,0.0,260000000,0.790273556231003,-24000000.0,284000000,0.8632218844984803,0.317,0.315,895000000,901000000,https://find-and-update.company-information.service.gov.uk/search/companies?q=British+Land+Company+PLC,https://find-and-update.company-information.service.gov.uk/search/companies?q=British+Land+Company+PLC,1620589469,15:44:29,20210509
8,2012-03-31,BLND.L,GBP,2012-03-31,2012-03-31,FY,332000000,46000000.0,286000000.0,0.8614457831325302,0.0,69000000.0,0.0,110000000.0,-11000000,-11000000,96000000,1000000.0,344000000,1.036144578313253,343000000.0,1.033132530120482,0.0,479000000,1.4427710843373494,-1000000.0,480000000,1.4457831325301205,0.541,0.538,887000000,892000000,https://find-and-update.company-information.service.gov.uk/search/companies?q=British+Land+Company+PLC,https://find-and-update.company-information.service.gov.uk/search/companies?q=British+Land+Company+PLC,1620589469,15:44:29,20210509
9,2011-03-31,BLND.L,GBP,2011-03-31,2011-03-31,FY,298000000,43000000.0,255000000.0,0.8557046979865772,0.0,61000000.0,0.0,119000000.0,-236000000,-236000000,89000000,11000000.0,545000000,1.8288590604026846,534000000.0,1.7919463087248322,0.0,830000000,2.785234899328859,-10000000.0,840000000,2.8187919463087248,0.957,0.952,878000000,882000000,https://find-and-update.company-information.service.gov.uk/search/companies?q=British+Land+Company+PLC,https://find-and-update.company-information.service.gov.uk/search/companies?q=British+Land+Company+PLC,1620589469,15:44:29,20210509
10,2010-03-31,BLND.L,GBP,2010-03-31,2010-03-31,FY,394000000,57000000.0,337000000.0,0.8553299492385786,0.0,55000000.0,0.0,76000000.0,-202000000,-202000000,146000000,16000000.0,612000000,1.5532994923857868,596000000.0,1.5126903553299493,0.0,1128000000,2.8629441624365484,-12000000.0,1140000000,2.8934010152284264,1.33,1.326,857000000,860000000,https://find-and-update.company-information.service.gov.uk/search/companies?q=British+Land+Company+PLC,https://find-and-update.company-information.service.gov.uk/search/companies?q=British+Land+Company+PLC,1620589469,15:44:29,20210509
11,2009-03-31,BLND.L,GBP,2009-03-31,2009-03-31,FY,554000000,101000000.0,453000000.0,0.8176895306859205,0.0,51000000.0,0.0,66000000.0,1723000000,1723000000,224000000,14000000.0,-1155000000,-2.0848375451263537,-1169000000.0,-2.1101083032490973,0.0,-3928000000,-7.090252707581228,-47000000.0,-3881000000,-7.005415162454874,-6.160317460317461,-6.140822784810126,630000000,632000000,https://find-and-update.company-information.service.gov.uk/search/companies?q=British+Land+Company+PLC,https://find-and-update.company-information.service.gov.uk/search/companies?q=British+Land+Company+PLC,1620589469,15:44:29,20210509
12,2008-03-31,BLND.L,GBP,2008-03-31,2008-03-31,FY,645000000,84000000.0,561000000.0,0.8697674418604651,0.0,67000000.0,0.0,38000000.0,686000000,686000000,311000000,15000000.0,-26000000,-0.040310077519379844,-41000000.0,-0.06356589147286822,0.0,-1609000000,-2.4945736434108525,-46000000.0,-1563000000,-2.4232558139534883,-2.0955557325314715,-2.0787374682254405,745864200,751898700,https://find-and-update.company-information.service.gov.uk/search/companies?q=British+Land+Company+PLC,https://find-and-update.company-information.service.gov.uk/search/companies?q=British+Land+Company+PLC,1620589469,15:44:29,20210509
13,2007-03-31,BLND.L,GBP,2007-03-31,2007-03-31,FY,649000000,88000000.0,561000000.0,0.864406779661017,0.0,91000000.0,0.0,512000000.0,-2234000000,-2234000000,324000000,15000000.0,2898000000,4.465331278890601,2883000000.0,4.442218798151002,0.0,1440000000,2.2187981510015407,-1013000000.0,2453000000,3.7796610169491527,3.910846,3.894275,627588000,630001800,https://find-and-update.company-information.service.gov.uk/search/companies?q=British+Land+Company+PLC,https://find-and-update.company-information.service.gov.uk/search/companies?q=British+Land+Company+PLC,1620589469,15:44:29,20210509
14,2006-03-31,BLND.L,GBP,2006-03-31,2006-03-31,FY,690000000,0.0,690000000.0,1.0,0.0,81000000.0,0.0,342000000.0,-2876000000,-2876000000,380000000,10000000.0,3576000000,5.182608695652174,3566000000.0,5.168115942028986,0.0,1498000000,2.1710144927536232,314000000.0,1184000000,1.7159420289855072,1.889137,1.880852,626381100,628794900,https://find-and-update.company-information.service.gov.uk/search/companies?q=British+Land+Company+PLC,https://find-and-update.company-information.service.gov.uk/search/companies?q=British+Land+Company+PLC,1620589469,15:44:29,20210509
15,2005-03-31,BLND.L,GBP,2005-03-31,2005-03-31,FY,604000000,0.0,517000000.0,0.8559602649006622,0.0,49000000.0,0.0,31000000.0,-1403000000,-1403000000,346000000,1000000.0,2008000000,3.3245033112582782,2007000000.0,3.3228476821192054,0.0,738000000,1.2218543046357615,84000000.0,654000000,1.0827814569536425,1.068854,1.043997,614312100,626381100,https://find-and-update.company-information.service.gov.uk/search/companies?q=British+Land+Company+PLC,https://find-and-update.company-information.service.gov.uk/search/companies?q=British+Land+Company+PLC,1620589469,15:44:29,20210509
16,2004-03-31,BLND.L,GBP,2004-03-31,2004-03-31,FY,497700000,0.0,486700000.0,0.977898332328712,0.0,40700000.0,0.0,-41800000.0,101400000,101400000,302600000,-900000.0,395400000,0.7944544906570223,396300000.0,0.7962628089210367,0.0,186000000,0.37371910789632307,14500000.0,171500000,0.34458509142053445,0.2911280352410571,0.27379497880763004,589087890,626381100,https://find-and-update.company-information.service.gov.uk/search/companies?q=British+Land+Company+PLC,https://find-and-update.company-information.service.gov.uk/search/companies?q=British+Land+Company+PLC,1620589469,15:44:29,20210509
17,2003-03-31,BLND.L,GBP,2003-03-31,2003-03-31,FY,451500000,1500000.0,447900000.0,0.9920265780730897,0.0,42600000.0,0.0,-71800000.0,75200000,75200000,281200000,600000.0,376900000,0.8347729789590255,376300000.0,0.8334440753045405,0.0,174300000,0.386046511627907,33700000.0,140600000,0.31140642303433,0.22731084879827174,0.21028305055796798,618536250,668622600,https://find-and-update.company-information.service.gov.uk/search/companies?q=British+Land+Company+PLC,https://find-and-update.company-information.service.gov.uk/search/companies?q=British+Land+Company+PLC,1620589469,15:44:29,20210509
18,2002-03-31,BLND.L,GBP,2002-03-31,2002-03-31,FY,431500000,0.0,431500000.0,1.0,0.0,0.0,0.0,37000000.0,107400000,107400000,276300000,1300000.0,325400000,0.7541135573580533,324100000.0,0.7511008111239861,0.0,171300000,0.3969872537659328,11900000.0,159400000,0.3694090382387022,0.255199,0.250228,625536270,719795160,https://find-and-update.company-information.service.gov.uk/search/companies?q=British+Land+Company+PLC,https://find-and-update.company-information.service.gov.uk/search/companies?q=British+Land+Company+PLC,1620589469,15:44:29,20210509
19,2001-03-31,BLND.L,GBP,2001-03-31,2001-03-31,FY,412200000,0.0,412200000.0,1.0,0.0,0.0,0.0,-51500000.0,-16800000,-16800000,271300000,400000.0,429400000,1.0417273168364871,429000000.0,1.0407569141193596,0.0,87500000,0.21227559437166424,26300000.0,61200000,0.14847161572052403,0.097771,0.097771,625294890,625294890,https://find-and-update.company-information.service.gov.uk/search/companies?q=British+Land+Company+PLC,https://find-and-update.company-information.service.gov.uk/search/companies?q=British+Land+Company+PLC,1620589469,15:44:29,20210509
20,2000-03-31,BLND.L,GBP,2000-03-31,2000-03-31,FY,492300000,0.0,492300000.0,1.0,0.0,0.0,0.0,3300000.0,125600000,125600000,269900000,400000.0,367100000,0.7456835263050985,366700000.0,0.7448710136095876,0.0,156400000,0.31769246394474915,27600000.0,128700000,0.26142595978062155,0.205485,0.205485,625174200,625174200,https://find-and-update.company-information.service.gov.uk/search/companies?q=British+Land+Company+PLC,https://find-and-update.company-information.service.gov.uk/search/companies?q=British+Land+Company+PLC,1620589469,15:44:29,20210509
21,1999-03-31,BLND.L,GBP,1999-03-31,1999-03-31,FY,374100000,0.0,374100000.0,1.0,0.0,0.0,0.0,800000.0,13600000,13600000,281200000,800000.0,361300000,0.9657845495856723,360500000.0,0.9636460839347768,0.0,55300000,0.14782143811815024,2600000.0,52200000,0.13953488372093023,0.083685,0.083685,624208680,624208680,https://find-and-update.company-information.service.gov.uk/search/companies?q=British+Land+Company+PLC,https://find-and-update.company-information.service.gov.uk/search/companies?q=British+Land+Company+PLC,1620589469,15:44:29,20210509
22,1998-03-31,BLND.L,GBP,1998-03-31,1998-03-31,FY,353300000,0.0,0.0,0.0,0.0,0.0,0.0,0.0,99300000,99300000,203200000,1100000.0,255100000,0.7220492499292386,254000000.0,0.7189357486555336,0.0,127200000,0.3600339654684404,19600000.0,107300000,0.30370789697141237,0.18203411193716937,0.1524965013209494,589449960,703622700,https://find-and-update.company-information.service.gov.uk/search/companies?q=British+Land+Company+PLC,https://find-and-update.company-information.service.gov.uk/search/companies?q=British+Land+Company+PLC,1620589469,15:44:29,20210509
23,1997-03-31,BLND.L,GBP,1997-03-31,1997-03-31,FY,328600000,0.0,328600000.0,1.0,0.0,0.0,0.0,-6800000.0,52600000,52600000,192900000,900000.0,276900000,0.842665855143031,276000000.0,0.8399269628727937,0.0,91200000,0.27754108338405353,15200000.0,75800000,0.23067559342665855,0.14434735656476447,0.1260143154922332,525122190,601518960,https://find-and-update.company-information.service.gov.uk/search/companies?q=British+Land+Company+PLC,https://find-and-update.company-information.service.gov.uk/search/companies?q=British+Land+Company+PLC,1620589469,15:44:29,20210509
24,1996-03-31,BLND.L,GBP,1996-03-31,1996-03-31,FY,272700000,0.0,272700000.0,1.0,0.0,0.0,0.0,-2800000.0,65100000,65100000,150000000,900000.0,208500000,0.7645764576457645,207600000.0,0.7612761276127613,0.0,62100000,0.22772277227722773,10900000.0,51000000,0.18701870187018702,0.10849411002814441,0.09329677182851948,470071601,546642708,https://find-and-update.company-information.service.gov.uk/search/companies?q=British+Land+Company+PLC,https://find-and-update.company-information.service.gov.uk/search/companies?q=British+Land+Company+PLC,1620589469,15:44:29,20210509
25,1995-03-31,BLND.L,GBP,1995-03-31,1995-03-31,FY,228500000,0.0,228500000.0,1.0,0.0,0.0,0.0,-8800000.0,61300000,61300000,117200000,700000.0,167900000,0.7347921225382932,167200000.0,0.7317286652078775,0.0,49100000,0.2148796498905908,14600000.0,34500000,0.15098468271334792,0.09185361913323346,0.07621739375435042,375597612,452652581,https://find-and-update.company-information.service.gov.uk/search/companies?q=British+Land+Company+PLC,https://find-and-update.company-information.service.gov.uk/search/companies?q=British+Land+Company+PLC,1620589469,15:44:29,20210509
26,1994-03-31,BLND.L,GBP,1994-03-31,1994-03-31,FY,201000000,0.0,201000000.0,1.0,0.0,0.0,0.0,1000000.0,69700000,69700000,93900000,600000.0,131900000,0.6562189054726368,131300000.0,0.6532338308457711,0.0,53900000,0.2681592039800995,12200000.0,41700000,0.20746268656716418,0.1192642381508577,0.10638178105311549,349643788,391984413,https://find-and-update.company-information.service.gov.uk/search/companies?q=British+Land+Company+PLC,https://find-and-update.company-information.service.gov.uk/search/companies?q=British+Land+Company+PLC,1620589469,15:44:29,20210509
27,1993-03-31,BLND.L,GBP,1993-03-31,1993-03-31,FY,166700000,0.0,166700000.0,1.0,0.0,0.0,0.0,-3600000.0,48700000,48700000,110500000,600000.0,118600000,0.7114577084583084,118000000.0,0.7078584283143371,0.0,27200000,0.16316736652669467,5300000.0,21400000,0.12837432513497302,0.07118869262225472,0.06242003672444942,300609538,342838632,https://find-and-update.company-information.service.gov.uk/search/companies?q=British+Land+Company+PLC,https://find-and-update.company-information.service.gov.uk/search/companies?q=British+Land+Company+PLC,1620589469,15:44:29,20210509
28,1992-03-31,BLND.L,GBP,1992-03-31,1992-03-31,FY,177100000,0.0,0.0,0.0,0.0,0.0,0.0,0.0,177100000,177100000,104200000,700000.0,138200000,0.7803500846979108,0.0,0.1880293619424054,0.0,33300000,0.1880293619424054,5900000.0,26300000,0.14850367024280067,0.08931953842080624,0.08013258548688947,294448454,328206058,https://find-and-update.company-information.service.gov.uk/search/companies?q=British+Land+Company+PLC,https://find-and-update.company-information.service.gov.uk/search/companies?q=British+Land+Company+PLC,1620589469,15:44:29,20210509
29,1991-03-31,BLND.L,GBP,1991-03-31,1991-03-31,FY,149300000,0.0,149300000.0,1.0,0.0,0.0,0.0,88600000.0,149300000,149300000,78800000,300000.0,110100000,0.7374413931681179,0.0,0.20763563295378432,0.0,31000000,0.20763563295378432,7000000.0,24000000,0.1607501674480911,0.08295478931491711,0.08208081430734258,289314218,292394760,https://find-and-update.company-information.service.gov.uk/search/companies?q=British+Land+Company+PLC,https://find-and-update.company-information.service.gov.uk/search/companies?q=British+Land+Company+PLC,1620589469,15:44:29,20210509
30,1990-03-31,BLND.L,GBP,1990-03-31,1990-03-31,FY,118900000,0.0,118900000.0,1.0,0.0,0.0,0.0,74500000.0,118900000,118900000,56200000,200000.0,101200000,0.8511354079058032,0.0,0.3767872161480236,0.0,44800000,0.3767872161480236,13100000.0,31700000,0.26661059714045415,0.109667,0.109667,289057506,289057506,https://find-and-update.company-information.service.gov.uk/search/companies?q=British+Land+Company+PLC,https://find-and-update.company-information.service.gov.uk/search/companies?q=British+Land+Company+PLC,1620589469,15:44:29,20210509
31,1989-03-31,BLND.L,GBP,1989-03-31,1989-03-31,FY,141000000,0.0,141000000.0,1.0,0.0,0.0,0.0,69100000.0,141000000,141000000,29100000,300000.0,99100000,0.7028368794326241,0.0,0.49432624113475176,0.0,69700000,0.49432624113475176,22300000.0,47200000,0.3347517730496454,0.16358,0.16358,288544083,288544083,https://find-and-update.company-information.service.gov.uk/search/companies?q=British+Land+Company+PLC,https://find-and-update.company-information.service.gov.uk/search/companies?q=British+Land+Company+PLC,1620589469,15:44:29,20210509
32,1988-03-31,BLND.L,GBP,1988-03-31,1988-03-31,FY,150800000,0.0,150800000.0,1.0,0.0,0.0,0.0,66500000.0,150800000,150800000,27800000,400000.0,84600000,0.5610079575596817,0.0,0.3740053050397878,0.0,56400000,0.3740053050397878,18300000.0,37700000,0.25,0.137378,0.137378,274424933,274424933,https://find-and-update.company-information.service.gov.uk/search/companies?q=British+Land+Company+PLC,https://find-and-update.company-information.service.gov.uk/search/companies?q=British+Land+Company+PLC,1620589469,15:44:29,20210509
33,1987-03-31,BLND.L,GBP,1987-03-31,1987-03-31,FY,134600000,0.0,134600000.0,1.0,0.0,0.0,0.0,45000000.0,134600000,134600000,34400000,800000.0,65300000,0.4851411589895988,0.0,0.2236255572065379,0.0,30100000,0.2236255572065379,5500000.0,24100000,0.17904903417533433,0.109417,0.109417,220258739,220258739,https://find-and-update.company-information.service.gov.uk/search/companies?q=British+Land+Company+PLC,https://find-and-update.company-information.service.gov.uk/search/companies?q=British+Land+Company+PLC,1620589469,15:44:29,20210509
34,1986-03-31,BLND.L,GBP,1986-03-31,1986-03-31,FY,106500000,0.0,106500000.0,1.0,0.0,0.0,0.0,36000000.0,106500000,106500000,23800000,1500000.0,46400000,0.4356807511737089,0.0,0.19812206572769953,0.0,21100000,0.19812206572769953,4400000.0,16700000,0.1568075117370892,0.092934,0.092934,179698272,179698272,https://find-and-update.company-information.service.gov.uk/search/companies?q=British+Land+Company+PLC,https://find-and-update.company-information.service.gov.uk/search/companies?q=British+Land+Company+PLC,1620589469,15:44:29,20210509
