,date,symbol,reportedCurrency,fillingDate,acceptedDate,period,revenue,costOfRevenue,grossProfit,grossProfitRatio,researchAndDevelopmentExpenses,generalAndAdministrativeExpenses,sellingAndMarketingExpenses,otherExpenses,operatingExpenses,costAndExpenses,interestExpense,depreciationAndAmortization,ebitda,ebitdaratio,operatingIncome,operatingIncomeRatio,totalOtherIncomeExpensesNet,incomeBeforeTax,incomeBeforeTaxRatio,incomeTaxExpense,netIncome,netIncomeRatio,eps,epsdiluted,weightedAverageShsOut,weightedAverageShsOutDil,link,finalLink,timestamp,est_time,est_date
0,2020-12-31,EPS.PA,EUR,2020-12-31,2020-12-31,FY,10798206.0,7221151.0,3577055.0,0.3312638228979888,1543425.0,1536688.0,0.0,0.0,0.0,23966347.0,229024.0,3325887.0,-9842254.0,-0.9114712203119666,-13168141.0,-1.3655045106566777,0.0,-14744999.0,-1.3655045106566777,69540.0,-14814545.0,-1.3719450249421061,-1.1603906520475669,-1.1603906520475669,12766860.0,12766860.0,https://www.infogreffe.com/recherche-entreprise-dirigeants/resultats-entreprise-dirigeants.html?ga_cat=globale&ga_q=E.P.S#phrase=E.P.S,https://www.infogreffe.com/recherche-entreprise-dirigeants/resultats-entreprise-dirigeants.html?ga_cat=globale&ga_q=E.P.S#phrase=E.P.S,1620591711,16:21:51,20210509
1,2019-12-31,EPS.PA,EUR,2019-12-31,2019-12-31,FY,19684041.0,14857163.0,4826878.0,0.24521783916219236,2094303.0,649442.0,0.0,0.0,15791030.0,30648193.0,281993.0,2985304.0,-7978848.0,-0.4053460364159981,-10964152.0,-0.5570071714441156,0.0,-15399856.0,-0.7823523635212912,-755570.0,-14644285.0,-0.7439674099439236,-1.15,-1.15,12766860.0,12766860.0,https://www.infogreffe.com/recherche-entreprise-dirigeants/resultats-entreprise-dirigeants.html?ga_cat=globale&ga_q=E.P.S#phrase=E.P.S,https://www.infogreffe.com/recherche-entreprise-dirigeants/resultats-entreprise-dirigeants.html?ga_cat=globale&ga_q=E.P.S#phrase=E.P.S,1620591711,16:21:51,20210509
2,2018-12-31,EPS.PA,EUR,2018-12-31,2018-12-31,FY,15540960.0,10983400.0,4557560.0,0.29326116275957215,3279710.0,420704.0,0.0,0.0,13801436.0,24784836.0,1031132.0,1655407.0,-7588469.0,-0.48828830394003975,-9243876.0,-0.5948072705933224,0.0,-8813174.0,-0.5670932812387395,-78532.0,-8734638.0,-0.5620397967693116,-0.83,-0.83,10525521.0,10525521.0,https://www.infogreffe.com/recherche-entreprise-dirigeants/resultats-entreprise-dirigeants.html?ga_cat=globale&ga_q=E.P.S#phrase=E.P.S,https://www.infogreffe.com/recherche-entreprise-dirigeants/resultats-entreprise-dirigeants.html?ga_cat=globale&ga_q=E.P.S#phrase=E.P.S,1620591711,16:21:51,20210509
3,2017-12-31,EPS.PA,EUR,2017-12-31,2017-12-31,FY,9898994.0,6030346.0,3868648.0,0.3908122380920728,115026.0,328037.0,0.0,0.0,7202195.0,13232541.0,5212511.0,1276156.0,-2057391.0,-0.20783839246695168,-3333547.0,-0.336756139058171,0.0,-9827994.0,-0.9928275539918501,-818482.0,-9009510.0,-0.910144000491363,-1.047341,-1.047341,8565335.0,8565335.0,https://www.infogreffe.com/recherche-entreprise-dirigeants/resultats-entreprise-dirigeants.html?ga_cat=globale&ga_q=E.P.S#phrase=E.P.S,https://www.infogreffe.com/recherche-entreprise-dirigeants/resultats-entreprise-dirigeants.html?ga_cat=globale&ga_q=E.P.S#phrase=E.P.S,1620591711,16:21:51,20210509
4,2016-12-31,EPS.PA,EUR,2016-12-31,2016-12-31,FY,7314816.0,4080960.0,3233856.0,0.44209669798939577,614895.0,1103206.0,0.0,0.0,10049522.0,14130482.0,0.0,1219064.0,-5596602.0,-0.7651049595779306,-6815666.0,-0.9317617832082175,0.0,-8517108.0,-1.1643639429891333,40493.0,-8557601.0,-1.1698996939909356,-1.037819,-1.037819,8278096.0,8278096.0,https://www.infogreffe.com/recherche-entreprise-dirigeants/resultats-entreprise-dirigeants.html?ga_cat=globale&ga_q=E.P.S#phrase=E.P.S,https://www.infogreffe.com/recherche-entreprise-dirigeants/resultats-entreprise-dirigeants.html?ga_cat=globale&ga_q=E.P.S#phrase=E.P.S,1620591711,16:21:51,20210509
5,2015-12-31,EPS.PA,EUR,2015-12-31,2015-12-31,FY,381521.0,135357.0,246164.0,0.6452174323300683,595890.0,542466.0,0.0,0.0,8110437.0,8245794.0,7625.0,86259.0,-7778014.0,-20.38685681784227,-7864273.0,-20.612949221668007,0.0,-10662322.0,-27.946881036692606,-64806.0,-10597524.0,-27.777039795974535,-1.837607,-1.837607,5763091.0,5763091.0,https://www.infogreffe.com/recherche-entreprise-dirigeants/resultats-entreprise-dirigeants.html?ga_cat=globale&ga_q=E.P.S#phrase=E.P.S,https://www.infogreffe.com/recherche-entreprise-dirigeants/resultats-entreprise-dirigeants.html?ga_cat=globale&ga_q=E.P.S#phrase=E.P.S,1620591711,16:21:51,20210509
6,2014-12-31,EPS.PA,EUR,2014-12-31,2014-12-31,FY,761774.0,379204.0,382570.0,0.5022093166739742,0.0,711498.0,0.0,0.0,202347.0,581551.0,8288.0,54269.0,234492.0,0.3078235802219556,180223.0,0.2365832911073363,0.0,-175904.0,-0.23091363055184347,84738.0,-260642.0,-0.3421513467248817,-0.047666,-0.047666,5468041.0,5468041.0,https://www.infogreffe.com/recherche-entreprise-dirigeants/resultats-entreprise-dirigeants.html?ga_cat=globale&ga_q=E.P.S#phrase=E.P.S,https://www.infogreffe.com/recherche-entreprise-dirigeants/resultats-entreprise-dirigeants.html?ga_cat=globale&ga_q=E.P.S#phrase=E.P.S,1620591711,16:21:51,20210509
7,2013-12-31,EPS.PA,EUR,2013-12-31,2013-12-31,FY,1199762.0,1002589.0,197173.0,0.16434342811324246,0.0,629341.0,0.0,0.0,2892919.0,3895508.0,95249.0,82317.0,-2613429.0,-2.178289527422939,-2695746.0,-2.2469006352926666,0.0,-3082319.0,-2.5691087065601343,-3741.0,-3078578.0,-2.565990588133313,-2.4791953388926244,-1.6789380283871587,1241765.0,1833646.0,https://www.infogreffe.com/recherche-entreprise-dirigeants/resultats-entreprise-dirigeants.html?ga_cat=globale&ga_q=E.P.S#phrase=E.P.S,https://www.infogreffe.com/recherche-entreprise-dirigeants/resultats-entreprise-dirigeants.html?ga_cat=globale&ga_q=E.P.S#phrase=E.P.S,1620591711,16:21:51,20210509
8,2012-12-31,EPS.PA,EUR,2012-12-31,2012-12-31,FY,1261575.0,1072583.0,188992.0,0.1498063928026475,0.0,1241703.0,0.0,0.0,4839703.0,5912286.0,170479.0,365208.0,-4285503.0,-3.396946673800606,-4650711.0,-3.686432435645919,0.0,-6827689.0,-5.412035748964588,13383.0,-6841072.0,-5.422643917325566,-5.5091518926689025,-3.7308575373872603,1241765.0,1833646.0,https://www.infogreffe.com/recherche-entreprise-dirigeants/resultats-entreprise-dirigeants.html?ga_cat=globale&ga_q=E.P.S#phrase=E.P.S,https://www.infogreffe.com/recherche-entreprise-dirigeants/resultats-entreprise-dirigeants.html?ga_cat=globale&ga_q=E.P.S#phrase=E.P.S,1620591711,16:21:51,20210509
