,date,symbol,reportedCurrency,fillingDate,acceptedDate,period,revenue,costOfRevenue,grossProfit,grossProfitRatio,researchAndDevelopmentExpenses,generalAndAdministrativeExpenses,sellingAndMarketingExpenses,otherExpenses,operatingExpenses,costAndExpenses,interestExpense,depreciationAndAmortization,ebitda,ebitdaratio,operatingIncome,operatingIncomeRatio,totalOtherIncomeExpensesNet,incomeBeforeTax,incomeBeforeTaxRatio,incomeTaxExpense,netIncome,netIncomeRatio,eps,epsdiluted,weightedAverageShsOut,weightedAverageShsOutDil,link,finalLink,timestamp,est_time,est_date
0,2020-12-31,AVLR,USD,2021-02-25,2021-02-25 17:00:04,FY,500569000,143095000,357474000,0.7141353140126536,119710000,95242000,204490000,2798000.0,419442000,562537000,0.0,20233000.0,-41735000,-0.08337511911444775,-61968000,-0.12379512115212887,2798000.0,-57492000,-0.1148532969480731,-8309000.0,-49183000,-0.098254186735495,-0.6705705910423342,-0.6705705910423342,80985000,80985000,https://www.sec.gov/Archives/edgar/data/1348036/000156459021008919/0001564590-21-008919-index.htm,https://www.sec.gov/Archives/edgar/data/1348036/000156459021008919/avlr-10k_20201231.htm,1620588979,15:36:19,20210509
1,2019-12-31,AVLR,USD,2020-02-28 00:00:00,2020-02-28 16:08:17,FY,382421000,115299000,267122000,0.6985024357971973,82442000,71918000,168634000,865000.0,322994000,438293000,289000.0,15807000.0,-40065000,-0.10476673613635235,-55872000,-0.14610076329490274,865000.0,-49259000,-0.12880830289131612,955000.0,-50214000,-0.13130555068890046,-0.68,-0.68,73345000,73345000,https://www.sec.gov/Archives/edgar/data/1348036/000156459020007791/0001564590-20-007791-index.html,https://www.sec.gov/Archives/edgar/data/1348036/000156459020007791/avlr-10k_20191231.htm,1620588979,15:36:19,20210509
2,2018-12-31,AVLR,USD,2019-02-28 00:00:00,2019-02-28 16:12:00,FY,272098000,78649000,193449000,0.7109534064932488,51909000,39603000,168817000,583000.0,260329000,338978000,2608000.0,12802000.0,-54078000,-0.19874456997111334,-66880000,-0.24579379488272607,-8591000.0,-76526000,-0.2812442575836647,-976000.0,-75550000,-0.2776573146439886,-1.95,-1.95,38692000,38692000,https://www.sec.gov/Archives/edgar/data/1348036/000156459019005454/0001564590-19-005454-index.html,https://www.sec.gov/Archives/edgar/data/1348036/000156459019005454/avlr-10k_20181231.htm,1620588979,15:36:19,20210509
3,2017-12-31,AVLR,USD,2017-12-31,2017-12-31,FY,213159000,57977000,155182000,0.728010546118156,41264000,34286000,133794000,495000.0,209344000,267321000,2585000.0,10859000.0,-43303000,-0.20314882317894153,-54162000,-0.25409201581917723,-8675000.0,-65345000,-0.3065552005779723,-1219000.0,-64126000,-0.30083646479857756,-1.13,-1.13,56829000,56829000,,,1620588979,15:36:19,20210509
4,2016-12-31,AVLR,USD,2016-12-31,2016-12-31,FY,167426000,48513000,118913000,0.710242136824627,32848000,36875000,103483000,-672000.0,173206000,221719000,2301000.0,10425000.0,-43868000,-0.2620142630176914,-54293000,-0.32428057768805324,-672000.0,-57248000,-0.34193016616296157,640000.0,-57888000,-0.34575275046886383,-1.008713,-1.008713,57388000,57388000,,,1620588979,15:36:19,20210509
5,2015-12-31,AVLR,USD,2015-12-31,2015-12-31,FY,123158000,40745000,82413000,0.6691648126796473,29787000,33683000,98686000,-898000.0,162156000,202901000,746000.0,9116000.0,-70627000,-0.5734666038746975,-79743000,-0.6474853440296204,-980000.0,-81357000,-0.660590461033794,-3593000.0,-77764000,-0.6314165543448254,-1.355057,-1.355057,57388000,57388000,,,1620588979,15:36:19,20210509
