,date,symbol,reportedCurrency,fillingDate,acceptedDate,period,revenue,costOfRevenue,grossProfit,grossProfitRatio,researchAndDevelopmentExpenses,generalAndAdministrativeExpenses,sellingAndMarketingExpenses,otherExpenses,operatingExpenses,costAndExpenses,interestExpense,depreciationAndAmortization,ebitda,ebitdaratio,operatingIncome,operatingIncomeRatio,totalOtherIncomeExpensesNet,incomeBeforeTax,incomeBeforeTaxRatio,incomeTaxExpense,netIncome,netIncomeRatio,eps,epsdiluted,weightedAverageShsOut,weightedAverageShsOutDil,link,finalLink,timestamp,est_time,est_date
0,2020-06-30,XRF.AX,AUD,2020-06-30,2020-06-30,FY,29081431,16837089.0,12244342.0,0.42103643386737055,0.0,7406446.0,0.0,290791.0,7932814.0,0.0,158142.0,0.0,4612396.0,0.15860278677483236,4311528.0,0.14825707854610043,290791.0,4454254.0,0.1531648838050645,1332874.0,3121380.0,0.10733240740457373,0.023324201536829188,0.023324201536829188,133825803,133825803,,,1620600049,18:40:49,20210509
1,2019-06-30,XRF.AX,AUD,2019-06-30,2019-06-30,FY,29021343,17673013.0,11348330.0,0.39103393664448954,0.0,7349855.0,0.0,25443.0,8123999.0,0.0,105844.0,0.0,3257073.0,0.11223026446432889,3224331.0,0.11110206030093094,25443.0,3151229.0,0.1085831555073106,1013639.0,2137590.0,0.0736557918770334,0.016,0.016,133825803,133825803,,,1620600049,18:40:49,20210509
2,2018-06-30,XRF.AX,AUD,2018-06-30,2018-06-30,FY,24247966,14349701.0,9898265.0,0.4082101154381361,0.0,6537675.0,0.0,-163549.0,8136448.0,0.0,98572.0,854587.0,2616404.0,0.10790199887281267,1761817.0,0.0726583417347253,-163549.0,1502092.0,0.06194713404002628,478085.0,1024007.0,0.04223063493243103,0.008,0.008,133825803,133825803,,,1620600049,18:40:49,20210509
3,2017-06-30,XRF.AX,AUD,2017-06-30,2017-06-30,FY,21508191,12428406.0,9079785.0,0.42215475025305477,0.0,6403638.0,0.0,-76173.0,7952580.0,0.0,46309.0,767527.0,1894732.0,0.0880935081895079,1127205.0,0.05240817323967413,-144765.0,968429.0,0.045026055422327245,174578.0,793851.0,0.03690924076320505,0.006,0.006,133825803,133825803,,,1620600049,18:40:49,20210509
4,2016-06-30,XRF.AX,AUD,2016-06-30,2016-06-30,FY,21050106,12551843.0,8498263.0,0.40371592428085634,0.0,5601715.0,0.0,150570.0,6382844.0,0.0,28057.0,721539.0,2836958.0,0.1347716728837375,2115419.0,0.10049445831769208,203318.0,2373420.0,0.11275097617085633,836156.0,1537264.0,0.07302880090009999,0.012,0.012,133126318,133126318,,,1620600049,18:40:49,20210509
5,2015-06-30,XRF.AX,AUD,2015-06-30,2015-06-30,FY,20503547,11671858.0,8831689.0,0.4307395691096765,0.0,4321728.0,0.0,-4259.0,5368889.0,0.0,1272.0,594646.0,4057446.0,0.1978899553330943,3462800.0,0.16888785145321442,14368.0,3643188.0,0.17768574383739555,1003725.0,2639463.0,0.12873201890385114,0.02,0.02,132157097,132157097,,,1620600049,18:40:49,20210509
6,2014-06-30,XRF.AX,AUD,2014-06-30,2014-06-30,FY,21666472,12929565.0,8736907.0,0.40324548454404574,0.0,4134901.0,0.0,-146717.0,5139906.0,0.0,500.0,554834.0,4151835.0,0.19162487552195853,3597001.0,0.16601692236742557,-238875.0,3541216.0,0.1634422069269053,1099958.0,2441258.0,0.11267445849051937,0.018,0.018,132157097,132157097,,,1620600049,18:40:49,20210509
7,2013-06-30,XRF.AX,AUD,2013-06-30,2013-06-30,FY,22632653,13380637.0,9252016.0,0.4087906088605697,0.0,3589902.0,0.0,192162.0,4347545.0,0.0,10865.0,300733.0,5205204.0,0.22998647131646477,4904471.0,0.21669889959431624,237828.0,5442433.0,0.24046818550171736,1629661.0,3812772.0,0.16846332597420197,0.029,0.029,130734266,130734266,,,1620600049,18:40:49,20210509
8,2012-06-30,XRF.AX,AUD,2012-06-30,2012-06-30,FY,25491245,15894502.0,9596743.0,0.3764721181723372,0.0,3471865.0,0.0,33683.0,4820756.0,0.0,31651.0,719448.0,5495435.0,0.21558127113838496,4775987.0,0.18735793406716697,33683.0,5089066.0,0.19963975867008457,1483709.0,3579393.0,0.14041656262767865,0.0282,0.0282,127129270,127129270,,,1620600049,18:40:49,20210509
9,2011-06-30,XRF.AX,AUD,2011-06-30,2011-06-30,FY,20464029,11976552.0,8487477.0,0.41475102483484555,0.0,3141814.0,0.0,-57252.0,4258245.0,0.0,135629.0,548995.0,4778227.0,0.2334939517530981,4229232.0,0.20666663441495317,-387252.0,3731552.0,0.18234688780005148,1096569.0,2634983.0,0.1287616920402136,0.025,0.025,103628349,103628349,,,1620600049,18:40:49,20210509
10,2010-06-30,XRF.AX,AUD,2010-06-30,2010-06-30,FY,12529166,7866600.0,4662566.0,0.3721369802267765,0.0,2321386.0,0.0,-37693.0,3943621.0,0.0,2913.0,326734.0,1045679.0,0.08345958541853464,718945.0,0.05738171239809577,-336138.0,522351.0,0.04169080368158583,219472.0,302879.0,0.02417391548647372,0.0033,0.0033,91611683,91611683,,,1620600049,18:40:49,20210509
11,2009-06-30,XRF.AX,AUD,2009-06-30,2009-06-30,FY,16905909,10228562.0,6677347.0,0.3949711902506987,0.0,4134289.0,111656.0,1973.0,4559177.0,0.0,25163.0,257639.0,2375809.0,0.1405312781465936,2118170.0,0.12529169534746698,1973.0,2308459.0,0.13654746396659298,357867.0,1950592.0,0.11537930317736834,0.021,0.021,91611683,91611683,,,1620600049,18:40:49,20210509
12,2008-06-30,XRF.AX,AUD,2008-06-30,2008-06-30,FY,14706204,9224893.0,5481311.0,0.37272099584637886,0.0,3762852.0,106194.0,57105.0,4159715.0,0.0,84013.0,224124.0,1545720.0,0.10510666110710827,1321596.0,0.08986656243854635,57105.0,1528400.0,0.10392892686651158,607793.0,920607.0,0.06259990681483815,0.012,0.011,84527081,94261000,,,1620600049,18:40:49,20210509
13,2007-06-30,XRF.AX,AUD,2007-06-30,2007-06-30,FY,12591686,7511644.0,5080042.0,0.40344414560528274,0.0,3846460.0,372313.0,13609.0,4440018.0,0.0,23404.0,143566.0,783590.0,0.0622307449534558,640024.0,0.05082909468994065,-119807.0,699036.0,0.05551567915527754,181921.0,236624.0,0.01879208233115089,0.001499,0.001322,72441306,81960809,,,1620600049,18:40:49,20210509
