,date,symbol,reportedCurrency,fillingDate,acceptedDate,period,revenue,costOfRevenue,grossProfit,grossProfitRatio,researchAndDevelopmentExpenses,generalAndAdministrativeExpenses,sellingAndMarketingExpenses,otherExpenses,operatingExpenses,costAndExpenses,interestExpense,depreciationAndAmortization,ebitda,ebitdaratio,operatingIncome,operatingIncomeRatio,totalOtherIncomeExpensesNet,incomeBeforeTax,incomeBeforeTaxRatio,incomeTaxExpense,netIncome,netIncomeRatio,eps,epsdiluted,weightedAverageShsOut,weightedAverageShsOutDil,link,finalLink,timestamp,est_time,est_date
0,2015-04-30,IEO,USD,2015-04-30,2015-04-30,FY,8448580.0,2225360.0,6223220.0,0.7365995232334901,0.0,0.0,0.0,0.0,0.0,2225360.0,-73164730.0,0.0,-140106240,-16.583407,6223220.0,0.7365995232334901,0.0,-66941510.0,-7.9234036962424454,0.0,-66941510.0,-7.9234036962424454,-9.70167,-9.70167,6900000.0,6900000.0,,,1620593454,16:50:54,20210509
1,2014-04-30,IEO,USD,2014-04-30,2014-04-30,FY,5751040.0,1796660.0,3954380.0,0.6875938960605387,0.0,0.0,0.0,0.0,0.0,1796660.0,97804760.0,0.0,199563900,34.700489,3954380.0,0.6875938960605387,0.0,101759140.0,17.694041425550857,0.0,101759140.0,17.694041425550857,19.0204,19.0204,5350000.0,5350000.0,,,1620593454,16:50:54,20210509
2,2013-04-30,IEO,USD,2013-04-30,2013-04-30,FY,4180000.0,0.0,0.0,0.0,0.0,1460000.0,0.0,0.0,1460000.0,1460000.0,21870000.0,0.0,46460000,11.114833,2720000.0,0.6507177033492823,0.0,24590000.0,5.882775119617225,0.0,24590000.0,5.882775119617225,5.46444,5.46444,4500000.0,4500000.0,,,1620593454,16:50:54,20210509
3,2012-04-30,IEO,USD,2012-04-30,2012-04-30,FY,3830000.0,0.0,0.0,0.0,0.0,1890000.0,0.0,0.0,1890000.0,1890000.0,-81200000.0,0.0,-160460000,-41.895561,1940000.0,0.5065274151436031,0.0,-79260000.0,-20.694516971279374,0.0,-79260000.0,-20.694516971279374,-13.54872,-13.54872,5850000.0,5850000.0,,,1620593454,16:50:54,20210509
4,2011-04-30,IEO,USD,2011-04-30,2011-04-30,FY,3840000.0,0.0,0.0,0.0,0.0,1910000.0,0.0,0.0,1910000.0,1910000.0,117750000.0,0.0,237420000,61.828125,1930000.0,0.5026041666666666,0.0,119670000.0,31.1640625,0.0,119670000.0,31.1640625,15.1481,15.1481,7900000.0,7900000.0,,,1620593454,16:50:54,20210509
5,2010-04-30,IEO,USD,2010-04-30,2010-04-30,FY,3150000.0,0.0,0.0,0.0,0.0,1650000.0,0.0,0.0,1650000.0,1650000.0,128500000.0,0.0,258500000,82.063492,1500000.0,0.47619047619047616,0.0,130000000.0,41.26984126984127,0.0,130000000.0,41.26984126984127,17.33333,17.33333,7500000.0,7500000.0,,,1620593454,16:50:54,20210509
6,2009-04-30,IEO,USD,2009-04-30,2009-04-30,FY,2350000.0,0.0,0.0,0.0,0.0,1170000.0,0.0,0.0,1170000.0,1170000.0,-146450000.0,0.0,-291730000,-124.140426,1170000.0,0.4978723404255319,0.0,-145280000.0,-61.82127659574468,0.0,-145280000.0,-61.82127659574468,-16.99181,-16.99181,8550000.0,8550000.0,,,1620593454,16:50:54,20210509
7,2008-04-30,IEO,USD,2008-04-30,2008-04-30,FY,1160000.0,0.0,0.0,0.0,0.0,730000.0,0.0,0.0,730000.0,730000.0,47980000.0,0.0,96390000,83.094828,430000.0,0.3706896551724138,0.0,48410000.0,41.73275862068966,0.0,48410000.0,41.73275862068966,12.57403,12.57403,3850000.0,3850000.0,,,1620593454,16:50:54,20210509
8,2007-04-30,IEO,USD,2007-04-30,2007-04-30,FY,340000.0,0.0,0.0,0.0,0.0,210000.0,0.0,0.0,210000.0,210000.0,6450000.0,0.0,13020000,38.294118,130000.0,0.38235294117647056,0.0,6570000.0,19.323529411764707,0.0,6570000.0,19.323529411764707,5.475,5.475,1200000.0,1200000.0,,,1620593454,16:50:54,20210509
