,date,symbol,reportedCurrency,fillingDate,acceptedDate,period,revenue,costOfRevenue,grossProfit,grossProfitRatio,researchAndDevelopmentExpenses,generalAndAdministrativeExpenses,sellingAndMarketingExpenses,otherExpenses,operatingExpenses,costAndExpenses,interestExpense,depreciationAndAmortization,ebitda,ebitdaratio,operatingIncome,operatingIncomeRatio,totalOtherIncomeExpensesNet,incomeBeforeTax,incomeBeforeTaxRatio,incomeTaxExpense,netIncome,netIncomeRatio,eps,epsdiluted,weightedAverageShsOut,weightedAverageShsOutDil,link,finalLink,timestamp,est_time,est_date
0,2020-06-30,AXO,USD,2020-06-30,2020-06-30,FY,477611000,0.0,477611000,1.0,0.0,144341000,0.0,0.0,144341000,144341000,145228000,70396000.0,333028000,0.6972787477675346,262632000,0.5498868325897016,0.0,262632000,0.5498868325897016,79194000,183438000,0.38407406864582266,3.01734,3.01734,60794555,60794555,,,1620589031,15:37:11,20210509
1,2019-06-30,AXO,USD,2019-08-28,2019-08-28,FY,408605000,0.0,408605000,1.0,0.0,127433000,0.0,0.0,127433000,127433000,156282000,47119000.0,259925000,0.6361278006877057,212806000,0.5208110522387146,0.0,212806000,0.5208110522387146,57675000,155131000,0.3796600628969298,2.50622,2.50622,61898447,61898447,https://www.sec.gov/Archives/edgar/data/1299709/000129970919000139/0001299709-19-000139-index.htm,https://www.sec.gov/ix?doc=/Archives/edgar/data/1299709/000129970919000139/a10-k20190630doc.htm,1620589031,15:37:11,20210509
2,2018-06-30,AXO,USD,2018-08-23,2018-08-23,FY,368494000,0.0,368494000,1.0,0.0,100975000,0.0,0.0,100975000,100975000,106580000,38787000.0,278486000,0.7557409347234961,239699000,0.6504827758389553,0.0,239699000,0.6504827758389553,87288000,152411000,0.41360510618897456,2.4169643171758244,2.414002153311905,63058854,63136232,https://www.sec.gov/Archives/edgar/data/1299709/000129970918000085/0001299709-18-000085-index.htm,https://www.sec.gov/ix?doc=/Archives/edgar/data/1299709/000129970918000085/a10-k20180630doc.htm,1620589031,15:37:11,20210509
3,2017-06-30,AXO,USD,2017-08-24,2017-08-24,FY,313227000,0.0,313227000,1.0,0.0,81821000,0.0,0.0,81821000,81821000,74059000,13927000.0,246620000,0.7873523036009029,232693000,0.7428893422342263,0.0,232693000,0.7428893422342263,97953000,134740000,0.4301672588889208,2.1266156731354147,2.0777141579118887,63358886,64850114,https://www.sec.gov/Archives/edgar/data/1299709/000129970917000073/0001299709-17-000073-index.htm,https://www.sec.gov/Archives/edgar/data/1299709/000129970917000073/a10-k20170630doc.htm,1620589031,15:37:11,20210509
4,2016-06-30,AXO,USD,2016-08-25,2016-08-25,FY,261011000,0.0,261011000,1.0,0.0,66667000,0.0,0.0,66667000,66667000,56696000,9112000.0,214007000,0.8199156357394899,204895000,0.7850052296646501,0.0,204895000,0.7850052296646501,85604000,119291000,0.45703437786146944,1.896234571326697,1.856229919246973,62909411,64265207,https://www.sec.gov/Archives/edgar/data/1299709/000129970916000267/0001299709-16-000267-index.htm,https://www.sec.gov/Archives/edgar/data/1299709/000129970916000267/a10-k20160630doc.htm,1620589031,15:37:11,20210509
5,2015-06-30,AXO,USD,2015-08-26,2015-08-26,FY,198945000,0.0,198945000,1.0,0.0,43819000,0.0,0.0,43819000,43819000,45419000,8817000.0,149674000,0.7523385860413682,140857000,0.7080198044685717,0.0,140857000,0.7080198044685717,58175000,82682000,0.4156023021438086,0.005517665344607837,0.005406003748934992,14984961000,15294477000,https://www.sec.gov/Archives/edgar/data/1299709/000129970915000103/0001299709-15-000103-index.htm,https://www.sec.gov/Archives/edgar/data/1299709/000129970915000103/a10-k20150630doc.htm,1620589031,15:37:11,20210509
6,2014-06-30,AXO,USD,2014-08-28,2014-08-28,FY,137097000,0.0,137097000,1.0,0.0,32240000,0.0,0.0,32240000,32240000,35781000,13861000.0,108130000,0.7887116421220012,94269000,0.6876080439396923,0.0,94269000,0.6876080439396923,38313000,55956000,0.40814897481345325,0.003985524304497305,0.003894535456447685,14039809000,14367824000,https://www.sec.gov/Archives/edgar/data/1299709/000129970914000121/0001299709-14-000121-index.htm,https://www.sec.gov/Archives/edgar/data/1299709/000129970914000121/a10-k20140630doc.htm,1620589031,15:37:11,20210509
7,2013-06-30,AXO,USD,2013-09-04,2013-09-04,FY,101628000,0.0,101628000,1.0,0.0,28874000,0.0,0.0,28874000,28874000,34026000,13034000.0,81235000,0.7993367969457236,68201000,0.6710847404258669,0.0,68201000,0.6710847404258669,27910000,40291000,0.39645570118471285,0.003158002571015868,0.0030624066346392536,12758381000,13156646000,https://www.sec.gov/Archives/edgar/data/1299709/000129970913000135/0001299709-13-000135-index.htm,https://www.sec.gov/Archives/edgar/data/1299709/000129970913000135/bofi-2013630x10k.htm,1620589031,15:37:11,20210509
8,2012-06-30,AXO,USD,2012-06-30,2012-06-30,FY,79188000,0.0,79188000,1.0,0.0,20339000,0.0,0.0,20339000,20339000,36545000,14443000.0,63980000,0.8079506996009497,49537000,0.6255619538313886,0.0,49537000,0.6255619538313886,20061000,29476000,0.3722281153710158,0.0026711639173566753,0.002565542044304255,11034890000,11489190000,,,1620589031,15:37:11,20210509
