,date,symbol,reportedCurrency,fillingDate,acceptedDate,period,revenue,costOfRevenue,grossProfit,grossProfitRatio,researchAndDevelopmentExpenses,generalAndAdministrativeExpenses,sellingAndMarketingExpenses,otherExpenses,operatingExpenses,costAndExpenses,interestExpense,depreciationAndAmortization,ebitda,ebitdaratio,operatingIncome,operatingIncomeRatio,totalOtherIncomeExpensesNet,incomeBeforeTax,incomeBeforeTaxRatio,incomeTaxExpense,netIncome,netIncomeRatio,eps,epsdiluted,weightedAverageShsOut,weightedAverageShsOutDil,link,finalLink,timestamp,est_time,est_date
0,2020-12-31,VAR1.SW,EUR,2020-12-31,2020-12-31,FY,869583000.0,314742000.0,554841000.0,0.6380541017936183,0.0,22081000.0,31682000.0,0.0,0.0,704769000.0,5334000.0,66617000.0,231431000.0,0.266140207432758,164814000.0,0.1530894693203524,0.0,133124000.0,0.1530894693203524,37616000.0,95411000.0,0.10972040621769284,2.419756530560487,2.419756530560487,39430000.0,39430000.0,https://www.six-group.com/en/products-services/the-swiss-stock-exchange.html,https://www.six-group.com/en/products-services/the-swiss-stock-exchange.html,1620599423,18:30:23,20210509
1,2019-12-31,VAR1.SW,EUR,2019-12-31,2019-12-31,FY,362692000.0,118571000.0,244121000.0,0.6730807406835552,0.0,11851000.0,3198000.0,0.0,169581000.0,288152000.0,1127000.0,20855000.0,95395000.0,0.2630193111510593,74540000.0,0.20551873214738675,0.0,71079000.0,0.19597620019189835,20615000.0,50390000.0,0.13893330980556506,1.28,1.28,39430000.0,39430000.0,https://www.six-group.com/en/products-services/the-swiss-stock-exchange.html,https://www.six-group.com/en/products-services/the-swiss-stock-exchange.html,1620599423,18:30:23,20210509
2,2018-12-31,VAR1.SW,EUR,2018-12-31,2018-12-31,FY,271650000.0,98816000.0,172834000.0,0.6362378060003682,0.0,6030000.0,3516000.0,108000.0,135384000.0,234200000.0,416000.0,10518000.0,47968000.0,0.17658015829191975,37450000.0,0.13786121847966132,0.0,36482000.0,0.13429780968157556,10779000.0,25260000.0,0.09298729983434567,0.66,0.66,38200000.0,38200000.0,https://www.six-group.com/en/products-services/the-swiss-stock-exchange.html,https://www.six-group.com/en/products-services/the-swiss-stock-exchange.html,1620599423,18:30:23,20210509
3,2017-12-31,VAR1.SW,EUR,2017-12-31,2017-12-31,FY,242157000.0,93266000.0,148891000.0,0.6148531737674319,0.0,6257000.0,3677000.0,3151000.0,121406000.0,214672000.0,783000.0,9446000.0,36931000.0,0.1525084965538886,27485000.0,0.1135007453841929,0.0,21025000.0,0.08682383742778445,7481000.0,13268000.0,0.05479090011851815,0.423627,0.423627,31320000.0,31320000.0,https://www.six-group.com/en/products-services/the-swiss-stock-exchange.html,https://www.six-group.com/en/products-services/the-swiss-stock-exchange.html,1620599423,18:30:23,20210509
4,2016-12-31,VAR1.SW,EUR,2016-12-31,2016-12-31,FY,213815000.0,86414000.0,127401000.0,0.5958468769730842,0.0,6229000.0,3447000.0,3037000.0,112876000.0,199290000.0,1811000.0,8922000.0,23447000.0,0.10966022028389028,14525000.0,0.06793255852021607,0.0,12073000.0,0.056464700792741386,2663000.0,9410000.0,0.04401000865233964,1.053398,1.053398,8933000.0,8933000.0,https://www.six-group.com/en/products-services/the-swiss-stock-exchange.html,https://www.six-group.com/en/products-services/the-swiss-stock-exchange.html,1620599423,18:30:23,20210509
5,2011-12-31,VAR1.SW,EUR,2011-12-31,2011-12-31,FY,228000.0,0.0,228000.0,1.0,0.0,0.0,0.0,0.0,2487000.0,2487000.0,0.0,32000.0,-2227000.0,-9.767543859649123,-2259000.0,-9.907894736842104,0.0,-6083000.0,-26.67982456140351,-157000.0,-5926000.0,-25.99122807017544,-1.197898,-1.197898,4947000.0,4947000.0,https://www.six-group.com/en/products-services/the-swiss-stock-exchange.html,https://www.six-group.com/en/products-services/the-swiss-stock-exchange.html,1620599423,18:30:23,20210509
6,2010-12-31,VAR1.SW,EUR,2010-12-31,2010-12-31,FY,1319000.0,0.0,1319000.0,1.0,0.0,0.0,0.0,0.0,4082000.0,4082000.0,0.0,122000.0,-2641000.0,-2.0022744503411674,-2763000.0,-2.0947687642153148,0.0,-6469000.0,-4.904473085670963,-1652000.0,-4817000.0,-3.652009097801365,-0.97,-0.97,4947000.0,4947000.0,https://www.six-group.com/en/products-services/the-swiss-stock-exchange.html,https://www.six-group.com/en/products-services/the-swiss-stock-exchange.html,1620599423,18:30:23,20210509
7,2009-12-31,VAR1.SW,EUR,2009-12-31,2009-12-31,FY,816000.0,0.0,816000.0,1.0,0.0,0.0,0.0,0.0,3860000.0,3860000.0,0.0,122000.0,-2922000.0,-3.5808823529411766,-3044000.0,-3.730392156862745,0.0,-3200000.0,-3.9215686274509802,0.0,-3200000.0,-3.9215686274509802,-0.65,-0.65,4947000.0,4947000.0,https://www.six-group.com/en/products-services/the-swiss-stock-exchange.html,https://www.six-group.com/en/products-services/the-swiss-stock-exchange.html,1620599423,18:30:23,20210509
