,date,symbol,reportedCurrency,fillingDate,acceptedDate,period,revenue,costOfRevenue,grossProfit,grossProfitRatio,researchAndDevelopmentExpenses,generalAndAdministrativeExpenses,sellingAndMarketingExpenses,otherExpenses,operatingExpenses,costAndExpenses,interestExpense,depreciationAndAmortization,ebitda,ebitdaratio,operatingIncome,operatingIncomeRatio,totalOtherIncomeExpensesNet,incomeBeforeTax,incomeBeforeTaxRatio,incomeTaxExpense,netIncome,netIncomeRatio,eps,epsdiluted,weightedAverageShsOut,weightedAverageShsOutDil,link,finalLink,timestamp,est_time,est_date
0,2020-12-31,HBP,USD,2021-03-02,2021-03-02 17:28:11,FY,792300000,632900000,159400000,0.20118641928562414,0.0,0.0,0.0,145000000.0,145600000.0,778500000,3600000.0,5200000.0,19000000.0,0.023980815347721823,13800000.0,0.01741764483150322,-11000000.0,-800000.0,-0.0010097185409567084,100000.0,-900000.0,-0.001135933358576297,-0.03,-0.03,26000000,26000000,https://www.sec.gov/Archives/edgar/data/1093082/000156459021010338/0001564590-21-010338-index.htm,https://www.sec.gov/Archives/edgar/data/1093082/000156459021010338/hbp-10k_20201231.htm,1620592972,16:42:52,20210509
1,2019-12-31,HBP,USD,2020-03-03 00:00:00,2020-03-03 16:01:46,FY,812000000,650000000,162000000,0.19950738916256158,0.0,0.0,0.0,0.0,165600000.0,815600000,6600000.0,5700000.0,2100000.0,0.002586206896551724,-3600000.0,-0.004433497536945813,0.0,-10200000.0,-0.012561576354679803,11100000.0,-21300000.0,-0.02623152709359606,-0.84,-0.84,25400000,25400000,https://www.sec.gov/Archives/edgar/data/1093082/000156459020008427/0001564590-20-008427-index.html,https://www.sec.gov/Archives/edgar/data/1093082/000156459020008427/hbp-10k_20191231.htm,1620592972,16:42:52,20210509
2,2018-12-31,HBP,USD,2019-03-05 00:00:00,2019-03-05 17:01:45,FY,839600000,673100000,166500000,0.19830871843735112,0.0,0.0,0.0,0.0,167500000.0,840600000,6500000.0,5400000.0,4400000.0,0.005240590757503573,-1000000.0,-0.0011910433539780848,100000.0,-7400000.0,-0.008813720819437827,-1400000.0,-6400000.0,-0.007622677465459742,-0.26,-0.26,25100000,25100000,https://www.sec.gov/Archives/edgar/data/1093082/000156459019006307/0001564590-19-006307-index.html,https://www.sec.gov/Archives/edgar/data/1093082/000156459019006307/hbp-10k_20181231.htm,1620592972,16:42:52,20210509
3,2017-12-31,HBP,USD,2018-03-07 00:00:00,2018-03-07 16:31:41,FY,753200000,597400000,155800000,0.20685077004779606,0.0,155700000.0,0.0,0.0,155700000.0,753100000,3100000.0,4900000.0,5000000.0,0.006638343069569836,100000.0,0.0001327668613913967,0.0,-3000000.0,-0.003983005841741901,3200000.0,-7100000.0,-0.009426447158789167,-0.29,-0.29,24900000,24900000,https://www.sec.gov/Archives/edgar/data/1093082/000156459018004735/0001564590-18-004735-index.html,https://www.sec.gov/Archives/edgar/data/1093082/000156459018004735/hbp-10k_20171231.htm,1620592972,16:42:52,20210509
4,2016-12-31,HBP,USD,2017-03-02 00:00:00,2017-03-02 16:46:45,FY,713900000,562700000,151200000,0.21179436895923798,0.0,128500000.0,0.0,0.0,128500000.0,691200000,2200000.0,3900000.0,26600000.0,0.03726012046505113,22700000.0,0.03179717047205491,-4400000.0,20500000.0,0.028715506373441658,7200000.0,16300000.0,0.02283232945790727,0.64,0.64,24500000,24500000,https://www.sec.gov/Archives/edgar/data/1093082/000156459017003236/0001564590-17-003236-index.html,https://www.sec.gov/Archives/edgar/data/1093082/000156459017003236/hbp-10k_20161231.htm,1620592972,16:42:52,20210509
5,2015-12-31,HBP,USD,2016-02-26 00:00:00,2016-02-25 18:12:43,FY,659600000,526300000,133300000,0.20209217707701638,0.0,119200000.0,0.0,0.0,119200000.0,645500000,2300000.0,3000000.0,17100000.0,0.025924802910855065,14100000.0,0.021376591873862948,400000.0,12200000.0,0.018496058217101274,-17200000.0,26000000.0,0.03941782898726501,1.04,1.04,24100000,24100000,https://www.sec.gov/Archives/edgar/data/1093082/000156459016013424/0001564590-16-013424-index.html,https://www.sec.gov/Archives/edgar/data/1093082/000156459016013424/hbp-10k_20151231.htm,1620592972,16:42:52,20210509
6,2014-12-31,HBP,USD,2015-02-26,2015-02-26 16:36:57,FY,623700000,501100000,122600000,0.1965688632355299,0.0,114300000.0,0.0,0.0,114300000.0,615400000,2500000.0,3100000.0,11400000.0,0.01827801827801828,8300000.0,0.013307679974346641,-5000000.0,5800000.0,0.009299342632675966,0.0,2200000.0,0.003527336860670194,0.09,0.09,23500000,23500000,https://www.sec.gov/Archives/edgar/data/1093082/000119312515065832/d840430d10k.htm,https://www.sec.gov/Archives/edgar/data/1093082/000119312515065832/d840430d10k.htm,1620592972,16:42:52,20210509
7,2013-12-31,HBP,USD,2014-02-20,2014-02-19 17:58:20,FY,561500000,450400000,111100000,0.19786286731967942,0.0,104800000.0,0.0,0.0,104800000.0,555200000,2600000.0,2800000.0,9100000.0,0.01620658949243099,6300000.0,0.011219946571682992,0.0,3700000.0,0.0065894924309884235,100000.0,3200000.0,0.005699020480854853,0.13,0.13,22800000,22800000,https://www.sec.gov/Archives/edgar/data/1093082/000119312514059070/0001193125-14-059070-index.htm,https://www.sec.gov/Archives/edgar/data/1093082/000119312514059070/d647906d10k.htm,1620592972,16:42:52,20210509
8,2012-12-31,HBP,USD,2013-02-22 00:00:00,2013-02-21 17:43:48,FY,520500000,420400000,100100000,0.19231508165225744,0.0,97800000.0,0.0,0.0,97800000.0,518200000,2900000.0,2700000.0,5000000.0,0.009606147934678195,2300000.0,0.004418828049951969,500000.0,-100000.0,-0.00019212295869356388,0.0,-500000.0,-0.0009606147934678194,-0.02,-0.02,22891676,22891676,https://www.sec.gov/Archives/edgar/data/1093082/000119312513069639/0001193125-13-069639-index.html,https://www.sec.gov/Archives/edgar/data/1093082/000119312513069639/d444024d10k.htm,1620592972,16:42:52,20210509
9,2011-12-31,HBP,USD,2012-02-24 00:00:00,2012-02-24 09:20:41,FY,478700000,390100000,88600000,0.1850846041362022,0.0,98400000.0,0.0,0.0,98400000.0,488500000,2800000.0,2800000.0,-7000000.0,-0.014622937121370378,-9800000.0,-0.02047211196991853,-400000.0,-13000000.0,-0.02715688322540213,-300000.0,-13200000.0,-0.027574681428869856,-0.6,-0.6,22160455,22160455,https://www.sec.gov/Archives/edgar/data/1093082/000119312512076962/0001193125-12-076962-index.html,https://www.sec.gov/Archives/edgar/data/1093082/000119312512076962/d281197d10k.htm,1620592972,16:42:52,20210509
10,2010-12-31,HBP,USD,2011-02-24,2011-02-24 08:00:24,FY,467700000,382500000,85200000,0.18216805644644002,0.0,0.0,0.0,0.0,103300000.0,485800000,2100000.0,3600000.0,-14500000.0,-0.03100277955954672,-18100000.0,-0.03870002138122728,400000.0,-19800000.0,-0.042334830019243104,-400000.0,-18900000.0,-0.040410519563822966,-0.88,-0.88,21547394,21547394,https://www.sec.gov/Archives/edgar/data/1093082/000095012311017497/0000950123-11-017497-index.htm,https://www.sec.gov/Archives/edgar/data/1093082/000095012311017497/c63145e10vk.htm,1620592972,16:42:52,20210509
11,2009-12-31,HBP,USD,2010-02-26 00:00:00,2010-02-26 16:16:42,FY,455200000,371100000,84100000,0.18475395430579966,0.0,0.0,0.0,0.0,104200000.0,475300000,1500000.0,4400000.0,-15700000.0,-0.034490333919156416,-20100000.0,-0.04415641476274165,-1000000.0,-22600000.0,-0.04964850615114236,-2800000.0,-20500000.0,-0.045035149384885766,-0.97,-0.97,21190000,21190000,https://www.sec.gov/Archives/edgar/data/1093082/000095012310018154/0000950123-10-018154-index.html,https://www.sec.gov/Archives/edgar/data/1093082/000095012310018154/c56552e10vk.htm,1620592972,16:42:52,20210509
12,2008-12-31,HBP,USD,2009-03-04 00:00:00,2009-03-04 17:27:50,FY,671000000,548600000,122400000,0.18241430700447095,0.0,0.0,0.0,0.0,150300000.0,698900000,0.0,4500000.0,-23400000.0,-0.03487332339791356,-27900000.0,-0.04157973174366617,-8700000.0,-39200000.0,-0.058420268256333834,-4000000.0,-35400000.0,-0.052757078986587186,-1.69,-1.69,20923000,20923000,https://www.sec.gov/Archives/edgar/data/1093082/000095013709001527/0000950137-09-001527-index.html,https://www.sec.gov/Archives/edgar/data/1093082/000095013709001527/c49692e10vk.htm,1620592972,16:42:52,20210509
13,2007-12-31,HBP,USD,2008-02-29,2008-02-29 14:58:36,FY,874800000,709800000,165000000,0.1886145404663923,0.0,174900000.0,0.0,0.0,172500000.0,882300000,4200000.0,4800000.0,-2700000.0,-0.0030864197530864196,-7500000.0,-0.008573388203017833,2400000.0,-11700000.0,-0.013374485596707819,-3700000.0,-8200000.0,-0.009373571101966164,-0.4,-0.4,20500000,20500000,https://www.sec.gov/Archives/edgar/data/1093082/000095013708003075/0000950137-08-003075-index.htm,https://www.sec.gov/Archives/edgar/data/1093082/000095013708003075/c24030e10vk.htm,1620592972,16:42:52,20210509
14,2006-12-31,HBP,USD,2007-03-16,2007-03-16 09:47:23,FY,1102700000,896900000,205800000,0.18663281037453522,0.0,209900000.0,0.0,0.0,209900000.0,1106800000,5300000.0,6200000.0,2100000.0,0.0019044164323932166,-4100000.0,-0.003718146368005804,-600000.0,-10000000.0,-0.009068649678062937,-2300000.0,-7700000.0,-0.006982860252108461,-0.38,-0.38,20263158,20263158,https://www.sec.gov/Archives/edgar/data/1093082/000119312507056484/0001193125-07-056484-index.htm,https://www.sec.gov/Archives/edgar/data/1093082/000119312507056484/d10k.htm,1620592972,16:42:52,20210509
15,2005-12-31,HBP,USD,2006-03-09,2006-03-09 17:21:30,FY,1097200000,884700000,212500000,0.19367480860371855,0.0,177300000.0,0.0,0.0,180400000.0,1065100000,4600000.0,5600000.0,37700000.0,0.034360189573459717,32100000.0,0.029256288734961722,2500000.0,27500000.0,0.025063798760481225,10400000.0,18400000.0,0.016769959897921984,0.92,0.9,20000000,20444444,https://www.sec.gov/Archives/edgar/data/1093082/000119312506049775/0001193125-06-049775-index.htm,https://www.sec.gov/Archives/edgar/data/1093082/000119312506049775/d10k.htm,1620592972,16:42:52,20210509
16,2004-12-31,HBP,USD,2005-03-14 00:00:00,2005-03-14 17:19:29,FY,938400000,756400000,182000000,0.1939471440750213,0.0,152600000.0,0.0,0.0,153100000.0,909500000,4600000.0,5100000.0,34000000.0,0.036231884057971016,28900000.0,0.030797101449275364,4100000.0,23800000.0,0.025362318840579712,8200000.0,18900000.0,0.02014066496163683,0.97,0.95,19484536,19894737,https://www.sec.gov/Archives/edgar/data/1093082/000119312505049630/0001193125-05-049630-index.html,https://www.sec.gov/Archives/edgar/data/1093082/000119312505049630/d10k.htm,1620592972,16:42:52,20210509
17,2003-12-31,HBP,USD,2004-03-09 00:00:00,2004-03-09 17:23:22,FY,909300000,733000000,176300000,0.193885406356538,0.0,159600000.0,0.0,0.0,165100000.0,898100000,6500000.0,6600000.0,17800000.0,0.019575497635543827,11200000.0,0.012317167051578136,1800000.0,5400000.0,0.0059386341141537445,2000000.0,3400000.0,0.0037391399978005057,0.17,0.17,19500000,19500000,https://www.sec.gov/Archives/edgar/data/1093082/000119312504037383/0001193125-04-037383-index.html,https://www.sec.gov/Archives/edgar/data/1093082/000119312504037383/d10k.htm,1620592972,16:42:52,20210509
18,2002-12-31,HBP,USD,2002-12-31,2002-12-31,FY,871200000,702700000,168500000,0.19341138659320478,0.0,0.0,0.0,0.0,0.0,860600000,9400000.0,6100000.0,16700000.0,0.019168962350780534,10600000.0,0.012167125803489439,900000.0,1700000.0,0.0019513314967860422,600000.0,-11700000.0,-0.013429752066115703,-0.59,-0.59,19700000,19800000,,,1620592972,16:42:52,20210509
19,2001-12-31,HBP,USD,2001-12-31,2001-12-31,FY,945100000,749000000,196100000,0.2074912707649984,0.0,0.0,0.0,0.0,0.0,922000000,10000000.0,7700000.0,30800000.0,0.0325891440059253,23100000.0,0.024441858004443973,-3000000.0,9200000.0,0.009734419638133531,3500000.0,5700000.0,0.006031107819278383,0.28,0.28,20300000,20400000,,,1620592972,16:42:52,20210509
20,2000-12-31,HBP,USD,2000-12-31,2000-12-31,FY,1073000000,1021000000,52000000,0.048462255358807084,0.0,0.0,0.0,0.0,0.0,1036000000,11000000.0,15000000.0,52000000.0,0.048462255358807084,37000000.0,0.034482758620689655,-5000000.0,23000000.0,0.021435228331780055,9000000.0,13000000.0,0.012115563839701771,0.66,0.66,20584000,20597000,,,1620592972,16:42:52,20210509
21,1999-12-31,HBP,USD,1999-12-31,1999-12-31,FY,800300000,767600000,32700000,0.04085967762089217,0.0,0.0,0.0,0.0,0.0,774200000,0.0,6600000.0,32700000.0,0.04085967762089217,26100000.0,0.03261277021117081,-4000000.0,14400000.0,0.017993252530301138,5900000.0,8500000.0,0.010621017118580533,0.59,0.59,14259922,14259922,,,1620592972,16:42:52,20210509
22,1998-12-31,HBP,USD,1998-12-31,1998-12-31,FY,707450000,564236000,143214000,0.20243692133719698,0.0,0.0,0.0,0.0,0.0,678818000,0.0,5586000.0,34218000.0,0.048368082550003536,28632000.0,0.04047211817089547,-6614000.0,21851000.0,0.03088698847975122,8225000.0,13596000.0,0.01921831931585271,0.97,0.97,13972955,13972955,,,1620592972,16:42:52,20210509
