,date,symbol,reportedCurrency,fillingDate,acceptedDate,period,revenue,costOfRevenue,grossProfit,grossProfitRatio,researchAndDevelopmentExpenses,generalAndAdministrativeExpenses,sellingAndMarketingExpenses,otherExpenses,operatingExpenses,costAndExpenses,interestExpense,depreciationAndAmortization,ebitda,ebitdaratio,operatingIncome,operatingIncomeRatio,totalOtherIncomeExpensesNet,incomeBeforeTax,incomeBeforeTaxRatio,incomeTaxExpense,netIncome,netIncomeRatio,eps,epsdiluted,weightedAverageShsOut,weightedAverageShsOutDil,link,finalLink,timestamp,est_time,est_date
0,2020-12-31,DEC.PA,EUR,2020-12-31,2020-12-31,FY,2099800000,602700000.0,1497100000.0,0.7129726640632441,0.0,418300000.0,0.0,300000.0,0.0,2362800000,152200000.0,1260800000,997800000,0.4751881131536337,-263000000,-0.1252500238117916,0.0,-636500000,-0.303124107057815,-21200000,-604600000,-0.28793218401752546,-2.842,-2.842,212742395,212742395,https://www.infogreffe.com/recherche-entreprise-dirigeants/resultats-entreprise-dirigeants.html?ga_cat=globale&ga_q=D.E.C#phrase=D.E.C,https://www.infogreffe.com/recherche-entreprise-dirigeants/resultats-entreprise-dirigeants.html?ga_cat=globale&ga_q=D.E.C#phrase=D.E.C,1620591048,16:10:48,20210509
1,2019-12-31,DEC.PA,EUR,2019-12-31,2019-12-31,FY,3487600000,1222400000.0,2265200000.0,0.6495010895744925,0.0,551200000.0,0.0,-100000.0,1805800000.0,3028200000,169500000.0,1259500000,1718900000,0.49286041977290973,459400000,0.13172382153916734,0.0,272100000,0.07801926826470926,92100000,265500000,0.07612684940933594,1.2470895724175615,1.2469541852453252,212895694,212918809,https://www.infogreffe.com/recherche-entreprise-dirigeants/resultats-entreprise-dirigeants.html?ga_cat=globale&ga_q=D.E.C#phrase=D.E.C,https://www.infogreffe.com/recherche-entreprise-dirigeants/resultats-entreprise-dirigeants.html?ga_cat=globale&ga_q=D.E.C#phrase=D.E.C,1620591048,16:10:48,20210509
2,2018-12-31,DEC.PA,EUR,2018-12-31,2018-12-31,FY,3181400000,2107400000.0,1074000000.0,0.33758722574967,0.0,549900000.0,0.0,0.0,850300000.0,2957700000,18300000.0,243800000,467500000,0.14694788457911612,223700000,0.07031495567988935,0.0,211500000,0.06648016596466964,72700000,219900000,0.06912051298170617,1.034,1.033,212765223,212808951,https://www.infogreffe.com/recherche-entreprise-dirigeants/resultats-entreprise-dirigeants.html?ga_cat=globale&ga_q=D.E.C#phrase=D.E.C,https://www.infogreffe.com/recherche-entreprise-dirigeants/resultats-entreprise-dirigeants.html?ga_cat=globale&ga_q=D.E.C#phrase=D.E.C,1620591048,16:10:48,20210509
3,2017-12-31,DEC.PA,EUR,2017-12-31,2017-12-31,FY,3039800000,2002100000.0,1037700000.0,0.34137114283834463,0.0,512900000.0,0.0,0.0,813800000.0,2815900000,25300000.0,235000000,458900000,0.15096387920257912,223900000,0.07365616158957826,0.0,200400000,0.06592538982827818,98700000,193700000,0.06372129745377986,0.911,0.91,212568746,212771757,https://www.infogreffe.com/recherche-entreprise-dirigeants/resultats-entreprise-dirigeants.html?ga_cat=globale&ga_q=D.E.C#phrase=D.E.C,https://www.infogreffe.com/recherche-entreprise-dirigeants/resultats-entreprise-dirigeants.html?ga_cat=globale&ga_q=D.E.C#phrase=D.E.C,1620591048,16:10:48,20210509
4,2016-12-31,DEC.PA,EUR,2016-12-31,2016-12-31,FY,2974500000,1961500000.0,1013000000.0,0.3405614388972937,0.0,484900000.0,0.0,0.0,758200000.0,2719700000,22100000.0,197500000,452300000,0.15205916960833754,254800000,0.08566145570684149,0.0,233500000,0.07850058833417381,73600000,224700000,0.07554210791729703,1.057,1.056,212495553,212691910,https://www.infogreffe.com/recherche-entreprise-dirigeants/resultats-entreprise-dirigeants.html?ga_cat=globale&ga_q=D.E.C#phrase=D.E.C,https://www.infogreffe.com/recherche-entreprise-dirigeants/resultats-entreprise-dirigeants.html?ga_cat=globale&ga_q=D.E.C#phrase=D.E.C,1620591048,16:10:48,20210509
5,2015-12-31,DEC.PA,EUR,2015-12-31,2015-12-31,FY,2807100000,1768200000.0,1038900000.0,0.37009725339318156,0.0,456200000.0,0.0,0.0,772000000.0,2540200000,19400000.0,252400000,519300000,0.18499519076627124,266900000,0.09508033201524706,0.0,236400000,0.08421502618360585,72900000,233900000,0.08332442734494674,1.071,1.069,218317778,218862616,https://www.infogreffe.com/recherche-entreprise-dirigeants/resultats-entreprise-dirigeants.html?ga_cat=globale&ga_q=D.E.C#phrase=D.E.C,https://www.infogreffe.com/recherche-entreprise-dirigeants/resultats-entreprise-dirigeants.html?ga_cat=globale&ga_q=D.E.C#phrase=D.E.C,1620591048,16:10:48,20210509
6,2014-12-31,DEC.PA,EUR,2014-12-31,2014-12-31,FY,2482200000,1550900000.0,931300000.0,0.37519136250100715,0.0,400300000.0,0.0,0.0,704800000.0,2255700000,21200000.0,259900000,486400000,0.19595520103134317,226500000,0.09124969784868261,0.0,199800000,0.08049311094996374,69800000,194300000,0.07827733462251228,0.868,0.866,223845979,224355679,https://www.infogreffe.com/recherche-entreprise-dirigeants/resultats-entreprise-dirigeants.html?ga_cat=globale&ga_q=D.E.C#phrase=D.E.C,https://www.infogreffe.com/recherche-entreprise-dirigeants/resultats-entreprise-dirigeants.html?ga_cat=globale&ga_q=D.E.C#phrase=D.E.C,1620591048,16:10:48,20210509
7,2013-12-31,DEC.PA,EUR,2013-12-31,2013-12-31,FY,2676200000,1645800000.0,1030400000.0,0.38502354084149165,0.0,406800000.0,0.0,0.0,693300000.0,2339100000,24400000.0,241700000,578800000,0.21627681040280997,337100000,0.12596218518795307,0.0,190800000,0.07129511994619236,101200000,90500000,0.03381660563485539,0.407,0.406,222681270,222949017,https://www.infogreffe.com/recherche-entreprise-dirigeants/resultats-entreprise-dirigeants.html?ga_cat=globale&ga_q=D.E.C#phrase=D.E.C,https://www.infogreffe.com/recherche-entreprise-dirigeants/resultats-entreprise-dirigeants.html?ga_cat=globale&ga_q=D.E.C#phrase=D.E.C,1620591048,16:10:48,20210509
8,2012-12-31,DEC.PA,EUR,2012-12-31,2012-12-31,FY,2622800000,1619100000.0,1003700000.0,0.38268262925118196,0.0,401500000.0,0.0,0.0,698700000.0,2317800000,17300000.0,250200000,555200000,0.2116821717248742,305000000,0.11628793655635199,0.0,241300000,0.09200091505261553,92100000,162800000,0.062071069086472475,0.734,0.733,221876825,221993660,https://www.infogreffe.com/recherche-entreprise-dirigeants/resultats-entreprise-dirigeants.html?ga_cat=globale&ga_q=D.E.C#phrase=D.E.C,https://www.infogreffe.com/recherche-entreprise-dirigeants/resultats-entreprise-dirigeants.html?ga_cat=globale&ga_q=D.E.C#phrase=D.E.C,1620591048,16:10:48,20210509
9,2011-12-31,DEC.PA,EUR,2011-12-31,2011-12-31,FY,2463000000,1500800000.0,962200000.0,0.3906617945594803,0.0,418000000.0,0.0,0.0,635100000.0,2135900000,49000000.0,207900000,535000000,0.21721477872513195,327100000,0.13280552172147786,0.0,294800000,0.11969143321153065,93700000,212600000,0.08631749898497768,0.959,0.958,221723424,221914884,https://www.infogreffe.com/recherche-entreprise-dirigeants/resultats-entreprise-dirigeants.html?ga_cat=globale&ga_q=D.E.C#phrase=D.E.C,https://www.infogreffe.com/recherche-entreprise-dirigeants/resultats-entreprise-dirigeants.html?ga_cat=globale&ga_q=D.E.C#phrase=D.E.C,1620591048,16:10:48,20210509
10,2010-12-31,DEC.PA,EUR,2010-12-31,2010-12-31,FY,2350000000,1432100000.0,917900000.0,0.39059574468085106,0.0,362500000.0,0.0,-3900000.0,638400000.0,2070500000,46700000.0,223600000,503100000,0.21408510638297873,279500000,0.11893617021276595,0.0,244200000,0.10391489361702128,78800000,169300000,0.07204255319148936,0.7643686566374817,0.7636175470634228,221489982,221707844,https://www.infogreffe.com/recherche-entreprise-dirigeants/resultats-entreprise-dirigeants.html?ga_cat=globale&ga_q=D.E.C#phrase=D.E.C,https://www.infogreffe.com/recherche-entreprise-dirigeants/resultats-entreprise-dirigeants.html?ga_cat=globale&ga_q=D.E.C#phrase=D.E.C,1620591048,16:10:48,20210509
11,2009-12-31,DEC.PA,EUR,2009-12-31,2009-12-31,FY,1918800000,1214300000.0,704500000.0,0.36715655618094645,0.0,312500000.0,0.0,30700000.0,581700000.0,1796000000,43700000.0,230900000,353700000,0.18433395872420263,122800000,0.06399833229101522,0.0,103200000,0.05378361475922452,38000000,34500000,0.017979987492182613,0.15588094057746252,0.1558338199526669,221322760,221389683,https://www.infogreffe.com/recherche-entreprise-dirigeants/resultats-entreprise-dirigeants.html?ga_cat=globale&ga_q=D.E.C#phrase=D.E.C,https://www.infogreffe.com/recherche-entreprise-dirigeants/resultats-entreprise-dirigeants.html?ga_cat=globale&ga_q=D.E.C#phrase=D.E.C,1620591048,16:10:48,20210509
12,2008-12-31,DEC.PA,EUR,2008-12-31,2008-12-31,FY,2168600000,1267600000.0,901000000.0,0.41547542193119985,0.0,351100000.0,0.0,-18800000.0,637500000.0,1905100000,54900000.0,239100000,502600000,0.2317624273724984,263500000,0.12150696301761506,0.0,189800000,0.08752190353223278,62900000,126900000,0.05851701558609241,0.5722043653728053,0.5719134804058948,221773911,221886709,https://www.infogreffe.com/recherche-entreprise-dirigeants/resultats-entreprise-dirigeants.html?ga_cat=globale&ga_q=D.E.C#phrase=D.E.C,https://www.infogreffe.com/recherche-entreprise-dirigeants/resultats-entreprise-dirigeants.html?ga_cat=globale&ga_q=D.E.C#phrase=D.E.C,1620591048,16:10:48,20210509
13,2007-12-31,DEC.PA,EUR,2007-12-31,2007-12-31,FY,2106600000,1200600000.0,906000000.0,0.4300769011677585,0.0,350800000.0,0.0,-4000000.0,555800000.0,1756400000,62100000.0,176300000,526500000,0.24992879521503844,350200000,0.16623943795689736,0.0,317500000,0.1507167948352796,92500000,225000000,0.10680717744232412,1.0117428541411606,1.0084628001984781,222388524,223111849,https://www.infogreffe.com/recherche-entreprise-dirigeants/resultats-entreprise-dirigeants.html?ga_cat=globale&ga_q=D.E.C#phrase=D.E.C,https://www.infogreffe.com/recherche-entreprise-dirigeants/resultats-entreprise-dirigeants.html?ga_cat=globale&ga_q=D.E.C#phrase=D.E.C,1620591048,16:10:48,20210509
14,2006-12-31,DEC.PA,EUR,2006-12-31,2006-12-31,FY,1946400000,1085400000.0,861000000.0,0.4423551171393342,0.0,327400000.0,0.0,-6900000.0,525100000.0,1610500000,0.0,169900000,505800000,0.25986436498150434,335900000,0.1725750102753802,0.0,292500000,0.15027743526510481,91400000,204000000,0.10480887792848335,0.908,0.905,221427121,222272053,https://www.infogreffe.com/recherche-entreprise-dirigeants/resultats-entreprise-dirigeants.html?ga_cat=globale&ga_q=D.E.C#phrase=D.E.C,https://www.infogreffe.com/recherche-entreprise-dirigeants/resultats-entreprise-dirigeants.html?ga_cat=globale&ga_q=D.E.C#phrase=D.E.C,1620591048,16:10:48,20210509
15,2005-12-31,DEC.PA,EUR,2005-12-31,2005-12-31,FY,1745200000,962200000.0,783000000.0,0.4486591794636718,0.0,308900000.0,0.0,-3700000.0,484000000.0,1446200000,0.0,146100000,445100000,0.2550424020169608,299000000,0.1713270685308274,0.0,280100000,0.16049736419894567,84800000,199000000,0.11402704561081825,0.883,0.88,221129562,221853793,https://www.infogreffe.com/recherche-entreprise-dirigeants/resultats-entreprise-dirigeants.html?ga_cat=globale&ga_q=D.E.C#phrase=D.E.C,https://www.infogreffe.com/recherche-entreprise-dirigeants/resultats-entreprise-dirigeants.html?ga_cat=globale&ga_q=D.E.C#phrase=D.E.C,1620591048,16:10:48,20210509
16,2004-12-31,DEC.PA,EUR,2004-12-31,2004-12-31,FY,1627300000,871100000.0,756200000.0,0.4646961224113562,0.0,0.0,291900000.0,-13600000.0,469100000.0,1340200000,27000000.0,141200000,428300000,0.26319670620045477,287100000,0.17642721071713882,0.0,259000000,0.15915934369815032,93800000,156000000,0.09586431512321023,70.5,70.3,221411893,221808944,https://www.infogreffe.com/recherche-entreprise-dirigeants/resultats-entreprise-dirigeants.html?ga_cat=globale&ga_q=D.E.C#phrase=D.E.C,https://www.infogreffe.com/recherche-entreprise-dirigeants/resultats-entreprise-dirigeants.html?ga_cat=globale&ga_q=D.E.C#phrase=D.E.C,1620591048,16:10:48,20210509
17,2003-12-31,DEC.PA,EUR,2003-12-31,2003-12-31,FY,1543800000,0.0,0.0,0.0,0.0,0.0,0.0,-4900000.0,1313700000.0,1313700000,0.0,186800000,416900000,0.27004793367016455,230100000,0.1490478041197046,0.0,198100000,0.1283197305350434,75800000,55100000,0.035691151703588546,0.19,0.18,221400760,225793495,https://www.infogreffe.com/recherche-entreprise-dirigeants/resultats-entreprise-dirigeants.html?ga_cat=globale&ga_q=D.E.C#phrase=D.E.C,https://www.infogreffe.com/recherche-entreprise-dirigeants/resultats-entreprise-dirigeants.html?ga_cat=globale&ga_q=D.E.C#phrase=D.E.C,1620591048,16:10:48,20210509
18,2002-12-31,DEC.PA,EUR,2002-12-31,2002-12-31,FY,1577700000,0.0,0.0,0.0,0.0,0.0,0.0,-5600000.0,1366500000.0,1366500000,0.0,194100000,405300000,0.25689294542688723,211200000,0.13386575394561703,0.0,174500000,0.11060404386131711,70200000,43500000,0.027571781707548964,0.19636336758589085,0.1927959048944272,221528081,225627199,https://www.infogreffe.com/recherche-entreprise-dirigeants/resultats-entreprise-dirigeants.html?ga_cat=globale&ga_q=D.E.C#phrase=D.E.C,https://www.infogreffe.com/recherche-entreprise-dirigeants/resultats-entreprise-dirigeants.html?ga_cat=globale&ga_q=D.E.C#phrase=D.E.C,1620591048,16:10:48,20210509
19,2001-12-31,DEC.PA,EUR,2001-12-31,2001-12-31,FY,1543200000,0.0,0.0,0.0,0.0,0.0,0.0,-7100000.0,1342100000.0,1342100000,0.0,176200000,377300000,0.2444919647485744,201100000,0.13031363400725765,0.0,148000000,0.09590461378952825,49800000,28600000,0.018532918610679107,0.1419563701265764,0.1405832826942682,201470353,203438129,https://www.infogreffe.com/recherche-entreprise-dirigeants/resultats-entreprise-dirigeants.html?ga_cat=globale&ga_q=D.E.C#phrase=D.E.C,https://www.infogreffe.com/recherche-entreprise-dirigeants/resultats-entreprise-dirigeants.html?ga_cat=globale&ga_q=D.E.C#phrase=D.E.C,1620591048,16:10:48,20210509
