,date,symbol,reportedCurrency,fillingDate,acceptedDate,period,revenue,costOfRevenue,grossProfit,grossProfitRatio,researchAndDevelopmentExpenses,generalAndAdministrativeExpenses,sellingAndMarketingExpenses,otherExpenses,operatingExpenses,costAndExpenses,interestExpense,depreciationAndAmortization,ebitda,ebitdaratio,operatingIncome,operatingIncomeRatio,totalOtherIncomeExpensesNet,incomeBeforeTax,incomeBeforeTaxRatio,incomeTaxExpense,netIncome,netIncomeRatio,eps,epsdiluted,weightedAverageShsOut,weightedAverageShsOutDil,link,finalLink,timestamp,est_time,est_date
0,2020-07-31,GWRE,USD,2020-09-28,2020-09-25 18:07:43,FY,742307000,338015000,404292000,0.5446425804956709,200575000,85183000,142420000,-7205000.0,428178000,766193000,17945000.0,42641000.0,18755000,0.025265826672791716,-23886000.0,-0.03217806109870983,-7205000.0,-24331000.0,-0.032777543523097585,2867000.0,-27198000.0,-0.03663982691797329,-0.33,-0.33,82855392,82855392,https://www.sec.gov/Archives/edgar/data/1528396/000152839620000053/0001528396-20-000053-index.htm,https://www.sec.gov/Archives/edgar/data/1528396/000152839620000053/gwre-20200731.htm,1620592907,16:41:47,20210509
1,2019-07-31,GWRE,USD,2019-09-30,2019-09-30 06:18:59,FY,719514000,324350000,395164000,0.5492096053725153,188541000,74401000,130751000,-1867000.0,393693000,718043000,17334000.0,39953000.0,41424000,0.05757219456466448,1471000.0,0.0020444355495515027,-1867000.0,12452000.0,0.01730612607954814,-8280000.0,20732000.0,0.028813893822774817,0.254542782009203,0.2507461973163577,81447998,82681214,https://www.sec.gov/Archives/edgar/data/1528396/000152839619000032/0001528396-19-000032-index.htm,https://www.sec.gov/Archives/edgar/data/1528396/000152839619000032/gwre-7312019x10k.htm,1620592907,16:41:47,20210509
2,2018-07-31,GWRE,USD,2018-09-19,2018-09-18 20:18:40,FY,661067000,296707000,364360000,0.5511695486236645,171657000,75916000,124117000,509000.0,371690000,668397000,6442000.0,35611000.0,28281000,0.042780837645805946,-7330000.0,-0.011088134788153093,509000.0,18000.0,2.7228707528888902e-05,19683000.0,-19665000.0,-0.029747362975311126,-0.25,-0.25,77709592,77709592,https://www.sec.gov/Archives/edgar/data/1528396/000152839618000037/0001528396-18-000037-index.htm,https://www.sec.gov/Archives/edgar/data/1528396/000152839618000037/gwre-7312018x10k.htm,1620592907,16:41:47,20210509
3,2017-07-31,GWRE,USD,2017-09-20,2017-09-19 20:33:19,FY,514284000,191559000,322725000,0.6275229250764169,130323000,56551000,109239000,811000.0,296113000,487672000,0.0,18725000.0,45337000,0.08815557162968321,26612000.0,0.05174572804131569,811000.0,33277000.0,0.06470549346275599,12053000.0,21224000.0,0.0412690264523104,0.29,0.28,73994577,75328343,https://www.sec.gov/Archives/edgar/data/1528396/000152839617000025/0001528396-17-000025-index.htm,https://www.sec.gov/Archives/edgar/data/1528396/000152839617000025/gwre-7312017x10k.htm,1620592907,16:41:47,20210509
4,2016-07-31,GWRE,USD,2016-09-15,2016-09-15 17:17:12,FY,424446000,151834000,272612000,0.6422772272562352,112496000,50914000,92765000,-505000.0,256175000,408009000,0.0,8842000.0,25279000,0.05955763512908591,16437000.0,0.03872577430344496,-505000.0,20782000.0,0.048962647780872004,5806000.0,14976000.0,0.03528364032173704,0.21,0.2,72026694,73765960,https://www.sec.gov/Archives/edgar/data/1528396/000152839616000056/0001528396-16-000056-index.htm,https://www.sec.gov/Archives/edgar/data/1528396/000152839616000056/gwre-7312016x10k.htm,1620592907,16:41:47,20210509
5,2015-07-31,GWRE,USD,2015-09-17,2015-09-17 13:23:20,FY,380537000,147184000,233353000,0.6132202650465001,93440000,41397000,82023000,-1998000.0,216860000,364044000,0.0,7480000.0,23973000,0.06299781624388692,16493000.0,0.04334138336088212,-1998000.0,16740000.0,0.04399046610447867,6855000.0,9885000.0,0.025976449070655414,0.14106131882015713,0.13669470380829785,70075908,72314433,https://www.sec.gov/Archives/edgar/data/1528396/000152839615000019/0001528396-15-000019-index.htm,https://www.sec.gov/Archives/edgar/data/1528396/000152839615000019/gwre-7312015x10k.htm,1620592907,16:41:47,20210509
6,2014-07-31,GWRE,USD,2014-09-17,2014-09-17 17:11:55,FY,350246000,148947000,201299000,0.574736042667154,76178000,35404000,71295000,174000.0,182877000,331824000,0.0,6751000.0,25173000,0.07187234115450283,18422000.0,0.05259731731411636,174000.0,19946000.0,0.05694854473712762,5225000.0,14721000.0,0.04203045859196108,0.22,0.21,65748896,69112733,https://www.sec.gov/Archives/edgar/data/1528396/000152839614000022/0001528396-14-000022-index.htm,https://www.sec.gov/Archives/edgar/data/1528396/000152839614000022/gwre-7312014x10k.htm,1620592907,16:41:47,20210509
7,2013-07-31,GWRE,USD,2013-09-27,2013-09-26 18:40:35,FY,300649000,131743000,168906000,0.5618046293185741,66346000,32414000,53301000,-131000.0,152061000,283804000,0.0,4821000.0,21666000,0.07206410132746159,16845000.0,0.056028791048697985,-131000.0,17212000.0,0.05724948361710832,1829000.0,15383000.0,0.051165977601788135,0.27,0.25,56331018,61943087,https://www.sec.gov/Archives/edgar/data/1528396/000152839613000025/0001528396-13-000025-index.htm,https://www.sec.gov/Archives/edgar/data/1528396/000152839613000025/gwre-7312013x10k.htm,1620592907,16:41:47,20210509
8,2012-07-31,GWRE,USD,2012-09-25,2012-09-24 21:16:19,FY,232061000,91410000,140651000,0.6060949491728468,50462000,28336000,38254000,-728000.0,117052000,208462000,0.0,2917000.0,26516000,0.11426306014366912,23599000.0,0.10169308931703303,-728000.0,23179000.0,0.09988322036016392,7979000.0,15200000.0,0.06550001939145311,0.29,0.25,34774983,41509185,https://www.sec.gov/Archives/edgar/data/1528396/000119312512401959/0001193125-12-401959-index.htm,https://www.sec.gov/Archives/edgar/data/1528396/000119312512401959/d336467d10k.htm,1620592907,16:41:47,20210509
