,date,symbol,reportedCurrency,fillingDate,acceptedDate,period,revenue,costOfRevenue,grossProfit,grossProfitRatio,researchAndDevelopmentExpenses,generalAndAdministrativeExpenses,sellingAndMarketingExpenses,otherExpenses,operatingExpenses,costAndExpenses,interestExpense,depreciationAndAmortization,ebitda,ebitdaratio,operatingIncome,operatingIncomeRatio,totalOtherIncomeExpensesNet,incomeBeforeTax,incomeBeforeTaxRatio,incomeTaxExpense,netIncome,netIncomeRatio,eps,epsdiluted,weightedAverageShsOut,weightedAverageShsOutDil,link,finalLink,timestamp,est_time,est_date
0,2019-12-31,PACVD,USD,2019-12-31,2019-12-31,FY,5918337.0,5070322.0,848015.0,0.14328602781490815,0.0,1365942.0,0.0,1185618.0,2551560.0,7621882.0,970488.0,-64397.0,-1767942.0,-0.29872276620949434,-1703545.0,-0.28784183800280383,0.0,-2674033.0,-0.4518216857201609,0.0,-2652626.0,-0.44820462234577046,-0.00465,-0.00465,570859333.0,570859333.0,,,1620596304,17:38:24,20210509
1,2018-12-31,PACVD,USD,2018-12-31,2018-12-31,FY,3211573.0,2392329.0,819244.0,0.25509119674377634,0.0,929023.0,0.0,820712.0,1749735.0,4142064.0,617368.0,-18818.0,-949310.0,-0.2955903540103245,-930492.0,-0.28973092001956674,0.0,-1547860.0,-0.48196319996462794,0.0,-1547598.0,-0.48188162000365553,-0.00652,-0.00652,237337445.0,237337445.0,,,1620596304,17:38:24,20210509
2,2017-12-31,PACVD,USD,2017-12-31,2017-12-31,FY,0.0,0.0,0.0,0.0,0.0,463749.0,0.0,23239.0,486988.0,486988.0,124963.0,3995.0,-482993.0,0.0,-486988.0,0.0,0.0,-590059.0,0.0,0.0,-590059.0,0.0,-0.0162,-0.0162,36430248.0,36430248.0,,,1620596304,17:38:24,20210509
3,2016-12-31,PACVD,USD,2016-12-31,2016-12-31,FY,0.0,2020.0,2742.0,0.0,0.0,358007.0,0.0,15838.0,373845.0,375865.0,-32063.0,3993.0,-367110.0,0.0,-371103.0,0.0,0.0,-490743.0,0.0,0.0,-490743.0,0.0,-0.01799,-0.01799,27277364.0,27277364.0,,,1620596304,17:38:24,20210509
4,2015-12-31,PACVD,USD,2015-12-31,2015-12-31,FY,0.0,113118.0,142096.0,0.0,0.0,172237.0,0.0,20659.0,192896.0,306014.0,-80619.0,3993.0,-46807.0,0.0,-50800.0,0.0,0.0,-64552.0,0.0,0.0,-64552.0,0.0,-0.0025,-0.0025,25799031.0,25799031.0,,,1620596304,17:38:24,20210509
5,2014-12-31,PACVD,USD,2014-12-31,2014-12-31,FY,0.0,0.0,0.0,0.0,0.0,16118.0,0.0,0.0,16118.0,16118.0,179.0,0.0,-16297.0,0.0,-16297.0,0.0,0.0,-16297.0,0.0,0.0,-16297.0,0.0,-0.04244,-0.04244,384031.0,384031.0,,,1620596304,17:38:24,20210509
6,2013-12-31,PACVD,USD,2013-12-31,2013-12-31,FY,0.0,0.0,0.0,0.0,0.0,17037.0,0.0,0.0,17037.0,17037.0,464.0,0.0,-17501.0,0.0,-17501.0,0.0,0.0,-17501.0,0.0,0.0,-17501.0,0.0,-0.06162,-0.06162,284031.0,284031.0,,,1620596304,17:38:24,20210509
7,2012-12-31,PACVD,USD,2012-12-31,2012-12-31,FY,0.0,0.0,0.0,0.0,0.0,31480.0,0.0,0.0,31480.0,31480.0,528.0,0.0,-32008.0,0.0,-32008.0,0.0,0.0,-32008.0,0.0,0.0,-32008.0,0.0,-0.17393,-0.17393,184031.0,184031.0,,,1620596304,17:38:24,20210509
