,date,symbol,reportedCurrency,fillingDate,acceptedDate,period,revenue,costOfRevenue,grossProfit,grossProfitRatio,researchAndDevelopmentExpenses,generalAndAdministrativeExpenses,sellingAndMarketingExpenses,otherExpenses,operatingExpenses,costAndExpenses,interestExpense,depreciationAndAmortization,ebitda,ebitdaratio,operatingIncome,operatingIncomeRatio,totalOtherIncomeExpensesNet,incomeBeforeTax,incomeBeforeTaxRatio,incomeTaxExpense,netIncome,netIncomeRatio,eps,epsdiluted,weightedAverageShsOut,weightedAverageShsOutDil,link,finalLink,timestamp,est_time,est_date
0,2020-09-30,MVV1.DE,EUR,2020-09-30,2020-09-30,FY,3432094000.0,2478602000,953492000,0.2778164001335628,0.0,26262000.0,0.0,4880000.0,0.0,3224629000,48895000.0,204836000,412301000,0.12013103370711875,207465000,0.060448519183915125,0.0,161142000.0,0.04695151123483215,46950000.0,93901000.0,0.027359681873515118,1.4247500265525666,1.4247500265525666,65907000,65907000,https://www.bundesanzeiger.de/pub/de/suche;wwwsid=627BFD7A56A5CB624C47FDDEAB2FC509.web07-pub?0,https://www.bundesanzeiger.de/pub/de/suche;wwwsid=627BFD7A56A5CB624C47FDDEAB2FC509.web07-pub?0,1620595436,17:23:56,20210509
1,2019-09-30,MVV1.DE,EUR,2019-09-30,2019-09-30,FY,3659742000.0,2761900000,897842000,0.2453293155637747,0.0,27255000.0,0.0,3884000.0,722052000.0,3483952000,52849000.0,183493000,359283000,0.09817167439671977,175790000,0.04803344060865493,0.0,112414000.0,0.03071637290278932,36155000.0,45983000.0,0.012564546899754135,0.7,0.7,65907000,65907000,https://www.bundesanzeiger.de/pub/de/suche;wwwsid=627BFD7A56A5CB624C47FDDEAB2FC509.web07-pub?0,https://www.bundesanzeiger.de/pub/de/suche;wwwsid=627BFD7A56A5CB624C47FDDEAB2FC509.web07-pub?0,1620595436,17:23:56,20210509
2,2018-09-30,MVV1.DE,EUR,2018-09-30,2018-09-30,FY,3902760000.0,2969615000,933145000,0.23909874037860385,0.0,32634000.0,0.0,3667000.0,705064000.0,3674679000,51484000.0,180680000,408761000,0.10473639168178417,228081000,0.05844094948190511,0.0,209702000.0,0.05373171806618906,77289000.0,130002000.0,0.03331027273006795,1.97,1.97,65907000,65907000,https://www.bundesanzeiger.de/pub/de/suche;wwwsid=627BFD7A56A5CB624C47FDDEAB2FC509.web07-pub?0,https://www.bundesanzeiger.de/pub/de/suche;wwwsid=627BFD7A56A5CB624C47FDDEAB2FC509.web07-pub?0,1620595436,17:23:56,20210509
3,2017-09-30,MVV1.DE,EUR,2017-09-30,2017-09-30,FY,4009516000.0,3074644000,934872000,0.23316330449859785,0.0,24886000.0,0.0,3864000.0,726848000.0,3801492000,57501000.0,182748000,390772000,0.09746113994806356,208024000,0.05188257136272807,0.0,205620000.0,0.05128299774835666,73135000.0,121340000.0,0.030263004312739993,1.84,1.84,65906796,65906796,https://www.bundesanzeiger.de/pub/de/suche;wwwsid=627BFD7A56A5CB624C47FDDEAB2FC509.web07-pub?0,https://www.bundesanzeiger.de/pub/de/suche;wwwsid=627BFD7A56A5CB624C47FDDEAB2FC509.web07-pub?0,1620595436,17:23:56,20210509
4,2016-09-30,MVV1.DE,EUR,2016-09-30,2016-09-30,FY,4066446000.0,3214156000,852290000,0.2095908810789569,0.0,19986000.0,0.0,3030000.0,715672000.0,3929828000,69851000.0,212172000,348790000,0.08577268700973774,136618000,0.03359641318242022,0.0,153142000.0,0.03765991236573657,44494000.0,106440000.0,0.02617519081773126,1.62,1.62,65906796,65906796,https://www.bundesanzeiger.de/pub/de/suche;wwwsid=627BFD7A56A5CB624C47FDDEAB2FC509.web07-pub?0,https://www.bundesanzeiger.de/pub/de/suche;wwwsid=627BFD7A56A5CB624C47FDDEAB2FC509.web07-pub?0,1620595436,17:23:56,20210509
5,2015-09-30,MVV1.DE,EUR,2015-09-30,2015-09-30,FY,3421527000.0,2665722000,755805000,0.22089698546876876,0.0,12938000.0,0.0,3002000.0,599373000.0,3265095000,41652000.0,161239000,317671000,0.0928448029198659,156432000,0.0457199373262289,0.0,121421000.0,0.03548737157415388,36189000.0,71907000.0,0.021016055112234977,1.09,1.09,65907000,65907000,https://www.bundesanzeiger.de/pub/de/suche;wwwsid=627BFD7A56A5CB624C47FDDEAB2FC509.web07-pub?0,https://www.bundesanzeiger.de/pub/de/suche;wwwsid=627BFD7A56A5CB624C47FDDEAB2FC509.web07-pub?0,1620595436,17:23:56,20210509
6,2014-09-30,MVV1.DE,EUR,2014-09-30,2014-09-30,FY,3793147000.0,3046917000,746230000,0.19673110480558756,0.0,14240000.0,0.0,2503000.0,602132000.0,3649049000,63590000.0,164839000,308937000,0.0814460921235059,144098000,0.03798903654406222,0.0,142768000.0,0.03763840420632261,41371000.0,92162000.0,0.02429697557199866,1.4,1.4,65907000,65907000,https://www.bundesanzeiger.de/pub/de/suche;wwwsid=627BFD7A56A5CB624C47FDDEAB2FC509.web07-pub?0,https://www.bundesanzeiger.de/pub/de/suche;wwwsid=627BFD7A56A5CB624C47FDDEAB2FC509.web07-pub?0,1620595436,17:23:56,20210509
7,2013-09-30,MVV1.DE,EUR,2013-09-30,2013-09-30,FY,4044028000.0,3251843000,792185000,0.19589008780354636,0.0,15878000.0,0.0,2109000.0,595653000.0,3847496000,64021000.0,167595000,364127000,0.09004067231977622,196532000,0.048598080923277484,0.0,148155000.0,0.03663550301827782,43253000.0,83882000.0,0.02074219070688927,1.27,1.27,65907000,65907000,https://www.bundesanzeiger.de/pub/de/suche;wwwsid=627BFD7A56A5CB624C47FDDEAB2FC509.web07-pub?0,https://www.bundesanzeiger.de/pub/de/suche;wwwsid=627BFD7A56A5CB624C47FDDEAB2FC509.web07-pub?0,1620595436,17:23:56,20210509
8,2012-09-30,MVV1.DE,EUR,2012-09-30,2012-09-30,FY,3894534000.0,3102409000,792125000,0.20339403892737873,0.0,0.0,0.0,0.0,622535000.0,3724944000,0.0,175727000,345317000,0.08866709085092081,169590000,0.04354564628271316,0.0,131002000.0,0.03363740052083253,46977000.0,62903000.0,0.0161516114636565,0.95,0.95,65907000,65907000,https://www.bundesanzeiger.de/pub/de/suche;wwwsid=627BFD7A56A5CB624C47FDDEAB2FC509.web07-pub?0,https://www.bundesanzeiger.de/pub/de/suche;wwwsid=627BFD7A56A5CB624C47FDDEAB2FC509.web07-pub?0,1620595436,17:23:56,20210509
9,2011-09-30,MVV1.DE,EUR,2011-09-30,2011-09-30,FY,3590474000.0,2796114000,794360000,0.22124098378097154,0.0,0.0,0.0,0.0,510141000.0,3306255000,67548000.0,151593000,435812000,0.12138007405150407,284219000,0.07915918622443723,0.0,193984000.0,0.05402740696632255,58362000.0,135622000.0,0.03777272861466202,1.78,1.78,65907000,65907000,https://www.bundesanzeiger.de/pub/de/suche;wwwsid=627BFD7A56A5CB624C47FDDEAB2FC509.web07-pub?0,https://www.bundesanzeiger.de/pub/de/suche;wwwsid=627BFD7A56A5CB624C47FDDEAB2FC509.web07-pub?0,1620595436,17:23:56,20210509
10,2010-09-30,MVV1.DE,EUR,2010-09-30,2010-09-30,FY,3359215000.0,2509438000,849777000,0.25296892279892774,0.0,0.0,0.0,0.0,541468000.0,3050906000,82634000.0,162350000,470659000,0.14010981732339253,308309000,0.09178007361839001,0.0,234274000.0,0.06974069834767944,80801000.0,153473000.0,0.04568716203041484,2.11,2.11,65907000,65907000,https://www.bundesanzeiger.de/pub/de/suche;wwwsid=627BFD7A56A5CB624C47FDDEAB2FC509.web07-pub?0,https://www.bundesanzeiger.de/pub/de/suche;wwwsid=627BFD7A56A5CB624C47FDDEAB2FC509.web07-pub?0,1620595436,17:23:56,20210509
11,2009-09-30,MVV1.DE,EUR,2009-09-30,2009-09-30,FY,3160995000.0,2331191000,829804000,0.2625135439948497,0.0,0.0,0.0,0.0,819417000.0,3150608000,84213000.0,146033000,156420000,0.049484418671968795,10387000,0.0032859906453505936,0.0,-96386000.0,-0.030492297520242836,-21374000.0,-75012000.0,-0.023730502579092976,-1.15,-1.15,65907000,65907000,https://www.bundesanzeiger.de/pub/de/suche;wwwsid=627BFD7A56A5CB624C47FDDEAB2FC509.web07-pub?0,https://www.bundesanzeiger.de/pub/de/suche;wwwsid=627BFD7A56A5CB624C47FDDEAB2FC509.web07-pub?0,1620595436,17:23:56,20210509
12,2008-09-30,MVV1.DE,EUR,2008-09-30,2008-09-30,FY,2809372000.0,1832376000,976996000,0.34776312998065045,0.0,0.0,0.0,0.0,640354000.0,2472730000,77269000.0,149438000,486080000,0.17302087441606168,336642000,0.11982820359852664,0.0,268780000.0,0.09567262719212692,83764000.0,185016000.0,0.06585671103719977,2.6,2.6,65297000,65297000,https://www.bundesanzeiger.de/pub/de/suche;wwwsid=627BFD7A56A5CB624C47FDDEAB2FC509.web07-pub?0,https://www.bundesanzeiger.de/pub/de/suche;wwwsid=627BFD7A56A5CB624C47FDDEAB2FC509.web07-pub?0,1620595436,17:23:56,20210509
13,2007-09-30,MVV1.DE,EUR,2007-09-30,2007-09-30,FY,0.0,-1493182000,1493182000,0.0,0.0,0.0,0.0,0.0,0.0,-1493182000,0.0,144088000,1637270000,0.0,1493182000,0.0,0.0,0.0,0.0,0.0,0.0,0.0,1.96,1.96,55767290,55767290,https://www.bundesanzeiger.de/pub/de/suche;wwwsid=627BFD7A56A5CB624C47FDDEAB2FC509.web07-pub?0,https://www.bundesanzeiger.de/pub/de/suche;wwwsid=627BFD7A56A5CB624C47FDDEAB2FC509.web07-pub?0,1620595436,17:23:56,20210509
14,2006-09-30,MVV1.DE,EUR,2006-09-30,2006-09-30,FY,0.0,-1407750000,1407750000,0.0,0.0,0.0,0.0,0.0,0.0,-1407750000,0.0,178583000,1586333000,0.0,1407750000,0.0,0.0,0.0,0.0,0.0,0.0,0.0,0.91,0.91,55767290,55767290,https://www.bundesanzeiger.de/pub/de/suche;wwwsid=627BFD7A56A5CB624C47FDDEAB2FC509.web07-pub?0,https://www.bundesanzeiger.de/pub/de/suche;wwwsid=627BFD7A56A5CB624C47FDDEAB2FC509.web07-pub?0,1620595436,17:23:56,20210509
15,2005-09-30,MVV1.DE,EUR,2005-09-30,2005-09-30,FY,1957592000.0,1233431000,724161000,0.3699243764788577,0.0,294515000.0,0.0,0.0,71750000.0,1305181000,0.0,132038000,784449000,0.40072139649119937,652411000,0.3332722038095783,0.0,-4899000.0,-0.0025025643750076626,-38885000.0,51098000.0,0.02610247692062493,0.645276,0.645276,52644697,52644697,https://www.bundesanzeiger.de/pub/de/suche;wwwsid=627BFD7A56A5CB624C47FDDEAB2FC509.web07-pub?0,https://www.bundesanzeiger.de/pub/de/suche;wwwsid=627BFD7A56A5CB624C47FDDEAB2FC509.web07-pub?0,1620595436,17:23:56,20210509
16,2004-09-30,MVV1.DE,EUR,2004-09-30,2004-09-30,FY,1651487000.0,1040789000,610698000,0.36978674370431014,0.0,250067000.0,0.0,0.0,103731000.0,1144520000,0.0,153852000,660819000,0.40013575644252725,506967000,0.30697607671147276,0.0,22680000.0,0.013733078128983153,-14814000.0,43524000.0,0.02635443088562005,0.828264,0.828264,52644697,52644697,https://www.bundesanzeiger.de/pub/de/suche;wwwsid=627BFD7A56A5CB624C47FDDEAB2FC509.web07-pub?0,https://www.bundesanzeiger.de/pub/de/suche;wwwsid=627BFD7A56A5CB624C47FDDEAB2FC509.web07-pub?0,1620595436,17:23:56,20210509
17,2003-09-30,MVV1.DE,EUR,2003-09-30,2003-09-30,FY,1695223000.0,1120783000,574440000,0.3388580735395874,0.0,0.0,0.0,0.0,-510514000.0,610269000,0.0,111925000,1196879000,0.7060304160573565,1084954000,0.6400066539918347,0.0,127514000.0,0.07521960237679645,-24925000.0,159075000.0,0.09383721197742126,2.898925,2.898925,52644697,52644697,https://www.bundesanzeiger.de/pub/de/suche;wwwsid=627BFD7A56A5CB624C47FDDEAB2FC509.web07-pub?0,https://www.bundesanzeiger.de/pub/de/suche;wwwsid=627BFD7A56A5CB624C47FDDEAB2FC509.web07-pub?0,1620595436,17:23:56,20210509
18,2002-09-30,MVV1.DE,EUR,2002-09-30,2002-09-30,FY,1678679000.0,1178355000,500324000,0.29804626137576035,0.0,0.0,0.0,0.0,-306426000.0,871929000,0.0,103696000,910446000,0.5423586045932546,806750000,0.48058622285737773,0.0,8047000.0,0.004793650245222583,-42381000.0,57297000.0,0.03413219561333644,0.963098,0.963098,52644697,52644697,https://www.bundesanzeiger.de/pub/de/suche;wwwsid=627BFD7A56A5CB624C47FDDEAB2FC509.web07-pub?0,https://www.bundesanzeiger.de/pub/de/suche;wwwsid=627BFD7A56A5CB624C47FDDEAB2FC509.web07-pub?0,1620595436,17:23:56,20210509
