,date,symbol,reportedCurrency,fillingDate,acceptedDate,period,revenue,costOfRevenue,grossProfit,grossProfitRatio,researchAndDevelopmentExpenses,generalAndAdministrativeExpenses,sellingAndMarketingExpenses,otherExpenses,operatingExpenses,costAndExpenses,interestExpense,depreciationAndAmortization,ebitda,ebitdaratio,operatingIncome,operatingIncomeRatio,totalOtherIncomeExpensesNet,incomeBeforeTax,incomeBeforeTaxRatio,incomeTaxExpense,netIncome,netIncomeRatio,eps,epsdiluted,weightedAverageShsOut,weightedAverageShsOutDil,link,finalLink,timestamp,est_time,est_date
0,2020-12-31,6816.HK,HKD,2020-12-31,2020-12-31,FY,1465696000,1379071000,86625000,0.05910161452306618,0.0,51713000.0,0.0,262000.0,0.0,1430784000,11942000.0,25020000.0,59932000,0.04088978887845774,34912000,0.019362132393074688,0.0,28379000.0,0.019362132393074688,12332000.0,13591000,0.009272727768923433,0.01698875,0.01698875,800000000,800000000,https://www1.hkexnews.hk/search/titlesearch.xhtml,https://www1.hkexnews.hk/search/titlesearch.xhtml,1620585724,14:42:04,20210509
1,2019-12-31,6816.HK,HKD,2019-12-31,2019-12-31,FY,515077000,465231000,49846000,0.09677388041011344,0.0,13360000.0,0.0,0.0,26692000.0,491923000,6781000.0,3938000.0,27092000,0.05259796108154703,23154000,0.04495250224723682,0.0,8868000.0,0.01721684330692304,-3220000.0,12088000,0.023468335802219863,0.0151,0.0151,800000000,800000000,https://www1.hkexnews.hk/search/titlesearch.xhtml,https://www1.hkexnews.hk/search/titlesearch.xhtml,1620585724,14:42:04,20210509
2,2018-12-31,6816.HK,HKD,2018-12-31,2018-12-31,FY,384576000,313276000,71300000,0.18539898485604925,0.0,14290000.0,0.0,0.0,26851000.0,340127000,6739000.0,301000.0,44750000,0.11636191546014311,44449000,0.11557923531369613,0.0,33409000.0,0.08687229572308204,2994000.0,30415000,0.07908709851888833,0.038,0.038,800000000,800000000,https://www1.hkexnews.hk/search/titlesearch.xhtml,https://www1.hkexnews.hk/search/titlesearch.xhtml,1620585724,14:42:04,20210509
3,2017-12-31,6816.HK,HKD,2017-12-31,2017-12-31,FY,633347000,539040000,94307000,0.14890257631282694,0.0,12366000.0,0.0,0.0,25521000.0,564561000,4833000.0,630000.0,69416000,0.10960184543386169,68786000,0.1086071300566672,0.0,67177000.0,0.1060666585615784,2707000.0,64470000,0.10179254026623637,0.0806,0.0806,800000000,800000000,https://www1.hkexnews.hk/search/titlesearch.xhtml,https://www1.hkexnews.hk/search/titlesearch.xhtml,1620585724,14:42:04,20210509
4,2016-12-31,6816.HK,HKD,2016-12-31,2016-12-31,FY,658860000,534234000,124626000,0.18915399326108734,0.0,30014000.0,0.0,0.0,40169000.0,574403000,3097000.0,2144000.0,86601000,0.13144067024861122,84457000,0.1281865646723128,0.0,82085000.0,0.12458640682390797,12636000.0,69449000,0.1054078256382236,0.1013,0.1013,685861000,685861000,https://www1.hkexnews.hk/search/titlesearch.xhtml,https://www1.hkexnews.hk/search/titlesearch.xhtml,1620585724,14:42:04,20210509
5,2015-12-31,6816.HK,HKD,2015-12-31,2015-12-31,FY,572928000,457987000,114941000,0.2006203222743521,0.0,6686000.0,0.0,0.0,11453000.0,469440000,1456000.0,210000.0,103698000,0.18099656501340483,103488000,0.18063002680965148,0.0,110828000.0,0.19344140974084004,14830000.0,95998000,0.16755683087578194,0.12,0.12,800000000,800000000,https://www1.hkexnews.hk/search/titlesearch.xhtml,https://www1.hkexnews.hk/search/titlesearch.xhtml,1620585724,14:42:04,20210509
6,2014-12-31,6816.HK,HKD,2014-12-31,2014-12-31,FY,272760000,219838000,52922000,0.19402405044727966,0.0,2452000.0,0.0,0.0,6172000.0,226010000,1346000.0,255000.0,47005000,0.17233098694823287,46750000,0.1713960991347705,0.0,45243000.0,0.16587109546854378,8183000.0,37060000,0.13587036222319987,0.062671,0.062671,591346000,591346000,https://www1.hkexnews.hk/search/titlesearch.xhtml,https://www1.hkexnews.hk/search/titlesearch.xhtml,1620585724,14:42:04,20210509
7,2013-12-31,6816.HK,HKD,2013-12-31,2013-12-31,FY,396168000,346354000,49814000,0.12573958522646958,0.0,2291000.0,0.0,0.0,5487000.0,351841000,1318000.0,273000.0,44600000,0.11257850204963551,44327000,0.11188940045637204,0.0,42731000.0,0.1078608065265241,8824000.0,33907000,0.08558742755598635,0.057339,0.057339,591346000,591346000,https://www1.hkexnews.hk/search/titlesearch.xhtml,https://www1.hkexnews.hk/search/titlesearch.xhtml,1620585724,14:42:04,20210509
