,date,symbol,reportedCurrency,fillingDate,acceptedDate,period,revenue,costOfRevenue,grossProfit,grossProfitRatio,researchAndDevelopmentExpenses,generalAndAdministrativeExpenses,sellingAndMarketingExpenses,otherExpenses,operatingExpenses,costAndExpenses,interestExpense,depreciationAndAmortization,ebitda,ebitdaratio,operatingIncome,operatingIncomeRatio,totalOtherIncomeExpensesNet,incomeBeforeTax,incomeBeforeTaxRatio,incomeTaxExpense,netIncome,netIncomeRatio,eps,epsdiluted,weightedAverageShsOut,weightedAverageShsOutDil,link,finalLink,timestamp,est_time,est_date
0,2020-12-31,0525.HK,CNY,2020-12-31,2020-12-31,FY,16349366000.0,17320024000.0,-970658000.0,-0.05936976394069348,0.0,131664000.0,0.0,1192623000.0,0.0,18123729000.0,57629000.0,1727690000.0,-46673000.0,-0.0028547284341178735,-1774363000.0,-0.1085279392485311,1108214000.0,-690745000,-0.04224903889239497,-132645000.0,-557876000.0,-0.0341221794166208,-0.0787567002191137,-0.0787567002191137,7083537000,7083537000,https://www1.hkexnews.hk/search/titlesearch.xhtml,https://www1.hkexnews.hk/search/titlesearch.xhtml,1620584772,14:26:12,20210509
1,2019-12-31,0525.HK,CNY,2019-12-31,2019-12-31,FY,21178351000.0,18583077000.0,2595274000.0,0.12254372401326241,0.0,219667000.0,0.0,37137000.0,0.0,20053922000.0,57670000.0,1702622000.0,2827051000.0,0.13348777721173855,1124429000.0,0.053093321571637,-84520000.0,1009092000,0.04764733571560883,261128000.0,748439000.0,0.035339814700398535,0.11,0.11,7083537000,7083537000,https://www1.hkexnews.hk/search/titlesearch.xhtml,https://www1.hkexnews.hk/search/titlesearch.xhtml,1620584772,14:26:12,20210509
2,2018-12-31,0525.HK,CNY,2018-12-31,2018-12-31,FY,19828018000.0,17304921000.0,2523097000.0,0.1272490775426974,0.0,152579000.0,0.0,-55401000.0,0.0,18642990000.0,0.0,1665525000.0,2850553000.0,0.1437638900670758,1185028000.0,0.0597653280322824,-143843000.0,1068800000,0.053903521774087554,289766000.0,784059000.0,0.039542984074353776,0.11,0.11,7083537000,7083537000,https://www1.hkexnews.hk/search/titlesearch.xhtml,https://www1.hkexnews.hk/search/titlesearch.xhtml,1620584772,14:26:12,20210509
3,2017-12-31,0525.HK,CNY,2017-12-31,2017-12-31,FY,18331422000.0,15755858000.0,2575564000.0,0.14049995685004688,0.0,94848000.0,0.0,4051000.0,0.0,16919315000.0,0.0,1708140000.0,3120247000.0,0.17021303639183039,1412107000.0,0.07703204912308494,-83951000.0,1347132000,0.07348758868788248,335364000.0,1015361000.0,0.05538910183836257,0.14,0.14,7083537000,7083537000,https://www1.hkexnews.hk/search/titlesearch.xhtml,https://www1.hkexnews.hk/search/titlesearch.xhtml,1620584772,14:26:12,20210509
4,2016-12-31,0525.HK,CNY,2016-12-31,2016-12-31,FY,17280504000.0,14593793000.0,2686711000.0,0.15547642591905883,0.0,78769000.0,0.0,-9960000.0,0.0,15633439000.0,0.0,1557640000.0,3204705000.0,0.1854520562594702,1647065000.0,0.09531348159752748,-124005000.0,1544009000,0.08934976665032456,390309000.0,1158253000.0,0.06702657515081736,0.16,0.16,7083537000,7083537000,https://www1.hkexnews.hk/search/titlesearch.xhtml,https://www1.hkexnews.hk/search/titlesearch.xhtml,1620584772,14:26:12,20210509
5,2015-12-31,0525.HK,CNY,2015-12-31,2015-12-31,FY,15725309000.0,12974272000.0,2751037000.0,0.17494327138500107,0.0,219101000.0,0.0,8296000.0,0.0,14089749000.0,0.0,1440155000.0,3075715000.0,0.19559011527213868,1635560000.0,0.10400813109618387,-217087000.0,1451838000,0.09232492665167978,388530000.0,1070822000.0,0.0680954504614186,0.15,0.15,7083537000,7083537000,https://www1.hkexnews.hk/search/titlesearch.xhtml,https://www1.hkexnews.hk/search/titlesearch.xhtml,1620584772,14:26:12,20210509
6,2014-12-31,0525.HK,CNY,2014-12-31,2014-12-31,FY,14800781000.0,12655797000.0,2144984000.0,0.14492370368833915,0.0,266902000.0,0.0,-6791000.0,0.0,13743998000.0,172631000.0,1448438000.0,2505221000.0,0.1692627571477478,1056783000.0,0.0714004889336583,-120816000.0,880633000,0.05949908994667241,219507000.0,662021000.0,0.04472878829840128,0.09,0.09,7083537000,7083537000,https://www1.hkexnews.hk/search/titlesearch.xhtml,https://www1.hkexnews.hk/search/titlesearch.xhtml,1620584772,14:26:12,20210509
7,2013-12-31,0525.HK,CNY,2013-12-31,2013-12-31,FY,15800677000.0,12899885000.0,2900792000.0,0.18358656404405962,0.0,228439000.0,0.0,-136000.0,0.0,13922226000.0,184027000.0,1429933000.0,3308384000.0,0.20938242076589503,1878451000.0,0.11888420983480645,-128832000.0,1701753000,0.10770127128097107,430670000.0,1273841000.0,0.08061939371332001,0.18,0.18,7083537000,7083537000,https://www1.hkexnews.hk/search/titlesearch.xhtml,https://www1.hkexnews.hk/search/titlesearch.xhtml,1620584772,14:26:12,20210509
8,2012-12-31,0525.HK,CNY,2012-12-31,2012-12-31,FY,15091886000.0,12370705000.0,2721181000.0,0.18030755069313403,0.0,239797000.0,0.0,-7265000.0,0.0,13226240000.0,183970000.0,1397405000.0,3263051000.0,0.21621227459576622,1865646000.0,0.12361914210059631,-77489000.0,1758136000,0.11649544662608768,441151000.0,1318938000.0,0.0873938485885727,0.19,0.19,7083537000,7083537000,https://www1.hkexnews.hk/search/titlesearch.xhtml,https://www1.hkexnews.hk/search/titlesearch.xhtml,1620584772,14:26:12,20210509
9,2011-12-31,0525.HK,CNY,2011-12-31,2011-12-31,FY,14690835000.0,7043049000.0,7647786000.0,0.5205821180348156,0.0,3331214000.0,0.0,0.0,0.0,11760212000.0,190970000.0,1385949000.0,4316572000.0,0.2938275462218451,2930623000.0,0.1994864825586837,-361316000.0,2378337000,0.16189256771313543,575965000.0,1804107000.0,0.12280493246299479,0.25,0.25,7083537000,7083537000,https://www1.hkexnews.hk/search/titlesearch.xhtml,https://www1.hkexnews.hk/search/titlesearch.xhtml,1620584772,14:26:12,20210509
10,2010-12-31,0525.HK,CNY,2010-12-31,2010-12-31,FY,13484448000.0,10842356000.0,2642092000.0,0.1959362370636158,0.0,459749000.0,0.0,0.0,0.0,11327270000.0,186172000.0,25165000.0,2182343000.0,0.16184147842017707,2157178000.0,0.1599752544560964,-45699000.0,1925307000,0.14277981568099785,440389000.0,1486062000.0,0.1102056235449905,0.21,0.21,7083537000,7083537000,https://www1.hkexnews.hk/search/titlesearch.xhtml,https://www1.hkexnews.hk/search/titlesearch.xhtml,1620584772,14:26:12,20210509
11,2009-12-31,0525.HK,CNY,2009-12-31,2009-12-31,FY,12385757000.0,5327792000.0,7057965000.0,0.5698452666235903,0.0,3190996000.0,0.0,0.0,0.0,10418099000.0,236287000.0,1278133000.0,3245791000.0,0.26205834653465265,1967658000.0,0.1588645732352088,-19765000.0,1712379000,0.13825388306907685,348921000.0,1363458000.0,0.11008273454743218,0.19,0.19,7083537000,7083537000,https://www1.hkexnews.hk/search/titlesearch.xhtml,https://www1.hkexnews.hk/search/titlesearch.xhtml,1620584772,14:26:12,20210509
12,2008-12-31,0525.HK,CNY,2008-12-31,2008-12-31,FY,11688655000.0,5106699000.0,6581956000.0,0.5631063625370071,0.0,3040918000.0,0.0,0.0,0.0,9991355000.0,213469000.0,1187645000.0,2884945000.0,0.24681582269303012,1697300000.0,0.14520917932816052,0.0,1501662000,0.1284717531657834,277294000.0,657446000.0,0.05624650569291334,0.17,0.17,7083537000,7083537000,https://www1.hkexnews.hk/search/titlesearch.xhtml,https://www1.hkexnews.hk/search/titlesearch.xhtml,1620584772,14:26:12,20210509
13,2007-12-31,0525.HK,CNY,2007-12-31,2007-12-31,FY,10508504000.0,8334293000.0,2174211000.0,0.20690014487314273,0.0,2100092000.0,0.0,0.0,0.0,8793112000.0,0.0,1033121000.0,2748513000.0,0.2615513112047157,1715392000.0,0.16323845906134687,49816000.0,1668551000,0.15878102154217194,232349000.0,1436202000.0,0.13667045280660312,0.2,0.2,7083537000,7083537000,https://www1.hkexnews.hk/search/titlesearch.xhtml,https://www1.hkexnews.hk/search/titlesearch.xhtml,1620584772,14:26:12,20210509
14,2006-12-31,0525.HK,CNY,2006-12-31,2006-12-31,FY,3594474000.0,2527907000.0,1066567000.0,0.29672408257786814,0.0,783745000.0,0.0,0.0,0.0,2693918000.0,0.0,336663000.0,1237219000.0,0.34420029189249945,900556000.0,0.2505390218429734,64648000.0,920928000,0.25620661048042076,149155000.0,771773000.0,0.21471097022818916,0.17,0.17,4335550000,4335550000,https://www1.hkexnews.hk/search/titlesearch.xhtml,https://www1.hkexnews.hk/search/titlesearch.xhtml,1620584772,14:26:12,20210509
15,2005-12-31,0525.HK,CNY,2005-12-31,2005-12-31,FY,3276928000.0,1748142513.4,1528785486.6,0.4665300814055115,0.0,0.0,0.0,0.0,0.0,4314270513.4,653686.2,325582000.0,-711760513.4,-0.21720358622465918,-1037342513.4,-0.31655944634731065,48505000.0,716618000,0.2186859155892348,104248000.0,612370000.0,0.18687319342994416,0.14,0.14,4381200000,4381200000,https://www1.hkexnews.hk/search/titlesearch.xhtml,https://www1.hkexnews.hk/search/titlesearch.xhtml,1620584772,14:26:12,20210509
16,2004-12-31,0525.HK,CNY,2004-12-31,2004-12-31,FY,3038149000.0,1586571944.0,1451577056.0,0.47778336612193806,0.0,0.0,0.0,0.0,0.0,3994547944.0,1133880.5,334501000.0,-621897944.0,-0.20469632792861706,-956398944.0,-0.3147965896340173,5809000.0,665111000,0.21891980939710332,98373000.0,567484000.0,0.18678609903595905,0.13000000001374487,0.1285760852446458,4365261538,4413604590,https://www1.hkexnews.hk/search/titlesearch.xhtml,https://www1.hkexnews.hk/search/titlesearch.xhtml,1620584772,14:26:12,20210509
17,2003-12-31,0525.HK,CNY,2003-12-31,2003-12-31,FY,2413387000.0,967711764.0,1445675236.0,0.5990233791762366,0.0,0.0,0.0,0.0,0.0,2818385764.0,2532670.2,290014000.0,-114984764.0,-0.04764456094277462,-404998764.0,-0.16781343564045054,17586000.0,605078000,0.25071735283234725,93348000.0,511762000.0,0.21205136184126291,0.12000000000937935,0.11803854182283678,4264683333,4335550000,https://www1.hkexnews.hk/search/titlesearch.xhtml,https://www1.hkexnews.hk/search/titlesearch.xhtml,1620584772,14:26:12,20210509
18,2002-12-31,0525.HK,CNY,2002-12-31,2002-12-31,FY,2517528000.0,951648075.0,1565879925.0,0.6219910662364033,0.0,0.0,0.0,0.0,0.0,2846679075.0,4295763.0,335508000.0,6356925.0,0.0025250662554696514,-329151075.0,-0.13074375935441432,6575000.0,661461000,0.26274226145647633,104265000.0,557083000.0,0.22128174939861642,0.13000000000466716,0.1278199646870821,4285253846,4358341057,https://www1.hkexnews.hk/search/titlesearch.xhtml,https://www1.hkexnews.hk/search/titlesearch.xhtml,1620584772,14:26:12,20210509
19,2001-12-31,0525.HK,CNY,2001-12-31,2001-12-31,FY,2147521125.4,681760095.2,1465761030.2,0.6825362567397262,0.0,556237179.6,0.0,0.0,0.0,3742496434.8,0.0,341567005.4,-1253408304.0,-0.5836535385730087,-1594975309.4,-0.7427052942740752,12919772.6,631007984,0.29383086226100225,99012965.8,531995018.2,0.2477251617726973,0.122494,0.122494,4335550000,4335550000,https://www1.hkexnews.hk/search/titlesearch.xhtml,https://www1.hkexnews.hk/search/titlesearch.xhtml,1620584772,14:26:12,20210509
20,2000-12-31,0525.HK,CNY,2000-12-31,2000-12-31,FY,1975624560.0,1095651000.0,879973560.0,0.4454153779096571,0.0,41896800.0,0.0,0.0,0.0,1457470440.0,5522760.0,319922640.0,838076760.0,0.4242085145975306,518154120.0,0.26227357691888586,248400.0,590041080,0.29866053092597716,99136440.0,490904640.0,0.24848073360659173,0.112608,0.112608,4335550000,4335550000,https://www1.hkexnews.hk/search/titlesearch.xhtml,https://www1.hkexnews.hk/search/titlesearch.xhtml,1620584772,14:26:12,20210509
21,1999-12-31,0525.HK,CNY,1999-12-31,1999-12-31,FY,1814429520.0,497661120.0,1316768400.0,0.7257203355024779,0.0,529332120.0,0.0,0.0,0.0,1337658840.0,0.0,310665600.0,787436280.0,0.43398559785336827,476770680.0,0.26276616134420033,7625880.0,578507040,0.3188368760666989,50110560.0,528396480.0,0.2912190714357425,0.122544,0.122544,4335550000,4335550000,https://www1.hkexnews.hk/search/titlesearch.xhtml,https://www1.hkexnews.hk/search/titlesearch.xhtml,1620584772,14:26:12,20210509
22,1998-12-31,0525.HK,CNY,1998-12-31,1998-12-31,FY,1943316000.0,592848000.0,1350468000.0,0.6949296974861525,0.0,418140000.0,0.0,0.0,0.0,1309896000.0,0.0,298908000.0,932328000.0,0.4797613975287601,633420000.0,0.32594801874733703,86940000.0,718704000,0.36983383042181506,76176000.0,642528000.0,0.33063485300383466,0.150696,0.150696,4263736264,4263736264,https://www1.hkexnews.hk/search/titlesearch.xhtml,https://www1.hkexnews.hk/search/titlesearch.xhtml,1620584772,14:26:12,20210509
23,1997-12-31,0525.HK,CNY,1997-12-31,1997-12-31,FY,2190060000.0,671508000.0,1518552000.0,0.6933837429111531,0.0,457884000.0,0.0,0.0,0.0,1390212000.0,0.0,260820000.0,1060668000.0,0.48431001890359165,799848000.0,0.3652173913043478,118404000.0,915768000,0.4181474480151229,88596000.0,827172000.0,0.3776937618147448,0.188784,0.188784,4381578947,4381578947,https://www1.hkexnews.hk/search/titlesearch.xhtml,https://www1.hkexnews.hk/search/titlesearch.xhtml,1620584772,14:26:12,20210509
24,1996-12-31,0525.HK,CNY,1996-12-31,1996-12-31,FY,2258430000.0,479740000.0,1778690000.0,0.7875780962881294,0.0,404210000.0,0.0,0.0,0.0,1079000000.0,0.0,195050000.0,1374480000.0,0.6085997794928335,1179430000.0,0.5222344726203602,93790000.0,1269070000,0.5619257625872841,190900000.0,1078170000.0,0.47739801543550164,0.28386,0.28386,3798245614,3798245614,https://www1.hkexnews.hk/search/titlesearch.xhtml,https://www1.hkexnews.hk/search/titlesearch.xhtml,1620584772,14:26:12,20210509
