,date,symbol,reportedCurrency,fillingDate,acceptedDate,period,revenue,costOfRevenue,grossProfit,grossProfitRatio,researchAndDevelopmentExpenses,generalAndAdministrativeExpenses,sellingAndMarketingExpenses,otherExpenses,operatingExpenses,costAndExpenses,interestExpense,depreciationAndAmortization,ebitda,ebitdaratio,operatingIncome,operatingIncomeRatio,totalOtherIncomeExpensesNet,incomeBeforeTax,incomeBeforeTaxRatio,incomeTaxExpense,netIncome,netIncomeRatio,eps,epsdiluted,weightedAverageShsOut,weightedAverageShsOutDil,link,finalLink,timestamp,est_time,est_date
0,2020-12-31,KRMD,USD,2021-03-23,2021-03-23 16:01:07,FY,24176448.0,9240362.0,14936086.0,0.617794888645346,1296754.0,12028309.0,0.0,2865808.0,16190871.0,25431233.0,0.0,418595.0,-775668.0,-0.03208362121681398,-1194263.0,-0.04939778581204319,60522.0,-1194263.0,-0.04939778581204319,-17800.0,-1176463.0,-0.048661532082793967,-0.02805796344627593,-0.02805796344627593,41929736,41929736,https://www.sec.gov/Archives/edgar/data/704440/000116169721000169/0001161697-21-000169-index.htm,https://www.sec.gov/Archives/edgar/data/704440/000116169721000169/form_10-k.htm,1620594235,17:03:55,20210509
1,2019-12-31,KRMD,USD,2020-03-04 00:00:00,2020-03-04 16:57:18,FY,23162621.0,8308811.0,14853810.0,0.6412836440228418,740475.0,9771744.0,0.0,0.0,10852448.0,19161259.0,0.0,340229.0,4341591.0,0.18743953890192305,4001362.0,0.17275082988233498,-3385607.0,696418.0,0.030066459231880536,132069.0,564349.0,0.02436464336225162,0.014553301435238893,0.014447774537003496,38778074,39061310,https://www.sec.gov/Archives/edgar/data/704440/000116169720000108/0001161697-20-000108-index.html,https://www.sec.gov/Archives/edgar/data/704440/000116169720000108/form_10-k.htm,1620594235,17:03:55,20210509
2,2018-12-31,KRMD,USD,2019-03-05 00:00:00,2019-03-05 07:40:58,FY,17353737.0,6543249.0,10810488.0,0.6229487055151292,241124.0,9095565.0,0.0,0.0,9645952.0,16189201.0,0.0,309263.0,1473799.0,0.08492689499673758,1164536.0,0.06710577669812559,-15690.0,1176950.0,0.06782112694228339,266380.0,910570.0,0.052471119044848955,0.023881761192354436,0.023394965399951728,38128260,38921622,https://www.sec.gov/Archives/edgar/data/704440/000116169719000090/0001161697-19-000090-index.html,https://www.sec.gov/Archives/edgar/data/704440/000116169719000090/form_10-k.htm,1620594235,17:03:55,20210509
3,2017-12-31,KRMD,USD,2018-03-05,2018-03-05 16:40:45,FY,15442712.0,6174605.0,9268107.0,0.6001605806026817,88621.0,7731972.0,0.0,0.0,8127155.0,14301760.0,0.0,306562.0,1447514.0,0.09373444249947807,1140952.0,0.07388287756710091,65651.0,1210346.0,0.0783765183213933,390799.0,819547.0,0.05307014726428881,0.02163891591948039,0.02134579623666674,37873755,38393836,https://www.sec.gov/Archives/edgar/data/704440/000116169718000112/form_10-k.htm,https://www.sec.gov/Archives/edgar/data/704440/000116169718000112/form_10-k.htm,1620594235,17:03:55,20210509
4,2017-02-28,KRMD,USD,2017-05-05 00:00:00,2017-05-05 13:35:33,FY,12293655.0,4724097.0,7569558.0,0.6157288454898076,237486.0,7767712.0,0.0,0.0,8305809.0,13029906.0,1886.0,300611.0,-435640.0,-0.03543616605476565,-736251.0,-0.059888698682369075,-41499.0,-776699.0,-0.06317885120413742,-241700.0,-534999.0,-0.043518302734215336,-0.01414197154413251,-0.014124192434587905,37830581,37878201,https://www.sec.gov/Archives/edgar/data/704440/000116169717000228/0001161697-17-000228-index.html,https://www.sec.gov/Archives/edgar/data/704440/000116169717000228/form_10-k.htm,1620594235,17:03:55,20210509
5,2016-02-29,KRMD,USD,2016-05-13 00:00:00,2016-05-13 12:33:00,FY,12247338.0,4644435.0,7602903.0,0.6207800421609986,207282.0,5942671.0,0.0,-9198.0,6421519.0,11065954.0,3412.0,271566.0,1452950.0,0.11863394314748234,1181384.0,0.09646047165514661,-35402.0,1142570.0,0.09329129317734189,359706.0,782864.0,0.06392115576462412,0.02,0.02,37988954,37988954,https://www.sec.gov/Archives/edgar/data/704440/000116169716000829/0001161697-16-000829-index.html,https://www.sec.gov/Archives/edgar/data/704440/000116169716000829/form_10-k.htm,1620594235,17:03:55,20210509
6,2015-02-28,KRMD,USD,2015-05-08 00:00:00,2015-05-08 16:37:34,FY,11244660.0,4556961.0,6687699.0,0.5947444386935665,468154.0,4788279.0,0.0,0.0,5540308.0,10097269.0,512.0,283875.0,1431266.0,0.12728406194584807,1147391.0,0.10203874550230954,-77966.0,1074536.0,0.09555967010118581,321419.0,753117.0,0.06697552438224011,0.02,0.02,37634064,37634064,https://www.sec.gov/Archives/edgar/data/704440/000116169715000213/0001161697-15-000213-index.html,https://www.sec.gov/Archives/edgar/data/704440/000116169715000213/form_10-k.htm,1620594235,17:03:55,20210509
7,2014-02-28,KRMD,USD,2014-05-29 00:00:00,2014-05-29 12:20:06,FY,8698852.0,3388774.0,5310078.0,0.6104343423706944,218150.0,3851298.0,0.0,0.0,4302407.0,7691181.0,4547.0,232959.0,1240630.0,0.14261996870391633,1007671.0,0.11583953836667184,-97.0,1010453.0,0.11615935068213598,307024.0,703429.0,0.08086457845242108,0.02,0.02,36661667,36661667,https://www.sec.gov/Archives/edgar/data/704440/000116169714000223/0001161697-14-000223-index.html,https://www.sec.gov/Archives/edgar/data/704440/000116169714000223/form_10-k.htm,1620594235,17:03:55,20210509
8,2013-02-28,KRMD,USD,2013-05-29 00:00:00,2013-05-29 15:16:43,FY,7763953.0,2819113.0,4944840.0,0.6368972094498769,147576.0,3543889.0,0.0,0.0,3882436.0,6701549.0,28280.0,190971.0,1253375.0,0.16143516067137448,1062404.0,0.13683802568099007,-4095.0,1038110.0,0.13370894955185844,312347.0,725763.0,0.09347854115036502,0.02015367446485351,0.020139741075972096,36011448,36036362,https://www.sec.gov/Archives/edgar/data/704440/000116169713000351/0001161697-13-000351-index.html,https://www.sec.gov/Archives/edgar/data/704440/000116169713000351/form_10-k.htm,1620594235,17:03:55,20210509
9,2012-02-29,KRMD,USD,2012-05-29,2012-05-29 17:29:56,FY,6390534.0,2251398.0,4139136.0,0.6476979858021255,90329.0,2655668.0,0.0,0.0,2849978.0,5101376.0,31540.0,103981.0,1393139.0,0.21800040497398182,1289158.0,0.20172930775425027,10718.0,1281184.0,0.2004815247051342,465291.0,815893.0,0.12767211628949943,0.02382130394364355,0.02324319507535173,34250560,35102446,https://www.sec.gov/Archives/edgar/data/704440/000116169712000406/0001161697-12-000406-index.htm,https://www.sec.gov/Archives/edgar/data/704440/000116169712000406/form_10-k.htm,1620594235,17:03:55,20210509
10,2011-02-28,KRMD,USD,2011-02-28,2011-02-28,FY,4920723.0,1657184.0,3263539.0,0.6632234734611153,35519.0,0.0,0.0,0.0,0.0,3725894.0,36392.0,65774.0,1260603.0,0.2561824756240089,1194829.0,0.24281574069501574,25964.0,1193119.0,0.24246823078641086,489034.0,704085.0,0.1430856807017993,0.02,0.02,36244542,36244542,,,1620594235,17:03:55,20210509
11,2010-02-28,KRMD,USD,2010-02-28,2010-02-28,FY,3774873.0,1263406.0,2511467.0,0.6653116541933993,27921.0,0.0,0.0,0.0,0.0,3053354.0,47504.0,64804.0,786323.0,0.20830449130341602,721519.0,0.19113729124132123,-12904.0,662460.0,0.17549199668439178,-226984.0,889444.0,0.2356222315293786,0.02,0.02,35377437,35377437,,,1620594235,17:03:55,20210509
12,2009-02-28,KRMD,USD,2009-02-28,2009-02-28,FY,3439110.0,1243387.0,2195723.0,0.6384567518922046,22441.0,0.0,0.0,0.0,0.0,2660099.0,51680.0,79355.0,858366.0,0.24958957404677373,779011.0,0.22651529029312817,-2484.0,724855.0,0.2107681929336369,-306000.0,1030855.0,0.2997447013907668,0.03,0.03,34829286,34829286,,,1620594235,17:03:55,20210509
13,2008-02-29,KRMD,USD,2008-02-29,2008-02-29,FY,2347678.0,899978.0,1447700.0,0.616651857707914,59932.0,0.0,0.0,0.0,0.0,2154169.0,0.0,64199.0,257708.0,0.10977144225059825,193509.0,0.08242569892463958,0.0,0.0,0.0,0.0,-2499.0,-0.001064456028467277,-0.01,-0.01,32677223,32677223,,,1620594235,17:03:55,20210509
14,2007-02-28,KRMD,USD,2007-02-28,2007-02-28,FY,1734579.0,663507.0,1071072.0,0.6174823977460814,42033.0,0.0,0.0,0.0,0.0,1756715.0,0.0,57760.0,35624.0,0.020537548304228288,-22136.0,-0.012761598059240887,-174710.0,-254721.0,-0.14684888955763906,0.0,-254721.0,-0.14684888955763906,-0.01,-0.01,29872541,29872541,,,1620594235,17:03:55,20210509
15,2006-02-28,KRMD,USD,2006-02-28,2006-02-28,FY,1745806.0,728522.0,1017284.0,0.5827016289324244,41817.0,0.0,0.0,0.0,0.0,1922609.0,0.0,79089.0,-97714.0,-0.05597070923115169,-176803.0,-0.10127299367741892,0.0,-217815.0,-0.12476472185340182,0.0,-217815.0,-0.12476472185340182,-0.01,-0.01,26467786,26467786,,,1620594235,17:03:55,20210509
16,2005-02-28,KRMD,USD,2005-02-28,2005-02-28,FY,1560220.0,726458.0,833762.0,0.5343874581789747,44029.0,0.0,0.0,0.0,0.0,1919573.0,0.0,81818.0,-277535.0,-0.17788196536385895,-359353.0,-0.2303220058709669,0.0,-399491.0,-0.2560478650446732,1401.0,-400892.0,-0.256945815333735,-0.02,-0.02,22697808,22697808,,,1620594235,17:03:55,20210509
17,2004-02-29,KRMD,USD,2004-02-29,2004-02-29,FY,1528385.0,723555.0,804830.0,0.5265885231796962,42186.0,0.0,0.0,0.0,0.0,1774023.0,0.0,80547.0,-165091.0,-0.10801663193501637,-245638.0,-0.16071735851895955,-51350.0,-277167.0,-0.18134632307959056,831.0,-277998.0,-0.181890034251841,-0.01,-0.01,23537000,23537000,,,1620594235,17:03:55,20210509
18,2003-02-28,KRMD,USD,2003-02-28,2003-02-28,FY,1656553.0,959538.0,697015.0,0.4207622696044135,40269.0,0.0,0.0,0.0,0.0,1909108.0,0.0,81435.0,-171120.0,-0.10329883800880503,-252555.0,-0.15245814652474143,0.0,-267390.0,-0.16141348933598865,800.0,-268190.0,-0.1618964198549639,-0.1,-0.1,23504000,23504000,,,1620594235,17:03:55,20210509
19,2002-02-28,KRMD,USD,2002-02-28,2002-02-28,FY,1758904.0,1330960.0,427944.0,0.24330151048607543,40835.0,0.0,0.0,0.0,0.0,2133164.0,0.0,84839.0,-289421.0,-0.16454621741720982,-374260.0,-0.21278023132587112,-41000.0,-385503.0,-0.21917228001073397,572.0,-386075.0,-0.21949748252320764,-0.02,-0.02,23504000,23504000,,,1620594235,17:03:55,20210509
20,2001-02-28,KRMD,USD,2001-02-28,2001-02-28,FY,2085912.0,1106972.0,978940.0,0.46931030647505745,35335.0,0.0,0.0,0.0,0.0,2188263.0,0.0,84971.0,-17380.0,-0.008332086876148179,-102351.0,-0.04906774590682637,-133000.0,-104457.0,-0.050077376226801515,0.0,-104457.0,-0.050077376226801515,-0.004815,-0.004815,23354000,23354000,,,1620594235,17:03:55,20210509
21,2000-02-29,KRMD,USD,2000-02-29,2000-02-29,FY,2065400.0,1125552.0,939848.0,0.4550440592621284,80944.0,0.0,0.0,0.0,0.0,2302737.0,0.0,87795.0,-149542.0,-0.0724034085407185,-237337.0,-0.11491091314031181,396800.0,0.0,0.0,0.0,250300.0,0.12118717923888835,0.01,0.01,20629000,23123117,,,1620594235,17:03:55,20210509
