,date,symbol,reportedCurrency,fillingDate,acceptedDate,period,revenue,costOfRevenue,grossProfit,grossProfitRatio,researchAndDevelopmentExpenses,generalAndAdministrativeExpenses,sellingAndMarketingExpenses,otherExpenses,operatingExpenses,costAndExpenses,interestExpense,depreciationAndAmortization,ebitda,ebitdaratio,operatingIncome,operatingIncomeRatio,totalOtherIncomeExpensesNet,incomeBeforeTax,incomeBeforeTaxRatio,incomeTaxExpense,netIncome,netIncomeRatio,eps,epsdiluted,weightedAverageShsOut,weightedAverageShsOutDil,link,finalLink,timestamp,est_time,est_date
0,2020-12-31,0808.HK,HKD,2020-12-31,2020-12-31,FY,452894000,94856000,358038000,0.7905558475051557,0.0,58136000,0.0,0.0,0.0,154875000,58661000.0,0.0,-681662000,-1.5051248194941862,298019000,-1.842910261562308,0.0,-834643000,-1.842910261562308,39858000,-874501000,-1.930917609860144,-0.58,-0.58,1518353207,1518353207,https://www1.hkexnews.hk/search/titlesearch.xhtml,https://www1.hkexnews.hk/search/titlesearch.xhtml,1620584920,14:28:40,20210509
1,2019-12-31,0808.HK,HKD,2019-12-31,2019-12-31,FY,462314000,96448000,365866000,0.791379884667131,0.0,60732000,0.0,0.0,0.0,159086000,72816000.0,0.0,442839000,0.9578749507910208,303228000,0.6558918830059224,0.0,375040000,0.8112235407104262,41935000,333105000,0.7205167916178182,0.22,0.22,1498382842,1498382842,https://www1.hkexnews.hk/search/titlesearch.xhtml,https://www1.hkexnews.hk/search/titlesearch.xhtml,1620584920,14:28:40,20210509
2,2018-12-31,0808.HK,HKD,2018-12-31,2018-12-31,FY,446814000,96003000,350811000,0.7851387825806712,0.0,58695000,0.0,0.0,0.0,156834000,57691000.0,0.0,781270000,1.7485351846629693,289980000,0.6489948837771422,0.0,725520000,1.623762908055701,37940000,687580000,1.5388506179305035,0.46,0.46,1481458516,1481458516,https://www1.hkexnews.hk/search/titlesearch.xhtml,https://www1.hkexnews.hk/search/titlesearch.xhtml,1620584920,14:28:40,20210509
3,2017-12-31,0808.HK,HKD,2017-12-31,2017-12-31,FY,446242000,92642000,353600000,0.7923951577843412,0.0,57207000,0.0,0.0,0.0,152172000,86763000.0,0.0,892975000,2.001100299837308,294070000,0.658992206022741,0.0,788162000,1.7662210190882974,39737000,748425000,1.6771729241084434,0.51,0.51,1465575357,1465575357,https://www1.hkexnews.hk/search/titlesearch.xhtml,https://www1.hkexnews.hk/search/titlesearch.xhtml,1620584920,14:28:40,20210509
4,2016-12-31,0808.HK,HKD,2016-12-31,2016-12-31,FY,452926000,95079000,357847000,0.790078290934943,0.0,58424000,0.0,0.0,0.0,155626000,75478000.0,0.0,640232000,1.413546583768651,297300000,0.6563986169926214,0.0,603101000,1.331566304429421,37857000,565244000,1.2479831142394122,0.39,0.39,1449792732,1449792732,https://www1.hkexnews.hk/search/titlesearch.xhtml,https://www1.hkexnews.hk/search/titlesearch.xhtml,1620584920,14:28:40,20210509
5,2015-12-31,0808.HK,HKD,2015-12-31,2015-12-31,FY,438723000,93244000,345479000,0.7874649836001304,0.0,56015000,0.0,0.0,0.0,151206000,72196000.0,0.0,801257000,1.8263391707295948,287517000,0.6553497309236124,0.0,728766000,1.6611073501959095,36175000,692591000,1.5786521335785906,0.48,0.48,1432538133,1432538133,https://www1.hkexnews.hk/search/titlesearch.xhtml,https://www1.hkexnews.hk/search/titlesearch.xhtml,1620584920,14:28:40,20210509
6,2014-12-31,0808.HK,HKD,2014-12-31,2014-12-31,FY,403413000,91357000,312056000,0.7735397718962949,0.0,52888000,0.0,0.0,0.0,146273000,66989000.0,0.0,585673000,1.4517950586619668,257140000,0.6374112881835736,0.0,498117000,1.2347569364398272,31624000,466493000,1.156365808736952,0.33,0.33,1413401652,1413401652,https://www1.hkexnews.hk/search/titlesearch.xhtml,https://www1.hkexnews.hk/search/titlesearch.xhtml,1620584920,14:28:40,20210509
7,2013-12-31,0808.HK,HKD,2013-12-31,2013-12-31,FY,341883000,74952000,266931000,0.7807671045357623,0.0,45341000,0.0,0.0,0.0,122419000,41712000.0,0.0,768610000,2.2481667705033592,219464000,0.6419272090159499,0.0,724393000,2.118833051073028,28664000,695729000,2.0349915029410646,0.5,0.5,1391911584,1391911584,https://www1.hkexnews.hk/search/titlesearch.xhtml,https://www1.hkexnews.hk/search/titlesearch.xhtml,1620584920,14:28:40,20210509
8,2012-12-31,0808.HK,HKD,2012-12-31,2012-12-31,FY,308366000,68895000,239471000,0.7765804271547447,0.0,40484000,0.0,0.0,0.0,111478000,43377000.0,0.0,1143165000,3.7071694025930224,196888000,0.6384880304573137,0.0,1099788000,3.566502143556683,25073000,1074715000,3.4851929201014378,0.78,0.78,1375404049,1375404049,https://www1.hkexnews.hk/search/titlesearch.xhtml,https://www1.hkexnews.hk/search/titlesearch.xhtml,1620584920,14:28:40,20210509
9,2011-12-31,0808.HK,HKD,2011-12-31,2011-12-31,FY,275627000,64115000,211512000,0.7673849078646141,0.0,39297000,0.0,0.0,0.0,103412000,0.0,0.0,172215000,0.6248117927488962,172215000,0.6248117927488962,0.0,1172849000,4.255203590359435,193757000,815574000,2.9589771684196395,0.72,0.72,1352423464,1352423464,https://www1.hkexnews.hk/search/titlesearch.xhtml,https://www1.hkexnews.hk/search/titlesearch.xhtml,1620584920,14:28:40,20210509
10,2010-12-31,0808.HK,HKD,2010-12-31,2010-12-31,FY,270094000,57563000,212531000,0.7868779017675328,0.0,35432000,0.0,0.0,0.0,763202000,0.0,0.0,-493108000,-1.8256903152235888,-493108000,-1.8256903152235888,0.0,781839000,2.894692218264752,129282000,504726000,1.8687049693810303,0.49,0.49,1334319173,1334319173,https://www1.hkexnews.hk/search/titlesearch.xhtml,https://www1.hkexnews.hk/search/titlesearch.xhtml,1620584920,14:28:40,20210509
11,2009-12-31,0808.HK,HKD,2009-12-31,2009-12-31,FY,263624000,56724000,206900000,0.7848299092647103,0.0,33424000,0.0,0.0,0.0,-315012000,0.0,0.0,578636000,2.1949291415045673,578636000,2.1949291415045673,0.0,497266000,1.8862698388614088,75439000,276462000,1.048698145844081,0.32,0.32,1313406331,1313406331,https://www1.hkexnews.hk/search/titlesearch.xhtml,https://www1.hkexnews.hk/search/titlesearch.xhtml,1620584920,14:28:40,20210509
12,2008-12-31,0808.HK,HKD,2008-12-31,2008-12-31,FY,263146000,54469000,208677000,0.7930084439816679,0.0,35561000,0.0,0.0,0.0,488436000,0.0,0.0,-225290000,-0.8561406975595297,-225290000,-0.8561406975595297,0.0,-315930000,-1.20058826658965,-58708000,-421738000,-1.6026768409932128,-0.2,-0.2,1286663207,1286663207,https://www1.hkexnews.hk/search/titlesearch.xhtml,https://www1.hkexnews.hk/search/titlesearch.xhtml,1620584920,14:28:40,20210509
13,2007-12-31,0808.HK,HKD,2007-12-31,2007-12-31,FY,244628000,51848000,192780000,0.7880536978596072,0.0,36365000,0.0,0.0,0.0,88213000,85931000.0,0.0,466945000,1.9087962130254919,156415000,0.6393994146213843,0.0,381014000,1.557524077374626,54002000,327012000,1.3367725689618524,0.26,0.26,1269189951,1269189951,https://www1.hkexnews.hk/search/titlesearch.xhtml,https://www1.hkexnews.hk/search/titlesearch.xhtml,1620584920,14:28:40,20210509
14,2006-12-31,0808.HK,HKD,2006-12-31,2006-12-31,FY,217127000,49592000,167535000,0.771599110198179,0.0,35401000,0.0,0.0,0.0,84993000,82244000.0,0.0,450399000,2.0743574037314567,132134000,0.6085562827285413,0.0,368155000,1.695574479452118,57411000,310744000,1.4311624072547404,0.25,0.25,1255196023,1255196023,https://www1.hkexnews.hk/search/titlesearch.xhtml,https://www1.hkexnews.hk/search/titlesearch.xhtml,1620584920,14:28:40,20210509
