,date,symbol,reportedCurrency,fillingDate,acceptedDate,period,revenue,costOfRevenue,grossProfit,grossProfitRatio,researchAndDevelopmentExpenses,generalAndAdministrativeExpenses,sellingAndMarketingExpenses,otherExpenses,operatingExpenses,costAndExpenses,interestExpense,depreciationAndAmortization,ebitda,ebitdaratio,operatingIncome,operatingIncomeRatio,totalOtherIncomeExpensesNet,incomeBeforeTax,incomeBeforeTaxRatio,incomeTaxExpense,netIncome,netIncomeRatio,eps,epsdiluted,weightedAverageShsOut,weightedAverageShsOutDil,link,finalLink,timestamp,est_time,est_date
0,2020-06-30,EMH.L,AUD,2020-06-30,2020-06-30,FY,183835.0,1344.0,182491.0,0.9926890962003971,0.0,2123729.0,273628.0,0.0,5186775.0,5188119.0,0.0,1344.0,-5002940.0,-27.214295427965293,-5004284.0,-27.2216063317649,0.0,-4608729.0,-25.06992139690483,0.0,2813807.0,15.306154975929502,0.01947076074110134,0.01947076074110134,144514487,144514487,https://find-and-update.company-information.service.gov.uk/search/companies?q=European+Metals+Holdings+Ltd,https://find-and-update.company-information.service.gov.uk/search/companies?q=European+Metals+Holdings+Ltd,1620591607,16:20:07,20210509
1,2019-06-30,EMH.L,AUD,2019-06-30,2019-06-30,FY,1461.0,4180.0,-2719.0,-1.8610540725530458,0.0,1238034.0,268498.0,0.0,3152885.0,3157065.0,0.0,4180.0,-3151424.0,-2157.032169746749,-3155604.0,-2159.893223819302,0.0,-3252815.0,-2226.4305270362765,0.0,-3252815.0,-2226.4305270362765,-0.0225,-0.0225,144514487,144514487,https://find-and-update.company-information.service.gov.uk/search/companies?q=European+Metals+Holdings+Ltd,https://find-and-update.company-information.service.gov.uk/search/companies?q=European+Metals+Holdings+Ltd,1620591607,16:20:07,20210509
2,2018-06-30,EMH.L,AUD,2018-06-30,2018-06-30,FY,1599.0,1945.0,-346.0,-0.21638524077548468,0.0,1024286.0,282634.0,0.0,2619277.0,2621222.0,0.0,1945.0,-2617678.0,-1637.0719199499688,-2619623.0,-1638.2883051907443,0.0,-4655209.0,-2911.3252032520327,0.0,-4655209.0,-2911.3252032520327,-0.0343,-0.0343,135979290,135979290,https://find-and-update.company-information.service.gov.uk/search/companies?q=European+Metals+Holdings+Ltd,https://find-and-update.company-information.service.gov.uk/search/companies?q=European+Metals+Holdings+Ltd,1620591607,16:20:07,20210509
3,2017-06-30,EMH.L,AUD,2017-06-30,2017-06-30,FY,12622.0,242.0,12380.0,0.9808271272381556,0.0,283254.0,99464.0,0.0,4042586.0,4042828.0,0.0,242.0,-4029964.0,-319.28093804468386,-4030206.0,-319.30011091744575,0.0,-4145872.0,-328.46395183013783,0.0,-4145872.0,-328.46395183013783,-0.0328,-0.0328,126508202,126508202,https://find-and-update.company-information.service.gov.uk/search/companies?q=European+Metals+Holdings+Ltd,https://find-and-update.company-information.service.gov.uk/search/companies?q=European+Metals+Holdings+Ltd,1620591607,16:20:07,20210509
4,2016-06-30,EMH.L,AUD,2016-06-30,2016-06-30,FY,0.0,0.0,0.0,0.0,0.0,446531.0,0.0,0.0,1604284.0,1604284.0,0.0,942.0,-1603342.0,0.0,-1604284.0,0.0,0.0,-1591637.0,0.0,0.0,-1591637.0,0.0,-0.0178,-0.0178,89471195,89471195,https://find-and-update.company-information.service.gov.uk/search/companies?q=European+Metals+Holdings+Ltd,https://find-and-update.company-information.service.gov.uk/search/companies?q=European+Metals+Holdings+Ltd,1620591607,16:20:07,20210509
5,2015-06-30,EMH.L,AUD,2015-06-30,2015-06-30,FY,0.0,0.0,0.0,0.0,0.0,316611.0,0.0,0.0,673789.0,673789.0,0.0,2333.0,-671456.0,0.0,-673789.0,0.0,0.0,-666872.0,0.0,0.0,-666872.0,0.0,-0.0125,-0.0125,53143446,53143446,https://find-and-update.company-information.service.gov.uk/search/companies?q=European+Metals+Holdings+Ltd,https://find-and-update.company-information.service.gov.uk/search/companies?q=European+Metals+Holdings+Ltd,1620591607,16:20:07,20210509
6,2014-06-30,EMH.L,AUD,2014-06-30,2014-06-30,FY,0.0,0.0,0.0,0.0,0.0,155907.0,0.0,0.0,1336939.0,1336939.0,0.0,17436.0,-1319503.0,0.0,-1336939.0,0.0,0.0,-1328196.0,0.0,0.0,-1328196.0,0.0,-0.035691,-0.035691,37224739,37224739,https://find-and-update.company-information.service.gov.uk/search/companies?q=European+Metals+Holdings+Ltd,https://find-and-update.company-information.service.gov.uk/search/companies?q=European+Metals+Holdings+Ltd,1620591607,16:20:07,20210509
7,2013-06-30,EMH.L,AUD,2013-06-30,2013-06-30,FY,0.0,0.0,0.0,0.0,0.0,131032.0,0.0,0.0,682433.0,682433.0,0.0,21855.0,-660578.0,0.0,-682433.0,0.0,0.0,-656907.0,0.0,0.0,-656907.0,0.0,-0.020879,-0.020879,31453922,31453922,https://find-and-update.company-information.service.gov.uk/search/companies?q=European+Metals+Holdings+Ltd,https://find-and-update.company-information.service.gov.uk/search/companies?q=European+Metals+Holdings+Ltd,1620591607,16:20:07,20210509
8,2012-06-30,EMH.L,AUD,2012-06-30,2012-06-30,FY,0.0,0.0,0.0,0.0,0.0,23360.0,0.0,0.0,220917.0,220917.0,0.0,0.0,-220917.0,0.0,-220917.0,0.0,0.0,-214147.0,0.0,0.0,-211547.0,0.0,-0.015048,-0.015048,14042965,14042965,https://find-and-update.company-information.service.gov.uk/search/companies?q=European+Metals+Holdings+Ltd,https://find-and-update.company-information.service.gov.uk/search/companies?q=European+Metals+Holdings+Ltd,1620591607,16:20:07,20210509
