,date,symbol,reportedCurrency,fillingDate,acceptedDate,period,revenue,costOfRevenue,grossProfit,grossProfitRatio,researchAndDevelopmentExpenses,generalAndAdministrativeExpenses,sellingAndMarketingExpenses,otherExpenses,operatingExpenses,costAndExpenses,interestExpense,depreciationAndAmortization,ebitda,ebitdaratio,operatingIncome,operatingIncomeRatio,totalOtherIncomeExpensesNet,incomeBeforeTax,incomeBeforeTaxRatio,incomeTaxExpense,netIncome,netIncomeRatio,eps,epsdiluted,weightedAverageShsOut,weightedAverageShsOutDil,link,finalLink,timestamp,est_time,est_date
0,2020-12-31,BMI,USD,2021-02-24,2021-02-24 16:50:56,FY,425544000,257295000,168249000,0.39537392138063276,0.0,103093000,103093000.0,-145000.0,103093000,360388000,30000.0,25216000.0,90372000.0,0.21236816874400766,65156000.0,0.15311225161205422,-145000.0,64981000.0,0.15270101329122254,15638000.0,49343000.0,0.11595275694170286,1.7,1.69,29052000.0,29052000.0,https://www.sec.gov/Archives/edgar/data/9092/000156459021008150/0001564590-21-008150-index.htm,https://www.sec.gov/Archives/edgar/data/9092/000156459021008150/bmi-10k_20201231.htm,1620589501,15:45:01,20210509
1,2019-12-31,BMI,USD,2020-02-21 00:00:00,2020-02-21 14:27:06,FY,424625000,261097000,163528000,0.3851115690314984,0.0,101380000,0.0,-288000.0,101380000,362477000,253000.0,24146000.0,86294000.0,0.20322402119517222,62148000.0,0.14635972917279952,-288000.0,61607000.0,0.14508566382101853,14430000.0,47177000.0,0.1111027377097439,1.63,1.61,29028204.0,29220165.0,https://www.sec.gov/Archives/edgar/data/9092/000156459020005707/0001564590-20-005707-index.html,https://www.sec.gov/Archives/edgar/data/9092/000156459020005707/bmi-10k_20191231.htm,1620589501,15:45:01,20210509
2,2018-12-31,BMI,USD,2019-02-26 00:00:00,2019-02-26 16:22:58,FY,433732000,271383000,162349000,0.3743071758597475,0.0,105480000,0.0,-19860000.0,105480000,376863000,1157000.0,24315000.0,81184000.0,0.1871754908561047,56869000.0,0.13111552756079792,-19860000.0,35852000.0,0.08265933802440216,8062000.0,27790000.0,0.06407182315346804,0.96,0.95,28993074.0,29189257.0,https://www.sec.gov/Archives/edgar/data/9092/000156459019004479/0001564590-19-004479-index.html,https://www.sec.gov/Archives/edgar/data/9092/000156459019004479/bmi-10k_20181231.htm,1620589501,15:45:01,20210509
3,2017-12-31,BMI,USD,2018-03-01 00:00:00,2018-02-28 17:47:42,FY,402440000,246694000,155746000,0.3870042739290329,0.0,100124000,0.0,0.0,100124000,346818000,789000.0,24398000.0,80020000.0,0.19883709372825764,55622000.0,0.13821190736507305,0.0,54833000.0,0.13625136666335355,20262000.0,34571000.0,0.08590348871881523,1.2,1.19,28927487.0,29111291.0,https://www.sec.gov/Archives/edgar/data/9092/000000909218000002/0000009092-18-000002-index.html,https://www.sec.gov/Archives/edgar/data/9092/000000909218000002/bmi-20171231x10k.htm,1620589501,15:45:01,20210509
4,2016-12-31,BMI,USD,2017-02-28 00:00:00,2017-02-28 17:27:34,FY,393761000,243185000,150576000,0.38240455504735105,0.0,99811000,0.0,0.0,99811000,342996000,921000.0,22442000.0,73207000.0,0.18591734580113317,50765000.0,0.1289233824578869,0.0,49844000.0,0.1265844001818362,17549000.0,32295000.0,0.08201675635728271,1.12,1.11,28887479.0,29049801.0,https://www.sec.gov/Archives/edgar/data/9092/000000909217000002/0000009092-17-000002-index.html,https://www.sec.gov/Archives/edgar/data/9092/000000909217000002/bmi-20161231x10k.htm,1620589501,15:45:01,20210509
5,2015-12-31,BMI,USD,2016-02-26 00:00:00,2016-02-26 16:19:54,FY,377698000,241922000,135776000,0.3594829731690398,0.0,93407000,0.0,0.0,93407000,335329000,1217000.0,20599000.0,62968000.0,0.1667152063288659,42369000.0,0.11217692442109833,0.0,41152000.0,0.10895477339038068,15214000.0,25938000.0,0.06867391407950267,0.9019235820574164,0.8976852056300624,28758534.0,28894316.0,https://www.sec.gov/Archives/edgar/data/9092/000000909216000015/0000009092-16-000015-index.html,https://www.sec.gov/Archives/edgar/data/9092/000000909216000015/bmi-20151231x10k.htm,1620589501,15:45:01,20210509
6,2014-12-31,BMI,USD,2015-03-04,2015-03-04 16:59:14,FY,364768000,233626000,131142000,0.3595216685674182,0.0,85095000,0.0,0.0,85095000,318721000,1135000.0,15664000.0,61711000.0,0.1691787656812001,46047000.0,0.12623640231599262,0.0,44912000.0,0.123124835511887,15234000.0,29678000.0,0.08136130362312484,1.035,1.03,28613010.0,28756658.0,https://www.sec.gov/Archives/edgar/data/9092/000000909215000002/bmi-20141231x10k.htm,https://www.sec.gov/Archives/edgar/data/9092/000000909215000002/bmi-20141231x10k.htm,1620589501,15:45:01,20210509
7,2013-12-31,BMI,USD,2014-02-20,2014-02-20 15:47:21,FY,334122000,217133000,116989000,0.3501385721383207,0.0,77882000,0.0,0.0,77882000,295015000,1098000.0,13494000.0,52601000.0,0.1574305193911206,39107000.0,0.11704407372157476,0.0,38009000.0,0.11375784892943296,13392000.0,24617000.0,0.0736766809728183,0.855,0.85,28724740.0,28880712.0,https://www.sec.gov/Archives/edgar/data/9092/000000909214000004/bmi-20131231x10k.htm,https://www.sec.gov/Archives/edgar/data/9092/000000909214000004/bmi-20131231x10k.htm,1620589501,15:45:01,20210509
8,2012-12-31,BMI,USD,2013-03-05 00:00:00,2013-03-05 17:29:40,FY,319660000,197414000,122246000,0.38242507664393416,0.0,77777000,0.0,0.0,77777000,275191000,998000.0,12054000.0,56523000.0,0.17682224863917914,44469000.0,0.1391134330225865,0.0,43471000.0,0.1359913658261903,15439000.0,28032000.0,0.08769317399737221,0.98,0.975,28664924.0,28798440.0,https://www.sec.gov/Archives/edgar/data/9092/000000909213000004/0000009092-13-000004-index.html,https://www.sec.gov/Archives/edgar/data/9092/000000909213000004/bmi-20121231x10k.htm,1620589501,15:45:01,20210509
9,2011-12-31,BMI,USD,2012-03-08 00:00:00,2012-03-08 14:54:21,FY,262915000,173095000,89820000,0.3416313257136337,0.0,62286000,0.0,0.0,62286000,235381000,185000.0,9491000.0,37025000.0,0.14082498145788563,27534000.0,0.10472586197059887,0.0,27349000.0,0.10402221250213947,8188000.0,19161000.0,0.07287906737919099,0.64,0.635,29942000.0,30098000.0,https://www.sec.gov/Archives/edgar/data/9092/000119312512103471/0001193125-12-103471-index.html,https://www.sec.gov/Archives/edgar/data/9092/000119312512103471/d281210d10k.htm,1620589501,15:45:01,20210509
10,2010-12-31,BMI,USD,2011-02-28,2011-02-28 15:49:13,FY,276634000,173810000,102824000,0.37169689915194803,0.0,58001000,0.0,0.0,58001000,231811000,0.0,8459000.0,53282000.0,0.19260828386966172,44823000.0,0.16202997462350976,0.0,44438000.0,0.1606382440336329,15776000.0,28662000.0,0.10360982381052221,0.96,0.955,29812458.0,30012172.0,https://www.sec.gov/Archives/edgar/data/9092/000095012311019728/c62456e10vk.htm,https://www.sec.gov/Archives/edgar/data/9092/000095012311019728/c62456e10vk.htm,1620589501,15:45:01,20210509
11,2009-12-31,BMI,USD,2010-02-23 00:00:00,2010-02-23 16:21:58,FY,250337000,153323000,97014000,0.38753360470086323,0.0,54771000,0.0,0.0,54771000,208094000,90000.0,8158000.0,50401000.0,0.2013326036502794,42243000.0,0.16874453237036474,0.0,42333000.0,0.16910404774364157,15553000.0,34170000.0,0.13649600338743373,1.155,1.14,29612332.0,29909614.0,https://www.sec.gov/Archives/edgar/data/9092/000095012310015763/0000950123-10-015763-index.html,https://www.sec.gov/Archives/edgar/data/9092/000095012310015763/c56373e10vk.htm,1620589501,15:45:01,20210509
12,2008-12-31,BMI,USD,2009-03-04 00:00:00,2009-03-04 13:00:14,FY,279552000,181094000,98458000,0.35219923305860806,0.0,57556000,0.0,0.0,57556000,238650000,0.0,7051000.0,47953000.0,0.17153517055860806,40902000.0,0.1463126717032967,0.0,39555000.0,0.14149424793956045,14471000.0,25084000.0,0.08972928113553114,0.86,0.845,29112000.0,29674000.0,https://www.sec.gov/Archives/edgar/data/9092/000095013709001491/0000950137-09-001491-index.html,https://www.sec.gov/Archives/edgar/data/9092/000095013709001491/c49075e10vk.htm,1620589501,15:45:01,20210509
13,2007-12-31,BMI,USD,2008-02-28,2008-02-28 17:15:10,FY,234816000,153418000,81398000,0.34664588443717637,0.0,50782000,0.0,0.0,50782000,204200000,0.0,6467000.0,37083000.0,0.15792365085854457,30616000.0,0.13038293813028073,0.0,29325000.0,0.12488501635322977,10939000.0,16457000.0,0.07008466203325157,0.58,0.565,28422000.0,29234000.0,https://www.sec.gov/Archives/edgar/data/9092/000095013708002959/c24212e10vk.htm,https://www.sec.gov/Archives/edgar/data/9092/000095013708002959/c24212e10vk.htm,1620589501,15:45:01,20210509
14,2006-12-31,BMI,USD,2007-03-06,2007-03-06 15:27:04,FY,229754000,153126000,76628000,0.3335219408584834,0.0,47840000,0.0,0.0,47840000,200966000,0.0,7007000.0,35795000.0,0.15579706990955544,28788000.0,0.1252992330927862,0.0,27489000.0,0.11964535981963317,10921000.0,7548000.0,0.032852529226912265,0.27,0.26,27736000.0,28778000.0,https://www.sec.gov/Archives/edgar/data/9092/000095013707003342/c12844e10vk.htm,https://www.sec.gov/Archives/edgar/data/9092/000095013707003342/c12844e10vk.htm,1620589501,15:45:01,20210509
15,2005-12-31,BMI,USD,2006-03-06,2006-03-06 09:43:11,FY,216654000,142792000,73862000,0.3409214692551257,0.0,49916000,0.0,0.0,49916000,192708000,0.0,6359000.0,30305000.0,0.1398774082177112,23946000.0,0.11052646154698274,460000.0,22798000.0,0.10522769023419831,9545000.0,13253000.0,0.06117126847415695,0.4925,0.4725,26980000.0,28044000.0,https://www.sec.gov/Archives/edgar/data/9092/000095013706002572/c02859e10vk.htm,https://www.sec.gov/Archives/edgar/data/9092/000095013706002572/c02859e10vk.htm,1620589501,15:45:01,20210509
16,2004-12-31,BMI,USD,2004-12-31,2004-12-31,FY,205010000,137532000,67478000,0.3291449197600117,0.0,47281000,0.0,0.0,47281000,184813000,0.0,7245000.0,27442000.0,0.13385688502999854,20197000.0,0.09851714550509731,-610000.0,17980000.0,0.08770303887615238,8347000.0,9633000.0,0.046987951807228916,0.365,0.355,26388000.0,27228000.0,,,1620589501,15:45:01,20210509
17,2003-12-31,BMI,USD,2003-12-31,2003-12-31,FY,183989000,123470000,60519000,0.32892727282609285,0.0,46419000,0.0,0.0,46419000,169889000,0.0,7832000.0,21932000.0,0.11920277842697118,14100000.0,0.07663501622379598,988000.0,13351000.0,0.07256412068112768,5774000.0,7577000.0,0.04118180978210654,0.29375,0.2875,25800000.0,26392000.0,,,1620589501,15:45:01,20210509
18,2002-12-31,BMI,USD,2002-12-31,2002-12-31,FY,167317000,111317000,56000000,0.33469402391866937,0.0,42805000,0.0,0.0,42805000,154122000,0.0,7980000.0,21175000.0,0.12655617779424685,13195000.0,0.07886227938583647,91000.0,11437000.0,0.06835527770638966,4166000.0,7271000.0,0.043456432998440084,0.2875,0.275,25320000.0,26432000.0,,,1620589501,15:45:01,20210509
19,2001-12-31,BMI,USD,2001-12-31,2001-12-31,FY,138537000,94042000,44495000,0.3211777359117059,0.0,38430000,0.0,0.0,38430000,132472000,0.0,6801000.0,12866000.0,0.09287049669041483,6065000.0,0.04377891826732209,326000.0,5010000.0,0.03616362415816713,1646000.0,3364000.0,0.02428232169023438,0.1325,0.12875,25304000.0,26200000.0,,,1620589501,15:45:01,20210509
20,2000-12-31,BMI,USD,2000-12-31,2000-12-31,FY,146389000,87302000,59087000,0.4036300541707369,0.0,41995000,0.0,0.0,48068000,135370000,0.0,6073000.0,17092000.0,0.11675740663574449,11019000.0,0.07527204912937448,1914000.0,10727000.0,0.07327736373634632,3786000.0,6941000.0,0.047414764770577024,0.2625,0.25,26464000.0,27760000.0,,,1620589501,15:45:01,20210509
21,1999-12-31,BMI,USD,1999-12-31,1999-12-31,FY,150900000,86000000,64900000,0.4300861497680583,0.0,42500000,0.0,0.0,48200000,134200000,0.0,5700000.0,22400000.0,0.14844267726971505,16700000.0,0.11066931742876077,300000.0,15700000.0,0.10404241219350563,6000000.0,9700000.0,0.06428098078197482,0.3475,0.325,27952000.0,29824000.0,,,1620589501,15:45:01,20210509
22,1998-12-31,BMI,USD,1998-12-31,1998-12-31,FY,143800000,81800000,62000000,0.43115438108484005,0.0,43300000,0.0,0.0,48000000,129800000,0.0,4700000.0,18700000.0,0.13004172461752433,14000000.0,0.09735744089012517,0.0,13300000.0,0.09248956884561892,5100000.0,8200000.0,0.05702364394993046,0.285,0.265,28992000.0,31168000.0,,,1620589501,15:45:01,20210509
23,1997-12-31,BMI,USD,1997-12-31,1997-12-31,FY,130800000,78000000,52800000,0.4036697247706422,7500000.0,30300000,0.0,0.0,41800000,119800000,0.0,4000000.0,15000000.0,0.11467889908256881,11000000.0,0.08409785932721713,-300000.0,10200000.0,0.0779816513761468,3700000.0,6500000.0,0.04969418960244648,0.22875,0.20625,28480000.0,31688000.0,,,1620589501,15:45:01,20210509
24,1996-12-31,BMI,USD,1996-12-31,1996-12-31,FY,116000000,69400000,46600000,0.4017241379310345,6400000.0,27300000,0.0,0.0,37800000,107200000,0.0,4100000.0,12900000.0,0.11120689655172414,8800000.0,0.07586206896551724,-200000.0,8100000.0,0.06982758620689655,3000000.0,5100000.0,0.04396551724137931,0.695,0.68,7396924.0,7563560.0,,,1620589501,15:45:01,20210509
25,1995-12-31,BMI,USD,1995-12-31,1995-12-31,FY,108600000,65100000,43500000,0.4005524861878453,6500000.0,25600000,0.0,0.0,36500000,101600000,0.0,4400000.0,11400000.0,0.10497237569060773,7000000.0,0.06445672191528545,-400000.0,5900000.0,0.05432780847145488,2200000.0,3700000.0,0.03406998158379374,0.1325,0.1325,27924528.0,27924528.0,,,1620589501,15:45:01,20210509
26,1994-12-31,BMI,USD,1994-12-31,1994-12-31,FY,99200000,58400000,40800000,0.4112903225806452,5900000.0,24500000,0.0,0.0,34800000,93200000,0.0,4400000.0,10400000.0,0.10483870967741936,6000000.0,0.06048387096774194,-100000.0,5000000.0,0.05040322580645161,1800000.0,3200000.0,0.03225806451612903,0.11625,0.11625,27526882.0,27526882.0,,,1620589501,15:45:01,20210509
27,1993-12-31,BMI,USD,1993-12-31,1993-12-31,FY,84500000,47800000,36700000,0.43431952662721895,0.0,28400000,0.0,0.0,32700000,80500000,0.0,4300000.0,8300000.0,0.09822485207100591,4000000.0,0.047337278106508875,0.0,3300000.0,0.03905325443786982,1100000.0,2200000.0,0.02603550295857988,0.08,0.08,27500000.0,27500000.0,,,1620589501,15:45:01,20210509
28,1992-12-31,BMI,USD,1992-12-31,1992-12-31,FY,82100000,48200000,33900000,0.41291108404384896,0.0,27700000,0.0,0.0,31800000,80000000,0.0,4100000.0,6200000.0,0.07551766138855055,2100000.0,0.025578562728380026,-100000.0,1200000.0,0.014616321559074299,400000.0,-3900000.0,-0.047503045066991476,-0.1425,-0.1425,27368421.0,27368421.0,,,1620589501,15:45:01,20210509
29,1991-12-31,BMI,USD,1991-12-31,1991-12-31,FY,78400000,45200000,33200000,0.42346938775510207,0.0,25900000,0.0,0.0,29900000,75100000,0.0,4000000.0,7300000.0,0.09311224489795919,3300000.0,0.042091836734693876,0.0,2400000.0,0.030612244897959183,800000.0,1600000.0,0.02040816326530612,0.06125,0.06125,26122449.0,26122449.0,,,1620589501,15:45:01,20210509
30,1990-12-31,BMI,USD,1990-12-31,1990-12-31,FY,77100000,42900000,34200000,0.44357976653696496,0.0,25500000,0.0,0.0,29300000,72200000,0.0,3800000.0,8700000.0,0.11284046692607004,4900000.0,0.06355382619974059,-300000.0,3500000.0,0.04539559014267185,1200000.0,2300000.0,0.029831387808041506,0.09125,0.09125,25205479.0,25205479.0,,,1620589501,15:45:01,20210509
31,1989-12-31,BMI,USD,1989-12-31,1989-12-31,FY,72300000,41300000,31000000,0.4287690179806362,0.0,22800000,0.0,0.0,26000000,67300000,0.0,3200000.0,8200000.0,0.11341632088520055,5000000.0,0.06915629322268327,-100000.0,3800000.0,0.05255878284923928,1400000.0,2400000.0,0.03319502074688797,0.09625,0.09625,24935065.0,24935065.0,,,1620589501,15:45:01,20210509
32,1988-12-31,BMI,USD,1988-12-31,1988-12-31,FY,71100000,41100000,30000000,0.4219409282700422,0.0,22300000,0.0,0.0,25400000,66500000,0.0,3100000.0,7700000.0,0.10829817158931083,4600000.0,0.06469760900140648,-300000.0,3400000.0,0.04781997187060478,1300000.0,2100000.0,0.029535864978902954,0.08625,0.08625,24347826.0,24347826.0,,,1620589501,15:45:01,20210509
33,1987-12-31,BMI,USD,1987-12-31,1987-12-31,FY,66700000,38600000,28100000,0.42128935532233885,0.0,21000000,0.0,0.0,24000000,62600000,0.0,3000000.0,7100000.0,0.10644677661169415,4100000.0,0.06146926536731634,0.0,3100000.0,0.046476761619190406,1300000.0,1800000.0,0.026986506746626688,0.07625,0.07625,23606557.0,23606557.0,,,1620589501,15:45:01,20210509
34,1986-12-31,BMI,USD,1986-12-31,1986-12-31,FY,60900000,35100000,25800000,0.4236453201970443,0.0,20500000,0.0,0.0,23300000,58400000,0.0,2800000.0,5300000.0,0.08702791461412152,2500000.0,0.041050903119868636,-300000.0,1300000.0,0.021346469622331693,100000.0,1200000.0,0.019704433497536946,0.05,0.05,24000000.0,24000000.0,,,1620589501,15:45:01,20210509
35,1985-12-31,BMI,USD,1985-12-31,1985-12-31,FY,55900000,36300000,19600000,0.35062611806797855,0.0,14800000,0.0,0.0,17000000,53300000,0.0,2200000.0,4800000.0,0.08586762075134168,2600000.0,0.046511627906976744,-200000.0,1700000.0,0.03041144901610018,400000.0,1300000.0,0.023255813953488372,0.0575,0.0575,22608696.0,22608696.0,,,1620589501,15:45:01,20210509
