,date,symbol,reportedCurrency,fillingDate,acceptedDate,period,revenue,costOfRevenue,grossProfit,grossProfitRatio,researchAndDevelopmentExpenses,generalAndAdministrativeExpenses,sellingAndMarketingExpenses,otherExpenses,operatingExpenses,costAndExpenses,interestExpense,depreciationAndAmortization,ebitda,ebitdaratio,operatingIncome,operatingIncomeRatio,totalOtherIncomeExpensesNet,incomeBeforeTax,incomeBeforeTaxRatio,incomeTaxExpense,netIncome,netIncomeRatio,eps,epsdiluted,weightedAverageShsOut,weightedAverageShsOutDil,link,finalLink,timestamp,est_time,est_date
0,2020-06-30,RHC.AX,AUD,2020-06-30,2020-06-30,FY,11932800000.0,2723100000.0,9209700000.0,0.7717970635559132,0.0,7571800000.0,0.0,469200000.0,8780000000.0,0.0,185400000.0,893200000.0,1322900000,0.11086249664789488,429700000.0,0.03600998927326361,447800000.0,466200000.0,0.03906878519710378,157000000.0,284000000.0,0.023799946366318048,1.4123537287655228,1.4123537287655228,201082770,201082770,,,1620597242,17:54:02,20210509
1,2019-06-30,RHC.AX,AUD,2019-06-30,2019-06-30,FY,11512770000.0,2592137000.0,8920633000.0,0.7748468005527774,0.0,7171236000.0,0.0,57167000.0,7980304000.0,0.0,168301000.0,485678000.0,1426007000,0.12386306683795473,940329000.0,0.0816770421019442,75705000.0,846830000.0,0.07355571248274742,274439000.0,545473000.0,0.047379822579622456,2.649,2.633,201082770,204903532,,,1620597242,17:54:02,20210509
2,2018-06-30,RHC.AX,AUD,2018-06-30,2018-06-30,FY,9136626000.0,2132595000.0,7004031000.0,0.7665883445376882,0.0,5660225000.0,0.0,40124000.0,6312855000.0,0.0,110266000.0,392002000.0,1083178000,0.11855339159116286,691176000.0,0.07564893211126296,29609000.0,607928000.0,0.06653747236671392,196714000.0,388348000.0,0.042504530665915405,1.867,1.856,201400006,205755388,,,1620597242,17:54:02,20210509
3,2017-06-30,RHC.AX,AUD,2017-06-30,2017-06-30,FY,8667179000.0,1998074000.0,6669105000.0,0.7694666280689484,0.0,5207239000.0,0.0,38309000.0,5837686000.0,0.0,127653000.0,373936000.0,1205355000,0.13907120182933802,831419000.0,0.09592729075977316,49847000.0,749665000.0,0.08649469452517365,198669000.0,488947000.0,0.05641362662522604,2.365,2.349,201268022,205507450,,,1620597242,17:54:02,20210509
4,2016-06-30,RHC.AX,AUD,2016-06-30,2016-06-30,FY,8647623000.0,2006780000.0,6640843000.0,0.7679385421866796,0.0,5165509000.0,0.0,42847000.0,5843572000.0,0.0,128812000.0,374343000.0,1171614000,0.13548393587463284,797271000.0,0.09219539288426426,43082000.0,708936000.0,0.08198044711246084,197674000.0,450297000.0,0.0520717658482568,2.176,2.161,200948992,202378066,,,1620597242,17:54:02,20210509
5,2015-06-30,RHC.AX,AUD,2015-06-30,2015-06-30,FY,7319517000.0,1670325000.0,5649192000.0,0.7717984670299967,0.0,4337076000.0,0.0,41716000.0,4939839000.0,0.0,121334000.0,305941000.0,1015294000,0.13871051874051252,709353000.0,0.0969125421800373,51814000.0,640302000.0,0.08747872298131147,221216000.0,385542000.0,0.05267314769540121,1.85,1.835,200985638,202620163,,,1620597242,17:54:02,20210509
6,2014-06-30,RHC.AX,AUD,2014-06-30,2014-06-30,FY,4909314000.0,1412634000.0,3496680000.0,0.7122542986657606,0.0,2826479000.0,0.0,20902000.0,2996199000.0,0.0,75681000.0,169720000.0,670201000,0.1365162220220585,500481000.0,0.10194520049033327,17341000.0,442740000.0,0.0901836794305681,132676000.0,303759000.0,0.061874021502800594,1.441,1.43,201087847,202700000,,,1620597242,17:54:02,20210509
7,2013-06-30,RHC.AX,AUD,2013-06-30,2013-06-30,FY,4134064000.0,1253624000.0,2880440000.0,0.6967574764202973,0.0,2327003000.0,0.0,45661000.0,2474009000.0,0.0,68064000.0,147006000.0,553437000,0.1338723832045174,406431000.0,0.09831270149663866,45661000.0,386654000.0,0.09352878910437767,118279000.0,266404000.0,0.06444118910592579,1.251,1.239,200538313,202498789,,,1620597242,17:54:02,20210509
8,2012-06-30,RHC.AX,AUD,2012-06-30,2012-06-30,FY,3919172000.0,1203342000.0,2715830000.0,0.6929601456634208,0.0,2203162000.0,0.0,49686000.0,2350056000.0,0.0,81773000.0,146894000.0,512668000,0.130810283396595,365774000.0,0.0933294073339981,49686000.0,336578000.0,0.08587987462657928,90720000.0,244105000.0,0.06228483975696907,1.127,1.118,200828094,202530411,,,1620597242,17:54:02,20210509
9,2011-06-30,RHC.AX,AUD,2011-06-30,2011-06-30,FY,3692975000.0,1160995000.0,2531980000.0,0.6856206716806911,0.0,2069903000.0,0.0,38785000.0,2202964000.0,0.0,74633000.0,133061000.0,462077000,0.1251232407476357,329016000.0,0.08909239840507992,36771000.0,294121000.0,0.07964337695218625,93755000.0,198375000.0,0.05371685429768682,0.996,0.902,201106486,219927938,,,1620597242,17:54:02,20210509
10,2010-06-30,RHC.AX,AUD,2010-06-30,2010-06-30,FY,3374130000.0,1086684000.0,2287446000.0,0.6779365347511803,0.0,1901115000.0,0.0,55870000.0,2038267000.0,0.0,78547000.0,137152000.0,386331000,0.11449795947399774,249179000.0,0.07384985166546636,44852000.0,220757000.0,0.06542634693980375,71911000.0,148282000.0,0.043946735899328127,0.694,0.692,196473531,204307803,,,1620597242,17:54:02,20210509
11,2009-06-30,RHC.AX,AUD,2009-06-30,2009-06-30,FY,3199946000.0,1031250000.0,2168696000.0,0.6777289366758064,0.0,1822250000.0,0.0,18319000.0,1932322000.0,0.0,95815000.0,110072000.0,346446000,0.10826620199215861,236374000.0,0.07386812152455073,9625000.0,154270000.0,0.04821018854693173,47765000.0,106473000.0,0.03327337398818605,0.513,0.512,173935078,174373047,,,1620597242,17:54:02,20210509
12,2008-06-30,RHC.AX,AUD,2008-06-30,2008-06-30,FY,2651230000.0,816165000.0,1835065000.0,0.6921560935867503,0.0,1538238000.0,0.0,19240000.0,1626418000.0,0.0,86941000.0,88180000.0,296827000,0.11195822316434259,208647000.0,0.07869818914239805,15976000.0,141279000.0,0.053288096468431634,46384000.0,92198000.0,0.03477555700561626,0.431,0.429,173013536,173699301,,,1620597242,17:54:02,20210509
13,2007-06-30,RHC.AX,AUD,2007-06-30,2007-06-30,FY,2086825000.0,630358000.0,1456467000.0,0.6979344219088807,0.0,1202077000.0,0.0,19075000.0,1266105000.0,0.0,59051000.0,62820000.0,253182000,0.12132402094090304,190362000.0,0.09122087381548524,17904000.0,158043000.0,0.07573371030153463,50581000.0,107056000.0,0.051300899692116014,0.526,0.523,172622277,173541109,,,1620597242,17:54:02,20210509
14,2006-06-30,RHC.AX,AUD,2006-06-30,2006-06-30,FY,1973962000.0,523571000.0,1450391000.0,0.7347613581213823,0.0,1132040000.0,0.0,12156000.0,1268354000.0,0.0,71746000.0,60004000.0,242041000,0.12261684875392738,182037000.0,0.09221910046900599,3481000.0,124058000.0,0.06284720779832641,38329000.0,87590000.0,0.044372688025402715,0.427,0.427,171875372,171875372,,,1620597242,17:54:02,20210509
15,2005-06-30,RHC.AX,AUD,2005-06-30,2005-06-30,FY,1442771000.0,438664000.0,1004107000.0,0.6959572932918668,0.0,834783000.0,0.0,1995000.0,893351000.0,0.0,55279000.0,56748000.0,167504000,0.11609881263208091,110756000.0,0.07676616732662356,-4227000.0,51518000.0,0.03570767640879945,21120000.0,30071000.0,0.02084253148975132,0.217,0.217,138826061,138826061,,,1620597242,17:54:02,20210509
16,2004-06-30,RHC.AX,AUD,2004-06-30,2004-06-30,FY,760842000.0,216754000.0,544088000.0,0.7151129932364407,0.0,445591000.0,0.0,2090000.0,473896000.0,0.0,16284000.0,28305000.0,98497000,0.12945789007441755,70192000.0,0.09225568514882196,2090000.0,56670000.0,0.07448326985103346,56670000.0,0.0,0.0,0.298,0.298,128808131,128808131,,,1620597242,17:54:02,20210509
17,2003-06-30,RHC.AX,AUD,2003-06-30,2003-06-30,FY,655500000.0,183770000.0,471730000.0,0.7196491228070175,0.0,387431000.0,0.0,6784000.0,412156000.0,0.0,13410000.0,24725000.0,84299000,0.12860259344012204,59574000.0,0.09088329519450801,6784000.0,53545000.0,0.08168573607932876,53545000.0,37055000.0,0.056529366895499616,0.289,0.289,128121881,128121881,,,1620597242,17:54:02,20210509
18,2002-06-30,RHC.AX,AUD,2002-06-30,2002-06-30,FY,544501000.0,116310000.0,428191000.0,0.7863915768749736,0.0,270665000.0,40992000.0,5710000.0,375538000.0,0.0,17135000.0,22889000.0,75542000,0.1387362006681347,52653000.0,0.09669954692461538,5710000.0,43555000.0,0.07999067035689558,43555000.0,31071000.0,0.05706325608217432,0.2449,0.2432,126858478,127759046,,,1620597242,17:54:02,20210509
19,2001-06-30,RHC.AX,AUD,2001-06-30,2001-06-30,FY,377012000.0,104025000.0,272987000.0,0.7240804006238528,0.0,224942000.0,0.0,11290000.0,244748000.0,0.0,17823000.0,19806000.0,48045000,0.12743626197574612,28239000.0,0.07490212513129556,11290000.0,17712000.0,0.046979936978133324,17712000.0,16004000.0,0.04244957720178668,0.1415,0.1391,113094689,115053918,,,1620597242,17:54:02,20210509
20,2000-06-30,RHC.AX,AUD,2000-06-30,2000-06-30,FY,0.0,0.0,0.0,0.0,0.0,0.0,0.0,0.0,0.0,0.0,21526000.0,0.0,29211000,0.0,0.0,0.0,0.0,7685000.0,0.0,7685000.0,6616000.0,0.0,0.0608,0.0608,108783866,108783866,,,1620597242,17:54:02,20210509
21,1999-06-30,RHC.AX,AUD,1999-06-30,1999-06-30,FY,0.0,0.0,0.0,0.0,0.0,0.0,0.0,0.0,0.0,0.0,14418000.0,0.0,20175000,0.0,0.0,0.0,0.0,5757000.0,0.0,5757000.0,5964000.0,0.0,0.0548,0.0548,108783866,108783866,,,1620597242,17:54:02,20210509
22,1998-06-30,RHC.AX,AUD,1998-06-30,1998-06-30,FY,0.0,0.0,0.0,0.0,0.0,0.0,0.0,0.0,0.0,0.0,9093000.0,0.0,28143000,0.0,0.0,0.0,0.0,19050000.0,0.0,19050000.0,13961000.0,0.0,0.14,0.14,99721429,99721429,,,1620597242,17:54:02,20210509
23,1997-06-30,RHC.AX,AUD,1997-06-30,1997-06-30,FY,194261000.0,0.0,0.0,0.0,0.0,0.0,0.0,-194261000.0,180563000.0,0.0,20606000.0,8333000.0,202594000,1.042895897786998,194261000.0,1.0,-194261000.0,0.0,0.0,2083000.0,-2083000.0,-0.01072268751833873,-0.019148,-0.019148,108783864,108783864,,,1620597242,17:54:02,20210509
