,date,symbol,reportedCurrency,fillingDate,acceptedDate,period,revenue,costOfRevenue,grossProfit,grossProfitRatio,researchAndDevelopmentExpenses,generalAndAdministrativeExpenses,sellingAndMarketingExpenses,otherExpenses,operatingExpenses,costAndExpenses,interestExpense,depreciationAndAmortization,ebitda,ebitdaratio,operatingIncome,operatingIncomeRatio,totalOtherIncomeExpensesNet,incomeBeforeTax,incomeBeforeTaxRatio,incomeTaxExpense,netIncome,netIncomeRatio,eps,epsdiluted,weightedAverageShsOut,weightedAverageShsOutDil,link,finalLink,timestamp,est_time,est_date
0,2020-12-31,CMLS,USD,2021-02-23,2021-02-23 08:01:52,FY,816218000,337078000,479140000,0.5870245449132462,0.0,420043000.0,0.0,-273000.0,472333000,809411000,59731000.0,52290000.0,59097000,0.07240345103881561,6807000.0,0.00833968376095602,-17682000.0,-78968000.0,-0.09674866273471058,-19249000.0,-59719000.0,-0.0731655023535379,-2.9636736948562974,-2.9636736948562974,20150329.0,20150329.0,https://www.sec.gov/Archives/edgar/data/1058623/000105862321000045/0001058623-21-000045-index.htm,https://www.sec.gov/Archives/edgar/data/1058623/000105862321000045/cmls-20201231.htm,1620590438,16:00:38,20210509
1,2019-12-31,CMLS,USD,2020-02-21,2020-02-21 08:14:56,FY,1113445000,405653000,707792000,0.6356775592867182,0.0,519206000.0,0.0,-177000.0,575260000,980913000,76601000.0,52554000.0,185086000,0.1662282375869486,132532000.0,0.1190287800475102,33879000.0,83520000.0,0.07501044056958359,22263000.0,61257000.0,0.05501573943930774,3.04,3.02,20150329.0,20283775.0,https://www.sec.gov/Archives/edgar/data/1058623/000105862320000010/0001058623-20-000010-index.htm,https://www.sec.gov/Archives/edgar/data/1058623/000105862320000010/cmls2019123110k.htm,1620590438,16:00:38,20210509
2,2018-12-31,CMLS,USD,2019-03-18,2019-03-18 17:09:46,FY,1140360000,402773000,737587000,0.6468018871233645,0.0,507063000.0,0.0,-3369000.0,567449000,970222000,50978000.0,56106000.0,226244000,0.1983969974394051,170138000.0,0.14919674488757936,449123000.0,568369000.0,0.4984119050124522,-189212000.0,757581000.0,0.6643349468588867,45.759571,45.759571,16555684.0,16555684.0,https://www.sec.gov/Archives/edgar/data/1058623/000105862319000016/0001058623-19-000016-index.htm,https://www.sec.gov/Archives/edgar/data/1058623/000105862319000016/cmls2018123110k.htm,1620590438,16:00:38,20210509
3,2017-12-31,CMLS,USD,2018-03-29,2018-03-28 18:45:41,FY,1135662000,402978000,732684000,0.6451602677557231,0.0,536597000.0,0.0,-363000.0,609720000,1012698000,115697000.0,62239000.0,185203000,0.16307933170256644,122964000.0,0.10827517342307834,-366439000.0,-370291000.0,-0.32605740088160035,-163726000.0,-206565000.0,-0.18188950585649605,-7.05,-7.05,29306374.0,29306374.0,https://www.sec.gov/Archives/edgar/data/1058623/000105862318000016/0001058623-18-000016-index.htm,https://www.sec.gov/Archives/edgar/data/1058623/000105862318000016/cmls2017123110k.htm,1620590438,16:00:38,20210509
4,2016-12-31,CMLS,USD,2017-03-16,2017-03-16 16:18:57,FY,1141400000,427780000,713620000,0.6252146486770632,0.0,513048000.0,0.0,2039000.0,613139000,1040919000,126726000.0,87267000.0,187748000,0.16448922376029437,100481000.0,0.0880331172244612,-499214000.0,-536874000.0,-0.47036446469248294,-26154000.0,-510720000.0,-0.44745049938671805,-17.45,-17.45,29270455.0,29270455.0,https://www.sec.gov/Archives/edgar/data/1058623/000105862317000018/0001058623-17-000018-index.htm,https://www.sec.gov/Archives/edgar/data/1058623/000105862317000018/cmls2016123110k.htm,1620590438,16:00:38,20210509
5,2015-12-31,CMLS,USD,2016-03-10,2016-03-10 16:13:21,FY,1168679000,396426000,772253000,0.6607913721389705,0.0,550730000.0,0.0,14205000.0,662964000,1059390000,129306000.0,102105000.0,211394000,0.18088286004968002,109289000.0,0.09351498572319687,-560377000.0,-592334000.0,-0.5068406294628379,-45840000.0,-546494000.0,-0.4676168562967248,-18.72,-18.72,29176930.0,29176930.0,https://www.sec.gov/Archives/edgar/data/1058623/000105862316000053/0001058623-16-000053-index.htm,https://www.sec.gov/Archives/edgar/data/1058623/000105862316000053/cmls2015123110k.htm,1620590438,16:00:38,20210509
6,2014-12-31,CMLS,USD,2015-03-02,2015-03-02 16:26:26,FY,1263423000,904037000,359386000,0.28445421683790784,0.0,76428000.0,0.0,4338000.0,198898000,1102935000,133415000.0,115275000.0,275763000,0.21826656630439686,160488000.0,0.1270263403468197,5673000.0,22023000.0,0.017431216623411162,10254000.0,11769000.0,0.009315169978700721,0.41633933612182933,0.41121027194803816,28267807.0,28620394.0,https://www.sec.gov/Archives/edgar/data/1058623/000105862315000008/0001058623-15-000008-index.htm,https://www.sec.gov/Archives/edgar/data/1058623/000105862315000008/cmls2014123110k.htm,1620590438,16:00:38,20210509
7,2013-12-31,CMLS,USD,2014-03-17,2014-03-17 13:40:36,FY,1026138000,668252000,357886000,0.3487698535674539,0.0,59830000.0,0.0,-302000.0,176057000,844309000,176449000.0,112511000.0,294340000,0.28684251046155584,181829000.0,0.17719741399304967,-31524000.0,-24851000.0,-0.02421799017286174,-68464000.0,176083000.0,0.17159777729701073,4.800774,4.800774,40844042.0,40844042.0,https://www.sec.gov/Archives/edgar/data/1058623/000105862314000014/0001058623-14-000014-index.htm,https://www.sec.gov/Archives/edgar/data/1058623/000105862314000014/cmls2013123110k.htm,1620590438,16:00:38,20210509
8,2012-12-31,CMLS,USD,2013-03-18,2013-03-18 16:25:44,FY,1076582000,661511000,415071000,0.38554517909457897,0.0,57438000.0,0.0,-2474000.0,203137000,864648000,199243000.0,142143000.0,354077000,0.32888994985983416,211934000.0,0.19685820494862444,-132366000.0,-118729000.0,-0.11028328543482986,-26552000.0,-32729000.0,-0.030400842666884642,-2.64,-2.64,20325485.0,20325485.0,https://www.sec.gov/Archives/edgar/data/1058623/000119312513112578/0001193125-13-112578-index.htm,https://www.sec.gov/Archives/edgar/data/1058623/000119312513112578/d446962d10k.htm,1620590438,16:00:38,20210509
9,2011-12-31,CMLS,USD,2012-03-12,2012-03-12 17:24:01,FY,549544000,333471000,216073000,0.3931859869273434,0.0,93286000.0,0.0,0.0,149097000,482568000,87388000.0,52443000.0,119419000,0.21730562066003814,66976000.0,0.12187559139941478,22579000.0,2566000.0,0.004669325841060952,-61294000.0,63860000.0,0.11620543577948263,3.84,3.68,11391114.0,11999938.0,https://www.sec.gov/Archives/edgar/data/1058623/000119312512110079/0001193125-12-110079-index.htm,https://www.sec.gov/Archives/edgar/data/1058623/000119312512110079/d309291d10k.htm,1620590438,16:00:38,20210509
10,2010-12-31,CMLS,USD,2011-03-14,2011-03-14 17:31:05,FY,263333000,159807000,103526000,0.39313720650279305,0.0,20573000.0,0.0,0.0,31628000,191435000,30315000.0,9098000.0,80996000,0.30758013617738755,71898000.0,0.27303072535534856,-8410000.0,33181000.0,0.12600395696703415,3779000.0,29402000.0,0.11165330589026062,5.6,5.52,5042626.0,5148645.0,https://www.sec.gov/Archives/edgar/data/1058623/000095012311025267/0000950123-11-025267-index.htm,https://www.sec.gov/Archives/edgar/data/1058623/000095012311025267/g26396e10vk.htm,1620590438,16:00:38,20210509
11,2009-12-31,CMLS,USD,2010-03-03,2010-03-03 17:28:54,FY,256048000,165676000,90372000,0.3529494469786915,0.0,23031000.0,0.0,0.0,30603000,196279000,34186000.0,11136000.0,70905000,0.2769207336124477,59769000.0,0.23342888833343747,-174950000.0,-149306000.0,-0.5831172280197463,-22604000.0,-126702000.0,-0.4948369055802037,-25.04,-25.04,5053251.0,5053251.0,https://www.sec.gov/Archives/edgar/data/1058623/000095012310020660/0000950123-10-020660-index.htm,https://www.sec.gov/Archives/edgar/data/1058623/000095012310020660/g22339e10vk.htm,1620590438,16:00:38,20210509
12,2008-12-31,CMLS,USD,2009-03-16,2009-03-16 17:18:00,FY,311538000,203222000,108316000,0.3476815027380287,0.0,19956000.0,0.0,0.0,531365000,734587000,0.0,12512000.0,-410537000,-1.3177750386790696,-423049000.0,-1.3579370734870224,-508200000.0,-457362000.0,-1.4680777304855266,-117945000.0,-361669000.0,-1.1609145593795942,-68.4,-68.4,5289322.0,5289322.0,https://www.sec.gov/Archives/edgar/data/1058623/000095014409002269/0000950144-09-002269-index.htm,https://www.sec.gov/Archives/edgar/data/1058623/000095014409002269/g18012e10vk.htm,1620590438,16:00:38,20210509
13,2007-12-31,CMLS,USD,2008-03-17,2008-03-17 16:47:18,FY,328327000,210640000,117687000,0.3584444776092128,0.0,26812000.0,0.0,0.0,266126000,476766000,0.0,14567000.0,-133872000,-0.40773984472796937,-148439000.0,-0.4521071980068651,-277687000.0,-212372000.0,-0.6468307510500203,-38000000.0,-223804000.0,-0.6816496967961818,-41.44,-41.44,5398430.0,5398430.0,https://www.sec.gov/Archives/edgar/data/1058623/000095014408002024/0000950144-08-002024-index.htm,https://www.sec.gov/Archives/edgar/data/1058623/000095014408002024/g12250e10vk.htm,1620590438,16:00:38,20210509
14,2006-12-31,CMLS,USD,2007-03-19,2007-03-19 06:02:00,FY,334321000,214089000,120232000,0.3596304150801176,0.0,41975000.0,0.0,0.0,120271000,334360000,0.0,17420000.0,17381000,0.05198895672123498,-39000.0,-0.00011665435315161178,-68458000.0,-45188000.0,-0.13516351051833417,-5800000.0,-44588000.0,-0.13336882816215553,-7.04,-7.04,6353047.0,6353047.0,https://www.sec.gov/Archives/edgar/data/1058623/000095014407002374/0000950144-07-002374-index.htm,https://www.sec.gov/Archives/edgar/data/1058623/000095014407002374/g06034e10vk.htm,1620590438,16:00:38,20210509
15,2005-12-31,CMLS,USD,2006-03-16,2006-03-16 15:34:58,FY,327756000,225963000,101793000,0.3105755501043459,0.0,20170000.0,0.0,0.0,305492000,531455000,0.0,21223000.0,-182476000,-0.5567434310889808,-203699000.0,-0.6214958688780678,-265315000.0,-227402000.0,-0.693814911092398,-14035000.0,-213367000.0,-0.6509934219358303,-25.52,-25.52,8363840.0,8363840.0,https://www.sec.gov/Archives/edgar/data/1058623/000095014406002393/0000950144-06-002393-index.htm,https://www.sec.gov/Archives/edgar/data/1058623/000095014406002393/g00184e10vk.htm,1620590438,16:00:38,20210509
16,2004-12-31,CMLS,USD,2005-03-29,2005-03-29 16:35:17,FY,320132000,202441000,117691000,0.36763272650031864,0.0,18262000.0,0.0,0.0,39430000,241871000,0.0,21168000.0,99429000,0.3105875076530931,78261000.0,0.24446478327689827,-3148000.0,55916000.0,0.17466545050166807,25547000.0,30369000.0,0.0948639936026389,3.52,3.44,8598629.0,8913512.0,https://www.sec.gov/Archives/edgar/data/1058623/000095014405003201/0000950144-05-003201-index.htm,https://www.sec.gov/Archives/edgar/data/1058623/000095014405003201/g93656e10vk.htm,1620590438,16:00:38,20210509
17,2003-12-31,CMLS,USD,2004-03-15,2004-03-15 13:39:42,FY,281971000,179536000,102435000,0.36328203964237454,0.0,15455000.0,0.0,0.0,34900000,214436000,0.0,19445000.0,86980000,0.30847143855219156,67535000.0,0.23951044610970632,-15833000.0,29719000.0,0.10539736355866383,24678000.0,5041000.0,0.017877725014274516,0.6271295938860028,0.6023562273309848,8038211.0,8368802.0,https://www.sec.gov/Archives/edgar/data/1058623/000095014404002503/0000950144-04-002503-index.htm,https://www.sec.gov/Archives/edgar/data/1058623/000095014404002503/g86920e10vk.htm,1620590438,16:00:38,20210509
18,2002-12-31,CMLS,USD,2003-03-31,2003-03-31 15:37:03,FY,252597000,159766000,92831000,0.36750634409751504,0.0,15249000.0,0.0,0.0,32114000,191880000,0.0,16865000.0,77582000,0.30713745610597115,60717000.0,0.2403710257841542,-6187000.0,25304000.0,0.10017537817155389,76357000.0,-92753000.0,-0.3671975518315736,-17.6,-17.6,6808350.0,6808350.0,https://www.sec.gov/Archives/edgar/data/1058623/000095014403004263/0000950144-03-004263-index.htm,https://www.sec.gov/Archives/edgar/data/1058623/000095014403004263/g81335e10vk.htm,1620590438,16:00:38,20210509
19,2001-12-31,CMLS,USD,2001-12-31,2001-12-31,FY,201328000,141598000,59730000,0.2966800445044902,0.0,17995000.0,0.0,0.0,68580000,210178000,0.0,50585000.0,41735000,0.2072985377096082,-8850000.0,-0.0439581180958436,3519000.0,-34047000.0,-0.1691120956846539,-3494000.0,-30553000.0,-0.15175733132003497,-10.96,-10.96,4396237.0,4396237.0,,,1620590438,16:00:38,20210509
20,2000-12-31,CMLS,USD,2000-12-31,2000-12-31,FY,225911000,191336000,34575000,0.15304699638353156,0.0,23057000.0,0.0,0.0,67060000,258396000,0.0,44003000.0,11518000,0.05098467980753483,-32485000.0,-0.14379556551031158,57054000.0,-1486000.0,-0.006577811616078898,812000.0,-2298000.0,-0.010172147438593074,-3.92,-3.92,4392331.0,4392331.0,,,1620590438,16:00:38,20210509
21,1999-12-31,CMLS,USD,1999-12-31,1999-12-31,FY,180019000,136317000,43702000,0.2427632638777018,0.0,8204000.0,0.0,0.0,41944000,178261000,0.0,33740000.0,35498000,0.19719029657980547,1758000.0,0.009765635849549214,627000.0,-20492000.0,-0.1138324287991823,-6870000.0,-13622000.0,-0.07566979041101217,-12.0,-12.0,3117250.0,3117250.0,,,1620590438,16:00:38,20210509
22,1998-12-31,CMLS,USD,1998-12-31,1998-12-31,FY,98800000,74600000,24200000,0.24493927125506074,0.0,5600000.0,0.0,0.0,22800000,97400000,0.0,17200000.0,18600000,0.1882591093117409,1400000.0,0.01417004048582996,2400000.0,-11800000.0,-0.1194331983805668,100000.0,-13700000.0,-0.13866396761133604,-6.81380167858253,-5.617689571394889,2010625.0,2438725.0,,,1620590438,16:00:38,20210509
