,date,symbol,reportedCurrency,fillingDate,acceptedDate,period,revenue,costOfRevenue,grossProfit,grossProfitRatio,researchAndDevelopmentExpenses,generalAndAdministrativeExpenses,sellingAndMarketingExpenses,otherExpenses,operatingExpenses,costAndExpenses,interestExpense,depreciationAndAmortization,ebitda,ebitdaratio,operatingIncome,operatingIncomeRatio,totalOtherIncomeExpensesNet,incomeBeforeTax,incomeBeforeTaxRatio,incomeTaxExpense,netIncome,netIncomeRatio,eps,epsdiluted,weightedAverageShsOut,weightedAverageShsOutDil,link,finalLink,timestamp,est_time,est_date
0,2020-12-31,AMYT,USD,2020-12-31,2020-12-31,FY,182607000.0,119029000.0,63578000.0,0.34816847108818394,27618000.0,0.0,76673000.0,0.0,0.0,228049000.0,31573000.0,44465000.0,-977000.0,-0.005350287776481734,-45442000.0,-0.24885135838166117,0.0,-105859000.0,-0.5797094306351892,-1332000.0,-104527000.0,-0.5724150771876215,-3.3,-3.3,31718271.0,31718271.0,,,1620587942,15:19:02,20210509
1,2019-12-31,AMYT,USD,2019-12-31,2019-12-31,FY,58124000.0,42001000.0,16123000.0,0.277389718532792,15827000.0,841000.0,35498000.0,0.0,0.0,94167000.0,8481000.0,12655000.0,-23388000.0,-0.4023811162342578,-36043000.0,-0.6201052921340582,-22209000.0,-66761000.0,-1.1485961048792237,-1226000.0,-65535000.0,-1.127503268873443,-4.3,-4.3,15174312.0,15174312.0,,,1620587942,15:19:02,20210509
2,2018-12-31,AMYT,EUR,2018-12-31,2018-12-31,FY,16533973.919012,6060398.078243,10473575.840769,0.6334578663345839,10351178.220087,17566918.325326,0.0,0.0,0.0,33978494.623656,1569434.911919,354609.929078,-17089910.775565997,-1.0336239103362042,-17444520.704644,-1.0550712605506765,-10436970.944864,-29445207.046442,-1.7808911028088472,41180.507893,-29486387.554335,-1.783381762833758,-3.218937,-3.218937,9160288.0,9160288.0,,,1620587942,15:19:02,20210509
3,2017-12-31,AMYT,EUR,2017-12-31,2017-12-31,FY,15329798.210044,6446001.391655,8883796.818389,0.579511660666765,12673656.933081,13254312.930393,0.0,0.0,0.0,32373971.255129,1011349.185402,310722.940711,-16733450.104374003,-1.0915636249804213,-17044173.045085,-1.1118328376897846,-13305900.136766,-31355423.854884,-2.0453905149475546,0.0,-31355423.854884,-2.0453905149475546,-4.218145,-4.218145,7435852.0,7435852.0,,,1620587942,15:19:02,20210509
4,2016-12-31,AMYT,EUR,2016-12-31,2016-12-31,FY,1420848.933575,616297.168819,804551.764755,0.5662472242778592,2465188.675277,4486559.252871,0.0,0.0,0.0,7568045.096967,2103.403307,194000.0,-5953196.163392,-4.189886780161178,-6147196.163392,-4.326424870464611,-2059231.837112,-8207479.702158,-5.776461880086822,0.0,-8207479.702158,-5.776461880086822,-1.508137,-1.508137,5444559.0,5444559.0,,,1620587942,15:19:02,20210509
5,2015-03-31,AMYT,EUR,2015-03-31,2015-03-31,FY,0.0,0.0,0.0,0.0,0.0,3196000.0,0.0,0.0,0.0,3337000.0,0.0,5540.58,33262000.0,0.0,-3337000.0,0.0,0.0,-39741000.0,0.0,0.0,-39741000.0,0.0,-27.623945,-27.623945,1439041.0,1439041.0,,,1620587942,15:19:02,20210509
6,2014-03-31,AMYT,EUR,2014-03-31,2014-03-31,FY,0.0,0.0,0.0,0.0,0.0,2469000.0,0.0,0.0,0.0,2933000.0,0.0,4362.6,-2927000.0,0.0,-2933000.0,0.0,0.0,-2557000.0,0.0,0.0,-2557000.0,0.0,-2.087996,-2.087996,1226222.0,1226222.0,,,1620587942,15:19:02,20210509
7,2013-03-31,AMYT,EUR,2013-03-31,2013-03-31,FY,0.0,0.0,0.0,0.0,0.0,1473805.761517,0.0,0.0,0.0,1858210.769418,0.0,3557.448296,-202078.52194,0.0,-1858210.769418,0.0,0.0,-2118026.011912,0.0,0.0,-2118026.011912,0.0,-2.625496,-2.625496,808526.0,808526.0,,,1620587942,15:19:02,20210509
8,2012-03-31,AMYT,EUR,2012-03-31,2012-03-31,FY,0.0,0.0,0.0,0.0,0.0,275371.832023,0.0,0.0,0.0,275371.832023,0.0,0.0,-275371.832023,0.0,-275371.832023,0.0,0.0,-275371.832023,0.0,0.0,-826115.49607,0.0,-24.821641,-24.821641,33298.0,33298.0,,,1620587942,15:19:02,20210509
9,2011-03-31,AMYT,EUR,2011-03-31,2011-03-31,FY,0.0,0.0,0.0,0.0,0.0,281223.886353,0.0,0.0,0.0,281223.886353,0.0,99633.605451,-281223.886353,0.0,-281223.886353,0.0,0.0,-281223.886353,0.0,0.0,-3056501.896252,0.0,-92.330503,-92.330503,33298.0,33298.0,,,1620587942,15:19:02,20210509
10,2010-03-31,AMYT,EUR,2010-03-31,2010-03-31,FY,0.0,0.0,0.0,0.0,0.0,1722552.934971,0.0,-80825.981463,0.0,281817.496798,0.0,147690.452867,-281817.496798,0.0,-281817.496798,0.0,0.0,-281817.496798,0.0,1507.045437,-123577.725868,0.0,-10.995294,-10.995294,33288.0,33288.0,,,1620587942,15:19:02,20210509
11,2009-03-31,AMYT,EUR,2009-03-31,2009-03-31,FY,0.0,0.0,0.0,0.0,0.0,1744910.677192,0.0,-47512.284572,0.0,1744910.677192,0.0,144692.921508,-1600217.755684,0.0,-1744910.677192,0.0,0.0,-522900.161884,0.0,-25786.857298,-497113.304586,0.0,-15.678252,-15.678252,31532.0,31532.0,,,1620587942,15:19:02,20210509
12,2008-03-31,AMYT,EUR,2008-03-31,2008-03-31,FY,0.0,0.0,0.0,0.0,0.0,3051950.629043,0.0,5025.915784,0.0,3051950.629043,0.0,224233.043616,-2827717.585427,0.0,-3051950.629043,0.0,0.0,-3270230.583006,0.0,0.0,-3270230.583006,0.0,-126.680481,-126.680481,25876.0,25876.0,,,1620587942,15:19:02,20210509
13,2007-12-31,AMYT,EUR,2007-12-31,2007-12-31,FY,0.0,0.0,0.0,0.0,0.0,2326575.801707,0.0,11497.312779,0.0,2326575.801707,0.0,161087.686363,-2165488.115344,0.0,-2326575.801707,0.0,0.0,-2413557.223584,0.0,0.0,-2413557.223584,0.0,-93.27396906724378,-93.27396906724378,25876.0,25876.0,,,1620587942,15:19:02,20210509
