,date,symbol,reportedCurrency,fillingDate,acceptedDate,period,revenue,costOfRevenue,grossProfit,grossProfitRatio,researchAndDevelopmentExpenses,generalAndAdministrativeExpenses,sellingAndMarketingExpenses,otherExpenses,operatingExpenses,costAndExpenses,interestExpense,depreciationAndAmortization,ebitda,ebitdaratio,operatingIncome,operatingIncomeRatio,totalOtherIncomeExpensesNet,incomeBeforeTax,incomeBeforeTaxRatio,incomeTaxExpense,netIncome,netIncomeRatio,eps,epsdiluted,weightedAverageShsOut,weightedAverageShsOutDil,link,finalLink,timestamp,est_time,est_date
0,2020-03-31,8080.HK,HKD,2020-03-31,2020-03-31,FY,3021718000,2622342000,399376000.0,0.13216852135109894,0.0,133401000.0,137123000.0,0.0,266482000.0,2888824000,2886000.0,32557000.0,165451000.0,0.05475395122906903,132894000.0,0.043979616893436116,0.0,141237000.0,0.04674062900641291,30261000.0,110976000.0,0.03672612732227164,0.4071306488364065,0.4071273181032708,272580805.0,272583035.0,https://www1.hkexnews.hk/search/titlesearch.xhtml,https://www1.hkexnews.hk/search/titlesearch.xhtml,1620585790,14:43:10,20210509
1,2019-03-31,8080.HK,HKD,2019-03-31,2019-03-31,FY,2397010000,2016602000,380408000.0,0.15870104838945187,0.0,96063000.0,149310000.0,0.0,243207000.0,2259809000,3000.0,21806000.0,159007000.0,0.06633555971814886,137201000.0,0.057238392831068706,0.0,137578000.0,0.057395672108168094,27425000.0,110153000.0,0.045954334775407696,0.4041113606660601,0.40391892701432175,272580805.0,272710667.0,https://www1.hkexnews.hk/search/titlesearch.xhtml,https://www1.hkexnews.hk/search/titlesearch.xhtml,1620585790,14:43:10,20210509
2,2018-03-31,8080.HK,HKD,2018-03-31,2018-03-31,FY,1655450000,1301850000,353600000.0,0.21359751125071733,0.0,90713000.0,136880000.0,0.0,226201000.0,1528051000,458000.0,11476000.0,138875000.0,0.0838895768522154,127399000.0,0.07695732278232505,0.0,131581000.0,0.0794835241173095,23370000.0,108211000.0,0.0653665166571023,0.433,0.398,249700388.0,272971977.0,https://www1.hkexnews.hk/search/titlesearch.xhtml,https://www1.hkexnews.hk/search/titlesearch.xhtml,1620585790,14:43:10,20210509
3,2017-03-31,8080.HK,HKD,2017-03-31,2017-03-31,FY,1295754000,1086142000,209612000.0,0.16176836035235084,0.0,75040000.0,102045000.0,0.0,176781000.0,1262923000,172000.0,3278000.0,36109000.0,0.027867172318202373,32831000.0,0.02533737113680529,0.0,42890000.0,0.0331004187523249,8133000.0,30621000.0,0.02363180048064679,0.16,0.132,191499724.0,215499724.0,https://www1.hkexnews.hk/search/titlesearch.xhtml,https://www1.hkexnews.hk/search/titlesearch.xhtml,1620585790,14:43:10,20210509
4,2016-03-31,8080.HK,HKD,2016-03-31,2016-03-31,FY,1243927000,1062213000,181714000.0,0.14608091953949065,0.0,116762000.0,92337000.0,0.0,202651000.0,1264864000,2113000.0,4348000.0,-16589000.0,-0.013335991581499557,-20937000.0,-0.016831373545232155,0.0,-261627000.0,-0.2103234353784426,9703000.0,-271330000.0,-0.21812373234120652,-1.425,-1.425,190352183.0,190352183.0,https://www1.hkexnews.hk/search/titlesearch.xhtml,https://www1.hkexnews.hk/search/titlesearch.xhtml,1620585790,14:43:10,20210509
5,2015-03-31,8080.HK,HKD,2015-03-31,2015-03-31,FY,1293924000,1116189000,177735000.0,0.13736123605404954,0.0,80626000.0,87117000.0,0.0,158242000.0,1274431000,1220000.0,4254000.0,23747000.0,0.018352700776861703,19493000.0,0.01506502700313156,0.0,39733000.0,0.030707367666107127,14180000.0,25553000.0,0.019748455087006657,0.169,0.075,151032251.0,165695264.0,https://www1.hkexnews.hk/search/titlesearch.xhtml,https://www1.hkexnews.hk/search/titlesearch.xhtml,1620585790,14:43:10,20210509
6,2014-03-31,8080.HK,HKD,2014-03-31,2014-03-31,FY,907690000,777437000,130253000.0,0.14349943262567616,0.0,77805000.0,66785000.0,0.0,144331000.0,921768000,130000.0,5251000.0,-8827000.0,-0.00972468574072646,-14078000.0,-0.01550970044839097,0.0,12988000.0,0.01430884993775408,3282000.0,47150000.0,0.05194504731791691,0.35,0.35,134593894.0,134593894.0,https://www1.hkexnews.hk/search/titlesearch.xhtml,https://www1.hkexnews.hk/search/titlesearch.xhtml,1620585790,14:43:10,20210509
7,2013-03-31,8080.HK,HKD,2013-03-31,2013-03-31,FY,854323000,642162000,212161000.0,0.24833815781618895,0.0,46575000.0,155327000.0,0.0,196646000.0,838808000,5392000.0,4519000.0,20034000.0,0.02345014707552062,15515000.0,0.01816057861019778,0.0,-29380000.0,-0.03438980338817988,4111000.0,-33491000.0,-0.03920180072408211,-0.249,-0.249,134593971.0,134593971.0,https://www1.hkexnews.hk/search/titlesearch.xhtml,https://www1.hkexnews.hk/search/titlesearch.xhtml,1620585790,14:43:10,20210509
8,2012-03-31,8080.HK,HKD,2012-03-31,2012-03-31,FY,1779646000,1534037000,245609000.0,0.13801003120845381,0.0,283244000.0,190966000.0,288000.0,468195000.0,2002232000,19602000.0,28343000.0,-194243000.0,-0.10914698765934348,-222586000.0,-0.12507318871281142,0.0,-223371000.0,-0.1255142876729417,17359000.0,-241061000.0,-0.13545446678721498,-1.78,-1.78,135430397.0,135430397.0,https://www1.hkexnews.hk/search/titlesearch.xhtml,https://www1.hkexnews.hk/search/titlesearch.xhtml,1620585790,14:43:10,20210509
9,2011-03-31,8080.HK,HKD,2011-03-31,2011-03-31,FY,2168056000,1852361000,315695000.0,0.14561201371182295,0.0,135400000.0,199694000.0,204000.0,332067000.0,2184428000,11748000.0,42917000.0,26545000.0,0.012243687432427946,-16372000.0,-0.007551465460301763,0.0,14949000.0,0.006895117100296303,6832000.0,21892000.0,0.010097525156176778,0.16,0.16,135963492.0,135963492.0,https://www1.hkexnews.hk/search/titlesearch.xhtml,https://www1.hkexnews.hk/search/titlesearch.xhtml,1620585790,14:43:10,20210509
10,2010-03-31,8080.HK,HKD,2010-03-31,2010-03-31,FY,3167965000,2767621000,400344000.0,0.12637260828323546,0.0,166375000.0,210980000.0,200000.0,347887000.0,3115508000,37856000.0,86044000.0,138501000.0,0.04371923300920307,52457000.0,0.016558579403497198,0.0,34070000.0,0.010754538007837839,17834000.0,16711000.0,0.005274995146726684,0.131,0.131,127944129.0,127944129.0,https://www1.hkexnews.hk/search/titlesearch.xhtml,https://www1.hkexnews.hk/search/titlesearch.xhtml,1620585790,14:43:10,20210509
11,2009-03-31,8080.HK,HKD,2009-03-31,2009-03-31,FY,2229529000,2009191000,220338000.0,0.09882715138488891,0.0,265992000.0,127116000.0,0.0,384439000.0,2393630000,41916000.0,67385000.0,-96716000.0,-0.04337956581861012,-164101000.0,-0.07360343821497724,0.0,-159499000.0,-0.0715393251220325,-23371000.0,-136093000.0,-0.061041143667563864,-142.07,-142.07,957947.0,957947.0,https://www1.hkexnews.hk/search/titlesearch.xhtml,https://www1.hkexnews.hk/search/titlesearch.xhtml,1620585790,14:43:10,20210509
12,2008-03-31,8080.HK,HKD,2008-03-31,2008-03-31,FY,1265162000,1176622000,88540000.0,0.06998313259487718,0.0,144528000.0,41722000.0,0.0,184257000.0,1360879000,18754000.0,21953000.0,-73764000.0,-0.05830399585191462,-95717000.0,-0.07565592390539709,0.0,-84702000.0,-0.066949528993125,-14334000.0,-72590000.0,-0.05737605144637604,-75.78,-75.78,957947.0,957947.0,https://www1.hkexnews.hk/search/titlesearch.xhtml,https://www1.hkexnews.hk/search/titlesearch.xhtml,1620585790,14:43:10,20210509
13,2007-03-31,8080.HK,HKD,2007-03-31,2007-03-31,FY,559327000,481974000,77353000.0,0.13829655997296753,0.0,75726000.0,20425000.0,0.0,95072000.0,577046000,7163000.0,7956000.0,-9763000.0,-0.017454905627656093,-17719000.0,-0.03167914297003363,0.0,69736000.0,0.12467840815837605,2989000.0,66747000.0,0.11933448590895844,69.7,0.85,957950.0,957950.0,https://www1.hkexnews.hk/search/titlesearch.xhtml,https://www1.hkexnews.hk/search/titlesearch.xhtml,1620585790,14:43:10,20210509
14,2006-03-31,8080.HK,HKD,2006-03-31,2006-03-31,FY,359948000,354154000,5794000.0,0.016096769533377044,0.0,22364000.0,2180000.0,0.0,24275000.0,378429000,3296000.0,373000.0,-18108000.0,-0.0503072666051763,-18481000.0,-0.05134352739840199,0.0,-16995000.0,-0.0472151532999211,-5007000.0,-11988000.0,-0.03330481069487815,-17.7,-17.7,675820.0,675820.0,https://www1.hkexnews.hk/search/titlesearch.xhtml,https://www1.hkexnews.hk/search/titlesearch.xhtml,1620585790,14:43:10,20210509
15,2005-03-31,8080.HK,HKD,2005-03-31,2005-03-31,FY,859685000,828580000,31105000.0,0.036181857308200095,0.0,25139000.0,7494000.0,0.0,30546000.0,859126000,0.0,0.0,559000.0,0.0006502381686315337,559000.0,0.0006502381686315337,0.0,-4497000.0,-0.005230985768042946,5946000.0,-10443000.0,-0.01214747262078552,-0.65,-0.65,16066154.0,16066154.0,https://www1.hkexnews.hk/search/titlesearch.xhtml,https://www1.hkexnews.hk/search/titlesearch.xhtml,1620585790,14:43:10,20210509
16,2004-03-31,8080.HK,HKD,2004-03-31,2004-03-31,FY,1429443000,1390654000,38789000.0,0.027135744482291353,0.0,28682000.0,7891000.0,0.0,55909000.0,1446563000,0.0,0.0,-17120000.0,-0.011976693019588749,-17120000.0,-0.011976693019588749,0.0,-25042000.0,-0.01751871183391013,889000.0,-25711000.0,-0.017986726298285415,-1.63,-1.63,15773620.0,15773620.0,https://www1.hkexnews.hk/search/titlesearch.xhtml,https://www1.hkexnews.hk/search/titlesearch.xhtml,1620585790,14:43:10,20210509
17,2003-03-31,8080.HK,HKD,2003-03-31,2003-03-31,FY,811142000,764035000,47107000.0,0.05807491166774745,0.0,26794000.0,6132000.0,0.0,32359000.0,796394000,0.0,0.0,14748000.0,0.018181773351644965,14748000.0,0.018181773351644965,0.0,8464000.0,0.010434671118003998,1840000.0,6590000.0,0.008124348141262566,0.42,0.42,15690476.0,15690476.0,https://www1.hkexnews.hk/search/titlesearch.xhtml,https://www1.hkexnews.hk/search/titlesearch.xhtml,1620585790,14:43:10,20210509
18,2002-03-31,8080.HK,HKD,2002-03-31,2002-03-31,FY,428415000,409665000,18750000.0,0.04376597458072196,976000.0,0.0,207000.0,0.0,35498000.0,445163000,0.0,2003000.0,-14745000.0,-0.03441756241027975,-16748000.0,-0.039092935588156345,0.0,-18811000.0,-0.043908359884691245,-1472000.0,-17340000.0,-0.04047477329225167,-1.14,-1.14,15210526.0,15210526.0,https://www1.hkexnews.hk/search/titlesearch.xhtml,https://www1.hkexnews.hk/search/titlesearch.xhtml,1620585790,14:43:10,20210509
19,2001-03-31,8080.HK,HKD,2001-03-31,2001-03-31,FY,183329000,164093000,19236000.0,0.10492611643547939,24849000.0,0.0,13836000.0,0.0,132098000.0,296191000,0.0,3711000.0,-109151000.0,-0.5953831636020488,-112862000.0,-0.6156254602381511,0.0,-112034000.0,-0.611108989848851,20000.0,-112054000.0,-0.6112180833365152,-7.75,-7.75,14458581.0,14458581.0,https://www1.hkexnews.hk/search/titlesearch.xhtml,https://www1.hkexnews.hk/search/titlesearch.xhtml,1620585790,14:43:10,20210509
20,2000-03-31,8080.HK,HKD,2000-03-31,2000-03-31,FY,180074000,159013000,21061000.0,0.1169574730388618,2454000.0,19270000.0,5071000.0,0.0,26795000.0,185808000,0.0,346000.0,-5388000.0,-0.02992103246443129,-5734000.0,-0.03184246476448571,0.0,-5643000.0,-0.03133711696302631,1169000.0,-6812000.0,-0.037828892566389376,-0.53,-0.53,12852830.0,12852830.0,https://www1.hkexnews.hk/search/titlesearch.xhtml,https://www1.hkexnews.hk/search/titlesearch.xhtml,1620585790,14:43:10,20210509
21,1999-03-31,8080.HK,HKD,1999-03-31,1999-03-31,FY,115651000,106732000,8919000.0,0.07711995572887394,0.0,2982000.0,2638000.0,0.0,5620000.0,112352000,0.0,8000.0,3307000.0,0.028594651148714668,3299000.0,0.028525477514245445,0.0,3299000.0,0.028525477514245445,276000.0,3023000.0,0.026138987125057283,0.24,0.24,12595833.0,12595833.0,https://www1.hkexnews.hk/search/titlesearch.xhtml,https://www1.hkexnews.hk/search/titlesearch.xhtml,1620585790,14:43:10,20210509
