,date,symbol,reportedCurrency,fillingDate,acceptedDate,period,revenue,costOfRevenue,grossProfit,grossProfitRatio,researchAndDevelopmentExpenses,generalAndAdministrativeExpenses,sellingAndMarketingExpenses,otherExpenses,operatingExpenses,costAndExpenses,interestExpense,depreciationAndAmortization,ebitda,ebitdaratio,operatingIncome,operatingIncomeRatio,totalOtherIncomeExpensesNet,incomeBeforeTax,incomeBeforeTaxRatio,incomeTaxExpense,netIncome,netIncomeRatio,eps,epsdiluted,weightedAverageShsOut,weightedAverageShsOutDil,link,finalLink,timestamp,est_time,est_date
0,2020-12-31,OSUR,USD,2021-03-01,2021-03-01 16:31:27,FY,171721000.0,69853000.0,101868000.0,0.5932180688442299,31032000.0,42653000.0,34459000.0,1653000.0,108144000.0,177997000.0,0.0,9714000.0,3438000.0,0.02002084777051147,-6276000.0,-0.036547655790497374,2752000.0,-3524000.0,-0.020521660134753466,11398000.0,-14922000.0,-0.08689676859557072,-0.22,-0.22,67505000.0,67505000.0,https://www.sec.gov/Archives/edgar/data/1116463/000156459021009887/0001564590-21-009887-index.htm,https://www.sec.gov/Archives/edgar/data/1116463/000156459021009887/osur-10k_20201231.htm,1620596239,17:37:19,20210509
1,2019-12-31,OSUR,USD,2020-03-02,2020-03-02 17:02:27,FY,154605000.0,60022000.0,94583000.0,0.611771934930953,19629000.0,35287000.0,31869000.0,2720000.0,86785000.0,146807000.0,0.0,7730000.0,15528000.0,0.10043659648782381,7798000.0,0.050438213511852785,13533000.0,21331000.0,0.13797095824843958,4675000.0,16656000.0,0.10773260890656836,0.27006080259424403,0.2679105677979733,61675000.0,62170000.0,https://www.sec.gov/Archives/edgar/data/1116463/000156459020008195/0001564590-20-008195-index.htm,https://www.sec.gov/Archives/edgar/data/1116463/000156459020008195/osur-10k_20191231.htm,1620596239,17:37:19,20210509
2,2018-12-31,OSUR,USD,2019-02-28,2019-02-28 16:31:47,FY,181743000.0,68130000.0,113613000.0,0.6251299912513825,16250000.0,38325000.0,30609000.0,3287000.0,85184000.0,153314000.0,0.0,7222000.0,35651000.0,0.19616161282690392,28429000.0,0.1564241813990085,3287000.0,31716000.0,0.1745101599511398,11320000.0,20396000.0,0.11222440479138124,0.33374787275821444,0.3261690014712467,61112000.0,62532000.0,https://www.sec.gov/Archives/edgar/data/1116463/000156459019005491/0001564590-19-005491-index.htm,https://www.sec.gov/Archives/edgar/data/1116463/000156459019005491/osur-10k_20181231.htm,1620596239,17:37:19,20210509
3,2017-12-31,OSUR,USD,2018-02-28,2018-02-28 16:30:10,FY,167064000.0,68108000.0,98956000.0,0.5923238998228224,13365000.0,29321000.0,28532000.0,794000.0,71218000.0,139326000.0,0.0,6402000.0,34140000.0,0.20435282287027726,27738000.0,0.16603217928458555,13294000.0,41032000.0,0.24560647416558923,10084000.0,30948000.0,0.1852463726476081,0.52,0.51,59050000.0,61024000.0,https://www.sec.gov/Archives/edgar/data/1116463/000119312518064054/0001193125-18-064054-index.htm,https://www.sec.gov/Archives/edgar/data/1116463/000119312518064054/d519538d10k.htm,1620596239,17:37:19,20210509
4,2016-12-31,OSUR,USD,2017-03-14,2017-03-14 16:10:41,FY,128198000.0,40171000.0,88027000.0,0.6866487776720386,9754000.0,28356000.0,29652000.0,58000.0,67762000.0,107933000.0,0.0,5687000.0,25952000.0,0.2024368554891652,20265000.0,0.15807578901386918,58000.0,20323000.0,0.15852821416870777,603000.0,19720000.0,0.15382455264512707,0.3545805987593275,0.3489462601525313,55615000.0,56513000.0,https://www.sec.gov/Archives/edgar/data/1116463/000119312517082033/0001193125-17-082033-index.htm,https://www.sec.gov/Archives/edgar/data/1116463/000119312517082033/d354040d10k.htm,1620596239,17:37:19,20210509
5,2015-12-31,OSUR,USD,2016-03-14,2016-03-14 16:24:41,FY,119719000.0,39426000.0,80293000.0,0.6706788396161011,11654000.0,25493000.0,35088000.0,774000.0,72235000.0,111661000.0,0.0,5696000.0,13754000.0,0.11488569065895973,8058000.0,0.06730761199141323,774000.0,8832000.0,0.07377275119237547,665000.0,8167000.0,0.06821807733108362,0.14481266734046136,0.14366885972627802,56397000.0,56846000.0,https://www.sec.gov/Archives/edgar/data/1116463/000119312516503534/0001193125-16-503534-index.htm,https://www.sec.gov/Archives/edgar/data/1116463/000119312516503534/d111696d10k.htm,1620596239,17:37:19,20210509
6,2014-12-31,OSUR,USD,2015-03-12,2015-03-12 16:38:00,FY,106464000.0,39840000.0,66624000.0,0.6257889990982868,12058000.0,23750000.0,41118000.0,531000.0,76926000.0,116766000.0,0.0,6307000.0,-3995000.0,-0.037524421400661256,-10302000.0,-0.09676510369702435,6031000.0,-4271000.0,-0.040116847009317703,343000.0,-4614000.0,-0.043338593327321914,-0.08,-0.08,55949000.0,55949000.0,https://www.sec.gov/Archives/edgar/data/1116463/000119312515089338/0001193125-15-089338-index.htm,https://www.sec.gov/Archives/edgar/data/1116463/000119312515089338/d846888d10k.htm,1620596239,17:37:19,20210509
7,2013-12-31,OSUR,USD,2014-03-14,2014-03-14 09:09:24,FY,98940000.0,40351000.0,58589000.0,0.5921669698807358,10932000.0,21654000.0,46465000.0,200000.0,79051000.0,119402000.0,0.0,6552000.0,-13910000.0,-0.1405902567212452,-20462000.0,-0.2068122094198504,8500000.0,-11962000.0,-0.12090155649888822,-772000.0,-11190000.0,-0.1130988477865373,-0.2,-0.2,55555000.0,55555000.0,https://www.sec.gov/Archives/edgar/data/1116463/000119312514098958/0001193125-14-098958-index.htm,https://www.sec.gov/Archives/edgar/data/1116463/000119312514098958/d654506d10k.htm,1620596239,17:37:19,20210509
8,2012-12-31,OSUR,USD,2013-03-13,2013-03-13 16:07:54,FY,87820000.0,32249000.0,55571000.0,0.632782965156001,12445000.0,22309000.0,37087000.0,-70000.0,71841000.0,104090000.0,172000.0,7250000.0,-9020000.0,-0.1027100888180369,-16270000.0,-0.18526531541790026,-70000.0,-16512000.0,-0.18802095194716464,-1397000.0,-15115000.0,-0.1721134138009565,-0.29,-0.29,51457000.0,51457000.0,https://www.sec.gov/Archives/edgar/data/1116463/000119312513105190/0001193125-13-105190-index.htm,https://www.sec.gov/Archives/edgar/data/1116463/000119312513105190/d444996d10k.htm,1620596239,17:37:19,20210509
9,2011-12-31,OSUR,USD,2012-03-14,2012-03-14 16:12:38,FY,81881298.0,30163646.0,51717652.0,0.6316173932660423,18406619.0,20325204.0,22383308.0,0.0,61115131.0,91278777.0,316313.0,4891173.0,-4506306.0,-0.05503461852790854,-9397479.0,-0.11476954114723487,-59767.0,-9709569.0,-0.1185810342185831,-868950.0,-8840619.0,-0.10796872076942406,-0.19,-0.19,46908000.0,46908000.0,https://www.sec.gov/Archives/edgar/data/1116463/000119312512114853/0001193125-12-114853-index.htm,https://www.sec.gov/Archives/edgar/data/1116463/000119312512114853/d279006d10k.htm,1620596239,17:37:19,20210509
10,2010-12-31,OSUR,USD,2011-03-10,2011-03-10 16:14:19,FY,75014836.0,27655507.0,47359329.0,0.631332833947674,13191917.0,16793852.0,20727667.0,0.0,50713436.0,78368943.0,316185.0,3012270.0,-341837.0,-0.004556925246093986,-3354107.0,-0.044712581921794774,21590.0,-3496945.0,-0.04661671192615818,0.0,-3496945.0,-0.04661671192615818,-0.08,-0.08,46187000.0,46187000.0,https://www.sec.gov/Archives/edgar/data/1116463/000119312511062311/0001193125-11-062311-index.htm,https://www.sec.gov/Archives/edgar/data/1116463/000119312511062311/d10k.htm,1620596239,17:37:19,20210509
11,2009-12-31,OSUR,USD,2010-03-15,2010-03-15 16:19:00,FY,77026226.0,29895832.0,47130394.0,0.6118746360492854,13371358.0,18299103.0,21224125.0,0.0,52894586.0,82790418.0,361188.0,3049962.0,-2714230.0,-0.03523773837757545,-5764192.0,-0.0748341480471859,-3047929.0,-8435417.0,-0.10951357009234751,-622284.0,-7813133.0,-0.10143471134104376,-0.17,-0.17,45877843.0,45877843.0,https://www.sec.gov/Archives/edgar/data/1116463/000119312510057039/0001193125-10-057039-index.htm,https://www.sec.gov/Archives/edgar/data/1116463/000119312510057039/d10k.htm,1620596239,17:37:19,20210509
12,2008-12-31,OSUR,USD,2009-03-10,2009-03-10 17:02:07,FY,71104467.0,29976120.0,41128347.0,0.5784214232278825,20255451.0,37203625.0,0.0,0.0,57459076.0,87435196.0,0.0,3386670.0,-12944059.0,-0.18204283846189298,-16330729.0,-0.2296723354947587,4847578.0,-8747968.0,-0.12302979501977,22527334.0,-31275302.0,-0.43985003080045587,-0.67,-0.67,46549739.0,46549739.0,https://www.sec.gov/Archives/edgar/data/1116463/000119312509049845/0001193125-09-049845-index.htm,https://www.sec.gov/Archives/edgar/data/1116463/000119312509049845/d10k.htm,1620596239,17:37:19,20210509
13,2007-12-31,OSUR,USD,2008-03-12,2008-03-12 16:59:40,FY,82685876.0,32402794.0,50283082.0,0.608121778863418,14136019.0,37366300.0,0.0,0.0,51502319.0,83905113.0,0.0,2735999.0,1516762.0,0.018343664884193766,-1219237.0,-0.014745408272629294,1323243.0,4293775.0,0.05192875987671704,1821336.0,2472439.0,0.029901588029375176,0.05337120260191086,0.052741828958540446,46325338.0,46878143.0,https://www.sec.gov/Archives/edgar/data/1116463/000119312508054266/0001193125-08-054266-index.htm,https://www.sec.gov/Archives/edgar/data/1116463/000119312508054266/d10k.htm,1620596239,17:37:19,20210509
14,2006-12-31,OSUR,USD,2007-03-16,2007-03-16 17:15:41,FY,68154920.0,24756195.0,43398725.0,0.6367658417029908,8647484.0,29288578.0,0.0,0.0,37936062.0,62692257.0,0.0,1923275.0,7385938.0,0.1083698432923111,5462663.0,0.08015067730986992,-94390.0,9061453.0,0.13295376181205992,3793904.0,5267549.0,0.07728787591563456,0.11473644407241212,0.11308542119531906,45909990.0,46580266.0,https://www.sec.gov/Archives/edgar/data/1116463/000119312507057268/0001193125-07-057268-index.htm,https://www.sec.gov/Archives/edgar/data/1116463/000119312507057268/d10k.htm,1620596239,17:37:19,20210509
15,2005-12-31,OSUR,USD,2006-03-15,2006-03-14 18:46:05,FY,69366192.0,27973907.0,41392285.0,0.5967213105773487,5269083.0,28550487.0,0.0,0.0,33819570.0,61793477.0,0.0,2346861.0,9919576.0,0.14300303525383085,7572715.0,0.10917011272580741,57329.0,9718898.0,0.14011001209349938,-17729189.0,27448087.0,0.39569833961766276,0.61,0.59,45109580.0,46146612.0,https://www.sec.gov/Archives/edgar/data/1116463/000119312506053910/0001193125-06-053910-index.htm,https://www.sec.gov/Archives/edgar/data/1116463/000119312506053910/d10k.htm,1620596239,17:37:19,20210509
16,2004-12-31,OSUR,USD,2005-03-15,2005-03-15 16:45:46,FY,54008264.0,22143190.0,31865074.0,0.5900036705493811,6062275.0,27159483.0,0.0,0.0,33221758.0,55364948.0,0.0,2487121.0,1130437.0,0.020930815328557867,-1356684.0,-0.02511993349758474,-53147.0,-559642.0,-0.010362154947250296,0.0,-559642.0,-0.010362154947250296,-0.01,-0.01,44463861.0,44463861.0,https://www.sec.gov/Archives/edgar/data/1116463/000119312505051144/0001193125-05-051144-index.htm,https://www.sec.gov/Archives/edgar/data/1116463/000119312505051144/d10k.htm,1620596239,17:37:19,20210509
17,2003-12-31,OSUR,USD,2004-03-04,2004-03-04 14:56:43,FY,40451285.0,16061457.0,24389828.0,0.6029432192327141,7999687.0,17675884.0,0.0,0.0,25675571.0,41737028.0,0.0,2576797.0,1291054.0,0.03191626668967376,-1285743.0,-0.031784972961921974,-59037.0,-1108947.0,-0.027414382509727442,26590.0,-1135537.0,-0.028071716386760023,-0.03,-0.03,39793919.0,39793919.0,https://www.sec.gov/Archives/edgar/data/1116463/000119312504034555/0001193125-04-034555-index.htm,https://www.sec.gov/Archives/edgar/data/1116463/000119312504034555/d10k.htm,1620596239,17:37:19,20210509
18,2002-12-31,OSUR,USD,2003-03-31 00:00:00,2003-03-31 14:04:26,FY,32009767.0,12888556.0,19121211.0,0.5973555196449883,8274351.0,14387392.0,0.0,0.0,22661743.0,35550299.0,0.0,2179182.0,-1361350.0,-0.04252920678866547,-3540532.0,-0.11060786540558074,-694.0,-3342473.0,-0.10442041018292948,0.0,-3342473.0,-0.10442041018292948,-0.09,-0.09,37582780.0,37582780.0,https://www.sec.gov/Archives/edgar/data/1116463/000095010903001919/0000950109-03-001919-index.html,https://www.sec.gov/Archives/edgar/data/1116463/000095010903001919/d10k.htm,1620596239,17:37:19,20210509
19,2001-12-31,OSUR,USD,2002-03-29 00:00:00,2002-03-29 00:00:00,FY,32573344.0,12333695.0,20239649.0,0.6213561923516357,9389313.0,14732822.0,0.0,0.0,24122135.0,36455830.0,0.0,1995888.0,-1886598.0,-0.05791846240901763,-3882486.0,-0.11919212224572337,-346878.0,-3699000.0,-0.11355911140102778,28789.0,-3727789.0,-0.11444293223317814,-0.1,-0.1,36868101.0,36868101.0,https://www.sec.gov/Archives/edgar/data/1116463/000093066102000960/0000930661-02-000960-index.html,https://www.sec.gov/Archives/edgar/data/1116463/000093066102000960/d10k.txt,1620596239,17:37:19,20210509
20,2000-12-31,OSUR,USD,2001-04-02 00:00:00,2001-04-02 00:00:00,FY,30103882.0,9002428.0,21101454.0,0.7009545812065036,10399120.0,13808584.0,0.0,0.0,26307372.0,35309800.0,0.0,2099668.0,-3106250.0,-0.10318436672054454,-5205918.0,-0.17293178334940323,-7025854.0,-12722187.0,-0.4226095159421632,24363.0,-12746550.0,-0.42341881356032424,-0.36,-0.36,35002283.0,35002283.0,https://www.sec.gov/Archives/edgar/data/1116463/000089291701000014/0000892917-01-000014-index.html,https://www.sec.gov/Archives/edgar/data/1116463/000089291701000014/0000892917-01-000014-0001.txt,1620596239,17:37:19,20210509
21,1999-09-30,OSUR,USD,1999-09-30,1999-09-30,FY,10100000.0,3100000.0,7000000.0,0.693069306930693,4000000.0,0.0,0.0,0.0,0.0,13500000.0,0.0,700000.0,-2700000.0,-0.26732673267326734,-3400000.0,-0.33663366336633666,0.0,0.0,0.0,0.0,-3200000.0,-0.31683168316831684,-0.23,-0.23,13913043.0,13913043.0,,,1620596239,17:37:19,20210509
22,1998-09-30,OSUR,USD,1998-09-30,1998-09-30,FY,9800000.0,3000000.0,6800000.0,0.6938775510204082,2900000.0,0.0,0.0,0.0,0.0,12000000.0,0.0,700000.0,-1500000.0,-0.15306122448979592,-2200000.0,-0.22448979591836735,400000.0,0.0,0.0,0.0,-1900000.0,-0.19387755102040816,-0.14,-0.14,13571429.0,13571429.0,,,1620596239,17:37:19,20210509
23,1997-09-30,OSUR,USD,1997-09-30,1997-09-30,FY,9400000.0,2800000.0,6600000.0,0.7021276595744681,4200000.0,0.0,0.0,0.0,0.0,14400000.0,0.0,700000.0,-4300000.0,-0.4574468085106383,-5000000.0,-0.5319148936170213,800000.0,0.0,0.0,0.0,-22500000.0,-2.393617021276596,-1.11,-1.11,20097000.0,20097000.0,,,1620596239,17:37:19,20210509
24,1996-09-30,OSUR,USD,1996-09-30,1996-09-30,FY,68700000.0,58600000.0,10100000.0,0.1470160116448326,4500000.0,0.0,0.0,0.0,0.0,74200000.0,0.0,1300000.0,-4200000.0,-0.0611353711790393,-5500000.0,-0.08005822416302766,5400000.0,0.0,0.0,0.0,-300000.0,-0.004366812227074236,-0.11,-0.11,18421053.0,18421053.0,,,1620596239,17:37:19,20210509
25,1995-09-30,OSUR,USD,1995-09-30,1995-09-30,FY,5000000.0,4900000.0,100000.0,0.02,6800000.0,0.0,0.0,0.0,0.0,24400000.0,0.0,1500000.0,-17900000.0,-3.58,-19400000.0,-3.88,900000.0,0.0,0.0,0.0,-18500000.0,-3.7,-1.56,-1.56,17500000.0,17500000.0,,,1620596239,17:37:19,20210509
26,1994-09-30,OSUR,USD,1994-09-30,1994-09-30,FY,4800000.0,5600000.0,-800000.0,-0.16666666666666666,6100000.0,0.0,0.0,0.0,0.0,20700000.0,0.0,1200000.0,-14700000.0,-3.0625,-15900000.0,-3.3125,100000.0,0.0,0.0,0.0,-15600000.0,-3.25,-1.56,-1.56,14605263.0,14605263.0,,,1620596239,17:37:19,20210509
27,1993-09-30,OSUR,USD,1993-09-30,1993-09-30,FY,3300000.0,1700000.0,1600000.0,0.48484848484848486,0.0,0.0,0.0,0.0,0.0,16700000.0,0.0,1100000.0,-12300000.0,-3.727272727272727,-13400000.0,-4.0606060606060606,-1300000.0,0.0,0.0,0.0,-14700000.0,-4.454545454545454,-1.11,-1.11,13243243.0,13243243.0,,,1620596239,17:37:19,20210509
28,1992-09-30,OSUR,USD,1992-09-30,1992-09-30,FY,3000000.0,1200000.0,1800000.0,0.6,0.0,0.0,0.0,0.0,0.0,10600000.0,0.0,1200000.0,-6400000.0,-2.1333333333333333,-7600000.0,-2.533333333333333,300000.0,0.0,0.0,0.0,-7200000.0,-2.4,-0.55,-0.55,13090909.0,13090909.0,,,1620596239,17:37:19,20210509
29,1991-09-30,OSUR,USD,1991-09-30,1991-09-30,FY,3800000.0,1900000.0,1900000.0,0.5,0.0,0.0,0.0,0.0,0.0,8900000.0,0.0,900000.0,-4200000.0,-1.105263157894737,-5100000.0,-1.3421052631578947,200000.0,0.0,0.0,0.0,-4900000.0,-1.2894736842105263,-0.43,-0.43,11395349.0,11395349.0,,,1620596239,17:37:19,20210509
30,1990-09-30,OSUR,USD,1990-09-30,1990-09-30,FY,3600000.0,2000000.0,1600000.0,0.4444444444444444,0.0,0.0,0.0,0.0,0.0,6900000.0,0.0,500000.0,-2800000.0,-0.7777777777777778,-3300000.0,-0.9166666666666666,400000.0,0.0,0.0,0.0,-2900000.0,-0.8055555555555556,-0.29,-0.29,10000000.0,10000000.0,,,1620596239,17:37:19,20210509
31,1989-09-30,OSUR,USD,1989-09-30,1989-09-30,FY,3200000.0,4200000.0,-1000000.0,-0.3125,0.0,0.0,0.0,0.0,0.0,5900000.0,0.0,300000.0,-2400000.0,-0.75,-2700000.0,-0.84375,200000.0,0.0,0.0,0.0,-2600000.0,-0.8125,-0.31,-0.31,8387097.0,8387097.0,,,1620596239,17:37:19,20210509
