,date,symbol,reportedCurrency,fillingDate,acceptedDate,period,revenue,costOfRevenue,grossProfit,grossProfitRatio,researchAndDevelopmentExpenses,generalAndAdministrativeExpenses,sellingAndMarketingExpenses,otherExpenses,operatingExpenses,costAndExpenses,interestExpense,depreciationAndAmortization,ebitda,ebitdaratio,operatingIncome,operatingIncomeRatio,totalOtherIncomeExpensesNet,incomeBeforeTax,incomeBeforeTaxRatio,incomeTaxExpense,netIncome,netIncomeRatio,eps,epsdiluted,weightedAverageShsOut,weightedAverageShsOutDil,link,finalLink,timestamp,est_time,est_date
0,2020-12-31,AVA,USD,2021-02-24,2021-02-23 21:50:58,FY,1321891000,398509000.0,923382000.0,0.6985311194342045,0.0,0.0,0.0,-6232000.0,690682000.0,1089191000.0,100978000.0,224223000.0,456923000,0.3456586057398076,232700000,0.17603569431972832,1643000.0,136539000.0,0.10329066466145848,7051000.0,129488000,0.09795663939008586,1.9275646085752332,1.9275646085752332,67176996,67176996,https://www.sec.gov/Archives/edgar/data/104918/000156459021007774/0001564590-21-007774-index.htm,https://www.sec.gov/Archives/edgar/data/104918/000156459021007774/ava-10k_20201231.htm,1620588949,15:35:49,20210509
1,2019-12-31,AVA,USD,2020-02-26 00:00:00,2020-02-25 19:10:41,FY,1345622000,439817000.0,905805000.0,0.6731496661023675,0.0,0.0,0.0,-10003000.0,675741000.0,1115558000.0,100180000.0,205994000.0,436058000,0.3240568302242383,230064000,0.1709722344016373,94206000.0,228137000.0,0.16954018290426287,31374000.0,196979000,0.1463850918014123,2.932239,2.932239,67176996,67176996,https://www.sec.gov/Archives/edgar/data/104918/000010491820000036/0000104918-20-000036-index.html,https://www.sec.gov/Archives/edgar/data/104918/000010491820000036/ava-20191231x10k.htm,1620588949,15:35:49,20210509
2,2018-12-31,AVA,USD,2019-02-20 00:00:00,2019-02-19 19:10:48,FY,1396893000,494736000.0,902157000.0,0.6458311409678479,0.0,0.0,0.0,-6343000.0,637326000.0,1132062000.0,96997000.0,183676000.0,448507000,0.32107469935063027,264831000,0.18958574493536728,-8876000.0,162658000.0,0.11644270534679464,26060000.0,136429000,0.09766603454953243,2.076913,2.07,65688356,65907729,https://www.sec.gov/Archives/edgar/data/104918/000010491819000053/0000104918-19-000053-index.html,https://www.sec.gov/Archives/edgar/data/104918/000010491819000053/ava-20181231x10k.htm,1620588949,15:35:49,20210509
3,2017-12-31,AVA,USD,2018-02-21 00:00:00,2018-02-20 18:30:50,FY,1445929000,524566000.0,921363000.0,0.6372117856409271,0.0,0.0,0.0,1104000.0,622236000.0,1146802000.0,92882000.0,172021000.0,471148000,0.32584449167282764,299127000,0.20687530300588755,-11005000.0,198690000.0,0.1374133861344506,82758000.0,115916000,0.08016714513644861,1.8,1.79,64496000,64806000,https://www.sec.gov/Archives/edgar/data/104918/000010491818000043/0000104918-18-000043-index.html,https://www.sec.gov/Archives/edgar/data/104918/000010491818000043/ava-20171231x10k.htm,1620588949,15:35:49,20210509
4,2016-12-31,AVA,USD,2017-02-22 00:00:00,2017-02-21 19:38:36,FY,1442483000,551366000.0,891117000.0,0.6177660325979578,0.0,0.0,0.0,624000.0,601314000.0,1152680000.0,84479000.0,161283000.0,451086000,0.31271495054014503,289803000,0.20090566058664122,6947000.0,215402000.0,0.14932723643883497,78086000.0,137228000,0.09513318354531734,2.16,2.15,63508000,63920000,https://www.sec.gov/Archives/edgar/data/104918/000010491817000053/0000104918-17-000053-index.html,https://www.sec.gov/Archives/edgar/data/104918/000010491817000053/ava-20161231x10k.htm,1620588949,15:35:49,20210509
5,2015-12-31,AVA,USD,2016-02-24 00:00:00,2016-02-23 19:49:26,FY,1484776000,656964000.0,827812000.0,0.5575332575418783,0.0,0.0,0.0,905000.0,574598000.0,1231562000.0,76895000.0,144194000.0,397408000,0.26765518839205377,253214000,0.17054020269724188,8599000.0,185619000.0,0.12501481704984455,67449000.0,123227000,0.08299366369068466,1.98,1.97,62301000,62708000,https://www.sec.gov/Archives/edgar/data/104918/000010491816000185/0000104918-16-000185-index.html,https://www.sec.gov/Archives/edgar/data/104918/000010491816000185/ava-20151231x10k.htm,1620588949,15:35:49,20210509
6,2014-12-31,AVA,USD,2015-02-25,2015-02-25 17:04:02,FY,1472562000,678244000.0,794318000.0,0.5394122624378465,0.0,0.0,0.0,1055000.0,541730000.0,1219974000.0,71828000.0,130180000.0,382768000,0.2599333678310319,252588000,0.17152961980548187,10139000.0,192106000.0,0.13045698585186905,72240000.0,192041000,0.13041284509582618,3.12,3.1,61632000,61887000,https://www.sec.gov/Archives/edgar/data/104918/000010491815000044/ava-20141231x10k.htm,https://www.sec.gov/Archives/edgar/data/104918/000010491815000044/ava-20141231x10k.htm,1620588949,15:35:49,20210509
7,2013-12-31,AVA,USD,2014-02-26,2014-02-26 17:04:12,FY,1618505000,689586000.0,928919000.0,0.5739364413455628,0.0,0.0,0.0,3109000.0,684526000.0,1374112000.0,75546000.0,133189000.0,377582000,0.2332905984226184,244393000,0.15099922459306583,5797000.0,175524000.0,0.1084482284577434,63230000.0,111077000,0.06862938328889932,1.852518345563709,1.8513759021284397,59960000,59997000,https://www.sec.gov/Archives/edgar/data/104918/000010491814000036/ava-20131231x10k.htm,https://www.sec.gov/Archives/edgar/data/104918/000010491814000036/ava-20131231x10k.htm,1620588949,15:35:49,20210509
8,2012-12-31,AVA,USD,2013-02-26 00:00:00,2013-02-26 16:45:53,FY,1547002000,693127000.0,853875000.0,0.5519546839629167,0.0,0.0,0.0,3301000.0,663805000.0,1356932000.0,75034000.0,126402000.0,316472000,0.20457116409674972,190070000,0.12286344814033853,4013000.0,120061000.0,0.07760882015666432,41261000.0,78210000,0.05055584931370483,1.3249644236633462,1.321092549112346,59028000,59201000,https://www.sec.gov/Archives/edgar/data/104918/000010491813000042/0000104918-13-000042-index.html,https://www.sec.gov/Archives/edgar/data/104918/000010491813000042/ava-20121231x10k.htm,1620588949,15:35:49,20210509
9,2011-12-31,AVA,USD,2012-02-28 00:00:00,2012-02-28 16:42:09,FY,1619780000,790048000.0,829732000.0,0.5122498117028238,0.0,397161000.0,0.0,0.0,594110000.0,1384158000.0,74208000.0,113600000.0,349222000,0.2155984145995135,235622000,0.1454654335773994,-4185000.0,160171000.0,0.09888441640222746,56632000.0,100224000,0.061875069453876455,1.73,1.72,57872000,58092000,https://www.sec.gov/Archives/edgar/data/104918/000119312512085473/0001193125-12-085473-index.html,https://www.sec.gov/Archives/edgar/data/104918/000119312512085473/d257310d10k.htm,1620588949,15:35:49,20210509
10,2010-12-31,AVA,USD,2011-02-25,2011-02-25 16:11:01,FY,1558740000,806464000.0,752276000.0,0.48261801198403836,0.0,341070000.0,0.0,0.0,522088000.0,1328552000.0,76424000.0,107626000.0,337814000,0.216722480978226,230188000,0.1476756867726497,-7957000.0,146105000.0,0.09373275851007866,51157000.0,92425000,0.059294686734157075,1.66,1.65,55595000,55824000,https://www.sec.gov/Archives/edgar/data/104918/000119312511047407/d10k.htm,https://www.sec.gov/Archives/edgar/data/104918/000119312511047407/d10k.htm,1620588949,15:35:49,20210509
11,2009-12-31,AVA,USD,2010-02-26 00:00:00,2010-02-26 16:12:38,FY,1512565000,822947000.0,689618000.0,0.45592619160168324,0.0,312602000.0,0.0,0.0,488960000.0,1311907000.0,67034000.0,99775000.0,300433000,0.1986248524856783,200658000,0.1326607451580593,802000.0,134971000.0,0.08923318997861249,46323000.0,87071000,0.05756512943245414,1.59,1.58,54694000,54942000,https://www.sec.gov/Archives/edgar/data/104918/000119312510042906/0001193125-10-042906-index.html,https://www.sec.gov/Archives/edgar/data/104918/000119312510042906/d10k.htm,1620588949,15:35:49,20210509
12,2008-12-31,AVA,USD,2009-02-27 00:00:00,2009-02-27 14:40:42,FY,1676763000,1055542000.0,621221000.0,0.3704882562413412,0.0,0.0,0.0,0.0,436310000.0,1491852000.0,0.0,0.0,280916000,0.1675347082443971,184911000,0.11027855457211305,-3373000.0,119245000.0,0.0711161923301027,45625000.0,73620000,0.043906026075241404,1.37,1.36,53637000,54028000,https://www.sec.gov/Archives/edgar/data/104918/000119312509040752/0001193125-09-040752-index.html,https://www.sec.gov/Archives/edgar/data/104918/000119312509040752/d10k.htm,1620588949,15:35:49,20210509
13,2007-12-31,AVA,USD,2008-02-27,2008-02-27 17:07:45,FY,1417757000,849674000.0,568083000.0,0.4006913737685654,0.0,0.0,0.0,0.0,433504000.0,1283178000.0,0.0,0.0,252579000,0.17815394316515454,134579000,0.0949238832888852,-1375000.0,62809000.0,0.04430166805736103,24334000.0,38475000,0.027137936896097146,0.73,0.72,52796000,53263000,https://www.sec.gov/Archives/edgar/data/104918/000119312508040207/d10k.htm,https://www.sec.gov/Archives/edgar/data/104918/000119312508040207/d10k.htm,1620588949,15:35:49,20210509
14,2006-12-31,AVA,USD,2007-02-27,2007-02-27 16:55:01,FY,1506311000,895783000.0,610528000.0,0.40531337818020313,0.0,0.0,0.0,0.0,410672000.0,1306455000.0,0.0,0.0,342407000,0.22731494359398557,199856000,0.13267910809919067,8600000.0,115223000.0,0.07649349968233651,42090000.0,73133000,0.048551062828326955,1.49,1.47,49162000,49897000,https://www.sec.gov/Archives/edgar/data/104918/000119312507041126/d10k.htm,https://www.sec.gov/Archives/edgar/data/104918/000119312507041126/d10k.htm,1620588949,15:35:49,20210509
15,2005-12-31,AVA,USD,2006-03-07,2006-03-07 17:18:54,FY,1359607000,815590000.0,544017000.0,0.4001281252597258,0.0,0.0,0.0,0.0,396086000.0,1211676000.0,0.0,0.0,228481000,0.16804929659820816,147931000,0.10880423534153619,14123000.0,71029000.0,0.052242302371199915,25861000.0,45168000,0.03322136470318261,0.93,0.92,48523000,48979000,https://www.sec.gov/Archives/edgar/data/104918/000119312506047284/d10k.htm,https://www.sec.gov/Archives/edgar/data/104918/000119312506047284/d10k.htm,1620588949,15:35:49,20210509
16,2004-12-31,AVA,USD,2005-03-11 00:00:00,2005-03-11 17:03:02,FY,1151580000,604984000.0,546596000.0,0.47464874346549957,0.0,104266000.0,0.0,0.0,406126000.0,1011110000.0,0.0,0.0,218806000,0.1900050365584675,140470000,0.12198023584987583,8390000.0,57206000.0,0.04967609718821098,21592000.0,35154000,0.0305267545459282,0.73,0.72,48400000,48886000,https://www.sec.gov/Archives/edgar/data/104918/000089102005000059/0000891020-05-000059-index.html,https://www.sec.gov/Archives/edgar/data/104918/000089102005000059/v06075e10vk.htm,1620588949,15:35:49,20210509
17,2003-12-31,AVA,USD,2004-03-08 00:00:00,2004-03-08 17:14:10,FY,1123385000,576492000.0,546893000.0,0.48682597684676227,0.0,97494000.0,0.0,0.0,375190000.0,951682000.0,0.0,0.0,255142000,0.22711893073167258,171703000,0.15284430538061305,6173000.0,85983000.0,0.07653920962092248,35340000.0,44504000,0.03961598205423786,0.9,0.89,48232000,48630000,https://www.sec.gov/Archives/edgar/data/104918/000095012404000732/0000950124-04-000732-index.html,https://www.sec.gov/Archives/edgar/data/104918/000095012404000732/v96782e10vk.htm,1620588949,15:35:49,20210509
18,2002-12-31,AVA,USD,2003-03-14 00:00:00,2003-03-14 16:45:30,FY,980446000,453525000.0,526921000.0,0.5374299043496531,0.0,118766000.0,0.0,0.0,382234000.0,835759000.0,0.0,0.0,277837000,0.28337817687052624,144687000,0.14757263531086873,17467000.0,64304000.0,0.06558647799062875,29994000.0,31307000,0.031931386328262854,0.6546431633314513,0.6539457743242678,47823000,47874000,https://www.sec.gov/Archives/edgar/data/104918/000089102003000804/0000891020-03-000804-index.html,https://www.sec.gov/Archives/edgar/data/104918/000089102003000804/v87987e10vk.htm,1620588949,15:35:49,20210509
19,2001-12-31,AVA,USD,2002-03-18 00:00:00,2002-03-18 00:00:00,FY,6009847000,5464530000.0,545317000.0,0.09073725171372915,0.0,119216000.0,0.0,0.0,376025000.0,5840555000.0,0.0,0.0,220592000,0.03670509415630714,169292000,0.028169103140229693,20681000.0,93991000.0,0.01563949964117223,34386000.0,12156000,0.0020226804442775334,0.21,0.2,47417000,48620000,https://www.sec.gov/Archives/edgar/data/104918/000089102002000255/0000891020-02-000255-index.html,https://www.sec.gov/Archives/edgar/data/104918/000089102002000255/v79977e10-k.htm,1620588949,15:35:49,20210509
20,2000-12-31,AVA,USD,2001-03-08 00:00:00,2001-03-08 00:00:00,FY,7911490000,7320261000.0,591229000.0,0.07473042372549292,0.0,139355000.0,0.0,0.0,387801000.0,7708062000.0,0.0,0.0,248934000,0.03146486944937047,203428000,0.02571298200465399,30435000.0,165140000.0,0.0208734385052626,73461000.0,91679000,0.011588082649412437,1.49,1.49,45690000,45690000,https://www.sec.gov/Archives/edgar/data/104918/000109581101001564/0001095811-01-001564-index.html,https://www.sec.gov/Archives/edgar/data/104918/000109581101001564/v70152e10-k.txt,1620588949,15:35:49,20210509
21,1999-12-31,AVA,USD,2000-03-17 00:00:00,2000-03-17 00:00:00,FY,7905000000,7417900000.0,487100000.0,0.06161922833649589,0.0,128000000.0,0.0,0.0,455800000.0,7873700000.0,0.0,0.0,31300000,0.003959519291587603,31300000,0.003959519291587603,76500000.0,42700000.0,0.005401644528779254,16700000.0,26000000,0.003289057558507274,0.12,0.12,38213000,38213000,https://www.sec.gov/Archives/edgar/data/104918/000089102000000526/0000891020-00-000526-index.html,https://www.sec.gov/Archives/edgar/data/104918/0000891020-00-000526.txt,1620588949,15:35:49,20210509
22,1998-12-31,AVA,USD,1998-12-31,1998-12-31,FY,3684000000,3021000000.0,663000000.0,0.17996742671009772,0.0,129800000.0,0.0,0.0,490100000.0,3511100000.0,0.0,0.0,225700000,0.061264929424538546,172900000,0.04693268186753529,17700000.0,121400000.0,0.03295331161780673,43300000.0,78100000,0.021199782844733984,1.28,1.28,54604000,54604000,,,1620588949,15:35:49,20210509
23,1997-12-31,AVA,USD,1997-12-31,1997-12-31,FY,1302200000,719900000.0,582300000.0,0.44716633389648286,0.0,96600000.0,0.0,0.0,392800000.0,1112700000.0,0.0,0.0,254100000,0.19513131623406543,189500000,0.14552296114268162,5300000.0,175900000.0,0.1350790969129166,61100000.0,114800000,0.08815850099831055,2.0514653323802716,2.047640971340946,55960000,56064516,,,1620588949,15:35:49,20210509
24,1996-12-31,AVA,USD,1996-12-31,1996-12-31,FY,945000000,0.0,0.0,0.0,0.0,77000000.0,0.0,0.0,773900000.0,773900000.0,0.0,0.0,218000000,0.2306878306878307,171100000,0.18105820105820106,25200000.0,133000000.0,0.14074074074074075,49500000.0,83500000,0.08835978835978836,1.35,1.35,55960000,55960000,,,1620588949,15:35:49,20210509
25,1995-12-31,AVA,USD,1995-12-31,1995-12-31,FY,755000000,0.0,0.0,0.0,0.0,62500000.0,0.0,0.0,565200000.0,565200000.0,0.0,0.0,248700000,0.3294039735099338,189800000,0.2513907284768212,8700000.0,139500000.0,0.1847682119205298,52400000.0,87100000,0.11536423841059602,1.41,1.41,55173000,55173000,,,1620588949,15:35:49,20210509
26,1994-12-31,AVA,USD,1994-12-31,1994-12-31,FY,670800000,0.0,0.0,0.0,0.0,59600000.0,0.0,0.0,515200000.0,515200000.0,0.0,0.0,209700000,0.31261180679785333,155600000,0.2319618366129994,15800000.0,121900000.0,0.18172331544424566,44700000.0,77200000,0.11508646392367322,1.4419664537337966,1.435464847399674,53538000,53780488,,,1620588949,15:35:49,20210509
27,1993-12-31,AVA,USD,1993-12-31,1993-12-31,FY,640600000,0.0,0.0,0.0,0.0,0.0,0.0,0.0,0.0,0.0,0.0,0.0,640600000,1.0,640600000,1.0,0.0,0.0,0.0,0.0,82800000,0.12925382453949422,1.44,1.44,51736111,51736111,,,1620588949,15:35:49,20210509
28,1992-12-31,AVA,USD,1992-12-31,1992-12-31,FY,557600000,0.0,0.0,0.0,0.0,0.0,0.0,0.0,0.0,0.0,0.0,0.0,557600000,1.0,557600000,1.0,0.0,0.0,0.0,0.0,74700000,0.13396700143472023,1.37,1.37,49562044,49562044,,,1620588949,15:35:49,20210509
29,1991-12-31,AVA,USD,1991-12-31,1991-12-31,FY,566800000,0.0,0.0,0.0,0.0,0.0,0.0,0.0,0.0,0.0,0.0,0.0,566800000,1.0,566800000,1.0,0.0,0.0,0.0,0.0,72200000,0.1273817925194072,1.35,1.35,46592593,46592593,,,1620588949,15:35:49,20210509
30,1990-12-31,AVA,USD,1990-12-31,1990-12-31,FY,554400000,0.0,0.0,0.0,0.0,0.0,0.0,0.0,0.0,0.0,0.0,0.0,554400000,1.0,554400000,1.0,0.0,0.0,0.0,0.0,87600000,0.15800865800865802,1.73,1.73,45780347,45780347,,,1620588949,15:35:49,20210509
31,1989-12-31,AVA,USD,1989-12-31,1989-12-31,FY,589500000,0.0,0.0,0.0,0.0,0.0,0.0,0.0,0.0,0.0,0.0,0.0,589500000,1.0,589500000,1.0,0.0,0.0,0.0,0.0,72100000,0.12230703986429177,1.35,1.35,44666667,44666667,,,1620588949,15:35:49,20210509
32,1988-12-31,AVA,USD,1988-12-31,1988-12-31,FY,542300000,0.0,0.0,0.0,0.0,0.0,0.0,0.0,0.0,0.0,0.0,0.0,542300000,1.0,542300000,1.0,0.0,0.0,0.0,0.0,71400000,0.13166144200626959,1.27,1.27,44566929,44566929,,,1620588949,15:35:49,20210509
33,1987-12-31,AVA,USD,1987-12-31,1987-12-31,FY,398500000,0.0,0.0,0.0,0.0,0.0,0.0,0.0,0.0,0.0,0.0,0.0,398500000,1.0,398500000,1.0,0.0,0.0,0.0,0.0,68100000,0.17089084065244667,1.16,1.16,44137931,44137931,,,1620588949,15:35:49,20210509
34,1986-12-31,AVA,USD,1986-12-31,1986-12-31,FY,389900000,0.0,0.0,0.0,0.0,0.0,0.0,0.0,0.0,0.0,0.0,0.0,389900000,1.0,389900000,1.0,0.0,0.0,0.0,0.0,62400000,0.16004103616311874,1.03,1.03,43883495,43883495,,,1620588949,15:35:49,20210509
35,1985-12-31,AVA,USD,1985-12-31,1985-12-31,FY,459500000,0.0,0.0,0.0,0.0,0.0,0.0,0.0,0.0,0.0,0.0,0.0,459500000,1.0,459500000,1.0,0.0,0.0,0.0,0.0,81400000,0.17714907508161046,1.52,1.52,42500000,42500000,,,1620588949,15:35:49,20210509
