,date,symbol,reportedCurrency,fillingDate,acceptedDate,period,revenue,costOfRevenue,grossProfit,grossProfitRatio,researchAndDevelopmentExpenses,generalAndAdministrativeExpenses,sellingAndMarketingExpenses,otherExpenses,operatingExpenses,costAndExpenses,interestExpense,depreciationAndAmortization,ebitda,ebitdaratio,operatingIncome,operatingIncomeRatio,totalOtherIncomeExpensesNet,incomeBeforeTax,incomeBeforeTaxRatio,incomeTaxExpense,netIncome,netIncomeRatio,eps,epsdiluted,weightedAverageShsOut,weightedAverageShsOutDil,link,finalLink,timestamp,est_time,est_date
0,2020-12-31,KT,KRW,2020-12-31,2020-12-31,FY,23916667000000.0,13911793000000.0,10004874000000.0,0.41832225200944595,156940000000.0,207373000000.0,3435054000000.0,2992000000.0,0.0,22751987000000.0,263579000000.0,3634285000000.0,4798965000000.0,0.20065358605360856,1164680000000.0,0.04869742092407776,-216908000000.0,975056000000.0,0.04076889141785517,271664000000.0,658025000000.0,0.027513240034658677,1342.0,1341.5,490414614,490553810,,,1620594260,17:04:20,20210509
1,2019-12-31,KT,KRW,2020-04-29,2020-04-29,FY,0.0,0.0,0.0,0.0,165000000.0,0.0,0.0,23714000000.0,9561521000000.0,23879000000.0,0.0,0.0,0.0,0.0,0.0,0.0,0.0,0.0,0.0,0.0,0.0,0.0,0.0,0.0,248697000,248697000,https://www.sec.gov/Archives/edgar/data/892450/000119312520124602/0001193125-20-124602-index.htm,https://www.sec.gov/Archives/edgar/data/892450/000119312520124602/d848352d20f.htm,1620594260,17:04:20,20210509
2,2018-12-31,KT,KRW,2019-04-30,2019-04-30,FY,0.0,0.0,0.0,0.0,177000000.0,0.0,0.0,22158000000.0,8904465000000.0,22335000000.0,0.0,0.0,0.0,0.0,0.0,0.0,0.0,0.0,0.0,0.0,0.0,0.0,0.0,0.0,248697000,248697000,https://www.sec.gov/Archives/edgar/data/892450/000119312519127310/0001193125-19-127310-index.htm,https://www.sec.gov/Archives/edgar/data/892450/000119312519127310/d675607d20f.htm,1620594260,17:04:20,20210509
3,2017-12-31,KT,KRW,2018-04-30,2018-04-30,FY,23260000000.0,0.0,23260000000.0,1.0,0.0,0.0,0.0,22478000000.0,9518375000000.0,22478000000.0,0.0,0.0,546000000.0,0.0234737747205503,546000000.0,0.0234737747205503,0.0,817000000.0,0.03512467755803955,271000000.0,546000000.0,0.0234737747205503,2.195442647076563,2.195442647076563,248697000,248697000,https://www.sec.gov/Archives/edgar/data/892450/000119312518141554/0001193125-18-141554-index.htm,https://www.sec.gov/Archives/edgar/data/892450/000119312518141554/d508189d20f.htm,1620594260,17:04:20,20210509
4,2016-12-31,KT,KRW,2017-04-28,2017-04-28,FY,22755000000.0,0.0,22755000000.0,1.0,0.0,0.0,0.0,21781000000.0,9298433000000.0,21781000000.0,0.0,0.0,795000000.0,0.03493737640079104,795000000.0,0.03493737640079104,0.0,1123000000.0,0.04935179081520545,328000000.0,795000000.0,0.03493737640079104,3.1966609971169735,3.1966609971169735,248697000,248697000,https://www.sec.gov/Archives/edgar/data/892450/000119312517145082/0001193125-17-145082-index.htm,https://www.sec.gov/Archives/edgar/data/892450/000119312517145082/d349157d20f.htm,1620594260,17:04:20,20210509
5,2015-12-31,KT,KRW,2016-04-29,2016-04-29,FY,22212000000.0,0.0,22212000000.0,1.0,0.0,0.0,0.0,21623000000.0,9260878000000.0,21623000000.0,0.0,0.0,484000000.0,0.021790023410768952,484000000.0,0.021790023410768952,0.0,711000000.0,0.0320097244732577,227000000.0,484000000.0,0.021790023410768952,1.94614329887373,1.94614329887373,248697000,248697000,https://www.sec.gov/Archives/edgar/data/892450/000119312516566595/0001193125-16-566595-index.htm,https://www.sec.gov/Archives/edgar/data/892450/000119312516566595/d157381d20f.htm,1620594260,17:04:20,20210509
6,2014-12-31,KT,KRW,2015-04-29,2015-04-29,FY,23469000000.0,0.0,23469000000.0,1.0,0.0,0.0,0.0,24390000000.0,10985226000000.0,24390000000.0,0.0,0.0,-941000000.0,-0.040095445055179174,-941000000.0,-0.040095445055179174,0.0,-1208000000.0,-0.05147215475733947,-266000000.0,-942000000.0,-0.04013805445481273,-3.7877417097914328,-3.7877417097914328,248697000,248697000,https://www.sec.gov/Archives/edgar/data/892450/000119312515155604/0001193125-15-155604-index.htm,https://www.sec.gov/Archives/edgar/data/892450/000119312515155604/d910678d20f.htm,1620594260,17:04:20,20210509
7,2013-12-31,KT,KRW,2014-04-28,2014-04-28,FY,21311000000.0,0.0,21311000000.0,1.0,0.0,0.0,0.0,0.0,10610114000000.0,0.0,0.0,0.0,1291000000.0,0.060579043686359156,1291000000.0,0.060579043686359156,0.0,1609000000.0,0.075500915020412,318000000.0,1291000000.0,0.060579043686359156,5.191055782739639,5.191055782739639,248697000,248697000,https://www.sec.gov/Archives/edgar/data/892450/000119312514162033/0001193125-14-162033-index.htm,https://www.sec.gov/Archives/edgar/data/892450/000119312514162033/d710660d20f.htm,1620594260,17:04:20,20210509
8,2012-12-31,KT,KRW,2013-04-29,2013-04-29,FY,24578000000.0,0.0,24578000000.0,1.0,0.0,0.0,0.0,0.0,14356034000000.0,0.0,0.0,0.0,0.0,0.0,0.0,0.0,0.0,0.0,0.0,0.0,0.0,0.0,0.0,0.0,248697000,248697000,https://www.sec.gov/Archives/edgar/data/892450/000119312513180088/0001193125-13-180088-index.htm,https://www.sec.gov/Archives/edgar/data/892450/000119312513180088/d525828d20f.htm,1620594260,17:04:20,20210509
9,2011-12-31,KT,KRW,2012-04-27,2012-04-27,FY,21990000000.0,0.0,21990000000.0,1.0,0.0,0.0,0.0,0.0,8169085000000.0,0.0,0.0,0.0,0.0,0.0,0.0,0.0,0.0,0.0,0.0,0.0,0.0,0.0,0.0,0.0,248697000,248697000,https://www.sec.gov/Archives/edgar/data/892450/000119312512188247/0001193125-12-188247-index.htm,https://www.sec.gov/Archives/edgar/data/892450/000119312512188247/d333931d20f.htm,1620594260,17:04:20,20210509
10,2010-12-31,KT,KRW,2011-06-29,2011-06-29,FY,21331000000.0,0.0,21331000000.0,1.0,0.0,0.0,0.0,19156000000.0,14265310000000.0,19156000000.0,0.0,3112991000000.0,3115166000000.0,146.03937930711172,2175000000.0,0.10196427734283438,0.0,1565000000.0,0.0733673995593268,372000000.0,1193000000.0,0.05592799212413858,4.797,4.797,248697000,248697000,https://www.sec.gov/Archives/edgar/data/892450/000119312511176690/0001193125-11-176690-index.htm,https://www.sec.gov/Archives/edgar/data/892450/000119312511176690/d20f.htm,1620594260,17:04:20,20210509
11,2009-12-31,KT,KRW,2010-06-29,2010-06-29,FY,19649000000.0,0.0,19649000000.0,1.0,0.0,0.0,0.0,18683000000.0,13747236000000.0,18683000000.0,0.0,3287343000000.0,3288309000000.0,167.35248613160974,966000000.0,0.04916280726754542,0.0,718000000.0,0.03654129981169525,108000000.0,610000000.0,0.031044836887373403,2.216,2.216,275270000,275270000,https://www.sec.gov/Archives/edgar/data/892450/000119312510149116/0001193125-10-149116-index.htm,https://www.sec.gov/Archives/edgar/data/892450/000119312510149116/d20f.htm,1620594260,17:04:20,20210509
12,2008-12-31,KT,KRW,2009-06-29,2009-06-29,FY,0.0,0.0,0.0,0.0,0.0,0.0,0.0,14435000000.0,14089569000000.0,14435000000.0,0.0,3663037000000.0,3664168000000.0,0.0,1131000000.0,0.0,0.0,407000000.0,0.0,0.0,407000000.0,0.0,1.76,1.76,231250000,231250000,https://www.sec.gov/Archives/edgar/data/892450/000095012309018365/0000950123-09-018365-index.htm,https://www.sec.gov/Archives/edgar/data/892450/000095012309018365/h03459e20vf.htm,1620594260,17:04:20,20210509
13,2007-12-31,KT,KRW,2008-06-30,2008-06-30,FY,18660000000.0,0.0,18660000000.0,1.0,0.0,0.0,0.0,16915000000.0,12818299652642.96,16915000000.0,0.0,0.0,1745000000.0,0.0935155412647374,1745000000.0,0.0935155412647374,0.0,1171000000.0,0.0627545551982851,0.0,1171000000.0,0.0627545551982851,4.754,4.754,246318000,246318000,https://www.sec.gov/Archives/edgar/data/892450/000119312508143576/0001193125-08-143576-index.htm,https://www.sec.gov/Archives/edgar/data/892450/000119312508143576/d20f.htm,1620594260,17:04:20,20210509
14,2006-12-31,KT,KRW,2007-06-27,2007-06-27,FY,17756156000000.0,0.0,17756156000000.0,1.0,-151106000000.0,0.0,0.0,15528026000000.0,11135552170563.48,15376920000000.0,503244000000.0,0.0,2379236000000.0,0.1339949930604349,2379236000000.0,0.1339949930604349,0.0,0.0,0.0,0.0,0.0,0.0,6.155,6.155,366290705563,366290705563,https://www.sec.gov/Archives/edgar/data/892450/000119312507143616/0001193125-07-143616-index.htm,https://www.sec.gov/Archives/edgar/data/892450/000119312507143616/d20f.htm,1620594260,17:04:20,20210509
15,2005-12-31,KT,KRW,2006-06-26,2006-06-26,FY,17155694000000.0,0.0,17155694000000.0,1.0,-140156000000.0,0.0,0.0,14865239000000.0,12634251028616.55,14725083000000.0,616540000000.0,0.0,2430611000000.0,0.1416795496585565,2430611000000.0,0.1416795496585565,0.0,1747316000000.0,0.10185049931527107,0.0,1747316000000.0,0.10185049931527107,4.972,4.972,351431214802,351431214802,https://www.sec.gov/Archives/edgar/data/892450/000119312506135677/0001193125-06-135677-index.htm,https://www.sec.gov/Archives/edgar/data/892450/000119312506135677/d20f.htm,1620594260,17:04:20,20210509
16,2004-12-31,KT,KRW,2005-06-28,2005-06-28,FY,17068000000.0,0.0,17068000000.0,1.0,0.0,0.0,0.0,14588000000.0,10837000000000.0,14588000000.0,0.0,0.0,2481000000.0,0.1453597375205062,2481000000.0,0.1453597375205062,0.0,0.0,0.0,0.0,0.0,0.0,6.084,6.084,351431214802,351431214802,https://www.sec.gov/Archives/edgar/data/892450/000114554905001159/0001145549-05-001159-index.htm,https://www.sec.gov/Archives/edgar/data/892450/000114554905001159/u99857e20vf.htm,1620594260,17:04:20,20210509
17,2003-12-31,KT,KRW,2004-06-25,2004-06-25,FY,16067779000000.0,0.0,16067779000000.0,1.0,-182983000000.0,0.0,0.0,14428326000000.0,6737500000000.0,14245343000000.0,705540000000.0,0.0,1822436000000.0,0.1134217740983368,1822436000000.0,0.1134217740983368,0.0,1581060000000.0,0.09839941164239314,0.0,1581060000000.0,0.09839941164239314,3.802,3.802,415849552866,415849552866,https://www.sec.gov/Archives/edgar/data/892450/000119312504109088/0001193125-04-109088-index.htm,https://www.sec.gov/Archives/edgar/data/892450/000119312504109088/d20f.htm,1620594260,17:04:20,20210509
18,2002-12-31,KT,KRW,2002-12-31,2002-12-31,FY,16393001180666.0,11686120992468.0,4706880188198.0,0.2871274232414088,172241992824.0,1033570580906.0,166310794724.0,0.0,0.0,14054922889646.0,0.0,951008303354.0,3289086594374.0,0.2006396850781154,2338078291020.0,0.14262661639880456,1194187425454.0,2688137602882.0,0.16398080944765653,741281138538.0,1946856464344.0,0.1187614423306535,3752.600829,3301.028469,518900000,600194000,,,1620594260,17:04:20,20210509
19,2001-12-31,KT,KRW,2001-12-31,2001-12-31,FY,15951379802550.0,12236530910400.0,3714848892150.0,0.2328857401762913,137976347250.0,1051248360000.0,166885677150.0,0.0,0.0,14007884397000.0,0.0,381077530500.0,2324572936050.0,0.1457286432160804,1943495405550.0,0.12183870170524755,432325888050.0,1534822605600.0,0.09621879891259577,421813404450.0,1113009201150.0,0.06977510503336354,2234.3527974192984,1782.5278937124015,498134942,624399318,,,1620594260,17:04:20,20210509
20,2000-12-31,KT,KRW,2000-12-31,2000-12-31,FY,13537294530000.0,7128950677500.0,6408343852500.0,0.47338438550616363,140328697500.0,1994943105000.0,0.0,0.0,0.0,12486725632500.0,0.0,3222503152500.0,4273072050000.0,0.31565184908479643,1050568897500.0,0.07760552857676503,806573955000.0,1537294560000.0,0.1135599551737019,551201010000.0,986093550000.0,0.07284273440418379,1579.519592,1579.519592,624399318,624399318,,,1620594260,17:04:20,20210509
21,1999-12-31,KT,KRW,1999-12-31,1999-12-31,FY,11749716861250.0,6578482438904.0,5171234422346.0,0.4401156626506024,0.0,1577349941624.0,0.0,0.0,0.0,10984484699019.0,0.0,2828652318491.0,3593884480722.0,0.30586987951807226,765232162231.0,0.06512771084337349,-194903737043.0,428086069740.0,0.03643373493975904,45979614898.0,1447791617872.0,0.12321927710843374,4801.811999,4801.811999,604708000,604708000,,,1620594260,17:04:20,20210509
22,1998-12-31,KT,KRW,1998-12-31,1998-12-31,FY,9915393640940.0,5444653341542.0,4470740299398.0,0.45088883621711306,0.0,795299646384.0,0.0,0.0,0.0,9332549928460.0,0.0,3092596940534.0,3675440653014.0,0.3706802559848305,582843712480.0,0.05878170182507703,-287191538972.0,290599294549.0,0.029307892865607962,100235017489.0,190364277060.0,0.019198862289642096,329.024676,329.024676,575834000,575834000,,,1620594260,17:04:20,20210509
