,date,symbol,reportedCurrency,fillingDate,acceptedDate,period,revenue,costOfRevenue,grossProfit,grossProfitRatio,researchAndDevelopmentExpenses,generalAndAdministrativeExpenses,sellingAndMarketingExpenses,otherExpenses,operatingExpenses,costAndExpenses,interestExpense,depreciationAndAmortization,ebitda,ebitdaratio,operatingIncome,operatingIncomeRatio,totalOtherIncomeExpensesNet,incomeBeforeTax,incomeBeforeTaxRatio,incomeTaxExpense,netIncome,netIncomeRatio,eps,epsdiluted,weightedAverageShsOut,weightedAverageShsOutDil,link,finalLink,timestamp,est_time,est_date
0,2020-02-29,AGB2.DE,EUR,2020-02-29,2020-02-29,FY,2480732000,1692615000.0,788117000,0.3176953415362885,892000.0,103353000.0,159906000.0,518000.0,721276000,2413891000,10410000.0,108306000,175147000,0.07060295106444388,66841000,0.026944063284546658,0.0,69859000,0.02816063968215833,18567000.0,48162000,0.019414430901846712,0.77,0.77,62488976,62488976,https://www.bundesanzeiger.de/pub/de/suche;wwwsid=627BFD7A56A5CB624C47FDDEAB2FC509.web07-pub?0,https://www.bundesanzeiger.de/pub/de/suche;wwwsid=627BFD7A56A5CB624C47FDDEAB2FC509.web07-pub?0,1620586299,14:51:39,20210509
1,2019-02-28,AGB2.DE,EUR,2019-02-28,2019-02-28,FY,2443048000,1699876000.0,743172000,0.3041986895058959,580000.0,103255000.0,152966000.0,518000.0,694598000,2394474000,8755000.0,95918000,144492000,0.05914415107685154,48574000,0.01988254017113049,0.0,51246000,0.020976255890183083,20860000.0,25406000,0.010399304475393034,0.41,0.41,62488976,62488976,https://www.bundesanzeiger.de/pub/de/suche;wwwsid=627BFD7A56A5CB624C47FDDEAB2FC509.web07-pub?0,https://www.bundesanzeiger.de/pub/de/suche;wwwsid=627BFD7A56A5CB624C47FDDEAB2FC509.web07-pub?0,1620586299,14:51:39,20210509
2,2018-02-28,AGB2.DE,EUR,2018-02-28,2018-02-28,FY,2566317000,1741897000.0,824420000,0.32124636200438217,785000.0,99534000.0,153880000.0,513000.0,665714000,2407611000,12047000.0,89918000,248624000,0.09687969179177787,158706000,0.061841931452739474,0.0,176158000,0.06864233841727269,33513000.0,140071000,0.05458055259736034,2.2425,2.2425,62488976,62488976,https://www.bundesanzeiger.de/pub/de/suche;wwwsid=627BFD7A56A5CB624C47FDDEAB2FC509.web07-pub?0,https://www.bundesanzeiger.de/pub/de/suche;wwwsid=627BFD7A56A5CB624C47FDDEAB2FC509.web07-pub?0,1620586299,14:51:39,20210509
3,2017-02-28,AGB2.DE,EUR,2017-02-28,2017-02-28,FY,2561296000,1776305000.0,784991000,0.30648195288635127,739000.0,93204000.0,149570000.0,622000.0,637849000,2414154000,14705000.0,84071000,231213000,0.0902718779867692,147142000,0.057448260568087404,0.0,154488000,0.060316339852949444,36633000.0,111315000,0.04346042003735609,1.945,1.945,57206836,57206836,https://www.bundesanzeiger.de/pub/de/suche;wwwsid=627BFD7A56A5CB624C47FDDEAB2FC509.web07-pub?0,https://www.bundesanzeiger.de/pub/de/suche;wwwsid=627BFD7A56A5CB624C47FDDEAB2FC509.web07-pub?0,1620586299,14:51:39,20210509
4,2016-02-29,AGB2.DE,EUR,2016-02-29,2016-02-29,FY,2477647000,1757017000.0,720630000,0.2908525710078958,917000.0,91958000.0,144497000.0,1001000.0,624421000,2381438000,18678000.0,84783000,180992000,0.07304995425094858,96209000,0.038830793894368325,0.0,104436000,0.042151283052024764,23508000.0,82723000,0.03338772633873994,1.44722,1.44722,57113560,57113560,https://www.bundesanzeiger.de/pub/de/suche;wwwsid=627BFD7A56A5CB624C47FDDEAB2FC509.web07-pub?0,https://www.bundesanzeiger.de/pub/de/suche;wwwsid=627BFD7A56A5CB624C47FDDEAB2FC509.web07-pub?0,1620586299,14:51:39,20210509
5,2015-02-28,AGB2.DE,EUR,2015-02-28,2015-02-28,FY,2493512000,1778438000.0,715074000,0.28677383545778,4498000.0,94235000.0,143467000.0,1255000.0,626302000,2404740000,20458000.0,80587000,169359000,0.06791986563529673,88772000,0.035601192214033864,0.0,116479000,0.04671282913416899,31901000.0,80896000,0.03244259502260266,1.41738,1.41738,57113560,57113560,https://www.bundesanzeiger.de/pub/de/suche;wwwsid=627BFD7A56A5CB624C47FDDEAB2FC509.web07-pub?0,https://www.bundesanzeiger.de/pub/de/suche;wwwsid=627BFD7A56A5CB624C47FDDEAB2FC509.web07-pub?0,1620586299,14:51:39,20210509
6,2014-02-28,AGB2.DE,EUR,2014-02-28,2014-02-28,FY,3043430000,2174197000.0,869233000,0.2856096575245693,8421000.0,135246000.0,146394000.0,1126000.0,701664000,2875861000,25983000.0,85485000,253054000,0.08314763276960535,167569000,0.05505925879681806,0.0,148129000,0.04867172893741601,38355000.0,107947000,0.03546886243481861,1.88984,1.88984,57113560,57113560,https://www.bundesanzeiger.de/pub/de/suche;wwwsid=627BFD7A56A5CB624C47FDDEAB2FC509.web07-pub?0,https://www.bundesanzeiger.de/pub/de/suche;wwwsid=627BFD7A56A5CB624C47FDDEAB2FC509.web07-pub?0,1620586299,14:51:39,20210509
7,2013-02-28,AGB2.DE,EUR,2013-02-28,2013-02-28,FY,3065906000,2158908000.0,906998000,0.2958335969856871,7772000.0,122964000.0,137309000.0,1149000.0,678290000,2837198000,36075000.0,80474000,309182000,0.10084523139326515,228708000,0.07459719900088262,0.0,190167000,0.06202636349581494,33685000.0,149419000,0.048735675522993856,2.615937,2.615937,57113560,57113560,https://www.bundesanzeiger.de/pub/de/suche;wwwsid=627BFD7A56A5CB624C47FDDEAB2FC509.web07-pub?0,https://www.bundesanzeiger.de/pub/de/suche;wwwsid=627BFD7A56A5CB624C47FDDEAB2FC509.web07-pub?0,1620586299,14:51:39,20210509
8,2012-02-29,AGB2.DE,EUR,2012-02-29,2012-02-29,FY,2577631000,1728512000.0,849119000,0.329418369037306,0.0,0.0,0.0,0.0,618128000,2346640000,37947000.0,76608000,307599000,0.11933399311228023,230991000,0.08961368015825384,0.0,206256000,0.08001765962622269,50583000.0,155673000,0.060393826734703296,2.668156,2.668156,57113560,57113560,https://www.bundesanzeiger.de/pub/de/suche;wwwsid=627BFD7A56A5CB624C47FDDEAB2FC509.web07-pub?0,https://www.bundesanzeiger.de/pub/de/suche;wwwsid=627BFD7A56A5CB624C47FDDEAB2FC509.web07-pub?0,1620586299,14:51:39,20210509
9,2011-02-28,AGB2.DE,EUR,2011-02-28,2011-02-28,FY,2165902000,1498446000.0,667456000,0.3081653740566286,0.0,0.0,0.0,0.0,539403000,2037849000,33939000.0,79182000,207235000,0.0956806910007932,128053000,0.05912225022184753,0.0,109094000,0.050368853253748326,22408000.0,86686000,0.04002304813421845,1.479546,1.479546,57113560,57113560,https://www.bundesanzeiger.de/pub/de/suche;wwwsid=627BFD7A56A5CB624C47FDDEAB2FC509.web07-pub?0,https://www.bundesanzeiger.de/pub/de/suche;wwwsid=627BFD7A56A5CB624C47FDDEAB2FC509.web07-pub?0,1620586299,14:51:39,20210509
10,2010-02-28,AGB2.DE,EUR,2010-02-28,2010-02-28,FY,1989159000,1345847000.0,643312000,0.32340903869424215,0.0,0.0,0.0,0.0,556382000,1902229000,32513000.0,84437000,171367000,0.08615047866962872,86930000,0.0437018860734612,0.0,87391000,0.043933642308131224,14689000.0,72702000,0.0365491144750118,1.263209,1.263209,57113560,57113560,https://www.bundesanzeiger.de/pub/de/suche;wwwsid=627BFD7A56A5CB624C47FDDEAB2FC509.web07-pub?0,https://www.bundesanzeiger.de/pub/de/suche;wwwsid=627BFD7A56A5CB624C47FDDEAB2FC509.web07-pub?0,1620586299,14:51:39,20210509
11,2009-02-28,AGB2.DE,EUR,2009-02-28,2009-02-28,FY,2026328000,1379882000.0,646446000,0.3190233762747196,0.0,210337000.0,0.0,0.0,546068000,1925950000,81942000.0,81986000,182364000,0.08999727586057144,100378000,0.04953689629714439,0.0,-32414000,-0.015996423086489454,-16555000.0,-15859000,-0.007826472318400574,-0.203904,-0.203904,57113560,57113560,https://www.bundesanzeiger.de/pub/de/suche;wwwsid=627BFD7A56A5CB624C47FDDEAB2FC509.web07-pub?0,https://www.bundesanzeiger.de/pub/de/suche;wwwsid=627BFD7A56A5CB624C47FDDEAB2FC509.web07-pub?0,1620586299,14:51:39,20210509
12,2008-02-29,AGB2.DE,EUR,2008-02-29,2008-02-29,FY,1892275000,1454391000.0,437884000,0.23140611169095401,0.0,0.0,0.0,0.0,336374000,1790765000,44994000.0,89153000,190663000,0.1007586106670542,101510000,0.05364442271868518,0.0,73086000,0.0386233502001559,9246000.0,63840000,0.033737168223434755,1.126444,1.126444,57113560,57113560,https://www.bundesanzeiger.de/pub/de/suche;wwwsid=627BFD7A56A5CB624C47FDDEAB2FC509.web07-pub?0,https://www.bundesanzeiger.de/pub/de/suche;wwwsid=627BFD7A56A5CB624C47FDDEAB2FC509.web07-pub?0,1620586299,14:51:39,20210509
13,2007-02-28,AGB2.DE,EUR,2007-02-28,2007-02-28,FY,1915819000,1206974000.0,708845000,0.36999580858108205,4361000.0,-9815000.0,99933000.0,-102000.0,593221000,1800195000,26337000.0,77644000,193268000,0.10088009357877753,115624000,0.060352256658901496,0.0,93459000,0.04878279211136334,22362000.0,68865000,0.035945462488888566,1.206016,1.206016,57113560,57113560,https://www.bundesanzeiger.de/pub/de/suche;wwwsid=627BFD7A56A5CB624C47FDDEAB2FC509.web07-pub?0,https://www.bundesanzeiger.de/pub/de/suche;wwwsid=627BFD7A56A5CB624C47FDDEAB2FC509.web07-pub?0,1620586299,14:51:39,20210509
14,2006-02-28,AGB2.DE,EUR,2006-02-28,2006-02-28,FY,1499602000,980889000.0,518713000,0.3459004455848952,4205000.0,-14339000.0,86772000.0,-3216000.0,431349000,1412238000,19291000.0,65001000,152365000,0.10160362549529808,87364000,0.05825812448903109,0.0,71698000,0.047811352612226445,6992000.0,62745000,0.04184110183902129,1.099091,1.099091,57113560,57113560,https://www.bundesanzeiger.de/pub/de/suche;wwwsid=627BFD7A56A5CB624C47FDDEAB2FC509.web07-pub?0,https://www.bundesanzeiger.de/pub/de/suche;wwwsid=627BFD7A56A5CB624C47FDDEAB2FC509.web07-pub?0,1620586299,14:51:39,20210509
15,2005-02-28,AGB2.DE,EUR,2005-02-28,2005-02-28,FY,981016000,601495000.0,379521000,0.386865249904181,4468000.0,13427000.0,55654000.0,-5452000.0,299940000,901435000,12328000.0,47779000,127360000,0.12982459001688046,79581000,0.08112100108458985,0.0,93192000,0.09499539253182415,8850000.0,79872000,0.08141763233219437,1.785402,1.785402,44730083,44730083,https://www.bundesanzeiger.de/pub/de/suche;wwwsid=627BFD7A56A5CB624C47FDDEAB2FC509.web07-pub?0,https://www.bundesanzeiger.de/pub/de/suche;wwwsid=627BFD7A56A5CB624C47FDDEAB2FC509.web07-pub?0,1620586299,14:51:39,20210509
16,2004-02-29,AGB2.DE,EUR,2004-02-29,2004-02-29,FY,866423000,3297000.0,863126000,0.9961946993558574,0.0,96411000.0,0.0,0.0,786293000,789590000,0.0,39930000,116763000,0.13476442799879504,76833000,0.08867839380995195,0.0,89995000,0.10386958794953505,13199000.0,57542000,0.06641328773589805,1.275642,1.275642,44345285,44345285,https://www.bundesanzeiger.de/pub/de/suche;wwwsid=627BFD7A56A5CB624C47FDDEAB2FC509.web07-pub?0,https://www.bundesanzeiger.de/pub/de/suche;wwwsid=627BFD7A56A5CB624C47FDDEAB2FC509.web07-pub?0,1620586299,14:51:39,20210509
17,2003-02-28,AGB2.DE,EUR,2003-02-28,2003-02-28,FY,875735000,560175000.0,315560000,0.36033731665401064,0.0,97393000.0,0.0,0.0,237948000,798123000,0.0,40351000,117963000,0.1347017077083821,77612000,0.08862498358521699,0.0,95078000,0.10856937315512112,19934000.0,67311000,0.07686229281689096,1.474573,1.474573,44345285,44345285,https://www.bundesanzeiger.de/pub/de/suche;wwwsid=627BFD7A56A5CB624C47FDDEAB2FC509.web07-pub?0,https://www.bundesanzeiger.de/pub/de/suche;wwwsid=627BFD7A56A5CB624C47FDDEAB2FC509.web07-pub?0,1620586299,14:51:39,20210509
18,2002-02-28,AGB2.DE,EUR,2002-02-28,2002-02-28,FY,842796000,536848000.0,305948000,0.3630154865471597,0.0,93651000.0,0.0,0.0,246355000,783203000,0.0,42222000,101815000,0.12080622119706311,59593000,0.07070868869809539,0.0,90794000,0.10772950986952952,20508000.0,43594000,0.05172544720193262,0.999626,0.999626,44345285,44345285,https://www.bundesanzeiger.de/pub/de/suche;wwwsid=627BFD7A56A5CB624C47FDDEAB2FC509.web07-pub?0,https://www.bundesanzeiger.de/pub/de/suche;wwwsid=627BFD7A56A5CB624C47FDDEAB2FC509.web07-pub?0,1620586299,14:51:39,20210509
