,date,symbol,reportedCurrency,fillingDate,acceptedDate,period,revenue,costOfRevenue,grossProfit,grossProfitRatio,researchAndDevelopmentExpenses,generalAndAdministrativeExpenses,sellingAndMarketingExpenses,otherExpenses,operatingExpenses,costAndExpenses,interestExpense,depreciationAndAmortization,ebitda,ebitdaratio,operatingIncome,operatingIncomeRatio,totalOtherIncomeExpensesNet,incomeBeforeTax,incomeBeforeTaxRatio,incomeTaxExpense,netIncome,netIncomeRatio,eps,epsdiluted,weightedAverageShsOut,weightedAverageShsOutDil,link,finalLink,timestamp,est_time,est_date
0,2020-02-29,EDUC,USD,2020-05-26,2020-05-26 16:11:15,FY,113011900,36863300.0,76148600,0.673810457128851,0.0,15505100.0,34994800.0,1597300.0,69105900.0,105969200,888100.0,1425700.0,8468400.0,0.07493370167212479,7042700.0,0.06231821604627477,1597300.0,7751900.0,0.06859366137548346,2106800.0,5645100.0,0.04995137680191201,0.678627122580608,0.6782426030213641,8318412.0,8323128.0,https://www.sec.gov/Archives/edgar/data/31667/000118518520000726/0001185185-20-000726-index.htm,https://www.sec.gov/Archives/edgar/data/31667/000118518520000726/edc20200229_10k.htm,1620591477,16:17:57,20210509
1,2019-02-28,EDUC,USD,2019-05-29,2019-05-29 15:58:03,FY,118811300,39063600.0,79747700,0.6712130916840402,0.0,16164300.0,36480400.0,1559700.0,71195300.0,110258900,931300.0,1455800.0,10008200.0,0.08423609538823328,8552400.0,0.0719830521170966,1559700.0,9180800.0,0.07727211132274456,2502400.0,6678400.0,0.0562101416279428,0.82,0.81,8144390.0,8244938.0,https://www.sec.gov/Archives/edgar/data/31667/000118518519000818/0001185185-19-000818-index.htm,https://www.sec.gov/Archives/edgar/data/31667/000118518519000818/edc20190228_10k.htm,1620591477,16:17:57,20210509
2,2018-02-28,EDUC,USD,2018-05-29,2018-05-29 17:25:06,FY,111966100,30931300.0,81034800,0.7237440618187112,0.0,15736300.0,35359000.0,1583900.0,73666500.0,104597800,1119500.0,1251000.0,8619300.0,0.07698133631518826,7368300.0,0.065808311622893,1583900.0,7832700.0,0.06995599560938534,2618000.0,5214700.0,0.046573918355645144,0.64,0.635,8175996.0,8181322.0,https://www.sec.gov/Archives/edgar/data/31667/000118518518001008/0001185185-18-001008-index.htm,https://www.sec.gov/Archives/edgar/data/31667/000118518518001008/edc10k022818.htm,1620591477,16:17:57,20210509
3,2017-02-28,EDUC,USD,2017-05-30,2017-05-30 17:16:43,FY,106628100,28613500.0,78014600,0.7316514127139093,0.0,3621400.0,33995500.0,1694700.0,72986100.0,101599600,1028800.0,1079000.0,6107500.0,0.05727852226570669,5028500.0,0.04715923851217456,612400.0,4612100.0,0.04325407655205335,1751200.0,2860900.0,0.02683063845271556,0.3507986742510168,0.3503554131497232,8155390.0,8165708.0,https://www.sec.gov/Archives/edgar/data/31667/000118518517001294/0001185185-17-001294-index.htm,https://www.sec.gov/Archives/edgar/data/31667/000118518517001294/edc10k022817.htm,1620591477,16:17:57,20210509
4,2016-02-29,EDUC,USD,2016-05-26,2016-05-26 14:47:06,FY,63618300,20494200.0,43124100,0.677856843078171,0.0,2328500.0,18062800.0,477400.0,39810700.0,60304900,244900.0,274500.0,3587900.0,0.05639729448916428,3313400.0,0.05208249827486745,477400.0,3545900.0,0.05573710709025548,1426600.0,2119300.0,0.033312741773986417,0.2616966408291707,0.2615336164423728,8098308.0,8103356.0,https://www.sec.gov/Archives/edgar/data/31667/000118518516004722/0001185185-16-004722-index.htm,https://www.sec.gov/Archives/edgar/data/31667/000118518516004722/edc10k022916.htm,1620591477,16:17:57,20210509
5,2015-02-28,EDUC,USD,2015-05-28,2015-05-28 14:59:09,FY,32548300,12763900.0,19784400,0.6078474144578979,0.0,2039900.0,6842700.0,16100.0,18398000.0,31161900,0.0,129400.0,1515800.0,0.046570788643339286,1386400.0,0.042595158579710767,16100.0,1402500.0,0.04308980806985311,543300.0,859200.0,0.02639769204536028,0.105,0.105,8007404.0,8007404.0,https://www.sec.gov/Archives/edgar/data/31667/000118518515001485/0001185185-15-001485-index.htm,https://www.sec.gov/Archives/edgar/data/31667/000118518515001485/edc10k022815.htm,1620591477,16:17:57,20210509
6,2014-02-28,EDUC,USD,2014-05-28,2014-05-28 15:44:04,FY,26097000,10523500.0,15573500,0.5967544162164233,0.0,2123500.0,4939800.0,-378200.0,14321800.0,24845300,0.0,115400.0,1367100.0,0.052385331647315785,1251700.0,0.04796336743687014,-378200.0,873500.0,0.033471280223780514,515900.0,357600.0,0.013702724451086331,0.045,0.045,7936428.0,7936428.0,https://www.sec.gov/Archives/edgar/data/31667/000118518514001448/0001185185-14-001448-index.htm,https://www.sec.gov/Archives/edgar/data/31667/000118518514001448/edc10k022814.htm,1620591477,16:17:57,20210509
7,2013-02-28,EDUC,USD,2013-05-28,2013-05-28 17:02:56,FY,25487500,10494200.0,14993300,0.5882609122118686,0.0,2285700.0,4764900.0,53900.0,13765200.0,24259400,0.0,114200.0,1342300.0,0.05266503187837175,1228100.0,0.048184404119666506,53900.0,1282000.0,0.050299166257969596,479100.0,802900.0,0.03150171652770966,0.1,0.1,7868704.0,7868704.0,https://www.sec.gov/Archives/edgar/data/31667/000118518513001217/0001185185-13-001217-index.htm,https://www.sec.gov/Archives/edgar/data/31667/000118518513001217/edc10k022813.htm,1620591477,16:17:57,20210509
8,2012-02-29,EDUC,USD,2012-05-25,2012-05-25 14:24:53,FY,26273300,10549000.0,15724300,0.5984897215043409,0.0,1972500.0,11565600.0,0.0,13538100.0,24087100,0.0,118100.0,2304300.0,0.08770500850673497,2186200.0,0.08320995078653995,91500.0,2277700.0,0.08669257382970544,856800.0,1420900.0,0.05408152002222789,0.18225335383881308,0.18222306236827654,7796290.0,7797586.0,https://www.sec.gov/Archives/edgar/data/31667/000118518512001227/0001185185-12-001227-index.htm,https://www.sec.gov/Archives/edgar/data/31667/000118518512001227/edc10k022912.htm,1620591477,16:17:57,20210509
9,2011-02-28,EDUC,USD,2011-05-27,2011-05-27 16:25:29,FY,27243200,10284700.0,16958500,0.6224856110882716,0.0,2380600.0,12645800.0,0.0,15026400.0,25311100,0.0,124700.0,2056800.0,0.07549773888529981,1932100.0,0.07092044987372996,-61900.0,1870200.0,0.06864832325130675,702000.0,1168200.0,0.04288042520702414,0.1502355387684081,0.15013942068443628,7775790.0,7780768.0,https://www.sec.gov/Archives/edgar/data/31667/000118518511000808/0001185185-11-000808-index.htm,https://www.sec.gov/Archives/edgar/data/31667/000118518511000808/edc10k022811.htm,1620591477,16:17:57,20210509
10,2010-02-28,EDUC,USD,2010-05-28,2010-05-28 15:31:01,FY,28670800,10538300.0,18132500,0.6324378810497091,0.0,2042400.0,13162900.0,0.0,15205300.0,25743600,0.0,136500.0,3063700.0,0.10685784840325348,2927200.0,0.10209690695760146,-125200.0,3052400.0,0.1064637191846757,1138800.0,1913600.0,0.06674386483809311,0.24745830218983011,0.2473577344017009,7733020.0,7736164.0,https://www.sec.gov/Archives/edgar/data/31667/000110465910031546/0001104659-10-031546-index.htm,https://www.sec.gov/Archives/edgar/data/31667/000110465910031546/a10-11043_110k.htm,1620591477,16:17:57,20210509
11,2009-02-28,EDUC,USD,2009-05-29,2009-05-29 15:42:05,FY,29398400,10581600.0,18816800,0.6400620441928813,0.0,1849300.0,14003400.0,0.0,15852700.0,26434300,0.0,139800.0,3103900.0,0.10558057581364973,2964100.0,0.10082521497768586,0.0,3138900.0,0.10677111679547187,1226300.0,1912600.0,0.06505796233808643,0.25187603263773967,0.25180467035390364,7593418.0,7595570.0,https://www.sec.gov/Archives/edgar/data/31667/000110465909035801/0001104659-09-035801-index.htm,https://www.sec.gov/Archives/edgar/data/31667/000110465909035801/a09-14429_110k.htm,1620591477,16:17:57,20210509
12,2008-02-29,EDUC,USD,2008-05-28,2008-05-28 17:14:25,FY,30520700,10750200.0,19770500,0.6477734783278234,0.0,0.0,0.0,0.0,16215200.0,26965400,0.0,139400.0,3694700.0,0.1210555459081869,3555300.0,0.11648815394142337,176800.0,3732100.0,0.12228094375292833,1407700.0,2324400.0,0.07615814840419781,0.31,0.3,7496242.0,7719874.0,https://www.sec.gov/Archives/edgar/data/31667/000110465908036284/0001104659-08-036284-index.htm,https://www.sec.gov/Archives/edgar/data/31667/000110465908036284/a08-14821_110k.htm,1620591477,16:17:57,20210509
13,2007-02-28,EDUC,USD,2007-05-31,2007-05-31 16:36:07,FY,31403465,11274571.0,20128894,0.6409768476185669,0.0,0.0,0.0,0.0,16630139.0,27904710,0.0,143549.0,3642304.0,0.11598414378795462,3498755.0,0.11141302400865637,386927.0,3878101.0,0.12349277380696684,1471000.0,2407101.0,0.07665080907473108,0.32,0.31,7511216.0,7750000.0,https://www.sec.gov/Archives/edgar/data/31667/000095013407012675/0000950134-07-012675-index.htm,https://www.sec.gov/Archives/edgar/data/31667/000095013407012675/d47123e10vk.htm,1620591477,16:17:57,20210509
14,2006-02-28,EDUC,USD,2006-05-25,2006-05-25 15:49:31,FY,31788890,11651182.0,20137708,0.6334825783473409,0.0,0.0,0.0,0.0,16333616.0,27984798,0.0,138023.0,3942115.0,0.12400920573193969,3804092.0,0.11966734289872971,93372.0,3814410.0,0.11999192170597967,1416000.0,2398410.0,0.07544805748171766,0.32,0.31,7495518.0,7797474.0,https://www.sec.gov/Archives/edgar/data/31667/000095013406010631/0000950134-06-010631-index.htm,https://www.sec.gov/Archives/edgar/data/31667/000095013406010631/d36529e10vk.htm,1620591477,16:17:57,20210509
15,2005-02-28,EDUC,USD,2005-06-10,2005-06-10 14:00:53,FY,31650779,11338039.0,20312740,0.6417769369910296,0.0,0.0,0.0,0.0,16455671.0,27793710,0.0,125570.0,3982639.0,0.1258306786066782,3857069.0,0.1218633196990191,95625.0,3885074.0,0.12274813204439612,1479000.0,2406074.0,0.07601942435603244,0.31,0.295,7804150.0,8176260.0,https://www.sec.gov/Archives/edgar/data/31667/000095013405011792/0000950134-05-011792-index.htm,https://www.sec.gov/Archives/edgar/data/31667/000095013405011792/d26157e10vk.htm,1620591477,16:17:57,20210509
16,2004-02-29,EDUC,USD,2004-05-25,2004-05-25 09:53:13,FY,30362415,10574800.0,19787615,0.6517141340700336,0.0,0.0,0.0,0.0,16038182.0,26612982,9762.0,167500.0,3916933.0,0.12900597663262292,3749433.0,0.12348928766041832,92779.0,3832450.0,0.12622349045686912,1459000.0,2373450.0,0.07817065934972564,0.3,0.275,7896386.0,8587604.0,https://www.sec.gov/Archives/edgar/data/31667/000095013404008072/0000950134-04-008072-index.htm,https://www.sec.gov/Archives/edgar/data/31667/000095013404008072/d15705e10vk.htm,1620591477,16:17:57,20210509
17,2003-02-28,EDUC,USD,2003-02-28,2003-02-28,FY,24880111,9591425.0,15288686,0.6144942842095841,0.0,0.0,0.0,0.0,12100224.0,21691649,884.0,165910.0,3354372.0,0.13482142422917648,3188462.0,0.12815304561945082,77207.0,3264785.0,0.1312206766280102,1226700.0,2038085.0,0.08191623421615764,0.265,0.245,7670822.0,8317562.0,,,1620591477,16:17:57,20210509
18,2002-02-28,EDUC,USD,2002-05-06 00:00:00,2002-05-03 17:50:40,FY,20554451,8121522.0,12432929,0.604877697779425,0.0,10049066.0,0.0,0.0,10049066.0,18170588,0.0,120738.0,2504601.0,0.12185200178783662,2383863.0,0.11597794560409325,76554.0,2440074.0,0.11871268174469851,908800.0,1531274.0,0.07449841399315409,0.2,0.19,7734442.0,8123912.0,https://www.sec.gov/Archives/edgar/data/31667/000095013402004531/0000950134-02-004531-index.html,https://www.sec.gov/Archives/edgar/data/31667/000095013402004531/d96515e10-k.txt,1620591477,16:17:57,20210509
19,2001-02-28,EDUC,USD,2001-05-08 00:00:00,2001-05-08 00:00:00,FY,17596848,7228258.0,10368590,0.5892299575469425,0.0,8471148.0,0.0,0.0,8538566.0,15766824,0.0,59662.0,1889686.0,0.10738775489792263,1830024.0,0.1039972613277105,37507.0,1770362.0,0.10060676775749838,680100.0,1090262.0,0.061957800624293624,0.14,0.135,7911054.0,8085284.0,https://www.sec.gov/Archives/edgar/data/31667/000095013401501263/0000950134-01-501263-index.html,https://www.sec.gov/Archives/edgar/data/31667/000095013401501263/d86894e10-k.txt,1620591477,16:17:57,20210509
20,2000-02-29,EDUC,USD,2000-05-12 00:00:00,2000-05-12 00:00:00,FY,16851261,6685208.0,10166053,0.6032814398874956,0.0,8125202.0,0.0,0.0,8424381.0,15109589,0.0,299179.0,2040851.0,0.12110969024810665,1741672.0,0.10335558864111119,51757.0,1748028.0,0.10373277109647759,669000.0,1079028.0,0.0640324780442247,0.125,0.12,8729216.0,8853672.0,https://www.sec.gov/Archives/edgar/data/31667/000093066100001198/0000930661-00-001198-index.html,https://www.sec.gov/Archives/edgar/data/31667/0000930661-00-001198.txt,1620591477,16:17:57,20210509
21,1999-02-28,EDUC,USD,1999-05-19 00:00:00,1999-05-19 00:00:00,FY,16700000,6400000.0,10300000,0.6167664670658682,0.0,8000000.0,0.0,0.0,8300000.0,14700000,0.0,300000.0,2300000.0,0.1377245508982036,2000000.0,0.11976047904191617,100000.0,1900000.0,0.11377245508982035,600000.0,1300000.0,0.07784431137724551,0.12905598130792875,0.1274968042435644,10073148.0,10196334.0,https://www.sec.gov/Archives/edgar/data/31667/000093066199001267/0000930661-99-001267-index.html,https://www.sec.gov/Archives/edgar/data/31667/0000930661-99-001267.txt,1620591477,16:17:57,20210509
22,1998-02-28,EDUC,USD,1998-05-27 00:00:00,1998-05-27 00:00:00,FY,19300000,7500000.0,11800000,0.6113989637305699,0.0,8700000.0,0.0,0.0,9000000.0,16500000,0.0,300000.0,3100000.0,0.16062176165803108,2800000.0,0.14507772020725387,100000.0,2800000.0,0.14507772020725387,1100000.0,1700000.0,0.08808290155440414,0.165,0.16,10432152.0,10676376.0,https://www.sec.gov/Archives/edgar/data/31667/000093066198001267/0000930661-98-001267-index.html,https://www.sec.gov/Archives/edgar/data/31667/0000930661-98-001267.txt,1620591477,16:17:57,20210509
23,1997-02-28,EDUC,USD,1997-05-28 00:00:00,1997-05-28 00:00:00,FY,21200000,8100000.0,13100000,0.6179245283018868,0.0,9900000.0,0.0,0.0,10200000.0,18300000,0.0,300000.0,3200000.0,0.1509433962264151,2900000.0,0.13679245283018868,0.0,2600000.0,0.12264150943396226,1000000.0,1600000.0,0.07547169811320754,0.155,0.155,10707876.0,10707876.0,https://www.sec.gov/Archives/edgar/data/31667/000093066197001421/0000930661-97-001421-index.html,https://www.sec.gov/Archives/edgar/data/31667/0000930661-97-001421.txt,1620591477,16:17:57,20210509
24,1996-02-29,EDUC,USD,1996-02-29,1996-02-29,FY,19300000,8000000.0,11300000,0.5854922279792746,0.0,8000000.0,0.0,0.0,8100000.0,16100000,0.0,100000.0,3300000.0,0.17098445595854922,3200000.0,0.16580310880829016,0.0,2900000.0,0.15025906735751296,1100000.0,1500000.0,0.07772020725388601,0.14,0.14,10677668.0,10677668.0,,,1620591477,16:17:57,20210509
