,date,symbol,reportedCurrency,fillingDate,acceptedDate,period,revenue,costOfRevenue,grossProfit,grossProfitRatio,researchAndDevelopmentExpenses,generalAndAdministrativeExpenses,sellingAndMarketingExpenses,otherExpenses,operatingExpenses,costAndExpenses,interestExpense,depreciationAndAmortization,ebitda,ebitdaratio,operatingIncome,operatingIncomeRatio,totalOtherIncomeExpensesNet,incomeBeforeTax,incomeBeforeTaxRatio,incomeTaxExpense,netIncome,netIncomeRatio,eps,epsdiluted,weightedAverageShsOut,weightedAverageShsOutDil,link,finalLink,timestamp,est_time,est_date
0,2020-12-31,SHO,USD,2021-02-12,2021-02-12,FY,267906000,251685000.0,16221000.0,0.060547356162236006,0.0,78003000.0,23741000,661795000.0,661795000.0,514851000,50181000.0,137051000,-109894000,-0.4101961135622196,-246945000,-0.9217598709995297,-106500000.0,-403916000.0,-1.507678066187394,6590000.0,-404689000,-1.5105634065679754,-1.7931903882028173,-1.7931903882028173,214257000,214257000,https://www.sec.gov/Archives/edgar/data/1295810/000155837021000947/0001558370-21-000947-index.htm,https://www.sec.gov/Archives/edgar/data/1295810/000155837021000947/sho-20201231x10k.htm,1620597878,18:04:38,20210509
1,2019-12-31,SHO,USD,2020-02-19 00:00:00,2020-02-19 12:32:01,FY,1115167000,530803000.0,584364000.0,0.5240147888163835,0.0,160585000.0,54369000,0.0,422278000.0,953081000,51432000.0,147748000,309834000,0.2778364137389288,162086000,0.14534684042838428,18222000.0,142642000.0,0.12791088688958693,-151000.0,135733000,0.1217154022671044,0.54,0.54,225681000,225681000,https://www.sec.gov/Archives/edgar/data/1295810/000155837020000962/0001558370-20-000962-index.html,https://www.sec.gov/Archives/edgar/data/1295810/000155837020000962/sho-20191231x10kd4cf15.htm,1620597878,18:04:38,20210509
2,2018-12-31,SHO,USD,2019-02-14 00:00:00,2019-02-14 14:04:00,FY,1159053000,546384000.0,612669000.0,0.5285944646189604,0.0,162666000.0,55523000,0.0,429385000.0,975769000,44743000.0,146449000,329733000,0.2844848337392682,183284000,0.15813254441341337,114732000.0,260826000.0,0.22503371286731497,1767000.0,250445000,0.2160772630759767,1.05,1.05,225924000,225924000,https://www.sec.gov/Archives/edgar/data/1295810/000155837019000674/0001558370-19-000674-index.html,https://www.sec.gov/Archives/edgar/data/1295810/000155837019000674/sho-20181231x10k.htm,1620597878,18:04:38,20210509
3,2017-12-31,SHO,USD,2018-02-14 00:00:00,2018-02-14 15:10:58,FY,1193638000,560932000.0,632706000.0,0.5300652291565785,0.0,167342000.0,58572000,0.0,451648000.0,1012580000,51766000.0,158634000,339692000,0.28458544382802825,181058000,0.15168585450530228,4597000.0,138229000.0,0.11580479173752846,-7775000.0,145376000,0.12179236921076575,0.59,0.59,221898000,221898000,https://www.sec.gov/Archives/edgar/data/1295810/000155837018000688/0001558370-18-000688-index.html,https://www.sec.gov/Archives/edgar/data/1295810/000155837018000688/sho-20171231x10k.htm,1620597878,18:04:38,20210509
4,2016-12-31,SHO,USD,2017-02-23 00:00:00,2017-02-23 13:38:05,FY,1189340000,560019000.0,629321000.0,0.5291346461062438,0.0,168733000.0,60086000,0.0,458906000.0,1018925000,49509000.0,163016000,333431000,0.28034960566364536,170415000,0.1432853515395093,19555000.0,140061000.0,0.11776363361191922,-616000.0,134197000,0.11283316797551583,0.55,0.55,214966000,214966000,https://www.sec.gov/Archives/edgar/data/1295810/000155837017000849/0001558370-17-000849-index.html,https://www.sec.gov/Archives/edgar/data/1295810/000155837017000849/sho-20161231x10k.htm,1620597878,18:04:38,20210509
5,2015-12-31,SHO,USD,2016-02-23 00:00:00,2016-02-23 14:40:10,FY,1249180000,591826000.0,657354000.0,0.5262284058342273,0.0,175671000.0,61892000,0.0,476918000.0,1068744000,63677000.0,164716000,345152000,0.27630285467266524,180436000,0.14444355497206168,223562000.0,341058000.0,0.2730255047311036,1434000.0,347355000,0.27806641156598727,1.62,1.62,207350000,207350000,https://www.sec.gov/Archives/edgar/data/1295810/000155837016003377/0001558370-16-003377-index.html,https://www.sec.gov/Archives/edgar/data/1295810/000155837016003377/sho-20151231x10k.htm,1620597878,18:04:38,20210509
6,2014-12-31,SHO,USD,2015-02-19,2015-02-19 15:22:09,FY,1141998000,546530000.0,595468000.0,0.5214264823581127,0.0,155476000.0,54992000,0.0,438725000.0,985255000,70067000.0,155845000,312588000,0.2737202692123804,156743000,0.13725330517216316,-4109000.0,83269000.0,0.07291518899332573,179000.0,81263000,0.07115861849145094,0.37,0.37,192674000,192674000,https://www.sec.gov/Archives/edgar/data/1295810/000155837015000098/sho-20141231x10k.htm,https://www.sec.gov/Archives/edgar/data/1295810/000155837015000098/sho-20141231x10k.htm,1620597878,18:04:38,20210509
7,2013-12-31,SHO,USD,2014-02-25,2014-02-25 12:54:34,FY,923824000,449781000.0,474043000.0,0.5131312890767072,0.0,130125000.0,47306000,0.0,374845000.0,824626000,69809000.0,137476000,236674000,0.25618949063890956,99198000,0.10737759573252048,481000.0,29736000.0,0.032187949219764804,8145000.0,65988000,0.07142918997557976,0.29,0.29,161784000,161784000,https://www.sec.gov/Archives/edgar/data/1295810/000110465914013102/a13-26277_110k.htm,https://www.sec.gov/Archives/edgar/data/1295810/000110465914013102/a13-26277_110k.htm,1620597878,18:04:38,20210509
8,2012-12-31,SHO,USD,2013-02-25 00:00:00,2013-02-25 09:00:52,FY,829084000,402072000.0,427012000.0,0.5150406955145679,0.0,118958000.0,42474000,0.0,348002000.0,750074000,72722000.0,130907000,209917000,0.2531914739640374,79010000,0.09529794327233429,-597000.0,2295000.0,0.0027681151728895987,1148000.0,47796000,0.05764916462023149,0.14,0.14,127027000,127027000,https://www.sec.gov/Archives/edgar/data/1295810/000110465913013600/0001104659-13-013600-index.html,https://www.sec.gov/Archives/edgar/data/1295810/000110465913013600/a12-29018_110k.htm,1620597878,18:04:38,20210509
9,2011-12-31,SHO,USD,2012-02-28 00:00:00,2012-02-28 13:40:26,FY,834729000,376969000.0,457760000.0,0.5483935504816533,0.0,218283000.0,41952000,0.0,388180000.0,765149000,82965000.0,127945000,197525000,0.23663368590284992,69580000,0.08335639471013946,58389000.0,0.0,0.0,0.0,80957000,0.09698596790095948,0.45,0.45,117206000,117206000,https://www.sec.gov/Archives/edgar/data/1295810/000110465912013838/0001104659-12-013838-index.html,https://www.sec.gov/Archives/edgar/data/1295810/000110465912013838/a12-1033_110k.htm,1620597878,18:04:38,20210509
10,2010-12-31,SHO,USD,2011-02-17,2011-02-17 17:19:55,FY,643090000,299805000.0,343285000.0,0.5338055326626133,0.0,180659000.0,33182000,0.0,309341000.0,609146000,70830000.0,95500000,129444000,0.20128442364210297,33944000,0.05278265872583931,-1388000.0,0.0,0.0,0.0,38542000,0.059932513334058996,0.18,0.18,99709000,99709000,https://www.sec.gov/Archives/edgar/data/1295810/000110465911008076/a11-5778_110k.htm,https://www.sec.gov/Archives/edgar/data/1295810/000110465911008076/a11-5778_110k.htm,1620597878,18:04:38,20210509
11,2009-12-31,SHO,USD,2010-02-23 00:00:00,2010-02-23 16:40:06,FY,717823000,243927000.0,473896000.0,0.6601850316860842,0.0,170976000.0,35693000,0.0,430823000.0,674750000,91575000.0,93795000,136868000,0.19067095927547598,43073000,0.060005043025927005,-104281000.0,0.0,0.0,0.0,-269608000,-0.37559119727286533,-4.17,-4.17,69820000,69820000,https://www.sec.gov/Archives/edgar/data/1295810/000119312510037652/0001193125-10-037652-index.html,https://www.sec.gov/Archives/edgar/data/1295810/000119312510037652/d10k.htm,1620597878,18:04:38,20210509
12,2008-12-31,SHO,USD,2009-02-12 00:00:00,2009-02-12 17:22:19,FY,969164000,363568000.0,605596000.0,0.6248643160497088,0.0,244437000.0,52496000,0.0,468182000.0,831750000,98289000.0,115710000,253124000,0.26117767477950066,137414000,0.14178611669438815,-4349000.0,0.0,0.0,0.0,74743000,0.07712110643812606,1.393600954636138,1.3928478252767322,53633000,53662000,https://www.sec.gov/Archives/edgar/data/1295810/000119312509027323/0001193125-09-027323-index.html,https://www.sec.gov/Archives/edgar/data/1295810/000119312509027323/d10k.htm,1620597878,18:04:38,20210509
13,2007-12-31,SHO,USD,2008-02-21,2008-02-21 16:40:26,FY,1014923000,362779000.0,652144000.0,0.6425551495039525,0.0,119210000.0,55340000,0.0,496752000.0,859531000,93110000.0,119855000,275247000,0.2711998841291408,155392000,0.1531071815300274,0.0,0.0,0.0,0.0,125663000,0.12381530421519663,2.1299535577477204,2.124875293799354,58998000,59139000,https://www.sec.gov/Archives/edgar/data/1295810/000119312508035335/d10k.htm,https://www.sec.gov/Archives/edgar/data/1295810/000119312508035335/d10k.htm,1620597878,18:04:38,20210509
14,2006-12-31,SHO,USD,2007-02-08,2007-02-07 18:49:32,FY,903056000,338220000.0,564836000.0,0.6254717315426729,0.0,102882000.0,51103000,0.0,430310000.0,768530000,0.0,96285000,230811000,0.25558880069453055,134526000,0.14896750589110752,140000.0,42765000.0,0.04735586718874577,0.0,53237000,0.05895204727060116,0.59,0.58,57247000,57691000,https://www.sec.gov/Archives/edgar/data/1295810/000119312507022812/d10k.htm,https://www.sec.gov/Archives/edgar/data/1295810/000119312507022812/d10k.htm,1620597878,18:04:38,20210509
15,2005-12-31,SHO,USD,2006-02-15,2006-02-15 16:23:04,FY,651068000,245531000.0,405537000.0,0.6228796377644117,0.0,73039000.0,42557000,0.0,319048000.0,564579000,0.0,72316000,158805000,0.2439146141416872,86489000,0.1328417308176719,0.0,27586000.0,0.042370382202780665,0.0,30205000,0.0463930034957946,0.47,0.469543,40655000,40959000,https://www.sec.gov/Archives/edgar/data/1295810/000119312506032691/d10k.htm,https://www.sec.gov/Archives/edgar/data/1295810/000119312506032691/d10k.htm,1620597878,18:04:38,20210509
16,2004-12-31,SHO,USD,2005-02-22,2005-02-22 06:20:13,FY,502664000,185956000.0,316708000.0,0.6300590454060764,0.0,76961000.0,30792000,0.0,271097000.0,457053000,0.0,59579000,105190000,0.20926503588878456,45611000,0.09073854503206913,0.0,-18262000.0,-0.03633043146117486,-280000.0,-36100000,-0.07181735712125793,-1.0874804193276297,-1.0779980888676541,33196000,33488000,https://www.sec.gov/Archives/edgar/data/1295810/000119312505033593/d10k.htm,https://www.sec.gov/Archives/edgar/data/1295810/000119312505033593/d10k.htm,1620597878,18:04:38,20210509
17,2003-12-31,SHO,USD,2003-12-31,2003-12-31,FY,460702000,176803000.0,283899000.0,0.6162313165560384,0.0,64229000.0,29362000,0.0,0.0,429182000,0.0,53481000,85001000,0.18450321465936767,31520000,0.06841732833805801,0.0,-23003000.0,-0.04993032372336131,-2017000.0,-22266000,-0.048330591141345164,-0.710149,-0.710149,31354000,31635000,,,1620597878,18:04:38,20210509
18,2002-12-31,SHO,USD,2002-12-31,2002-12-31,FY,190449000,0.0,0.0,0.0,0.0,0.0,11218000,0.0,0.0,37256000,0.0,26038000,179231000,0.9410970916098274,153193000,0.804378074970202,0.0,-7386000.0,-0.038782036135658365,-4834000.0,-10386000,-0.054534284769150794,0.0,0.0,31354000,31635000,,,1620597878,18:04:38,20210509
19,2001-12-31,SHO,USD,2001-12-31,2001-12-31,FY,225375000,81858000.0,143517000.0,0.6367920133111481,0.0,0.0,12621000,0.0,0.0,205125000,0.0,28318000,48568000,0.21549861342207433,20250000,0.08985024958402663,0.0,-18066000.0,-0.08015973377703826,-8804000.0,-18807000,-0.08344758735440931,-0.599828,-0.599828,31354000,31635000,,,1620597878,18:04:38,20210509
