,date,symbol,reportedCurrency,fillingDate,acceptedDate,period,revenue,costOfRevenue,grossProfit,grossProfitRatio,researchAndDevelopmentExpenses,generalAndAdministrativeExpenses,sellingAndMarketingExpenses,otherExpenses,operatingExpenses,costAndExpenses,interestExpense,depreciationAndAmortization,ebitda,ebitdaratio,operatingIncome,operatingIncomeRatio,totalOtherIncomeExpensesNet,incomeBeforeTax,incomeBeforeTaxRatio,incomeTaxExpense,netIncome,netIncomeRatio,eps,epsdiluted,weightedAverageShsOut,weightedAverageShsOutDil,link,finalLink,timestamp,est_time,est_date
0,2019-12-31,EFH.TO,CAD,2019-12-31,2019-12-31,FY,35339000,0.0,0.0,0.0,0.0,4556000.0,0.0,0.0,1670000.0,36093000.0,457000.0,429000.0,0.0,0.0,0.0,-0.02133620079798523,0.0,-754000.0,-0.02133620079798523,-449000.0,45595000.0,1.2902176066102606,3.81,3.77,11966000.0,12102000.0,https://www.sedar.com/ModifyCompanyDocumentSearchForm.do?lang=EN&company_search=Echelon Financial Holdings Inc&document_selection=0&industry_group=A&FromDate=13&FromMonth=05&FromYear=2000&ToDate=13&ToMonth=11&ToYear=2020&Variable=Issuer,https://www.sedar.com/ModifyCompanyDocumentSearchForm.do?lang=EN&company_search=Echelon Financial Holdings Inc&document_selection=0&industry_group=A&FromDate=13&FromMonth=05&FromYear=2000&ToDate=13&ToMonth=11&ToYear=2020&Variable=Issuer,1620591493,16:18:13,20210509
1,2018-12-31,EFH.TO,CAD,2018-12-31,2018-12-31,FY,31400000,0.0,0.0,0.0,0.0,6468000.0,0.0,0.0,1070000.0,34404000.0,360000.0,3000.0,0.0,0.0,0.0,-0.0956687898089172,0.0,-3004000.0,-0.0956687898089172,-603000.0,2357000.0,0.07506369426751593,0.2,0.19,11908000.0,12201000.0,https://www.sedar.com/ModifyCompanyDocumentSearchForm.do?lang=EN&company_search=Echelon Financial Holdings Inc&document_selection=0&industry_group=A&FromDate=13&FromMonth=05&FromYear=2000&ToDate=13&ToMonth=11&ToYear=2020&Variable=Issuer,https://www.sedar.com/ModifyCompanyDocumentSearchForm.do?lang=EN&company_search=Echelon Financial Holdings Inc&document_selection=0&industry_group=A&FromDate=13&FromMonth=05&FromYear=2000&ToDate=13&ToMonth=11&ToYear=2020&Variable=Issuer,1620591493,16:18:13,20210509
2,2017-12-31,EFH.TO,CAD,2017-12-31,2017-12-31,FY,244592000,0.0,0.0,0.0,0.0,20596000.0,0.0,0.0,7181000.0,237002000.0,155000.0,5378000.0,0.0,0.0,0.0,0.031031268397985215,0.0,7590000.0,0.031031268397985215,947000.0,1634000.0,0.0066805128540590045,0.1382519671715035,0.1353994033808419,11819000.0,12068000.0,https://www.sedar.com/ModifyCompanyDocumentSearchForm.do?lang=EN&company_search=Echelon Financial Holdings Inc&document_selection=0&industry_group=A&FromDate=13&FromMonth=05&FromYear=2000&ToDate=13&ToMonth=11&ToYear=2020&Variable=Issuer,https://www.sedar.com/ModifyCompanyDocumentSearchForm.do?lang=EN&company_search=Echelon Financial Holdings Inc&document_selection=0&industry_group=A&FromDate=13&FromMonth=05&FromYear=2000&ToDate=13&ToMonth=11&ToYear=2020&Variable=Issuer,1620591493,16:18:13,20210509
3,2016-12-31,EFH.TO,CAD,2016-12-31,2016-12-31,FY,197567000,0.0,0.0,0.0,0.0,17593000.0,0.0,0.0,14386000.0,188779000.0,217000.0,4136000.0,0.0,0.0,0.0,0.044481112736438774,0.0,8788000.0,0.044481112736438774,1670000.0,-29808000.0,-0.15087539923165305,-2.5394445391037657,-2.4842070172514377,11738000.0,11999000.0,https://www.sedar.com/ModifyCompanyDocumentSearchForm.do?lang=EN&company_search=Echelon Financial Holdings Inc&document_selection=0&industry_group=A&FromDate=13&FromMonth=05&FromYear=2000&ToDate=13&ToMonth=11&ToYear=2020&Variable=Issuer,https://www.sedar.com/ModifyCompanyDocumentSearchForm.do?lang=EN&company_search=Echelon Financial Holdings Inc&document_selection=0&industry_group=A&FromDate=13&FromMonth=05&FromYear=2000&ToDate=13&ToMonth=11&ToYear=2020&Variable=Issuer,1620591493,16:18:13,20210509
4,2015-12-31,EFH.TO,CAD,2015-12-31,2015-12-31,FY,325546000,0.0,0.0,0.0,0.0,25140000.0,0.0,0.0,9325000.0,316923000.0,408000.0,4687000.0,0.0,0.0,0.0,0.02648780817457441,748000.0,8623000.0,0.02648780817457441,405000.0,8258000.0,0.025366614856272233,0.71,0.69,11669000.0,11969000.0,https://www.sedar.com/ModifyCompanyDocumentSearchForm.do?lang=EN&company_search=Echelon Financial Holdings Inc&document_selection=0&industry_group=A&FromDate=13&FromMonth=05&FromYear=2000&ToDate=13&ToMonth=11&ToYear=2020&Variable=Issuer,https://www.sedar.com/ModifyCompanyDocumentSearchForm.do?lang=EN&company_search=Echelon Financial Holdings Inc&document_selection=0&industry_group=A&FromDate=13&FromMonth=05&FromYear=2000&ToDate=13&ToMonth=11&ToYear=2020&Variable=Issuer,1620591493,16:18:13,20210509
5,2014-12-31,EFH.TO,CAD,2014-12-31,2014-12-31,FY,302367000,0.0,0.0,0.0,0.0,21104000.0,0.0,0.0,13872000.0,278584000.0,2391000.0,5122000.0,0.0,0.0,0.0,0.07865607027221885,0.0,23783000.0,0.07865607027221885,5051000.0,18722000.0,0.06191813260044912,1.61,1.56,11656000.0,11992000.0,https://www.sedar.com/ModifyCompanyDocumentSearchForm.do?lang=EN&company_search=Echelon Financial Holdings Inc&document_selection=0&industry_group=A&FromDate=13&FromMonth=05&FromYear=2000&ToDate=13&ToMonth=11&ToYear=2020&Variable=Issuer,https://www.sedar.com/ModifyCompanyDocumentSearchForm.do?lang=EN&company_search=Echelon Financial Holdings Inc&document_selection=0&industry_group=A&FromDate=13&FromMonth=05&FromYear=2000&ToDate=13&ToMonth=11&ToYear=2020&Variable=Issuer,1620591493,16:18:13,20210509
6,2013-12-31,EFH.TO,CAD,2013-12-31,2013-12-31,FY,223176000,0.0,0.0,0.0,0.0,16795000.0,0.0,0.0,6817000.0,207770000.0,281000.0,3426000.0,0.0,0.0,0.0,0.06903072014911998,0.0,15406000.0,0.06903072014911998,3039000.0,4681000.0,0.02097447754238807,0.4,0.39,11809000.0,12054000.0,https://www.sedar.com/ModifyCompanyDocumentSearchForm.do?lang=EN&company_search=Echelon Financial Holdings Inc&document_selection=0&industry_group=A&FromDate=13&FromMonth=05&FromYear=2000&ToDate=13&ToMonth=11&ToYear=2020&Variable=Issuer,https://www.sedar.com/ModifyCompanyDocumentSearchForm.do?lang=EN&company_search=Echelon Financial Holdings Inc&document_selection=0&industry_group=A&FromDate=13&FromMonth=05&FromYear=2000&ToDate=13&ToMonth=11&ToYear=2020&Variable=Issuer,1620591493,16:18:13,20210509
7,2012-12-31,EFH.TO,CAD,2012-12-31,2012-12-31,FY,212619000,0.0,0.0,0.0,0.0,23017000.0,0.0,0.0,8712000.0,185733000.0,3887000.0,3050000.0,0.0,0.0,0.0,0.12645154007873238,0.0,26886000.0,0.12645154007873238,7520000.0,20353000.0,0.09572521740766347,1.7,1.68,11990000.0,12085000.0,https://www.sedar.com/ModifyCompanyDocumentSearchForm.do?lang=EN&company_search=Echelon Financial Holdings Inc&document_selection=0&industry_group=A&FromDate=13&FromMonth=05&FromYear=2000&ToDate=13&ToMonth=11&ToYear=2020&Variable=Issuer,https://www.sedar.com/ModifyCompanyDocumentSearchForm.do?lang=EN&company_search=Echelon Financial Holdings Inc&document_selection=0&industry_group=A&FromDate=13&FromMonth=05&FromYear=2000&ToDate=13&ToMonth=11&ToYear=2020&Variable=Issuer,1620591493,16:18:13,20210509
8,2011-12-31,EFH.TO,CAD,2011-12-31,2011-12-31,FY,179314000,0.0,0.0,0.0,0.0,22266000.0,0.0,0.0,0.0,166702000.0,0.0,966000.0,0.0,0.0,0.0,0.07033472009993642,0.0,12612000.0,0.07033472009993642,5092000.0,7733000.0,0.0431254670577869,0.6412106135986733,0.6363561553653719,12060000.0,12152000.0,https://www.sedar.com/ModifyCompanyDocumentSearchForm.do?lang=EN&company_search=Echelon Financial Holdings Inc&document_selection=0&industry_group=A&FromDate=13&FromMonth=05&FromYear=2000&ToDate=13&ToMonth=11&ToYear=2020&Variable=Issuer,https://www.sedar.com/ModifyCompanyDocumentSearchForm.do?lang=EN&company_search=Echelon Financial Holdings Inc&document_selection=0&industry_group=A&FromDate=13&FromMonth=05&FromYear=2000&ToDate=13&ToMonth=11&ToYear=2020&Variable=Issuer,1620591493,16:18:13,20210509
9,2010-12-31,EFH.TO,CAD,2010-12-31,2010-12-31,FY,180454000,0.0,0.0,0.0,0.0,17732000.0,0.0,0.0,0.0,173264000.0,568000.0,953000.0,0.0,0.0,0.0,0.039843949150476024,0.0,7190000.0,0.039843949150476024,2957000.0,4233000.0,0.023457501634765645,0.35,0.33,12032000.0,12806000.0,https://www.sedar.com/ModifyCompanyDocumentSearchForm.do?lang=EN&company_search=Echelon Financial Holdings Inc&document_selection=0&industry_group=A&FromDate=13&FromMonth=05&FromYear=2000&ToDate=13&ToMonth=11&ToYear=2020&Variable=Issuer,https://www.sedar.com/ModifyCompanyDocumentSearchForm.do?lang=EN&company_search=Echelon Financial Holdings Inc&document_selection=0&industry_group=A&FromDate=13&FromMonth=05&FromYear=2000&ToDate=13&ToMonth=11&ToYear=2020&Variable=Issuer,1620591493,16:18:13,20210509
10,2009-12-31,EFH.TO,CAD,2009-12-31,2009-12-31,FY,167150000,0.0,0.0,0.0,0.0,16095000.0,0.0,0.0,0.0,159930000.0,1212000.0,1326000.0,0.0,0.0,0.0,0.0431947352677236,0.0,7220000.0,0.0431947352677236,2705000.0,4515000.0,0.027011666168112475,0.38,0.36,11808000.0,12611000.0,https://www.sedar.com/ModifyCompanyDocumentSearchForm.do?lang=EN&company_search=Echelon Financial Holdings Inc&document_selection=0&industry_group=A&FromDate=13&FromMonth=05&FromYear=2000&ToDate=13&ToMonth=11&ToYear=2020&Variable=Issuer,https://www.sedar.com/ModifyCompanyDocumentSearchForm.do?lang=EN&company_search=Echelon Financial Holdings Inc&document_selection=0&industry_group=A&FromDate=13&FromMonth=05&FromYear=2000&ToDate=13&ToMonth=11&ToYear=2020&Variable=Issuer,1620591493,16:18:13,20210509
11,2008-12-31,EFH.TO,CAD,2008-12-31,2008-12-31,FY,167264000,0.0,0.0,0.0,0.0,14229000.0,0.0,0.0,0.0,158308000.0,1216000.0,674000.0,0.0,0.0,0.0,0.05354409795293667,0.0,8956000.0,0.05354409795293667,2977000.0,5979000.0,0.03574588674191697,0.57,0.53,10532000.0,11346000.0,https://www.sedar.com/ModifyCompanyDocumentSearchForm.do?lang=EN&company_search=Echelon Financial Holdings Inc&document_selection=0&industry_group=A&FromDate=13&FromMonth=05&FromYear=2000&ToDate=13&ToMonth=11&ToYear=2020&Variable=Issuer,https://www.sedar.com/ModifyCompanyDocumentSearchForm.do?lang=EN&company_search=Echelon Financial Holdings Inc&document_selection=0&industry_group=A&FromDate=13&FromMonth=05&FromYear=2000&ToDate=13&ToMonth=11&ToYear=2020&Variable=Issuer,1620591493,16:18:13,20210509
12,2007-12-31,EFH.TO,CAD,2007-12-31,2007-12-31,FY,437006000,0.0,0.0,0.0,0.0,0.0,0.0,0.0,387668000.0,414070000.0,259000.0,406000.0,0.0,0.0,0.0,0.05248440524844052,304446000.0,22936000.0,0.05248440524844052,7871000.0,15065000.0,0.0344732108941296,1.56,1.45,9657051.0,10389655.0,https://www.sedar.com/ModifyCompanyDocumentSearchForm.do?lang=EN&company_search=Echelon Financial Holdings Inc&document_selection=0&industry_group=A&FromDate=13&FromMonth=05&FromYear=2000&ToDate=13&ToMonth=11&ToYear=2020&Variable=Issuer,https://www.sedar.com/ModifyCompanyDocumentSearchForm.do?lang=EN&company_search=Echelon Financial Holdings Inc&document_selection=0&industry_group=A&FromDate=13&FromMonth=05&FromYear=2000&ToDate=13&ToMonth=11&ToYear=2020&Variable=Issuer,1620591493,16:18:13,20210509
13,2006-12-31,EFH.TO,CAD,2006-12-31,2006-12-31,FY,223881000,0.0,0.0,0.0,0.0,0.0,0.0,0.0,178839000.0,198338000.0,0.0,433000.0,0.0,0.0,0.0,0.11409186130131632,108906000.0,25543000.0,0.11409186130131632,8562000.0,16981000.0,0.07584833013967242,1.76,1.67,9648295.0,10168263.0,https://www.sedar.com/ModifyCompanyDocumentSearchForm.do?lang=EN&company_search=Echelon Financial Holdings Inc&document_selection=0&industry_group=A&FromDate=13&FromMonth=05&FromYear=2000&ToDate=13&ToMonth=11&ToYear=2020&Variable=Issuer,https://www.sedar.com/ModifyCompanyDocumentSearchForm.do?lang=EN&company_search=Echelon Financial Holdings Inc&document_selection=0&industry_group=A&FromDate=13&FromMonth=05&FromYear=2000&ToDate=13&ToMonth=11&ToYear=2020&Variable=Issuer,1620591493,16:18:13,20210509
14,2005-12-31,EFH.TO,CAD,2005-12-31,2005-12-31,FY,208789000,0.0,0.0,0.0,0.0,0.0,0.0,0.0,179771000.0,191844000.0,0.0,625000.0,0.0,0.0,0.0,0.08115849015034317,124918000.0,16945000.0,0.08115849015034317,5737000.0,16877000.0,0.08083280249438428,2.09,1.96,8075120.0,8610714.0,https://www.sedar.com/ModifyCompanyDocumentSearchForm.do?lang=EN&company_search=Echelon Financial Holdings Inc&document_selection=0&industry_group=A&FromDate=13&FromMonth=05&FromYear=2000&ToDate=13&ToMonth=11&ToYear=2020&Variable=Issuer,https://www.sedar.com/ModifyCompanyDocumentSearchForm.do?lang=EN&company_search=Echelon Financial Holdings Inc&document_selection=0&industry_group=A&FromDate=13&FromMonth=05&FromYear=2000&ToDate=13&ToMonth=11&ToYear=2020&Variable=Issuer,1620591493,16:18:13,20210509
15,2004-12-31,EFH.TO,CAD,2004-12-31,2004-12-31,FY,37332000,0.0,0.0,0.0,0.0,0.0,0.0,0.0,0.0,5638000.0,0.0,155000.0,0.0,0.0,0.0,0.0,3717000.0,0.0,0.0,70000.0,6026000.0,0.16141647915997,2.6565,2.6565,2268279.0,2268279.0,https://www.sedar.com/ModifyCompanyDocumentSearchForm.do?lang=EN&company_search=Echelon Financial Holdings Inc&document_selection=0&industry_group=A&FromDate=13&FromMonth=05&FromYear=2000&ToDate=13&ToMonth=11&ToYear=2020&Variable=Issuer,https://www.sedar.com/ModifyCompanyDocumentSearchForm.do?lang=EN&company_search=Echelon Financial Holdings Inc&document_selection=0&industry_group=A&FromDate=13&FromMonth=05&FromYear=2000&ToDate=13&ToMonth=11&ToYear=2020&Variable=Issuer,1620591493,16:18:13,20210509
16,2003-12-31,EFH.TO,CAD,2003-12-31,2003-12-31,FY,30581000,0.0,0.0,0.0,0.0,0.0,0.0,0.0,0.0,4320000.0,0.0,340000.0,0.0,0.0,0.0,0.0,2234000.0,0.0,0.0,372000.0,3368000.0,0.11013374317386612,1.5183,1.5183,2218158.0,2218158.0,https://www.sedar.com/ModifyCompanyDocumentSearchForm.do?lang=EN&company_search=Echelon Financial Holdings Inc&document_selection=0&industry_group=A&FromDate=13&FromMonth=05&FromYear=2000&ToDate=13&ToMonth=11&ToYear=2020&Variable=Issuer,https://www.sedar.com/ModifyCompanyDocumentSearchForm.do?lang=EN&company_search=Echelon Financial Holdings Inc&document_selection=0&industry_group=A&FromDate=13&FromMonth=05&FromYear=2000&ToDate=13&ToMonth=11&ToYear=2020&Variable=Issuer,1620591493,16:18:13,20210509
