,date,symbol,reportedCurrency,fillingDate,acceptedDate,period,revenue,costOfRevenue,grossProfit,grossProfitRatio,researchAndDevelopmentExpenses,generalAndAdministrativeExpenses,sellingAndMarketingExpenses,otherExpenses,operatingExpenses,costAndExpenses,interestExpense,depreciationAndAmortization,ebitda,ebitdaratio,operatingIncome,operatingIncomeRatio,totalOtherIncomeExpensesNet,incomeBeforeTax,incomeBeforeTaxRatio,incomeTaxExpense,netIncome,netIncomeRatio,eps,epsdiluted,weightedAverageShsOut,weightedAverageShsOutDil,link,finalLink,timestamp,est_time,est_date
0,2020-03-31,EICHERMOT.NS,INR,2020-03-31,2020-03-31,FY,90988800000.0,51523200000.0,39465600000.0,0.4337412956319899,111200000.0,776800000.0,2664900000.0,193400000.0,21272500000.0,72795700000.0,188800000.0,3815400000.0,22008500000.0,0.2418814183723711,18193100000.0,0.19994878490539494,0.0,23548900000.0,0.2588109745375255,5274500000.0,18274400000.0,0.20084230147007104,66.952,66.919,272947380,273080660,https://www.nseindia.com/companies-listing/corporate-filings-annual-reports,https://www.nseindia.com/companies-listing/corporate-filings-annual-reports,1620591532,16:18:52,20210509
1,2019-03-31,EICHERMOT.NS,INR,2019-03-31,2019-03-31,FY,97510400000.0,52270100000.0,45240300000.0,0.4639535885402993,135900000.0,717000000.0,2263700000.0,241500000.0,19132600000.0,71402700000.0,73300000.0,3002800000.0,29110500000.0,0.2985373867813074,26107700000.0,0.26774272282751377,0.0,32972900000.0,0.33814752067471776,10770400000.0,22027300000.0,0.22589692996849567,80.776,80.686,272699040,273000970,https://www.nseindia.com/companies-listing/corporate-filings-annual-reports,https://www.nseindia.com/companies-listing/corporate-filings-annual-reports,1620591532,16:18:52,20210509
2,2018-03-31,EICHERMOT.NS,INR,2018-03-31,2018-03-31,FY,89252100000.0,47928500000.0,41323600000.0,0.46299862972411854,105400000.0,425200000.0,1943200000.0,50600000.0,15469900000.0,63398400000.0,53400000.0,2233000000.0,28086700000.0,0.3146895143083468,25853700000.0,0.28967049514801335,0.0,31156500000.0,0.349084223228361,9359300000.0,19596700000.0,0.21956570209552492,71.969,71.833,272293640,272808120,https://www.nseindia.com/companies-listing/corporate-filings-annual-reports,https://www.nseindia.com/companies-listing/corporate-filings-annual-reports,1620591532,16:18:52,20210509
3,2017-03-31,EICHERMOT.NS,INR,2017-03-31,2017-03-31,FY,70079200000.0,38203700000.0,31875500000.0,0.4548496558179888,72000000.0,601800000.0,1245600000.0,35200000.0,11551800000.0,49755500000.0,35600000.0,1538100000.0,21861800000.0,0.3119584698455462,20323700000.0,0.2900104453247183,0.0,23873800000.0,0.34066884325163527,7203000000.0,16670800000.0,0.23788513567506478,61.312,61.144,271899960,272649700,https://www.nseindia.com/companies-listing/corporate-filings-annual-reports,https://www.nseindia.com/companies-listing/corporate-filings-annual-reports,1620591532,16:18:52,20210509
4,2016-03-31,EICHERMOT.NS,INR,2016-03-31,2016-03-31,FY,83238900000.0,50154400000.0,33084500000.0,0.3974644066656335,0.0,0.0,0.0,1609600000.0,16336600000.0,66491000000.0,25300000.0,2080000000.0,18827900000.0,0.2261911197769312,16747900000.0,0.20120280301637816,0.0,18332200000.0,0.22023597140279363,5709700000.0,13300200000.0,0.15978346662437876,48.728073520984154,48.728073520984154,272947380,272947380,https://www.nseindia.com/companies-listing/corporate-filings-annual-reports,https://www.nseindia.com/companies-listing/corporate-filings-annual-reports,1620591532,16:18:52,20210509
5,2015-12-31,EICHERMOT.NS,INR,2015-12-31,2015-12-31,FY,0.0,0.0,0.0,0.0,0.0,0.0,0.0,0.0,0.0,0.0,0.0,0.0,0.0,0.0,0.0,0.0,0.0,0.0,0.0,0.0,0.0,0.0,347.7,346.25,27132010,27245632,https://www.nseindia.com/companies-listing/corporate-filings-annual-reports,https://www.nseindia.com/companies-listing/corporate-filings-annual-reports,1620591532,16:18:52,20210509
6,2014-12-31,EICHERMOT.NS,INR,2014-12-31,2014-12-31,FY,86916500000.0,58621000000.0,28295500000.0,0.32554808350543335,363000000.0,503300000.0,1696300000.0,79700000.0,19314900000.0,77935900000.0,97600000.0,2198200000.0,11178800000.0,0.1286153952356572,8980600000.0,0.10332445508045078,0.0,9926200000.0,0.1142038623276363,2908800000.0,6153600000.0,0.07079898523295347,22.722,22.611,270819610,272154350,https://www.nseindia.com/companies-listing/corporate-filings-annual-reports,https://www.nseindia.com/companies-listing/corporate-filings-annual-reports,1620591532,16:18:52,20210509
7,2013-12-31,EICHERMOT.NS,INR,2013-12-31,2013-12-31,FY,67295600000.0,47034700000.0,20260900000.0,0.3010731756608159,292300000.0,330200000.0,1436600000.0,21400000.0,14396700000.0,61431400000.0,78600000.0,1300400000.0,7164600000.0,0.10646461284244438,5864200000.0,0.08714091263024626,0.0,6705600000.0,0.09964395889181463,1451800000.0,3939400000.0,0.05853874547518709,14.584,14.504,270105950,271603910,https://www.nseindia.com/companies-listing/corporate-filings-annual-reports,https://www.nseindia.com/companies-listing/corporate-filings-annual-reports,1620591532,16:18:52,20210509
8,2012-12-31,EICHERMOT.NS,INR,2012-12-31,2012-12-31,FY,63613200000.0,46333900000.0,17279300000.0,0.2716307307288424,213200000.0,312100000.0,1211400000.0,6600000.0,12534100000.0,58868000000.0,37900000.0,821700000.0,5566900000.0,0.08751171140580885,4745200000.0,0.07459458099891217,0.0,5997000000.0,0.09427288675935183,1248500000.0,3242600000.0,0.05097369728295385,12.011,11.941,269969160,271549940,https://www.nseindia.com/companies-listing/corporate-filings-annual-reports,https://www.nseindia.com/companies-listing/corporate-filings-annual-reports,1620591532,16:18:52,20210509
9,2011-12-31,EICHERMOT.NS,INR,2011-12-31,2011-12-31,FY,61234100000.0,42669900000.0,18564200000.0,0.30316767944658285,0.0,2501400000.0,665400000.0,0.0,7404000000.0,50073900000.0,0.0,639600000.0,11799800000.0,0.1926998192183767,11160200000.0,0.18225465876039657,0.0,6602000000.0,0.10781574318884413,1628000000.0,4974000000.0,0.08122924971543634,11.448,11.403,269712510,270780110,https://www.nseindia.com/companies-listing/corporate-filings-annual-reports,https://www.nseindia.com/companies-listing/corporate-filings-annual-reports,1620591532,16:18:52,20210509
10,2010-12-31,EICHERMOT.NS,INR,2010-12-31,2010-12-31,FY,43970800000.0,33657500000.0,10313300000.0,0.23454883695543405,0.0,0.0,525200000.0,-9400000.0,6023300000.0,39680800000.0,0.0,573000000.0,4863000000.0,0.11059612288154866,4290000000.0,0.09756474751425946,0.0,4176700000.0,0.09498803751580594,1108200000.0,3068500000.0,0.06978494819289165,7.054,7.028,267823160,268810620,https://www.nseindia.com/companies-listing/corporate-filings-annual-reports,https://www.nseindia.com/companies-listing/corporate-filings-annual-reports,1620591532,16:18:52,20210509
11,2009-12-31,EICHERMOT.NS,INR,2009-12-31,2009-12-31,FY,29386300000.0,22354200000.0,7032100000.0,0.23929858471464593,0.0,0.0,361500000.0,-10400000.0,5040500000.0,27394700000.0,0.0,538800000.0,2530400000.0,0.08610815243838114,1991600000.0,0.06777307793087255,0.0,1873100000.0,0.06374058659987818,578200000.0,1294900000.0,0.04406475126164233,3.078,3.069,270948560,271751100,https://www.nseindia.com/companies-listing/corporate-filings-annual-reports,https://www.nseindia.com/companies-listing/corporate-filings-annual-reports,1620591532,16:18:52,20210509
12,2008-12-31,EICHERMOT.NS,INR,2008-12-31,2008-12-31,FY,17179600000.0,13112600000.0,4067000000.0,0.23673426622272928,0.0,0.0,344300000.0,-30300000.0,3733300000.0,16845900000.0,0.0,368900000.0,702600000.0,0.04089734336073017,333700000.0,0.019424200796293277,0.0,587600000.0,0.034203357470488256,85300000.0,672900000.0,0.03916854874385899,2.228,2.228,280939500,280939500,https://www.nseindia.com/companies-listing/corporate-filings-annual-reports,https://www.nseindia.com/companies-listing/corporate-filings-annual-reports,1620591532,16:18:52,20210509
13,2008-03-31,EICHERMOT.NS,INR,2008-03-31,2008-03-31,FY,22625400000.0,16403000000.0,6222400000.0,0.27501834221715415,0.0,0.0,449200000.0,-10700000.0,5244000000.0,21647000000.0,0.0,507200000.0,1485600000.0,0.06566071760057281,978400000.0,0.04324343437022108,0.0,758200000.0,0.03351100975010386,210600000.0,547600000.0,0.024202887020781952,1.949,1.946,280939500,281453760,https://www.nseindia.com/companies-listing/corporate-filings-annual-reports,https://www.nseindia.com/companies-listing/corporate-filings-annual-reports,1620591532,16:18:52,20210509
14,2007-03-31,EICHERMOT.NS,INR,2007-03-31,2007-03-31,FY,19820500000.0,14568100000.0,5252400000.0,0.2649983602835448,0.0,0.0,636200000.0,-4100000.0,4299700000.0,18867800000.0,0.0,451300000.0,1404000000.0,0.07083575086400444,952700000.0,0.0480663959032315,0.0,768800000.0,0.03878812340758306,241500000.0,527300000.0,0.026603768825206226,1.877,1.874,280939500,281333420,https://www.nseindia.com/companies-listing/corporate-filings-annual-reports,https://www.nseindia.com/companies-listing/corporate-filings-annual-reports,1620591532,16:18:52,20210509
15,2006-03-31,EICHERMOT.NS,INR,2006-03-31,2006-03-31,FY,16672600000.0,12538300000.0,4134300000.0,0.24796972277869078,0.0,0.0,630400000.0,0.0,3668600000.0,16206900000.0,0.0,501900000.0,967600000.0,0.058035339419166776,465700000.0,0.027932056187997073,0.0,1936100000.0,0.11612465962117487,-183300000.0,2119400000.0,0.12711874572652135,7.544,7.544,280939500,280939500,https://www.nseindia.com/companies-listing/corporate-filings-annual-reports,https://www.nseindia.com/companies-listing/corporate-filings-annual-reports,1620591532,16:18:52,20210509
16,2005-03-31,EICHERMOT.NS,INR,2005-03-31,2005-03-31,FY,19825600000.0,14857600000.0,4968000000.0,0.2505851020902268,0.0,0.0,941600000.0,-5600000.0,3904600000.0,18762200000.0,0.0,483700000.0,1547100000.0,0.07803546929222822,1063400000.0,0.05363772092647889,0.0,735000000.0,0.037073278992817364,146500000.0,588500000.0,0.029683843111936083,2.095,2.095,280939500,280939500,https://www.nseindia.com/companies-listing/corporate-filings-annual-reports,https://www.nseindia.com/companies-listing/corporate-filings-annual-reports,1620591532,16:18:52,20210509
17,2004-03-31,EICHERMOT.NS,INR,2004-03-31,2004-03-31,FY,13647000000.0,9519500000.0,4127500000.0,0.3024474243423463,0.0,0.0,829700000.0,-2300000.0,3206500000.0,12726000000.0,0.0,422800000.0,1343800000.0,0.0984685278815857,921000000.0,0.06748735985930975,0.0,575600000.0,0.04217776800762072,239400000.0,336200000.0,0.024635451014875066,1.197,1.197,280939500,280939500,https://www.nseindia.com/companies-listing/corporate-filings-annual-reports,https://www.nseindia.com/companies-listing/corporate-filings-annual-reports,1620591532,16:18:52,20210509
