,date,symbol,reportedCurrency,fillingDate,acceptedDate,period,revenue,costOfRevenue,grossProfit,grossProfitRatio,researchAndDevelopmentExpenses,generalAndAdministrativeExpenses,sellingAndMarketingExpenses,otherExpenses,operatingExpenses,costAndExpenses,interestExpense,depreciationAndAmortization,ebitda,ebitdaratio,operatingIncome,operatingIncomeRatio,totalOtherIncomeExpensesNet,incomeBeforeTax,incomeBeforeTaxRatio,incomeTaxExpense,netIncome,netIncomeRatio,eps,epsdiluted,weightedAverageShsOut,weightedAverageShsOutDil,link,finalLink,timestamp,est_time,est_date
0,2020-12-31,BCRX,USD,2021-03-01,2021-03-01 09:19:27,FY,17812000.0,1676000.0,16136000.0,0.9059061306984055,122964000.0,67929000.0,0.0,113510000.0,190893000.0,192569000.0,14501000.0,748000.0,-174009000.0,-9.769200538962497,-174757000.0,-9.811194700202112,-2976000.0,-182814000.0,-10.263530204356613,0.0,-182814000.0,-10.263530204356613,-1.09,-1.09,167267000.0,167267000.0,https://www.sec.gov/Archives/edgar/data/882796/000117184321001411/0001171843-21-001411-index.htm,https://www.sec.gov/Archives/edgar/data/882796/000117184321001411/bcrx20201231_10k.htm,1620589227,15:40:27,20210509
1,2019-12-31,BCRX,USD,2020-03-13 00:00:00,2020-03-13 15:36:11,FY,48835000.0,4101000.0,44734000.0,0.9160233439131771,107068000.0,37121000.0,0.0,0.0,144189000.0,148290000.0,11892000.0,724000.0,-98731000.0,-2.0217262209480906,-99455000.0,-2.0365516535271833,517000.0,-108897000.0,-2.229896590560049,0.0,-108897000.0,-2.229896590560049,-0.94,-0.94,115600000.0,115600000.0,https://www.sec.gov/Archives/edgar/data/882796/000117184320001710/0001171843-20-001710-index.html,https://www.sec.gov/Archives/edgar/data/882796/000117184320001710/f10k_031320p.htm,1620589227,15:40:27,20210509
2,2018-12-31,BCRX,USD,2019-03-14 00:00:00,2019-03-14 16:10:28,FY,20653000.0,471000.0,20182000.0,0.9771945964266693,84888000.0,29514000.0,0.0,0.0,114402000.0,114873000.0,9176000.0,770000.0,-93450000.0,-4.524766377765942,-94220000.0,-4.562049096983489,-108000.0,-101252000.0,-4.902532319759842,0.0,-101252000.0,-4.902532319759842,-0.98,-0.98,103185000.0,103185000.0,https://www.sec.gov/Archives/edgar/data/882796/000117184319001727/0001171843-19-001727-index.html,https://www.sec.gov/Archives/edgar/data/882796/000117184319001727/f10k_031219p.htm,1620589227,15:40:27,20210509
3,2017-12-31,BCRX,USD,2018-03-12 00:00:00,2018-03-12 14:51:31,FY,25186000.0,1702000.0,23484000.0,0.9324227745572937,66962000.0,13933000.0,0.0,0.0,80895000.0,82597000.0,8565000.0,704000.0,-56707000.0,-2.2515286270150083,-57411000.0,-2.279480663860875,-821000.0,-65782000.0,-2.6118478519812593,0.0,-65782000.0,-2.6118478519812593,-0.78,-0.78,84451000.0,84451000.0,https://www.sec.gov/Archives/edgar/data/882796/000117184318001855/0001171843-18-001855-index.html,https://www.sec.gov/Archives/edgar/data/882796/000117184318001855/f10k_022718p.htm,1620589227,15:40:27,20210509
4,2016-12-31,BCRX,USD,2017-02-27 00:00:00,2017-02-27 16:04:25,FY,26353000.0,2699000.0,23654000.0,0.8975828178954958,61008000.0,11253000.0,0.0,0.0,72261000.0,74960000.0,6487000.0,483000.0,-48124000.0,-1.8261298523887224,-48607000.0,-1.8444579364778204,-843000.0,-55144000.0,-2.092513186354495,0.0,-55144000.0,-2.092513186354495,-0.75,-0.75,73699000.0,73699000.0,https://www.sec.gov/Archives/edgar/data/882796/000117184317001159/0001171843-17-001159-index.html,https://www.sec.gov/Archives/edgar/data/882796/000117184317001159/f10k_022717p.htm,1620589227,15:40:27,20210509
5,2015-12-31,BCRX,USD,2016-02-26 00:00:00,2016-02-26 16:20:39,FY,48257000.0,1896000.0,46361000.0,0.9607103632633608,72758000.0,13047000.0,0.0,0.0,85805000.0,87701000.0,5200000.0,180000.0,-39264000.0,-0.8136436164701494,-39444000.0,-0.8173736452742607,1090000.0,-43019000.0,-0.8914561618003606,0.0,-43019000.0,-0.8914561618003606,-0.59,-0.59,72901000.0,72901000.0,https://www.sec.gov/Archives/edgar/data/882796/000117184316008207/0001171843-16-008207-index.html,https://www.sec.gov/Archives/edgar/data/882796/000117184316008207/f10k_022616p.htm,1620589227,15:40:27,20210509
6,2014-12-31,BCRX,USD,2015-03-02,2015-03-02 17:06:13,FY,13608000.0,122000.0,13486000.0,0.9910346854791299,51796000.0,7461000.0,0.0,0.0,59257000.0,59379000.0,4998000.0,177000.0,-45594000.0,-3.3505291005291005,-45771000.0,-3.363536155202822,5487000.0,-45189000.0,-3.320767195767196,0.0,-45189000.0,-3.320767195767196,-0.68,-0.68,66773000.0,66773000.0,https://www.sec.gov/Archives/edgar/data/882796/000117184315001186/gff10k_030215.htm,https://www.sec.gov/Archives/edgar/data/882796/000117184315001186/gff10k_030215.htm,1620589227,15:40:27,20210509
7,2013-12-31,BCRX,USD,2014-03-10,2014-03-10 16:28:02,FY,17331000.0,98000.0,17233000.0,0.9943453926490105,42730000.0,5220000.0,0.0,0.0,47950000.0,48048000.0,4778000.0,304000.0,-30413000.0,-1.7548323812820956,-30717000.0,-1.7723732040851654,5294000.0,-30108000.0,-1.737233858404016,0.0,-30108000.0,-1.737233858404016,-0.55,-0.55,55216000.0,55216000.0,https://www.sec.gov/Archives/edgar/data/882796/000119312514091609/0001193125-14-091609-index.htm,https://www.sec.gov/Archives/edgar/data/882796/000119312514091609/d668682d10k.htm,1620589227,15:40:27,20210509
8,2012-12-31,BCRX,USD,2013-03-11 00:00:00,2013-03-11 15:55:04,FY,26293000.0,132000.0,26161000.0,0.9949796523789601,51464000.0,6826000.0,0.0,0.0,58290000.0,58422000.0,4666000.0,628000.0,-31501000.0,-1.1980755334119348,-32129000.0,-1.221960217548397,-2508000.0,-39081000.0,-1.4863651922564942,0.0,-39081000.0,-1.4863651922564942,-0.79,-0.79,49474000.0,49474000.0,https://www.sec.gov/Archives/edgar/data/882796/000119312513100999/0001193125-13-100999-index.html,https://www.sec.gov/Archives/edgar/data/882796/000119312513100999/d444056d10k.htm,1620589227,15:40:27,20210509
9,2011-12-31,BCRX,USD,2012-03-06 00:00:00,2012-03-06 15:40:05,FY,19643000.0,0.0,19643000.0,1.0,56898000.0,12332000.0,0.0,0.0,69230000.0,69230000.0,3774000.0,886000.0,-48701000.0,-2.479305605050145,-49587000.0,-2.5244107315583157,-4000000.0,-56948000.0,-2.8991498243649136,0.0,-56948000.0,-2.8991498243649136,-1.26,-1.26,45144000.0,45144000.0,https://www.sec.gov/Archives/edgar/data/882796/000119312512098926/0001193125-12-098926-index.html,https://www.sec.gov/Archives/edgar/data/882796/000119312512098926/d306545d10k.htm,1620589227,15:40:27,20210509
10,2010-12-31,BCRX,USD,2011-03-15,2011-03-15 16:23:31,FY,62381336.0,86459.0,62294877.0,0.9986140245537544,82473014.0,14178581.0,0.0,0.0,96651595.0,96738054.0,0.0,2267369.0,-32089349.0,-0.5144062480482945,-34356718.0,-0.5507531611698729,0.0,0.0,0.0,0.0,-33853183.0,-0.542681275694384,-0.73,-0.73,44564000.0,44564000.0,https://www.sec.gov/Archives/edgar/data/882796/000095012311025567/0000950123-11-025567-index.htm,https://www.sec.gov/Archives/edgar/data/882796/000095012311025567/g26459e10vk.htm,1620589227,15:40:27,20210509
11,2009-12-31,BCRX,USD,2010-03-09 00:00:00,2010-03-09 14:20:08,FY,74589319.0,4543914.0,70045405.0,0.9390809024546799,72301442.0,11481187.0,0.0,0.0,83782629.0,88326543.0,0.0,1612514.0,-12124710.0,-0.162552898492075,-13737224.0,-0.18417146294096076,0.0,0.0,0.0,0.0,-13451535.0,-0.18034130329035447,-0.35,-0.35,38926000.0,38926000.0,https://www.sec.gov/Archives/edgar/data/882796/000095012310022477/0000950123-10-022477-index.html,https://www.sec.gov/Archives/edgar/data/882796/000095012310022477/g22405e10vk.htm,1620589227,15:40:27,20210509
12,2008-12-31,BCRX,USD,2009-03-06 00:00:00,2009-03-06 17:22:09,FY,56561369.0,0.0,0.0,0.0,73326634.0,10399227.0,0.0,0.0,83725861.0,83725861.0,0.0,1625878.0,-25538614.0,-0.45152043614785914,-27164492.0,-0.4802658153482813,0.0,0.0,0.0,0.0,-24731570.0,-0.43725196962612417,-0.65,-0.65,38062131.0,38062131.0,https://www.sec.gov/Archives/edgar/data/882796/000095014409001988/0000950144-09-001988-index.html,https://www.sec.gov/Archives/edgar/data/882796/000095014409001988/g17975e10vk.htm,1620589227,15:40:27,20210509
13,2007-12-31,BCRX,USD,2008-03-04,2008-03-04 15:26:56,FY,71237901.0,0.0,0.0,0.0,94051996.0,9465962.0,0.0,0.0,103517958.0,103517958.0,0.0,1369713.0,-30910344.0,-0.43390307078250384,-32280057.0,-0.453130377886906,0.0,0.0,0.0,0.0,-29055524.0,-0.4078660880252494,-0.89,-0.89,32770923.0,32770923.0,https://www.sec.gov/Archives/edgar/data/882796/000095014408001624/0000950144-08-001624-index.htm,https://www.sec.gov/Archives/edgar/data/882796/000095014408001624/g12086e10vk.htm,1620589227,15:40:27,20210509
14,2006-12-31,BCRX,USD,2007-03-14,2007-03-14 17:29:59,FY,6211936.0,0.0,6211936.0,1.0,47083372.0,6108373.0,0.0,0.0,53191745.0,53191745.0,0.0,821195.0,-46158614.0,-7.430632575738063,-46979809.0,-7.562828882976257,0.0,0.0,0.0,0.0,-43617853.0,-7.021619829953174,-1.5,-1.5,29147397.0,29147397.0,https://www.sec.gov/Archives/edgar/data/882796/000095014407002193/0000950144-07-002193-index.htm,https://www.sec.gov/Archives/edgar/data/882796/000095014407002193/g06036e10vk.htm,1620589227,15:40:27,20210509
15,2005-12-31,BCRX,USD,2006-03-09 00:00:00,2006-03-09 14:47:18,FY,151867.0,0.0,151867.0,1.0,23642377.0,3686323.0,0.0,0.0,27328700.0,27328700.0,0.0,864567.0,-26312266.0,-173.2586144455346,-27176833.0,-178.95153654184253,0.0,0.0,0.0,0.0,-26098768.0,-171.8527922458467,-1.01,-1.01,25721031.0,25721031.0,https://www.sec.gov/Archives/edgar/data/882796/000120677406000397/0001206774-06-000397-index.html,https://www.sec.gov/Archives/edgar/data/882796/000120677406000397/bc71797.htm,1620589227,15:40:27,20210509
16,2004-12-31,BCRX,USD,2005-03-16,2005-03-16 15:38:32,FY,336901.0,0.0,0.0,0.0,18868112.0,3212316.0,0.0,0.0,22088767.0,22088767.0,0.0,969449.0,-20782417.0,-61.68701487974212,-21751866.0,-64.56456347710456,-8339.0,0.0,0.0,0.0,-21104121.0,-62.64190667288016,-1.0,-1.0,21165311.0,21165311.0,https://www.sec.gov/Archives/edgar/data/882796/000120677405000364/0001206774-05-000364-index.htm,https://www.sec.gov/Archives/edgar/data/882796/000120677405000364/bp7143110k.htm,1620589227,15:40:27,20210509
17,2003-12-31,BCRX,USD,2004-03-19,2004-03-19 11:07:25,FY,1634000.0,0.0,1634000.0,1.0,11522000.0,2812000.0,0.0,0.0,14334000.0,14334000.0,0.0,1101000.0,-11599000.0,-7.098531211750306,-12700000.0,-7.7723378212974294,0.0,0.0,0.0,0.0,-12700000.0,-7.7723378212974294,-0.72,-0.72,17703441.0,17703441.0,https://www.sec.gov/Archives/edgar/data/882796/000120677404000222/0001206774-04-000222-index.htm,https://www.sec.gov/Archives/edgar/data/882796/000120677404000222/d14190.htm,1620589227,15:40:27,20210509
18,2002-12-31,BCRX,USD,2003-03-21,2003-03-21 17:19:37,FY,1774524.0,0.0,0.0,0.0,15473491.0,2855804.0,0.0,0.0,18329295.0,18329295.0,0.0,1246618.0,-15308153.0,-8.626624942801563,-16554771.0,-9.329133333784158,-373900.0,0.0,0.0,0.0,-16928671.0,-9.53983772549709,-0.96,-0.96,17642746.0,17642746.0,https://www.sec.gov/Archives/edgar/data/882796/000116923203002194/0001169232-03-002194-index.htm,https://www.sec.gov/Archives/edgar/data/882796/000116923203002194/d54500_10-k.htm,1620589227,15:40:27,20210509
19,2001-12-31,BCRX,USD,2002-03-25,2002-03-25 00:00:00,FY,11157634.0,0.0,0.0,0.0,13091057.0,3052089.0,0.0,0.0,16143146.0,16143146.0,0.0,1049435.0,-3936077.0,-0.35276986142402594,-4985512.0,-0.4468251960944408,0.0,0.0,0.0,0.0,-4985976.0,-0.44686678197187685,-0.28,-0.28,17560143.0,17560143.0,https://www.sec.gov/Archives/edgar/data/882796/000089155402001467/0000891554-02-001467-index.htm,https://www.sec.gov/Archives/edgar/data/882796/000089155402001467/d50046_10k.htm,1620589227,15:40:27,20210509
20,2000-12-31,BCRX,USD,2001-03-28,2001-03-28 00:00:00,FY,3315594.0,0.0,0.0,0.0,9590352.0,3557256.0,0.0,0.0,13147608.0,13147608.0,0.0,669214.0,-9162800.0,-2.7635470446622836,-9832014.0,-2.965385387957633,0.0,0.0,0.0,0.0,-11577842.0,-3.4919359849245715,-0.6628264420407387,-0.6106041308370896,17467381.0,18961290.0,https://www.sec.gov/Archives/edgar/data/882796/000089155401501619/0000891554-01-501619-index.htm,https://www.sec.gov/Archives/edgar/data/882796/000089155401501619/d70432_form10k.htm,1620589227,15:40:27,20210509
21,1999-12-31,BCRX,USD,1999-12-31,1999-12-31,FY,2500000.0,-500000.0,3000000.0,1.2,7700000.0,2900000.0,0.0,0.0,11100000.0,10600000.0,0.0,500000.0,-7600000.0,-3.04,-8100000.0,-3.24,1200000.0,0.0,0.0,0.0,-5300000.0,-2.12,-0.34,-0.34,15380100.0,15380100.0,,,1620589227,15:40:27,20210509
22,1998-12-31,BCRX,USD,1998-12-31,1998-12-31,FY,6400000.0,-500000.0,6900000.0,1.078125,9300000.0,3100000.0,0.0,0.0,12900000.0,12400000.0,0.0,500000.0,-5500000.0,-0.859375,-6000000.0,-0.9375,1300000.0,0.0,0.0,0.0,-4800000.0,-0.75,-0.34,-0.34,14120364.0,14120364.0,,,1620589227,15:40:27,20210509
23,1997-12-31,BCRX,USD,1997-12-31,1997-12-31,FY,1000000.0,-600000.0,1600000.0,1.6,10600000.0,2700000.0,0.0,0.0,13900000.0,13300000.0,0.0,600000.0,-11700000.0,-11.7,-12300000.0,-12.3,1700000.0,0.0,0.0,0.0,-10600000.0,-10.6,-0.77,-0.77,13779698.0,13779698.0,,,1620589227,15:40:27,20210509
24,1996-12-31,BCRX,USD,1996-12-31,1996-12-31,FY,2700000.0,7100000.0,-4400000.0,-1.6296296296296295,0.0,2700000.0,0.0,0.0,3200000.0,10300000.0,0.0,500000.0,-7100000.0,-2.6296296296296298,-7600000.0,-2.814814814814815,0.0,0.0,0.0,0.0,-7700000.0,-2.8518518518518516,-0.69,-0.69,11171035.0,11171035.0,,,1620589227,15:40:27,20210509
25,1995-12-31,BCRX,USD,1995-12-31,1995-12-31,FY,200000.0,6500000.0,-6300000.0,-31.5,0.0,2200000.0,0.0,0.0,2800000.0,9300000.0,0.0,600000.0,-8500000.0,-42.5,-9100000.0,-45.5,700000.0,0.0,0.0,0.0,-8600000.0,-43.0,-0.96,-0.96,8958333.0,8958333.0,,,1620589227,15:40:27,20210509
26,1994-12-31,BCRX,USD,1994-12-31,1994-12-31,FY,700000.0,5000000.0,-4300000.0,-6.142857142857143,0.0,1900000.0,0.0,0.0,2500000.0,7500000.0,0.0,600000.0,-6200000.0,-8.857142857142858,-6800000.0,-9.714285714285714,0.0,0.0,0.0,0.0,-6900000.0,-9.857142857142858,-1.02,-1.02,6764706.0,6764706.0,,,1620589227,15:40:27,20210509
