,date,symbol,reportedCurrency,fillingDate,acceptedDate,period,revenue,costOfRevenue,grossProfit,grossProfitRatio,researchAndDevelopmentExpenses,generalAndAdministrativeExpenses,sellingAndMarketingExpenses,otherExpenses,operatingExpenses,costAndExpenses,interestExpense,depreciationAndAmortization,ebitda,ebitdaratio,operatingIncome,operatingIncomeRatio,totalOtherIncomeExpensesNet,incomeBeforeTax,incomeBeforeTaxRatio,incomeTaxExpense,netIncome,netIncomeRatio,eps,epsdiluted,weightedAverageShsOut,weightedAverageShsOutDil,link,finalLink,timestamp,est_time,est_date
0,2020-12-31,0002.HK,HKD,2020-12-31,2020-12-31,FY,79590000000,51554000000.0,28036000000.0,0.35225530845583614,0.0,0.0,0.0,607000000.0,0.0,64874000000,1625000000.0,8476000000.0,23192000000,0.2913933911295389,14716000000,0.18489760020103027,0.0,15501000000,0.1947606483226536,2993000000,11594000000,0.1456715667797462,4.53,4.53,2526451000,2526451000,https://www1.hkexnews.hk/search/titlesearch.xhtml,https://www1.hkexnews.hk/search/titlesearch.xhtml,1620584456,14:20:56,20210509
1,2019-12-31,0002.HK,HKD,2019-12-31,2019-12-31,FY,84941000000,59006000000.0,25935000000.0,0.3053295817096573,0.0,0.0,0.0,-5633000000.0,0.0,71659000000,1736000000.0,8118000000.0,21400000000,0.25193958159192853,13282000000,0.15636736087401842,0.0,8541000000,0.10055214796152624,2787000000,4869000000,0.057322141250985975,1.84,1.84,2526451000,2526451000,https://www1.hkexnews.hk/search/titlesearch.xhtml,https://www1.hkexnews.hk/search/titlesearch.xhtml,1620584456,14:20:56,20210509
2,2018-12-31,0002.HK,HKD,2018-12-31,2018-12-31,FY,87930000000,60809000000.0,27121000000.0,0.3084385306493802,0.0,0.0,0.0,3495000000.0,0.0,73263000000,1790000000.0,8005000000.0,22672000000,0.2578414648015467,14667000000,0.1668031388604572,0.0,18641000000,0.21199818037074947,4014000000,13800000000,0.15694302285909245,5.36,5.36,2526451000,2526451000,https://www1.hkexnews.hk/search/titlesearch.xhtml,https://www1.hkexnews.hk/search/titlesearch.xhtml,1620584456,14:20:56,20210509
3,2017-12-31,0002.HK,HKD,2017-12-31,2017-12-31,FY,88931000000,61812000000.0,27119000000.0,0.3049442826460964,0.0,0.0,0.0,3142000000.0,0.0,73375000000,1686000000.0,7368000000.0,22924000000,0.25777288009805355,15556000000,0.17492213064060902,0.0,18127000000,0.20383218450259188,2780000000,14498000000,0.16302526677986304,5.64,5.64,2526451000,2526451000,https://www1.hkexnews.hk/search/titlesearch.xhtml,https://www1.hkexnews.hk/search/titlesearch.xhtml,1620584456,14:20:56,20210509
4,2016-12-31,0002.HK,HKD,2016-12-31,2016-12-31,FY,77296000000,51487000000.0,25809000000.0,0.3338982612295591,0.0,0.0,0.0,2138000000.0,0.0,62288000000,1733000000.0,6909000000.0,21917000000,0.2835463672117574,15008000000,0.19416269923411303,0.0,16663000000,0.21557389774373836,2855000000,12958000000,0.16764127509832333,5.03,5.03,2526451000,2526451000,https://www1.hkexnews.hk/search/titlesearch.xhtml,https://www1.hkexnews.hk/search/titlesearch.xhtml,1620584456,14:20:56,20210509
5,2015-12-31,0002.HK,HKD,2015-12-31,2015-12-31,FY,77291000000,57166000000.0,20125000000.0,0.26037960435238255,0.0,0.0,0.0,3409000000.0,0.0,67580000000,2108000000.0,6765000000.0,16476000000,0.21316841546881266,9711000000,0.12564205405545276,0.0,20345000000,0.2632259900894024,3582000000,15917000000,0.205936008073385,6.2,6.2,2526451000,2526451000,https://www1.hkexnews.hk/search/titlesearch.xhtml,https://www1.hkexnews.hk/search/titlesearch.xhtml,1620584456,14:20:56,20210509
6,2014-12-31,0002.HK,HKD,2014-12-31,2014-12-31,FY,91803000000,65011000000.0,26792000000.0,0.29184231452131193,0.0,0.0,0.0,456000000.0,0.0,79389000000,2382000000.0,6791000000.0,19205000000,0.2091979564937965,12414000000,0.13522433907388648,0.0,13204000000,0.14382972234022853,1268000000,11373000000,0.12388484036469397,4.44,4.44,2526451000,2526451000,https://www1.hkexnews.hk/search/titlesearch.xhtml,https://www1.hkexnews.hk/search/titlesearch.xhtml,1620584456,14:20:56,20210509
7,2013-12-31,0002.HK,HKD,2013-12-31,2013-12-31,FY,101752000000,72803000000.0,28949000000.0,0.28450546426605866,0.0,0.0,0.0,3529000000.0,0.0,96375000000,2468000000.0,7592000000.0,12969000000,0.12745695416306313,5377000000,0.052844170139161886,0.0,5840000000,0.05739444924915481,-232000000,6060000000,0.05955656891265036,2.4,2.4,2526451000,2526451000,https://www1.hkexnews.hk/search/titlesearch.xhtml,https://www1.hkexnews.hk/search/titlesearch.xhtml,1620584456,14:20:56,20210509
8,2012-12-31,0002.HK,HKD,2012-12-31,2012-12-31,FY,104119000000,68442000000.0,35677000000.0,0.3426559993853187,0.0,0.0,0.0,742000000.0,0.0,91760000000,2980000000.0,7021000000.0,19380000000,0.1861331745406698,12359000000,0.11870071744830435,0.0,9984000000,0.09589027939184971,1692000000,8312000000,0.07983173100010565,3.45,3.45,2410088000,2410088000,https://www1.hkexnews.hk/search/titlesearch.xhtml,https://www1.hkexnews.hk/search/titlesearch.xhtml,1620584456,14:20:56,20210509
9,2011-12-31,0002.HK,HKD,2011-12-31,2011-12-31,FY,91634000000,55316000000.0,36318000000.0,0.39633760394613354,0.0,12169000000.0,0.0,0.0,0.0,75685000000,6005000000.0,6353000000.0,22302000000,0.2433812776916865,15949000000,0.1740511163978436,0.0,10939000000,0.11937708710740555,1650000000,9288000000,0.10135975729532706,3.86,3.86,2406143000,2406143000,https://www1.hkexnews.hk/search/titlesearch.xhtml,https://www1.hkexnews.hk/search/titlesearch.xhtml,1620584456,14:20:56,20210509
10,2010-12-31,0002.HK,HKD,2010-12-31,2010-12-31,FY,58410000000,21740000000.0,36670000000.0,0.6278034583119328,0.0,10098000000.0,0.0,0.0,0.0,46413000000,3883000000.0,5065000000.0,17062000000,0.2921075158363294,11997000000,0.2053929121725732,0.0,11179000000,0.19138846087998632,844000000,10332000000,0.1768875192604006,4.29,4.29,2406143000,2406143000,https://www1.hkexnews.hk/search/titlesearch.xhtml,https://www1.hkexnews.hk/search/titlesearch.xhtml,1620584456,14:20:56,20210509
11,2009-12-31,0002.HK,HKD,2009-12-31,2009-12-31,FY,50668000000,18306000000.0,32362000000.0,0.6387068761348386,0.0,9201000000.0,0.0,0.0,0.0,39821000000,1013000000.0,4332000000.0,15179000000,0.2995776426936133,10847000000,0.21407989263440436,0.0,9854000000,0.19448172416515355,1665000000,8196000000,0.1617589010815505,3.41,3.41,2406143000,2406143000,https://www1.hkexnews.hk/search/titlesearch.xhtml,https://www1.hkexnews.hk/search/titlesearch.xhtml,1620584456,14:20:56,20210509
12,2008-12-31,0002.HK,HKD,2008-12-31,2008-12-31,FY,54297000000,18235000000.0,36062000000.0,0.6641619242315413,0.0,9102000000.0,0.0,0.0,0.0,41717000000,4028000000.0,4055000000.0,16635000000,0.30637051770816065,12580000000,0.23168867524909295,0.0,11783000000,0.217010147890307,1349000000,10423000000,0.19196272353905372,4.33,4.33,2407000000,2407000000,https://www1.hkexnews.hk/search/titlesearch.xhtml,https://www1.hkexnews.hk/search/titlesearch.xhtml,1620584456,14:20:56,20210509
13,2007-12-31,0002.HK,HKD,2007-12-31,2007-12-31,FY,50789000000,17973000000.0,32816000000.0,0.6461241607434681,0.0,7372000000.0,0.0,0.0,0.0,39624000000,4699000000.0,4650000000.0,15815000000,0.31138632381027387,11165000000,0.21983106578196066,0.0,11448000000,0.2254031384748666,837000000,10608000000,0.20886412412136487,4.4,4.4,2408246000,2408246000,https://www1.hkexnews.hk/search/titlesearch.xhtml,https://www1.hkexnews.hk/search/titlesearch.xhtml,1620584456,14:20:56,20210509
14,2006-12-31,0002.HK,HKD,2006-12-31,2006-12-31,FY,45702000000,13924000000.0,31778000000.0,0.695330620104153,0.0,7176000000.0,0.0,0.0,0.0,32359000000,1298000000.0,4968000000.0,18311000000,0.40066080259069625,13343000000,0.2919565883331145,0.0,10593000000,0.2317841669948799,683000000,9900000000,0.21662071681764475,4.11,4.11,2408246000,2408246000,https://www1.hkexnews.hk/search/titlesearch.xhtml,https://www1.hkexnews.hk/search/titlesearch.xhtml,1620584456,14:20:56,20210509
15,2005-12-31,0002.HK,HKD,2005-12-31,2005-12-31,FY,38584000000,0.0,0.0,0.0,0.0,0.0,0.0,0.0,0.0,29889000000,0.0,2896000000.0,11591000000,0.30040949616421314,8695000000,0.22535247771096828,0.0,10445000000,0.27070806551938625,-922000000,11367000000,0.29460398092473566,4.72,4.72,2408474576,2408474576,https://www1.hkexnews.hk/search/titlesearch.xhtml,https://www1.hkexnews.hk/search/titlesearch.xhtml,1620584456,14:20:56,20210509
16,2004-12-31,0002.HK,HKD,2004-12-31,2004-12-31,FY,30784000000,0.0,0.0,0.0,0.0,0.0,0.0,0.0,0.0,22894000000,0.0,2529000000.0,10419000000,0.3384550415800416,7890000000,0.25630197505197505,0.0,10725000000,0.3483952702702703,1815000000,8910000000,0.2894360706860707,3.58,3.58,2488826816,2488826816,https://www1.hkexnews.hk/search/titlesearch.xhtml,https://www1.hkexnews.hk/search/titlesearch.xhtml,1620584456,14:20:56,20210509
17,2003-12-31,0002.HK,HKD,2003-12-31,2003-12-31,FY,28248000000,0.0,0.0,0.0,0.0,0.0,0.0,0.0,0.0,21636000000,0.0,2357000000.0,8969000000,0.3175092041914472,6612000000,0.23406966864910791,0.0,9764000000,0.3456527895780232,1712000000,8052000000,0.2850467289719626,3.19,3.19,2524137931,2524137931,https://www1.hkexnews.hk/search/titlesearch.xhtml,https://www1.hkexnews.hk/search/titlesearch.xhtml,1620584456,14:20:56,20210509
18,2002-12-31,0002.HK,HKD,2002-12-31,2002-12-31,FY,26134000000,0.0,0.0,0.0,0.0,0.0,0.0,0.0,0.0,19611000000,0.0,1749000000.0,8272000000,0.31652253769036504,6523000000,0.2495982245350884,0.0,10024000000,0.3835616438356164,1302000000,8722000000,0.3337414861865769,2.94,2.94,2966666667,2966666667,https://www1.hkexnews.hk/search/titlesearch.xhtml,https://www1.hkexnews.hk/search/titlesearch.xhtml,1620584456,14:20:56,20210509
19,2001-12-31,0002.HK,HKD,2001-12-31,2001-12-31,FY,23798000000,0.0,0.0,0.0,0.0,0.0,0.0,0.0,0.0,19051000000,0.0,1624000000.0,6371000000,0.2677115724010421,4747000000,0.1994705437431717,0.0,8113000000,0.3409110009244474,786000000,7327000000,0.3078830153794436,2.95,2.95,2483728814,2483728814,https://www1.hkexnews.hk/search/titlesearch.xhtml,https://www1.hkexnews.hk/search/titlesearch.xhtml,1620584456,14:20:56,20210509
20,2000-12-31,0002.HK,HKD,2000-12-31,2000-12-31,FY,24451000000,0.0,0.0,0.0,0.0,0.0,0.0,0.0,0.0,18260000000,0.0,0.0,6191000000,0.2532002781072349,6191000000,0.2532002781072349,0.0,8775000000,0.35888102736084415,1378000000,7397000000,0.30252341417528933,2.31,2.31,3202164502,3202164502,https://www1.hkexnews.hk/search/titlesearch.xhtml,https://www1.hkexnews.hk/search/titlesearch.xhtml,1620584456,14:20:56,20210509
