,date,symbol,reportedCurrency,fillingDate,acceptedDate,period,revenue,costOfRevenue,grossProfit,grossProfitRatio,researchAndDevelopmentExpenses,generalAndAdministrativeExpenses,sellingAndMarketingExpenses,otherExpenses,operatingExpenses,costAndExpenses,interestExpense,depreciationAndAmortization,ebitda,ebitdaratio,operatingIncome,operatingIncomeRatio,totalOtherIncomeExpensesNet,incomeBeforeTax,incomeBeforeTaxRatio,incomeTaxExpense,netIncome,netIncomeRatio,eps,epsdiluted,weightedAverageShsOut,weightedAverageShsOutDil,link,finalLink,timestamp,est_time,est_date
0,2020-12-27,PZZA,USD,2021-02-25,2021-02-25 08:02:32,FY,1813234000,0.0,1813234000.0,1.0,0.0,204242000.0,0.0,0.0,204242000.0,1722981000.0,17022000.0,49705.0,90302705.0,0.049802013970618245,90253000.0,0.04977460162339775,0.0,75362000.0,0.04156220322363247,14748000.0,60614000.0,0.03342866943814202,1.8695906973874958,1.8695906973874958,32421000,32421000,https://www.sec.gov/Archives/edgar/data/901491/000155837021001725/0001558370-21-001725-index.htm,https://www.sec.gov/Archives/edgar/data/901491/000155837021001725/pzza-20201227x10k.htm,1620596967,17:49:27,20210509
1,2019-12-29,PZZA,USD,2020-02-26 00:00:00,2020-02-26 07:09:50,FY,1619248000,1153119000.0,466129000.0,0.2878675780362242,0.0,223460000.0,0.0,175592000.0,441594000.00000006,1594713000.0,20593000.0,47281000.0,71816000.0,0.044351452032054386,24535000.0,0.015152095293617779,0.0,5046000.0,0.0031162613756509196,-611000.0,4866000.0,0.00300509866308311,0.15383,0.15383,31632000,31632000,https://www.sec.gov/Archives/edgar/data/901491/000155837020001393/0001558370-20-001393-index.html,https://www.sec.gov/Archives/edgar/data/901491/000155837020001393/pzza-20191229x10kcbc0c2.htm,1620596967,17:49:27,20210509
2,2018-12-30,PZZA,USD,2019-03-08 00:00:00,2019-03-08 16:15:49,FY,1662871000,1220536000.0,442335000.0,0.26600680389519094,0.0,193534000.0,0.0,170556000.0,410781999.9999999,1631318000.0,25306000.0,46403000.0,77956000.0,0.0468803653440345,31553000.0,0.018975013696191707,0.0,6697000.0,0.0040273719368489795,2646000.0,2474000.0,0.0014877882890494813,0.0766,0.0766,32299000,32299000,https://www.sec.gov/Archives/edgar/data/901491/000155837019001722/0001558370-19-001722-index.html,https://www.sec.gov/Archives/edgar/data/901491/000155837019001722/pzza-20181230x10k.htm,1620596967,17:49:27,20210509
3,2017-12-31,PZZA,USD,2018-02-27 00:00:00,2018-02-27 16:28:17,FY,1783359000,1428817000.0,354542000.0,0.198805736814629,0.0,158183000.0,0.0,0.0,201851000.0,1630668000.0,11283000.0,43668000.0,196359000.0,0.11010626576028719,152691000.0,0.0856198892090712,-1066000.0,140342000.0,0.07869531597395701,33817000.0,103711000.0,0.05815486393934143,2.86,2.83,36083000,36522000,https://www.sec.gov/Archives/edgar/data/901491/000155837018001176/0001558370-18-001176-index.html,https://www.sec.gov/Archives/edgar/data/901491/000155837018001176/pzza-20171231x10k.htm,1620596967,17:49:27,20210509
4,2016-12-25,PZZA,USD,2017-02-21 00:00:00,2017-02-21 17:06:51,FY,1713620000,1354520000.0,359100000.0,0.20955637772668387,0.0,163812000.0,0.0,-898000.0,193679000.0000001,1548199000.0,7397000.0,40987000.0,206408000.0,0.12045144197663427,165421000.0,0.09653307034231627,0.0,158809000.0,0.09267457195877732,49717000.0,102820000.0,0.060001633967857515,2.73399,2.73399,37608000,37608000,https://www.sec.gov/Archives/edgar/data/901491/000155837017000721/0001558370-17-000721-index.html,https://www.sec.gov/Archives/edgar/data/901491/000155837017000721/pzza-20161225x10k.htm,1620596967,17:49:27,20210509
5,2015-12-27,PZZA,USD,2016-02-23 00:00:00,2016-02-23 17:11:56,FY,1637375000,1072360000.0,565015000.0,0.34507366974578213,0.0,327505000.0,0.0,60896000.0,440986000.0000001,1513346000.0,5676000.0,40307000.0,164336000.0,0.10036552408580808,124029000.0,0.07574868310558058,0.0,119147000.0,0.07276708145659974,37183000.0,75682000.0,0.04622154362928468,1.89205,1.89205,40000000,40000000,https://www.sec.gov/Archives/edgar/data/901491/000110465916099249/0001104659-16-099249-index.html,https://www.sec.gov/Archives/edgar/data/901491/000110465916099249/a15-23458_110k.htm,1620596967,17:49:27,20210509
6,2014-12-28,PZZA,USD,2015-02-24,2015-02-24 17:10:38,FY,1598149000,1065253000.0,532896000.0,0.3334457550578826,0.0,300370000.0,0.0,0.0,415266000.0000001,1480519000.0,4077000.0,39965000.0,157595000.0,0.09861095554920098,117630000.0,0.07360390051240528,0.0,114255000.0,0.07149208240282977,36558000.0,73315000.0,0.04587494657882338,1.75739,1.75739,41718000,41718000,https://www.sec.gov/Archives/edgar/data/901491/000110465915013526/a14-26536_110k.htm,https://www.sec.gov/Archives/edgar/data/901491/000110465915013526/a14-26536_110k.htm,1620596967,17:49:27,20210509
7,2013-12-29,PZZA,USD,2014-02-25,2014-02-25 17:06:07,FY,1439000000,1024200000.0,414800000.0,0.28825573314801944,0.0,225200000.0,0.0,48000000.0,308299999.99999994,1332500000.0,983000.0,35100000.0,141600000.0,0.09840166782487839,106500000.0,0.07400972897845726,0.0,106100000.0,0.07373175816539264,33130000.0,69500000.0,0.04829742876997915,1.5724,1.5724,44200000,44200000,https://www.sec.gov/Archives/edgar/data/901491/000110465914013226/a14-3257_110k.htm,https://www.sec.gov/Archives/edgar/data/901491/000110465914013226/a14-3257_110k.htm,1620596967,17:49:27,20210509
8,2012-12-30,PZZA,USD,2013-02-28 00:00:00,2013-02-28 17:27:23,FY,1342700000,977500000.0,365200000.0,0.27198927534073136,0.0,224400000.0,0.0,7800000.0,265299999.99999994,1242800000.0,2162000.0,32800000.0,132600000.0,0.09875623743203991,99800000.0,0.07432784687569823,600000.0,98400000.0,0.0732851716690251,32393000.0,61700000.0,0.04595218589409399,1.29079,1.29079,47800000,47800000,https://www.sec.gov/Archives/edgar/data/901491/000115752313001150/0001157523-13-001150-index.html,https://www.sec.gov/Archives/edgar/data/901491/000115752313001150/a50573114.htm,1620596967,17:49:27,20210509
9,2011-12-25,PZZA,USD,2012-02-21 00:00:00,2012-02-21 17:11:46,FY,1217900000,892600000.0,325200000.0,0.26701699646933247,0.0,196900000.0,0.0,6900000.0,238300000.00000006,1130900000.0,1497000.0,32700000.0,119700000.0,0.09828393135725429,87000000.0,0.07143443632482141,2000000.0,84800000.0,0.06962804827982592,26888000.0,54700000.0,0.04491337548238772,1.08103,1.08103,50600000,50600000,https://www.sec.gov/Archives/edgar/data/901491/000115752312000927/0001157523-12-000927-index.html,https://www.sec.gov/Archives/edgar/data/901491/000115752312000927/a50172641.htm,1620596967,17:49:27,20210509
10,2010-12-26,PZZA,USD,2011-02-22,2011-02-22 17:15:53,FY,1126400000,812700000.0,313700000.0,0.2784978693181818,0.0,200200000.0,0.0,1022813000.0,227000000.0,1039700000.0,5338000.0,32400000.0,119100000.0,0.10573508522727272,86700000.0,0.07697088068181818,0.0,83300000.0,0.07395241477272728,26856000.0,52600000.0,0.046697443181818184,0.99433,0.99433,52900000,52900000,https://www.sec.gov/Archives/edgar/data/901491/000115752311001056/a6617241.htm,https://www.sec.gov/Archives/edgar/data/901491/000115752311001056/a6617241.htm,1620596967,17:49:27,20210509
11,2009-12-27,PZZA,USD,2010-02-23 00:00:00,2010-02-23 17:16:07,FY,1078600000,764800000.0,313700000.0,0.2908399777489338,0.0,205400000.0,0.0,-1100000.0,218500000.0,983300000.0,-29672000.0,31400000.0,126600000.0,0.11737437418876322,95200000.0,0.08826256258112368,1500000.0,84200000.0,0.0780641572408678,28985000.0,53700000.0,0.04978676061561283,0.96237,0.96237,55800000,55800000,https://www.sec.gov/Archives/edgar/data/901491/000110465910008891/0001104659-10-008891-index.html,https://www.sec.gov/Archives/edgar/data/901491/000110465910008891/a09-35823_110k.htm,1620596967,17:49:27,20210509
12,2008-12-28,PZZA,USD,2009-02-24 00:00:00,2009-02-24 17:16:42,FY,1126300000,819700000.0,306600000.0,0.27221876942200124,0.0,183000000.0,0.0,19100000.0,241200000.00000006,1060900000.0,-7360000.0,32800000.0,98300000.0,0.08727692444286603,65500000.0,0.05815502086477848,0.0,58800000.0,0.05220633934120572,20000000.0,36800000.0,0.03267335523395188,0.65133,0.65133,56500000,56500000,https://www.sec.gov/Archives/edgar/data/901491/000110465909011825/0001104659-09-011825-index.html,https://www.sec.gov/Archives/edgar/data/901491/000110465909011825/a09-1337_110k.htm,1620596967,17:49:27,20210509
13,2007-12-30,PZZA,USD,2008-02-26,2008-02-26 17:16:38,FY,1063600000,765800000.0,297800000.0,0.2799924783753291,0.0,183100000.0,0.0,6900000.0,244700000.00000006,1010500000.0,-6018000.0,31900000.0,85000000.0,0.07991726212861978,53100000.0,0.04992478375329071,0.0,47100000.0,0.04428356525009402,13293000.0,32700000.0,0.030744640842421962,0.545,0.545,60000000,60000000,https://www.sec.gov/Archives/edgar/data/901491/000110465908012935/a08-2541_110k.htm,https://www.sec.gov/Archives/edgar/data/901491/000110465908012935/a08-2541_110k.htm,1620596967,17:49:27,20210509
14,2006-12-31,PZZA,USD,2007-02-28,2007-02-27 19:34:25,FY,1001557000,715788000.0,285769000.0,0.28532474936523833,0.0,134574000.0,41279000.0,0.0,187814000.0,903602000.0,3480000.0,27208000.0,125163000.0,0.12496842416357731,97955000.0,0.09780272116314898,16929000.0,96157000.0,0.09600751629712538,33171000.0,63375000.0,0.06327647852293979,0.98,0.96,64624000,66092000,https://www.sec.gov/Archives/edgar/data/901491/000110465907014525/a07-5512_110k.htm,https://www.sec.gov/Archives/edgar/data/901491/000110465907014525/a07-5512_110k.htm,1620596967,17:49:27,20210509
15,2005-12-25,PZZA,USD,2006-02-28,2006-02-28 17:33:17,FY,968800000,710100000.0,258700000.0,0.2670313790255987,0.0,155000000.0,0.0,6900000.0,186000000.0,896100000.0,-10188000.0,28800000.0,101500000.0,0.10476878612716763,72700000.0,0.07504128819157721,0.0,69600000.0,0.07184145334434351,25364000.0,46100000.0,0.04758464079273328,0.67201,0.67201,68600000,68600000,https://www.sec.gov/Archives/edgar/data/901491/000110465906012747/a06-1949_110k.htm,https://www.sec.gov/Archives/edgar/data/901491/000110465906012747/a06-1949_110k.htm,1620596967,17:49:27,20210509
16,2004-12-26,PZZA,USD,2005-03-10,2005-03-10 16:35:42,FY,925300000,700500000.0,224900000.0,0.24305630606289852,0.0,137800000.0,0.0,2600000.0,188200000.00000006,888700000.0,-12667000.0,31200000.0,67900000.0,0.07338160596563277,36700000.0,0.039662812060953206,0.0,32100000.0,0.0346914514211607,13932000.0,23200000.0,0.025072949313736086,0.33333,0.33333,69600000,69600000,https://www.sec.gov/Archives/edgar/data/901491/000110465905010419/a05-1808_110k.htm,https://www.sec.gov/Archives/edgar/data/901491/000110465905010419/a05-1808_110k.htm,1620596967,17:49:27,20210509
17,2003-12-28,PZZA,USD,2004-03-10,2004-03-10 15:30:26,FY,900100000,670000000.0,230100000.0,0.2556382624152872,0.0,133200000.0,0.0,10500000.0,174799999.99999994,844800000.0,6851000.0,31100000.0,86500000.0,0.09610043328519054,55400000.0,0.06154871680924342,0.0,49200000.0,0.05466059326741473,20385000.0,33600000.0,0.03732918564603933,0.46602,0.46602,72100000,72100000,https://www.sec.gov/Archives/edgar/data/901491/000110465904006887/a04-3186_110k.htm,https://www.sec.gov/Archives/edgar/data/901491/000110465904006887/a04-3186_110k.htm,1620596967,17:49:27,20210509
18,2002-12-29,PZZA,USD,2003-03-27,2003-03-27 13:36:09,FY,946200000,685000000.0,261200000.0,0.27605157471993236,0.0,138000000.0,0.0,10000000.0,179799999.99999994,864800000.0,7677000.0,31700000.0,113100000.0,0.11953075459733671,81400000.0,0.08602832382160219,0.0,74900000.0,0.07915874022405411,28079000.0,46800000.0,0.04946100190234623,0.57635,0.57635,81200000,81200000,https://www.sec.gov/Archives/edgar/data/901491/000110465903005096/j8534_10k.htm,https://www.sec.gov/Archives/edgar/data/901491/000110465903005096/j8534_10k.htm,1620596967,17:49:27,20210509
19,2001-12-30,PZZA,USD,2002-03-27,2002-03-27 00:00:00,FY,975100000,718100000.0,256900000.0,0.26346015793251976,0.0,134900000.0,0.0,4100000.0,174199999.99999994,892299999.9999999,8857000.0,35200000.0,118000000.0,0.12101322941236796,82800000.0,0.08491436775715311,0.0,75900000.0,0.07783817044405703,28639000.0,47200000.0,0.048405291764947185,0.51868,0.51868,91000000,91000000,https://www.sec.gov/Archives/edgar/data/901491/000110465902000966/j3064_10k405.htm,https://www.sec.gov/Archives/edgar/data/901491/000110465902000966/j3064_10k405.htm,1620596967,17:49:27,20210509
20,2000-12-31,PZZA,USD,2000-12-31,2000-12-31,FY,944677000,598434000.0,346243000.0,0.3665199851377772,0.0,227402000.0,0.0,0.0,261574000.0,860008000.0,7746000.0,34172000.0,118841000.0,0.12580067049372431,84669000.0,0.08962745996779851,-25337000.0,51586000.0,0.054607024411518434,19762000.0,31824000.0,0.03368770489807627,0.3225,0.32,98812000,99628000,,,1620596967,17:49:27,20210509
21,1999-12-26,PZZA,USD,1999-12-26,1999-12-26,FY,805300000,584400000.0,220900000.0,0.2743077114118962,0.0,114100000.0,0.0,3400000.0,148399999.99999997,732800000.0,3200000.0,25200000.0,97700000.0,0.12132124674034521,72500000.0,0.09002856078480069,0.0,75700000.0,0.09400223519185397,28400000.0,47300000.0,0.05873587482925618,0.38053,0.38053,124300000,124300000,,,1620596967,17:49:27,20210509
22,1998-12-27,PZZA,USD,1998-12-27,1998-12-27,FY,682200000,505300000.0,176900000.0,0.2593081207856933,0.0,99800000.0,0.0,2800000.0,123199999.99999999,628500000.0,3500000.0,21000000.0,74700000.0,0.10949868073878628,53700000.0,0.07871591908531222,0.0,57100000.0,0.08369979478158898,22200000.0,32400000.0,0.047493403693931395,0.26601,0.26601,121800000,121800000,,,1620596967,17:49:27,20210509
23,1997-12-28,PZZA,USD,1997-12-28,1997-12-28,FY,515700000,382100000.0,133500000.0,0.2588714368819081,0.0,76500000.0,0.0,1500000.0,98399999.99999999,480500000.0,4200000.0,21100000.0,56200000.0,0.10897808803567965,35100000.0,0.06806282722513089,0.0,39300000.0,0.07620709714950552,15800000.0,23600000.0,0.04576304052743843,0.19849,0.19849,118900000,118900000,,,1620596967,17:49:27,20210509
24,1996-12-29,PZZA,USD,1996-12-29,1996-12-29,FY,360100000,269000000.0,91100000.0,0.25298528186614827,0.0,51800000.0,0.0,-400000.0,65000000.0,334000000.0,3500000.0,14300000.0,40400000.0,0.1121910580394335,26100000.0,0.07247986670369341,0.0,29500000.0,0.08192168841988337,10900000.0,18600000.0,0.05165231880033324,0.16216,0.16216,114700000,114700000,,,1620596967,17:49:27,20210509
25,1995-12-31,PZZA,USD,1995-12-31,1995-12-31,FY,253400000,155400000.0,98000000.0,0.3867403314917127,0.0,0.0,0.0,0.0,0.0,237500000.0,0.0,8700000.0,24600000.0,0.09707971586424625,15900000.0,0.0627466456195738,1900000.0,17700000.0,0.06985003946329914,6500000.0,11200000.0,0.04419889502762431,0.1125,0.11,99555556,101818182,,,1620596967,17:49:27,20210509
26,1994-12-31,PZZA,USD,1994-12-31,1994-12-31,FY,161500000,133900000.0,27600000.0,0.17089783281733747,0.0,0.0,0.0,0.0,0.0,151500000.0,0.0,5300000.0,15300000.0,0.09473684210526316,10000000.0,0.06191950464396285,1300000.0,11400000.0,0.07058823529411765,4200000.0,7200000.0,0.04458204334365325,0.0775,0.075,92903226,96000000,,,1620596967,17:49:27,20210509
27,1993-12-31,PZZA,USD,1993-12-31,1993-12-31,FY,89200000,73700000.0,15500000.0,0.17376681614349776,0.0,0.0,0.0,0.0,0.0,83200000.0,0.0,1900000.0,7900000.0,0.08856502242152467,6000000.0,0.06726457399103139,300000.0,6500000.0,0.07286995515695067,2400000.0,4100000.0,0.04596412556053812,0.05,0.05,82000000,82000000,,,1620596967,17:49:27,20210509
28,1992-12-31,PZZA,USD,1992-12-31,1992-12-31,FY,49000000,39800000.0,9200000.0,0.18775510204081633,0.0,0.0,0.0,0.0,0.0,45900000.0,100000.0,700000.0,3800000.0,0.07755102040816327,3100000.0,0.06326530612244897,1000000.0,3900000.0,0.07959183673469387,1400000.0,2500000.0,0.05102040816326531,0.0325,0.0325,76923077,76923077,,,1620596967,17:49:27,20210509
