,date,symbol,reportedCurrency,fillingDate,acceptedDate,period,revenue,costOfRevenue,grossProfit,grossProfitRatio,researchAndDevelopmentExpenses,generalAndAdministrativeExpenses,sellingAndMarketingExpenses,otherExpenses,operatingExpenses,costAndExpenses,interestExpense,depreciationAndAmortization,ebitda,ebitdaratio,operatingIncome,operatingIncomeRatio,totalOtherIncomeExpensesNet,incomeBeforeTax,incomeBeforeTaxRatio,incomeTaxExpense,netIncome,netIncomeRatio,eps,epsdiluted,weightedAverageShsOut,weightedAverageShsOutDil,link,finalLink,timestamp,est_time,est_date
0,2020-12-31,0680.HK,HKD,2020-12-31,2020-12-31,FY,10010763000.0,5090450000.0,4920313000.0,0.49150229607873047,0.0,691069000,1527174000.0,26814000.0,0.0,9053754000,1089406000.0,1460357000.0,2417366000.0,0.24147669862926532,957009000.0,-0.095244188679724,0.0,-953467000.0,-0.095244188679724,1576264000.0,-2281315000.0,-0.2278862260548971,-0.03323326089035202,-0.03323326089035202,68645535794,68645535794,https://www1.hkexnews.hk/search/titlesearch.xhtml,https://www1.hkexnews.hk/search/titlesearch.xhtml,1620584855,14:27:35,20210509
1,2019-12-31,0680.HK,HKD,2019-12-31,2019-12-31,FY,9321212000.0,4138837000.0,5182375000.0,0.5559765189333747,0.0,960119000,2525204000.0,73255000.0,0.0,9131926000,1368717000.0,1532654000.0,1721940000.0,0.18473348744776966,189286000.0,0.020307015868751832,0.0,808843000.0,0.08677444521163127,1450269000.0,-561415000.0,-0.06022982848153223,-0.0082,-0.0082,68645535794,68645535794,https://www1.hkexnews.hk/search/titlesearch.xhtml,https://www1.hkexnews.hk/search/titlesearch.xhtml,1620584855,14:27:35,20210509
2,2018-12-31,0680.HK,HKD,2018-12-31,2018-12-31,FY,16789451000.0,6062856000.0,10726595000.0,0.6388889666493562,0.0,1332717000,3776421000.0,91703000.0,0.0,12967543000,1095940000.0,1246228000.0,5068136000.0,0.30186430753453464,3821908000.0,0.22763746116534722,0.0,3424181000.0,0.20394836019355247,2449836000.0,1140854000.0,0.06795064353206069,0.0166,0.0163,68645535794,68645535794,https://www1.hkexnews.hk/search/titlesearch.xhtml,https://www1.hkexnews.hk/search/titlesearch.xhtml,1620584855,14:27:35,20210509
3,2017-12-31,0680.HK,HKD,2017-12-31,2017-12-31,FY,15900885000.0,5763012000.0,10137873000.0,0.6375665882748036,0.0,1083184000,3021316000.0,51629000.0,0.0,11223284000,823731000.0,980165000.0,5657766000.0,0.35581453485136205,4677601000.0,0.29417236839333155,0.0,4216390000.0,0.26516700171091107,2613955000.0,1708027000.0,0.10741710288452498,0.0249,0.0249,68645535794,68645535794,https://www1.hkexnews.hk/search/titlesearch.xhtml,https://www1.hkexnews.hk/search/titlesearch.xhtml,1620584855,14:27:35,20210509
4,2016-12-31,0680.HK,HKD,2016-12-31,2016-12-31,FY,8915579000.0,3551224000.0,5364355000.0,0.6016833006583195,0.0,771054000,2054090000.0,60718000.0,0.0,6783428000,516714000.0,529849000.0,2662000000.0,0.29857847706806256,2132151000.0,0.23914891001470573,0.0,2400557000.0,0.2692541897727562,1122165000.0,1359553000.0,0.15249183479839054,0.0198,0.0198,68645535794,68645535794,https://www1.hkexnews.hk/search/titlesearch.xhtml,https://www1.hkexnews.hk/search/titlesearch.xhtml,1620584855,14:27:35,20210509
5,2015-12-31,0680.HK,HKD,2015-12-31,2015-12-31,FY,4200117000.0,1593093000.0,2607024000.0,0.6207027089959637,0.0,477810000,1633534000.0,-49530000.0,0.0,3920739000,298557000.0,274102000.0,553480000.0,0.13177728144239792,279378000.0,0.06651671846284282,0.0,347669000.0,0.08277602742971207,92239000.0,238875000.0,0.05687341566913493,0.0035,0.0035,68645535794,68645535794,https://www1.hkexnews.hk/search/titlesearch.xhtml,https://www1.hkexnews.hk/search/titlesearch.xhtml,1620584855,14:27:35,20210509
6,2014-12-31,0680.HK,HKD,2014-12-31,2014-12-31,FY,3153015000.0,1078165000.0,2074850000.0,0.658052689251399,0.0,507768000,1207718000.0,14269000.0,0.0,3467037000,290444000.0,568288000.0,254266000.0,0.08064217899375677,-314022000.0,-0.09959419793435807,0.0,-725037000.0,-0.22995038082597133,21942000.0,-701731000.0,-0.2225587255373032,-0.0102,-0.010223,68645535794,68645535794,https://www1.hkexnews.hk/search/titlesearch.xhtml,https://www1.hkexnews.hk/search/titlesearch.xhtml,1620584855,14:27:35,20210509
7,2013-12-31,0680.HK,HKD,2013-12-31,2013-12-31,FY,2318601000.0,804545000.0,1514056000.0,0.6530041175691721,0.0,469474000,950119000.0,-32046000.0,0.0,2524840000,255012000.0,271608000.0,65369000.0,0.02819329414590954,-206239000.0,-0.08894975892790523,0.0,910591000.0,0.3927329454270053,58029000.0,865197000.0,0.3731547601333735,0.012604,0.012604,68644636623,68644636623,https://www1.hkexnews.hk/search/titlesearch.xhtml,https://www1.hkexnews.hk/search/titlesearch.xhtml,1620584855,14:27:35,20210509
8,2012-12-31,0680.HK,HKD,2012-12-31,2012-12-31,FY,1953568000.0,738189000.0,1215379000.0,0.6221329382954676,0.0,422923000,702594000.0,0.0,0.0,2135924000,147416000.0,196377000.0,14021000.0,0.007177124113417091,-182356000.0,-0.09334509983783518,0.0,-242049000.0,-0.12390098527412406,130244000.0,-346063000.0,-0.17714407688905634,-0.005041,-0.005041,68645535794,68645535794,https://www1.hkexnews.hk/search/titlesearch.xhtml,https://www1.hkexnews.hk/search/titlesearch.xhtml,1620584855,14:27:35,20210509
9,2011-12-31,0680.HK,HKD,2011-12-31,2011-12-31,FY,2333452000.0,882752000.0,1450700000.0,0.6216969536977833,0.0,536904000,613363000.0,0.0,0.0,2298530000,0.0,174649000.0,209571000.0,0.08981157529702775,34922000.0,0.014965810310218508,0.0,-258162000.0,-0.11063523055113197,280725000.0,-494746000.0,-0.21202321710495867,-0.00721,-0.00721,68645535794,68645535794,https://www1.hkexnews.hk/search/titlesearch.xhtml,https://www1.hkexnews.hk/search/titlesearch.xhtml,1620584855,14:27:35,20210509
10,2010-12-31,0680.HK,HKD,2010-12-31,2010-12-31,FY,1963454000.0,807976000.0,1155478000.0,0.5884925238890242,0.0,460405000,417946000.0,-11355000.0,0.0,1970014000,274431000.0,160729000.0,154169000.0,0.07851928285562076,-6560000.0,-0.0033410510253868947,0.0,-290249000.0,-0.1478257193700489,138314000.0,-381573000.0,-0.19433763154115147,-0.00556,-0.00556,68645531684,68645531684,https://www1.hkexnews.hk/search/titlesearch.xhtml,https://www1.hkexnews.hk/search/titlesearch.xhtml,1620584855,14:27:35,20210509
11,2009-12-31,0680.HK,HKD,2009-12-31,2009-12-31,FY,4008375000.0,2479610000.0,1528765000.0,0.3813927090154988,0.0,360795000,340861000.0,0.0,0.0,3231101000,256047000.0,91630000.0,868904000.0,0.21677213334580722,777274000.0,0.19391249571210278,0.0,577397000.0,0.14404765023232607,438504000.0,200833000.0,0.05010334611906321,0.00293,0.00293,68645035794,68645035794,https://www1.hkexnews.hk/search/titlesearch.xhtml,https://www1.hkexnews.hk/search/titlesearch.xhtml,1620584855,14:27:35,20210509
12,2008-12-31,0680.HK,HKD,2008-12-31,2008-12-31,FY,494861000.0,188711000.0,306150000.0,0.6186585728113551,0.0,321167000,284952000.0,-17000000.0,0.0,830654000,186586000.0,76847000.0,-258946000.0,-0.5232701708156432,-335793000.0,-0.6785602421690131,0.0,-529391000.0,-1.0697771697506977,5372000.0,-492238000.0,-0.9946995216838668,-0.00717,-0.00717,68645035794,68645035794,https://www1.hkexnews.hk/search/titlesearch.xhtml,https://www1.hkexnews.hk/search/titlesearch.xhtml,1620584855,14:27:35,20210509
13,2007-12-31,0680.HK,HKD,2007-12-31,2007-12-31,FY,673031000.0,131996000.0,541035000.0,0.803878276037805,0.0,250045000,221962000.0,0.0,0.0,718166000,0.0,0.0,-45135000.0,-0.06706228984994747,-45135000.0,-0.06706228984994747,0.0,-47065000.0,-0.06992991407528033,-68602000.0,21537000.0,0.032000011886525286,-0.00021,-0.00021,69380952381,69380952381,https://www1.hkexnews.hk/search/titlesearch.xhtml,https://www1.hkexnews.hk/search/titlesearch.xhtml,1620584855,14:27:35,20210509
14,2006-12-31,0680.HK,HKD,2006-12-31,2006-12-31,FY,2099237000.0,0.0,0.0,0.0,0.0,203801000,204338000.0,0.0,0.0,769544000,0.0,0.0,1329693000.0,0.6334172844705005,1329693000.0,0.6334172844705005,0.0,27574000.0,0.0131352486641575,62276000.0,-34702000.0,-0.016530768083832362,0.00032,0.00032,68378125000,68378125000,https://www1.hkexnews.hk/search/titlesearch.xhtml,https://www1.hkexnews.hk/search/titlesearch.xhtml,1620584855,14:27:35,20210509
15,2005-12-31,0680.HK,HKD,2005-12-31,2005-12-31,FY,154843000.0,0.0,0.0,0.0,0.0,89485000,0.0,0.0,0.0,114542000,0.0,0.0,40301000.0,0.2602700800165329,40301000.0,0.2602700800165329,0.0,51856000.0,0.33489405397725436,-4150000.0,56006000.0,0.3616953946901055,0.00047,0.00047,68163310794,68163310794,https://www1.hkexnews.hk/search/titlesearch.xhtml,https://www1.hkexnews.hk/search/titlesearch.xhtml,1620584855,14:27:35,20210509
16,2004-12-31,0680.HK,HKD,2004-12-31,2004-12-31,FY,1215000.0,1569000.0,-354000.0,-0.291358024691358,0.0,10345000,0.0,0.0,0.0,12198000,0.0,2031000.0,-8952000.0,-7.367901234567901,-10983000.0,-9.039506172839506,0.0,5238000.0,4.311111111111111,21000.0,5217000.0,4.293827160493827,0.00017,0.00017,30688235294,30688235294,https://www1.hkexnews.hk/search/titlesearch.xhtml,https://www1.hkexnews.hk/search/titlesearch.xhtml,1620584855,14:27:35,20210509
17,2003-03-31,0680.HK,HKD,2003-03-31,2003-03-31,FY,100576000.0,76008000.0,24568000.0,0.24427298759147312,0.0,35407000,0.0,0.0,0.0,127090000,0.0,93000.0,-26421000.0,-0.26269686605154313,-26514000.0,-0.2636215399300032,0.0,230000.0,0.002286827871460388,40000.0,190000.0,0.0018891186764237989,6e-06,6e-06,29931804183,29931804183,https://www1.hkexnews.hk/search/titlesearch.xhtml,https://www1.hkexnews.hk/search/titlesearch.xhtml,1620584855,14:27:35,20210509
18,2002-03-31,0680.HK,HKD,2002-03-31,2002-03-31,FY,215338000.0,199951000.0,15387000.0,0.07145510778404184,0.0,37197000,0.0,0.0,0.0,224303000,0.0,0.0,-8965000.0,-0.04163222468862904,-8965000.0,-0.04163222468862904,0.0,52300000.0,0.24287399344286656,148000.0,52152000.0,0.24218670183618313,0.0023,0.0023,22674782609,22674782609,https://www1.hkexnews.hk/search/titlesearch.xhtml,https://www1.hkexnews.hk/search/titlesearch.xhtml,1620584855,14:27:35,20210509
