,date,symbol,reportedCurrency,fillingDate,acceptedDate,period,revenue,costOfRevenue,grossProfit,grossProfitRatio,researchAndDevelopmentExpenses,generalAndAdministrativeExpenses,sellingAndMarketingExpenses,otherExpenses,operatingExpenses,costAndExpenses,interestExpense,depreciationAndAmortization,ebitda,ebitdaratio,operatingIncome,operatingIncomeRatio,totalOtherIncomeExpensesNet,incomeBeforeTax,incomeBeforeTaxRatio,incomeTaxExpense,netIncome,netIncomeRatio,eps,epsdiluted,weightedAverageShsOut,weightedAverageShsOutDil,link,finalLink,timestamp,est_time,est_date
0,2020-07-31,PHI.L,GBP,2020-07-31,2020-07-31,FY,81422000.0,0.0,0.0,0.0,0.0,479000.0,0.0,0.0,479000.0,0.0,337000.0,0.0,0.0,0.0,0.0,0.9941170690968043,0.0,80943000.0,0.9941170690968043,289000.0,80654000.0,0.9905676598462332,1.3771621055748924,1.3771621055748924,58565364,58565364,https://find-and-update.company-information.service.gov.uk/search/companies?q=Pacific+Horizon+Investment+Trust+PLC,https://find-and-update.company-information.service.gov.uk/search/companies?q=Pacific+Horizon+Investment+Trust+PLC,1620596546,17:42:26,20210509
1,2019-07-31,PHI.L,GBP,2019-07-31,2019-07-31,FY,-3161000.0,0.0,0.0,0.0,0.0,542000.0,0.0,0.0,542000.0,0.0,440000.0,0.0,0.0,0.0,0.0,1.17146472635242,0.0,-3703000.0,1.17146472635242,186000.0,-3889000.0,1.2303068649161657,-0.0664,-0.0664,58565364,58565364,https://find-and-update.company-information.service.gov.uk/search/companies?q=Pacific+Horizon+Investment+Trust+PLC,https://find-and-update.company-information.service.gov.uk/search/companies?q=Pacific+Horizon+Investment+Trust+PLC,1620596546,17:42:26,20210509
2,2018-07-31,PHI.L,GBP,2018-07-31,2018-07-31,FY,22804000.0,0.0,0.0,0.0,0.0,534000.0,0.0,0.0,534000.0,0.0,275000.0,0.0,0.0,0.0,0.0,0.9765830556042799,0.0,22270000.0,0.9765830556042799,155000.0,22115000.0,0.9697860024557096,0.403,0.403,54868308,54868308,https://find-and-update.company-information.service.gov.uk/search/companies?q=Pacific+Horizon+Investment+Trust+PLC,https://find-and-update.company-information.service.gov.uk/search/companies?q=Pacific+Horizon+Investment+Trust+PLC,1620596546,17:42:26,20210509
3,2017-07-31,PHI.L,GBP,2017-07-31,2017-07-31,FY,48017000.0,0.0,0.0,0.0,0.0,425000.0,0.0,0.0,425000.0,0.0,119000.0,0.0,0.0,0.0,47592000.0,0.9911489680738071,0.0,47592000.0,0.9911489680738071,131000.0,47461000.0,0.9884207676447925,0.8636,0.8636,54958654,54958654,https://find-and-update.company-information.service.gov.uk/search/companies?q=Pacific+Horizon+Investment+Trust+PLC,https://find-and-update.company-information.service.gov.uk/search/companies?q=Pacific+Horizon+Investment+Trust+PLC,1620596546,17:42:26,20210509
4,2016-07-31,PHI.L,GBP,2016-07-31,2016-07-31,FY,14859000.0,0.0,0.0,0.0,0.0,389000.0,0.0,0.0,389000.0,0.0,127000.0,0.0,0.0,0.0,0.0,0.9738205801197927,0.0,14470000.0,0.9738205801197927,98000.0,14372000.0,0.9672252506898176,0.2395,0.2395,60007258,60007258,https://find-and-update.company-information.service.gov.uk/search/companies?q=Pacific+Horizon+Investment+Trust+PLC,https://find-and-update.company-information.service.gov.uk/search/companies?q=Pacific+Horizon+Investment+Trust+PLC,1620596546,17:42:26,20210509
5,2015-07-31,PHI.L,GBP,2015-07-31,2015-07-31,FY,101000.0,0.0,0.0,0.0,0.0,397000.0,0.0,0.0,397000.0,0.0,93000.0,0.0,0.0,0.0,-296000.0,-2.9306930693069306,0.0,-296000.0,-2.9306930693069306,133000.0,-429000.0,-4.247524752475248,-0.0064,-0.0064,66526663,66526663,https://find-and-update.company-information.service.gov.uk/search/companies?q=Pacific+Horizon+Investment+Trust+PLC,https://find-and-update.company-information.service.gov.uk/search/companies?q=Pacific+Horizon+Investment+Trust+PLC,1620596546,17:42:26,20210509
6,2014-07-31,PHI.L,GBP,2014-07-31,2014-07-31,FY,14850000.0,0.0,0.0,0.0,0.0,342000.0,0.0,0.0,342000.0,0.0,6000.0,0.0,0.0,0.0,14508000.0,0.9769696969696969,0.0,14508000.0,0.9769696969696969,154000.0,14354000.0,0.9665993265993266,0.1972,0.1972,72777640,72777640,https://find-and-update.company-information.service.gov.uk/search/companies?q=Pacific+Horizon+Investment+Trust+PLC,https://find-and-update.company-information.service.gov.uk/search/companies?q=Pacific+Horizon+Investment+Trust+PLC,1620596546,17:42:26,20210509
7,2013-07-31,PHI.L,GBP,2013-07-31,2013-07-31,FY,8899000.0,0.0,0.0,0.0,0.0,314000.0,0.0,0.0,314000.0,0.0,0.0,0.0,0.0,0.0,8585000.0,0.9647151365321947,0.0,8585000.0,0.9647151365321947,165000.0,8420000.0,0.9461737273850994,0.1128,0.1128,74625072,74625072,https://find-and-update.company-information.service.gov.uk/search/companies?q=Pacific+Horizon+Investment+Trust+PLC,https://find-and-update.company-information.service.gov.uk/search/companies?q=Pacific+Horizon+Investment+Trust+PLC,1620596546,17:42:26,20210509
8,2012-07-31,PHI.L,GBP,2012-07-31,2012-07-31,FY,-3878000.0,0.0,0.0,0.0,0.0,302000.0,0.0,0.0,302000.0,0.0,0.0,0.0,0.0,0.0,-4180000.0,1.077875193398659,0.0,-4180000.0,1.077875193398659,159000.0,-4339000.0,1.1188757091284167,-0.0574,-0.0574,75638600,75638600,https://find-and-update.company-information.service.gov.uk/search/companies?q=Pacific+Horizon+Investment+Trust+PLC,https://find-and-update.company-information.service.gov.uk/search/companies?q=Pacific+Horizon+Investment+Trust+PLC,1620596546,17:42:26,20210509
9,2011-07-31,PHI.L,GBP,2011-07-31,2011-07-31,FY,14537000.0,0.0,0.0,0.0,0.0,307000.0,0.0,0.0,1701000.0,0.0,0.0,0.0,0.0,0.0,12836000.0,0.8829882369127056,0.0,12836000.0,0.8829882369127056,194000.0,12642000.0,0.8696429799821146,0.1621,0.1621,77973139,77973139,https://find-and-update.company-information.service.gov.uk/search/companies?q=Pacific+Horizon+Investment+Trust+PLC,https://find-and-update.company-information.service.gov.uk/search/companies?q=Pacific+Horizon+Investment+Trust+PLC,1620596546,17:42:26,20210509
10,2010-07-31,PHI.L,GBP,2010-07-31,2010-07-31,FY,25201000.0,0.0,0.0,0.0,0.0,293000.0,0.0,0.0,1517000.0,0.0,0.0,0.0,0.0,0.0,23684000.0,0.9398039760326972,0.0,23684000.0,0.9398039760326972,187000.0,23497000.0,0.932383635570017,0.3001,0.3001,78287002,78287002,https://find-and-update.company-information.service.gov.uk/search/companies?q=Pacific+Horizon+Investment+Trust+PLC,https://find-and-update.company-information.service.gov.uk/search/companies?q=Pacific+Horizon+Investment+Trust+PLC,1620596546,17:42:26,20210509
11,2009-07-31,PHI.L,GBP,2009-07-31,2009-07-31,FY,3365000.0,0.0,0.0,0.0,0.0,249000.0,0.0,0.0,1063000.0,0.0,0.0,0.0,0.0,0.0,2302000.0,0.6841010401188707,0.0,2302000.0,0.6841010401188707,601000.0,1701000.0,0.5054977711738484,0.0217,0.0217,78287002,78287002,https://find-and-update.company-information.service.gov.uk/search/companies?q=Pacific+Horizon+Investment+Trust+PLC,https://find-and-update.company-information.service.gov.uk/search/companies?q=Pacific+Horizon+Investment+Trust+PLC,1620596546,17:42:26,20210509
12,2008-07-31,PHI.L,GBP,2008-07-31,2008-07-31,FY,-22527000.0,0.0,0.0,0.0,0.0,254000.0,0.0,0.0,1503000.0,0.0,0.0,0.0,0.0,0.0,-24030000.0,1.066719936076708,0.0,-24030000.0,1.066719936076708,608000.0,-24638000.0,1.093709770497625,-0.3158,-0.3158,78025936,78025936,https://find-and-update.company-information.service.gov.uk/search/companies?q=Pacific+Horizon+Investment+Trust+PLC,https://find-and-update.company-information.service.gov.uk/search/companies?q=Pacific+Horizon+Investment+Trust+PLC,1620596546,17:42:26,20210509
13,2007-07-31,PHI.L,GBP,2007-07-31,2007-07-31,FY,49640000.0,0.0,0.0,0.0,0.0,270000.0,0.0,0.0,1425000.0,0.0,103000.0,0.0,0.0,0.0,0.0,0.9712933118452861,0.0,48215000.0,0.9712933118452861,482000.0,47733000.0,0.961583400483481,0.6162,0.6162,77461796,77461796,https://find-and-update.company-information.service.gov.uk/search/companies?q=Pacific+Horizon+Investment+Trust+PLC,https://find-and-update.company-information.service.gov.uk/search/companies?q=Pacific+Horizon+Investment+Trust+PLC,1620596546,17:42:26,20210509
14,2006-07-31,PHI.L,GBP,2006-07-31,2006-07-31,FY,16584000.0,0.0,0.0,0.0,0.0,241000.0,0.0,0.0,1263000.0,0.0,257000.0,0.0,0.0,0.0,15321000.0,0.9238422575976846,0.0,15321000.0,0.9238422575976846,464000.0,14857000.0,0.8958634828750603,0.1942,0.1942,76487002,76487002,https://find-and-update.company-information.service.gov.uk/search/companies?q=Pacific+Horizon+Investment+Trust+PLC,https://find-and-update.company-information.service.gov.uk/search/companies?q=Pacific+Horizon+Investment+Trust+PLC,1620596546,17:42:26,20210509
15,2005-07-31,PHI.L,GBP,2005-07-31,2005-07-31,FY,21534000.0,0.0,0.0,0.0,0.0,189000.0,0.0,0.0,776000.0,0.0,7000.0,0.0,0.0,0.0,0.0,0.963963963963964,0.0,20758000.0,0.963963963963964,485000.0,20273000.0,0.9414414414414415,0.2651,0.2651,76487002,76487002,https://find-and-update.company-information.service.gov.uk/search/companies?q=Pacific+Horizon+Investment+Trust+PLC,https://find-and-update.company-information.service.gov.uk/search/companies?q=Pacific+Horizon+Investment+Trust+PLC,1620596546,17:42:26,20210509
16,2004-07-31,PHI.L,GBP,2004-07-31,2004-07-31,FY,8111000.0,0.0,0.0,0.0,0.0,208000.0,0.0,0.0,759000.0,0.0,58000.0,0.0,0.0,0.0,7352000.0,0.9064233756626803,0.0,7352000.0,0.9064233756626803,313000.0,7039000.0,0.8678338059425471,0.092,0.092,76487002,76487002,https://find-and-update.company-information.service.gov.uk/search/companies?q=Pacific+Horizon+Investment+Trust+PLC,https://find-and-update.company-information.service.gov.uk/search/companies?q=Pacific+Horizon+Investment+Trust+PLC,1620596546,17:42:26,20210509
17,2003-07-31,PHI.L,GBP,2003-07-31,2003-07-31,FY,0.0,0.0,0.0,0.0,0.0,0.0,0.0,0.0,0.0,0.0,0.0,0.0,0.0,0.0,0.0,0.0,0.0,0.0,0.0,0.0,0.0,0.0,0.0,0.0,76487002,76487002,https://find-and-update.company-information.service.gov.uk/search/companies?q=Pacific+Horizon+Investment+Trust+PLC,https://find-and-update.company-information.service.gov.uk/search/companies?q=Pacific+Horizon+Investment+Trust+PLC,1620596546,17:42:26,20210509
18,2002-07-31,PHI.L,GBP,2002-07-31,2002-07-31,FY,0.0,0.0,0.0,0.0,0.0,0.0,0.0,0.0,0.0,0.0,0.0,0.0,0.0,0.0,0.0,0.0,0.0,0.0,0.0,0.0,0.0,0.0,0.0,0.0,76929958,76929958,https://find-and-update.company-information.service.gov.uk/search/companies?q=Pacific+Horizon+Investment+Trust+PLC,https://find-and-update.company-information.service.gov.uk/search/companies?q=Pacific+Horizon+Investment+Trust+PLC,1620596546,17:42:26,20210509
