,date,symbol,reportedCurrency,fillingDate,acceptedDate,period,revenue,costOfRevenue,grossProfit,grossProfitRatio,researchAndDevelopmentExpenses,generalAndAdministrativeExpenses,sellingAndMarketingExpenses,otherExpenses,operatingExpenses,costAndExpenses,interestExpense,depreciationAndAmortization,ebitda,ebitdaratio,operatingIncome,operatingIncomeRatio,totalOtherIncomeExpensesNet,incomeBeforeTax,incomeBeforeTaxRatio,incomeTaxExpense,netIncome,netIncomeRatio,eps,epsdiluted,weightedAverageShsOut,weightedAverageShsOutDil,link,finalLink,timestamp,est_time,est_date
0,2016-12-31,GTWN,USD,2017-03-30 00:00:00,2017-03-30 15:21:44,FY,10342000.0,0.0,10342000.0,1.0,0.0,5667000.0,0.0,0.0,5667000.0,5667000.0,2468000.0,382000.0,993000.0,0.09601624444014698,611000.0,0.05907948172500484,0.0,611000.0,0.05907948172500484,417000.0,194000.0,0.018758460645909882,0.10820742135579436,0.10900885106918579,1792853.0,1779672.0,https://www.sec.gov/Archives/edgar/data/1542299/000155837017002299/0001558370-17-002299-index.html,https://www.sec.gov/Archives/edgar/data/1542299/000155837017002299/gtwn-20161231x10k.htm,1620592870,16:41:10,20210509
1,2015-12-31,GTWN,USD,2016-03-29 00:00:00,2016-03-29 15:31:53,FY,10150000.0,0.0,10150000.0,1.0,0.0,4874000.0,0.0,0.0,4874000.0,4874000.0,1726000.0,255000.0,2704000.0,0.2664039408866995,2449000.0,0.2412807881773399,0.0,2449000.0,0.2412807881773399,931000.0,1518000.0,0.1495566502463054,0.849036500179819,0.8640616933218505,1787909.0,1756819.0,https://www.sec.gov/Archives/edgar/data/1542299/000155837016004447/0001558370-16-004447-index.html,https://www.sec.gov/Archives/edgar/data/1542299/000155837016004447/gtwn-20151231x10k.htm,1620592870,16:41:10,20210509
2,2014-12-31,GTWN,USD,2015-03-30,2015-03-30 16:57:29,FY,9726000.0,0.0,9726000.0,1.0,0.0,4678000.0,0.0,0.0,4678000.0,4678000.0,1448000.0,154000.0,2483000.0,0.25529508533826856,2329000.0,0.23946123791898005,0.0,2329000.0,0.23946123791898005,850000.0,1479000.0,0.15206662553979025,0.8263945617762063,0.8477971890278191,1789702.0,1744521.0,https://www.sec.gov/Archives/edgar/data/1542299/000110465915023977/0001104659-15-023977-index.htm,https://www.sec.gov/Archives/edgar/data/1542299/000110465915023977/a14-26408_110k.htm,1620592870,16:41:10,20210509
3,2013-12-31,GTWN,USD,2014-03-28,2014-03-28 14:52:29,FY,8473000.0,0.0,8473000.0,1.0,0.0,4769000.0,0.0,0.0,4769000.0,4769000.0,1172000.0,155000.0,890000.0,0.10503953735394783,735000.0,0.08674613478106928,0.0,1155000.0,0.136315354655966,420000.0,735000.0,0.08674613478106928,0.39391727415677585,0.40637281028637395,1865874.0,1808684.0,https://www.sec.gov/Archives/edgar/data/1542299/000110465914023999/0001104659-14-023999-index.htm,https://www.sec.gov/Archives/edgar/data/1542299/000110465914023999/a14-2976_110k.htm,1620592870,16:41:10,20210509
4,2012-12-31,GTWN,USD,2013-03-29 00:00:00,2013-03-29 11:21:14,FY,7357000.0,0.0,7357000.0,1.0,0.0,4336000.0,0.0,975000.0,4336000.0,4336000.0,1688000.0,697000.0,1645000.0,0.22359657469077068,948000.0,0.12885687100720403,0.0,1507000.0,0.204838928911241,559000.0,948000.0,0.12885687100720403,0.49655892001577673,0.5040614699772374,1909139.0,1880723.0,https://www.sec.gov/Archives/edgar/data/1542299/000110465913025827/0001104659-13-025827-index.html,https://www.sec.gov/Archives/edgar/data/1542299/000110465913025827/a13-3139_110k.htm,1620592870,16:41:10,20210509
