,date,symbol,reportedCurrency,fillingDate,acceptedDate,period,revenue,costOfRevenue,grossProfit,grossProfitRatio,researchAndDevelopmentExpenses,generalAndAdministrativeExpenses,sellingAndMarketingExpenses,otherExpenses,operatingExpenses,costAndExpenses,interestExpense,depreciationAndAmortization,ebitda,ebitdaratio,operatingIncome,operatingIncomeRatio,totalOtherIncomeExpensesNet,incomeBeforeTax,incomeBeforeTaxRatio,incomeTaxExpense,netIncome,netIncomeRatio,eps,epsdiluted,weightedAverageShsOut,weightedAverageShsOutDil,link,finalLink,timestamp,est_time,est_date
0,2020-12-31,SKAS,USD,2021-03-31,2021-03-31 15:45:34,FY,3506268.0,2525341.0,980927.0,0.27976384007155186,0.0,2472203.0,0.0,688612.0,2472203.0,4997544.0,-24025.0,119039.0,-1372237.0,-0.3913668321987937,-1491276.0,-0.42531717484231096,688612.0,-2179888.0,-0.621711745936135,-430960.0,-1748928.0,-0.4988004339656866,-1.7064260464608008,-1.7064260464608008,1024907.0,1024907.0,https://www.sec.gov/Archives/edgar/data/1128281/000143774921007824/0001437749-21-007824-index.htm,https://www.sec.gov/Archives/edgar/data/1128281/000143774921007824/skas20201231_10k.htm,1620597973,18:06:13,20210509
1,2019-12-31,SKAS,USD,2020-03-30,2020-03-30 15:46:16,FY,11567725.0,5851066.0,5716659.0,0.4941904307026663,0.0,4669097.0,0.0,0.0,4669097.0,10520163.0,7987.0,124264.0,1171826.0,0.10130133626101935,1047562.0,0.09055903386361623,0.0,1066644.0,0.09220862356254146,399000.0,667644.0,0.05771610234510243,0.66,0.65,1008979.0,1021865.0,https://www.sec.gov/Archives/edgar/data/1128281/000143774920006515/0001437749-20-006515-index.htm,https://www.sec.gov/Archives/edgar/data/1128281/000143774920006515/skas20191231_10k.htm,1620597973,18:06:13,20210509
2,2018-12-31,SKAS,USD,2019-03-29 00:00:00,2019-03-29 16:05:04,FY,11118452.0,6066691.0,5051761.0,0.45435830455534637,0.0,4559578.0,0.0,447.0,4559578.0,10626269.0,17121.0,472067.0,964250.0,0.08672520239328281,492183.0,0.044267223530757696,447.0,508536.0,0.0457380218037547,197000.0,311536.0,0.02801972792615375,0.30275607385811465,0.2996693917558597,1029000.0,1039599.0,https://www.sec.gov/Archives/edgar/data/1128281/000143774919006042/0001437749-19-006042-index.html,https://www.sec.gov/Archives/edgar/data/1128281/000143774919006042/skas20181231_10k.htm,1620597973,18:06:13,20210509
3,2017-12-31,SKAS,USD,2018-04-02 00:00:00,2018-04-02 16:02:22,FY,12016031.0,5611581.0,6404450.0,0.5329921335921987,0.0,5311207.0,0.0,-10211.0,5311207.0,10922788.0,21404.0,536598.0,1629841.0,0.13563888109143526,1093243.0,0.09098203891118457,-10211.0,1061628.0,0.08835097046603825,584000.0,477628.0,0.03974923167225517,0.4307790546866122,0.4198277892827132,1108754.0,1137676.0,https://www.sec.gov/Archives/edgar/data/1128281/000143774918006049/0001437749-18-006049-index.html,https://www.sec.gov/Archives/edgar/data/1128281/000143774918006049/skas20171231_10k.htm,1620597973,18:06:13,20210509
4,2016-12-31,SKAS,USD,2017-03-31 00:00:00,2017-03-31 12:09:49,FY,14690654.0,6591917.0,8098737.0,0.5512849870400596,0.0,6304011.0,0.0,0.0,6304011.0,12895928.0,27296.0,505390.0,2300116.0,0.15657002064033365,1794726.0,0.12216787625656421,0.0,1767430.0,0.1203098241916255,887000.0,880430.0,0.05993130053978536,0.7965947729094623,0.7928073464550904,1105242.0,1110522.0,https://www.sec.gov/Archives/edgar/data/1128281/000114420417018007/0001144204-17-018007-index.html,https://www.sec.gov/Archives/edgar/data/1128281/000114420417018007/v462633_10k.htm,1620597973,18:06:13,20210509
5,2015-12-31,SKAS,USD,2016-04-11,2016-04-11,FY,15974307.0,7262670.0,8711637.0,0.5453530472401713,0.0,6668533.0,0.0,0.0,6668533.0,13931203.0,25024.0,568821.0,2611925.0,0.1635078754903108,2043104.0,0.12789938242704363,-99384.0,1918696.0,0.12011137634953428,1032000.0,695208.0,0.04352038557916785,0.6298657292478301,0.6207546832866047,1103740.0,1119940.0,https://www.sec.gov/Archives/edgar/data/1128281/000114420416093620/0001144204-16-093620-index.htm,https://www.sec.gov/Archives/edgar/data/1128281/000114420416093620/v434786_10k.htm,1620597973,18:06:13,20210509
6,2014-12-31,SKAS,USD,2015-03-31,2015-03-31,FY,18287784.0,10069172.0,8218612.0,0.4494044767807844,0.0,7092654.0,0.0,0.0,7092654.0,17161826.0,85929.0,626919.0,1752877.0,0.09584961195954633,1125958.0,0.06156885929973801,-722975.0,323747.0,0.017702910314338797,190000.0,133747.0,0.00731346127010249,0.12119726554712618,0.1203934410882551,1103548.0,1110916.0,https://www.sec.gov/Archives/edgar/data/1128281/000114420415019851/0001144204-15-019851-index.htm,https://www.sec.gov/Archives/edgar/data/1128281/000114420415019851/v404755_10k.htm,1620597973,18:06:13,20210509
7,2013-12-31,SKAS,USD,2014-04-14,2014-04-14,FY,14761991.0,8110900.0,6651091.0,0.450555145305264,0.0,5605094.0,0.0,0.0,5605094.0,13715994.0,121476.0,487764.0,1533761.0,0.1038993317364846,1045997.0,0.07085744734568664,-114633.0,827505.0,0.05605646284434126,463000.0,-1823092.0,-0.12349905917162529,-1.800018,-1.800018,1101678.0,1101678.0,https://www.sec.gov/Archives/edgar/data/1128281/000114420414022390/0001144204-14-022390-index.htm,https://www.sec.gov/Archives/edgar/data/1128281/000114420414022390/v371917_10k.htm,1620597973,18:06:13,20210509
8,2012-12-31,SKAS,USD,2013-04-01 00:00:00,2013-04-01 10:01:34,FY,16928073.0,9989666.0,6938407.0,0.40987577262928865,0.0,5714543.0,0.0,0.0,5714543.0,15704209.0,148931.0,397702.0,1621566.0,0.09579152925439298,1223864.0,0.07229789238267108,43654.0,1143511.0,0.06755116190720586,594000.0,549511.0,0.03246152116664431,0.49894945774949695,0.4795955593569446,1101336.0,1145780.0,https://www.sec.gov/Archives/edgar/data/1128281/000114420413018879/0001144204-13-018879-index.html,https://www.sec.gov/Archives/edgar/data/1128281/000114420413018879/v337325_10k.htm,1620597973,18:06:13,20210509
9,2011-12-31,SKAS,USD,2012-03-27 00:00:00,2012-03-27 10:50:40,FY,16088906.0,8819913.0,7268993.0,0.45180157059777715,0.0,6092189.0,0.0,0.0,6092189.0,14912102.0,127734.0,358044.0,1534848.0,0.09539790959062101,1176804.0,0.07314381723654796,23657.0,1104496.0,0.06864954024841714,700000.0,404496.0,0.025141299228176234,0.3672362137526556,0.34671878214359186,1101460.0,1166640.0,https://www.sec.gov/Archives/edgar/data/1128281/000114420412017304/0001144204-12-017304-index.html,https://www.sec.gov/Archives/edgar/data/1128281/000114420412017304/v306859_10k.htm,1620597973,18:06:13,20210509
