,date,symbol,reportedCurrency,fillingDate,acceptedDate,period,revenue,costOfRevenue,grossProfit,grossProfitRatio,researchAndDevelopmentExpenses,generalAndAdministrativeExpenses,sellingAndMarketingExpenses,otherExpenses,operatingExpenses,costAndExpenses,interestExpense,depreciationAndAmortization,ebitda,ebitdaratio,operatingIncome,operatingIncomeRatio,totalOtherIncomeExpensesNet,incomeBeforeTax,incomeBeforeTaxRatio,incomeTaxExpense,netIncome,netIncomeRatio,eps,epsdiluted,weightedAverageShsOut,weightedAverageShsOutDil,link,finalLink,timestamp,est_time,est_date
0,2020-12-31,CLAR,USD,2021-03-08,2021-03-08 16:36:54,FY,224007000.0,146212000.0,77795000.0,0.3472882543849076,0.0,0.0,0.0,912000.0,71428000.0,217640000.0,1261000.0,8871000.0,15238000.0,0.06802465994366247,6367000.0,0.02842321891726598,-1521000.0,3585000.0,0.01600396416183423,-1960000.0,5545000.0,0.024753690732878884,0.18,0.18,30175000.0,31225000.0,https://www.sec.gov/Archives/edgar/data/913277/000110465921033312/0001104659-21-033312-index.htm,https://www.sec.gov/Archives/edgar/data/913277/000110465921033312/clar-20201231x10k.htm,1620590340,15:59:00,20210509
1,2019-12-31,CLAR,USD,2020-03-09,2020-03-09 16:59:09,FY,229437000.0,149146000.0,80291000.0,0.34994791598565184,0.0,0.0,0.0,-93000.0,68680000.0,217826000.0,1358000.0,8102000.0,19713000.0,0.08591901044731233,11611000.0,0.05060648456874872,-272000.0,9981000.0,0.043502137841760484,-8991000.0,18972000.0,0.08268936570823364,0.637168,0.607301,29952547.0,31130761.0,https://www.sec.gov/Archives/edgar/data/913277/000110465920030817/0001104659-20-030817-index.htm,https://www.sec.gov/Archives/edgar/data/913277/000110465920030817/tm2011773-1_10k.htm,1620590340,15:59:00,20210509
2,2018-12-31,CLAR,USD,2019-03-04,2019-03-04 16:27:10,FY,212141000.0,138179000.0,73962000.0,0.3486454763577055,0.0,0.0,0.0,-359000.0,65151000.0,203330000.0,1339000.0,8296000.0,17107000.0,0.08063976317637797,8811000.0,0.04153369692798658,-999000.0,6473000.0,0.03051272502722246,-828000.0,7301000.0,0.03441578949849393,0.2429781526997715,0.24024761200257458,30047969.0,30389480.0,https://www.sec.gov/Archives/edgar/data/913277/000114420419011981/0001144204-19-011981-index.htm,https://www.sec.gov/Archives/edgar/data/913277/000114420419011981/tv515152_10k.htm,1620590340,15:59:00,20210509
3,2017-12-31,CLAR,USD,2018-03-12,2018-03-12 16:26:12,FY,170687000.0,116877000.0,53810000.0,0.3152554090235343,0.0,0.0,0.0,343000.0,56295000.0,173172000.0,1288000.0,5259000.0,2774000.0,0.016251969980139086,-2485000.0,-0.014558812328999865,-1987000.0,-5760000.0,-0.03374597948291317,-5087000.0,-673000.0,-0.003942889616666764,-0.019911,-0.019911,30155445.0,30155445.0,https://www.sec.gov/Archives/edgar/data/913277/000114420418014109/0001144204-18-014109-index.htm,https://www.sec.gov/Archives/edgar/data/913277/000114420418014109/tv488243_10k.htm,1620590340,15:59:00,20210509
4,2016-12-31,CLAR,USD,2017-03-06,2017-03-06 17:29:44,FY,148189000.0,104505000.0,43684000.0,0.29478571283968447,0.0,0.0,0.0,533000.0,49936000.0,154441000.0,2876000.0,3339000.0,-2913000.0,-0.019657329491392747,-6252000.0,-0.04218936628224767,815000.0,-8313000.0,-0.056097281174716074,665000.0,-8978000.0,-0.06058479374312533,-0.298672,-0.298672,30532112.0,30532112.0,https://www.sec.gov/Archives/edgar/data/913277/000114420417013023/0001144204-17-013023-index.htm,https://www.sec.gov/Archives/edgar/data/913277/000114420417013023/v461072_10k.htm,1620590340,15:59:00,20210509
5,2015-12-31,CLAR,USD,2016-03-15,2016-03-15 16:26:53,FY,155266000.0,101020000.0,54246000.0,0.3493746216170958,0.0,0.0,0.0,434000.0,58499000.0,159519000.0,2767000.0,5573000.0,1320000.0,0.008501539293856993,-4253000.0,-0.02739170198240439,-33394000.0,-40414000.0,-0.2602887947135883,46121000.0,-75971000.0,-0.48929578916182553,-2.319689,-2.319689,32744904.0,32744904.0,https://www.sec.gov/Archives/edgar/data/913277/000114420416088182/0001144204-16-088182-index.htm,https://www.sec.gov/Archives/edgar/data/913277/000114420416088182/v434156_10k.htm,1620590340,15:59:00,20210509
6,2014-12-31,CLAR,USD,2015-03-16,2015-03-16 17:01:28,FY,193140000.0,118242000.0,74898000.0,0.3877912395153775,0.0,0.0,0.0,-296000.0,81077000.0,199319000.0,2684000.0,7494000.0,1315000.0,0.006808532670601636,-6179000.0,-0.03199233716475096,-3879000.0,-12742000.0,-0.06597286942114529,-3551000.0,14007000.0,0.07252252252252252,0.428097,0.428097,32711757.0,32711757.0,https://www.sec.gov/Archives/edgar/data/913277/000114420415016399/0001144204-15-016399-index.htm,https://www.sec.gov/Archives/edgar/data/913277/000114420415016399/v404401_10k.htm,1620590340,15:59:00,20210509
7,2013-12-31,CLAR,USD,2014-03-04,2014-03-04 06:02:35,FY,203036000.0,125551000.0,77485000.0,0.3816318288382356,0.0,54000.0,0.0,330000.0,81381000.0,206932000.0,3583000.0,8279000.0,4383000.0,0.021587304714434877,-3896000.0,-0.01918871530171989,-464000.0,-7943000.0,-0.03912114107842944,-2073000.0,-5870000.0,-0.028911129060856203,-0.179203,-0.179203,32149268.0,32149268.0,https://www.sec.gov/Archives/edgar/data/913277/000114420414013105/0001144204-14-013105-index.htm,https://www.sec.gov/Archives/edgar/data/913277/000114420414013105/v370139_10k.htm,1620590340,15:59:00,20210509
8,2012-12-31,CLAR,USD,2013-03-12,2013-03-12 06:12:28,FY,175877000.0,108613000.0,67264000.0,0.3824490979491349,0.0,0.0,0.0,870000.0,62590000.0,171203000.0,2993000.0,5953000.0,10627000.0,0.060422909192219564,4674000.0,0.02657539075603973,-1628000.0,88000.0,0.0005003496761941584,-1864000.0,1952000.0,0.011098665544670422,0.06969,0.059734,29949534.0,30259907.0,https://www.sec.gov/Archives/edgar/data/913277/000114420413014342/0001144204-13-014342-index.htm,https://www.sec.gov/Archives/edgar/data/913277/000114420413014342/v337239_10k.htm,1620590340,15:59:00,20210509
9,2011-12-31,CLAR,USD,2012-03-06,2012-03-06 06:07:34,FY,145775000.0,89423000.0,56352000.0,0.38656834162236325,0.0,0.0,0.0,0.0,50493000.0,139916000.0,2921000.0,4682000.0,10541000.0,0.07231006688389642,5859000.0,0.040192076830732296,-766000.0,2204000.0,0.015119190533356199,-2688000.0,4892000.0,0.03355856628365632,0.22295041144422875,0.22091770986911483,21942099.0,22143992.0,https://www.sec.gov/Archives/edgar/data/913277/000114420412013098/0001144204-12-013098-index.htm,https://www.sec.gov/Archives/edgar/data/913277/000114420412013098/v304432_10k.htm,1620590340,15:59:00,20210509
10,2010-12-31,CLAR,USD,2011-03-15,2011-03-15 06:24:10,FY,75912000.0,52180000.0,23732000.0,0.3126251449046264,0.0,0.0,0.0,0.0,36283000.0,88463000.0,1723000.0,2709000.0,-9842000.0,-0.12965012119296027,-12551000.0,-0.1653361787332701,-4811000.0,-19039000.0,-0.2508035620191801,-70229000.0,51190000.0,0.6743334387185161,2.568583,2.548671,19903075.0,20110996.0,https://www.sec.gov/Archives/edgar/data/913277/000114420411014717/0001144204-11-014717-index.htm,https://www.sec.gov/Archives/edgar/data/913277/000114420411014717/v214265_10k.htm,1620590340,15:59:00,20210509
11,2009-12-31,CLAR,USD,2010-03-15,2010-03-15 16:26:44,FY,0.0,0.0,0.0,0.0,0.0,0.0,0.0,0.0,5552000.0,5552000.0,0.0,342000.0,-5210000.0,0.0,-5552000.0,0.0,0.0,-4851000.0,0.0,-6000.0,-4845000.0,0.0,-0.288717,-0.288717,16941972.0,16941972.0,https://www.sec.gov/Archives/edgar/data/913277/000114420410013483/0001144204-10-013483-index.htm,https://www.sec.gov/Archives/edgar/data/913277/000114420410013483/v176976_10k.htm,1620590340,15:59:00,20210509
12,2008-12-31,CLAR,USD,2009-03-03,2009-03-03 09:23:19,FY,0.0,0.0,0.0,0.0,0.0,0.0,0.0,0.0,4873000.0,4873000.0,0.0,356000.0,-4517000.0,0.0,-4873000.0,0.0,-2000.0,-2402000.0,0.0,0.0,-2402000.0,0.0,-0.13938,-0.13938,16941972.0,16941972.0,https://www.sec.gov/Archives/edgar/data/913277/000114420409011778/0001144204-09-011778-index.htm,https://www.sec.gov/Archives/edgar/data/913277/000114420409011778/v141392_10k.htm,1620590340,15:59:00,20210509
13,2007-12-31,CLAR,USD,2008-03-07,2008-03-07 16:16:00,FY,0.0,0.0,0.0,0.0,0.0,0.0,0.0,0.0,4113000.0,4113000.0,0.0,359000.0,-3754000.0,0.0,-4113000.0,0.0,0.0,120000.0,0.0,3000.0,117000.0,0.0,0.006992571080530931,0.0068314027322107646,16732043.0,17126790.0,https://www.sec.gov/Archives/edgar/data/913277/000114420408014061/0001144204-08-014061-index.htm,https://www.sec.gov/Archives/edgar/data/913277/000114420408014061/v106022_10k.htm,1620590340,15:59:00,20210509
14,2006-12-31,CLAR,USD,2007-03-15,2007-03-14 19:27:56,FY,0.0,0.0,0.0,0.0,0.0,3530000.0,0.0,0.0,5307000.0,5307000.0,0.0,346000.0,-4961000.0,0.0,-5307000.0,0.0,0.0,0.0,0.0,0.0,-1291000.0,0.0,-0.079646,-0.079646,16686843.0,16686843.0,https://www.sec.gov/Archives/edgar/data/913277/000114420407012745/0001144204-07-012745-index.htm,https://www.sec.gov/Archives/edgar/data/913277/000114420407012745/v068321_10k.htm,1620590340,15:59:00,20210509
15,2005-12-31,CLAR,USD,2006-03-10,2006-03-10,FY,0.0,0.0,0.0,0.0,0.0,0.0,0.0,0.0,3779000.0,3779000.0,0.0,334000.0,-3445000.0,0.0,-3779000.0,0.0,-2000.0,0.0,0.0,0.0,-1291000.0,0.0,-0.079646,-0.079646,16401581.0,16401581.0,https://www.sec.gov/Archives/edgar/data/913277/000114420406009357/0001144204-06-009357-index.htm,https://www.sec.gov/Archives/edgar/data/913277/000114420406009357/v037402.txt,1620590340,15:59:00,20210509
16,2004-12-31,CLAR,USD,2004-12-31,2004-12-31,FY,1106000.0,0.0,1106000.0,1.0,0.0,3395000.0,0.0,0.0,5217000.0,5217000.0,0.0,186000.0,-3925000.0,-3.5488245931283906,-4111000.0,-3.716998191681736,19000.0,0.0,0.0,0.0,-2889000.0,-2.612115732368897,-0.179203,-0.179203,16163527.0,16163527.0,,,1620590340,15:59:00,20210509
17,2003-12-31,CLAR,USD,2003-12-31,2003-12-31,FY,130000.0,0.0,130000.0,1.0,0.0,0.0,0.0,0.0,5802000.0,5802000.0,0.0,762000.0,-4910000.0,-37.76923076923077,-5672000.0,-43.63076923076923,133000.0,0.0,0.0,0.0,-4331000.0,-33.315384615384616,-0.268805,-0.268805,15975696.0,15975696.0,,,1620590340,15:59:00,20210509
18,2002-12-31,CLAR,USD,2002-12-31,2002-12-31,FY,9034000.0,5524000.0,3510000.0,0.38853221164489704,7263000.0,0.0,0.0,0.0,43566000.0,49090000.0,0.0,14603000.0,-25453000.0,-2.817467345583352,-40056000.0,-4.4339163161390305,541000.0,0.0,0.0,0.0,-37813000.0,-4.185632056674784,-2.409291,-2.409291,15684407.0,15684407.0,,,1620590340,15:59:00,20210509
19,2001-12-31,CLAR,USD,2001-12-31,2001-12-31,FY,17005000.0,12464000.0,4541000.0,0.2670391061452514,16220000.0,49204000.0,0.0,0.0,114392000.0,126856000.0,0.0,12212000.0,-97639000.0,-5.741781828873861,-109851000.0,-6.459923551896501,-53101000.0,0.0,0.0,0.0,-119854000.0,-7.048162305204352,-7.685837,-7.685837,15599029.0,15599029.0,,,1620590340,15:59:00,20210509
20,2000-12-31,CLAR,USD,2000-12-31,2000-12-31,FY,34047000.0,12930000.0,21117000.0,0.6202308573442594,30615000.0,59708000.0,0.0,0.0,98455000.0,111385000.0,0.0,8132000.0,-69206000.0,-2.0326607336916616,-77338000.0,-2.2715070343936326,-3863000.0,0.0,0.0,0.0,-70647000.0,-2.0749845801392195,-4.878316,-4.878316,14484095.0,14484095.0,,,1620590340,15:59:00,20210509
21,1999-12-31,CLAR,USD,1999-12-31,1999-12-31,FY,38100000.0,15900000.0,22200000.0,0.5826771653543307,9000000.0,25000000.0,0.0,0.0,37400000.0,53300000.0,0.0,3400000.0,-11800000.0,-0.30971128608923887,-15200000.0,-0.3989501312335958,9400000.0,0.0,0.0,0.0,-5400000.0,-0.14173228346456693,-0.487832,-0.487832,11146325.0,11146325.0,,,1620590340,15:59:00,20210509
22,1998-12-31,CLAR,USD,1999-03-31 00:00:00,1999-03-31 00:00:00,FY,41600000.0,15900000.0,25700000.0,0.6177884615384616,16800000.0,17700000.0,0.0,0.0,36700000.0,52600000.0,0.0,2200000.0,-8800000.0,-0.21153846153846154,-11000000.0,-0.2644230769230769,600000.0,0.0,0.0,0.0,-10700000.0,-0.25721153846153844,-1.6879498208801287,-1.2589495724807271,6339051.0,8499149.0,https://www.sec.gov/Archives/edgar/data/913277/000093176399001021/0000931763-99-001021-index.html,https://www.sec.gov/Archives/edgar/data/913277/0000931763-99-001021.txt,1620590340,15:59:00,20210509
