,date,symbol,reportedCurrency,fillingDate,acceptedDate,period,revenue,costOfRevenue,grossProfit,grossProfitRatio,researchAndDevelopmentExpenses,generalAndAdministrativeExpenses,sellingAndMarketingExpenses,otherExpenses,operatingExpenses,costAndExpenses,interestExpense,depreciationAndAmortization,ebitda,ebitdaratio,operatingIncome,operatingIncomeRatio,totalOtherIncomeExpensesNet,incomeBeforeTax,incomeBeforeTaxRatio,incomeTaxExpense,netIncome,netIncomeRatio,eps,epsdiluted,weightedAverageShsOut,weightedAverageShsOutDil,link,finalLink,timestamp,est_time,est_date
0,2020-12-31,AUDC,USD,2020-12-31,2020-12-31,FY,220774000.0,70958000.0,149816000.0,0.6785943997028636,46072000.0,14177000.0,51217000.0,0.0,0.0,182424000.0,657000.0,2268000.0,40618000.0,0.18397999764465017,38350000.0,0.16599327819399023,-2130000.0,36647000.0,0.16599327819399023,9399000.0,27248000.0,0.12342033029251633,0.87,0.83,31440000,32916000,,,1620588921,15:35:21,20210509
1,2019-12-31,AUDC,USD,2020-02-25 00:00:00,2020-02-25 07:26:56,FY,200287000.0,105329000.0,94958000.0,0.47410965264844945,41199000.0,11778000.0,51535000.0,0.0,104512000.0,209841000.0,198000.0,2044000.0,-7510000.0,-0.03749619296309795,-9554000.0,-0.047701548278220755,-2251000.0,-11315000.0,-0.056493931208715494,-15292000.0,3977000.0,0.01985650591401339,0.14,0.13,29252000,30800000,https://www.sec.gov/Archives/edgar/data/1086434/000110465920024465/0001104659-20-024465-index.html,https://www.sec.gov/Archives/edgar/data/1086434/000110465920024465/tm206469-1_20f.htm,1620588921,15:35:21,20210509
2,2018-12-31,AUDC,USD,2019-03-19 00:00:00,2019-03-19 11:30:07,FY,176223000.0,65617000.0,110606000.0,0.6276479233698212,34661000.0,10251000.0,49335000.0,0.0,94247000.0,159864000.0,266000.0,2309000.0,18668000.0,0.10593395867735766,16359000.0,0.09283124223285269,-366000.0,16587000.0,0.09412505745561021,3094000.0,13493000.0,0.07656775789766375,0.47,0.45,28928000,30220000,https://www.sec.gov/Archives/edgar/data/1086434/000114420419014779/0001144204-19-014779-index.html,https://www.sec.gov/Archives/edgar/data/1086434/000114420419014779/tv513243_20f.htm,1620588921,15:35:21,20210509
3,2017-12-31,AUDC,USD,2018-03-26 00:00:00,2018-03-26 15:29:59,FY,156739000.0,58894000.0,97845000.0,0.6242543336374482,30348000.0,8893000.0,48954000.0,0.0,88195000.0,147089000.0,294000.0,2438000.0,12088000.0,0.07712183949112857,9650000.0,0.061567318918712,-652000.0,9640000.0,0.06150351858822629,5610000.0,4030000.0,0.025711533185741903,0.12956532921810698,0.12527978114896793,31104000,32168000,https://www.sec.gov/Archives/edgar/data/1086434/000114420418016871/0001144204-18-016871-index.html,https://www.sec.gov/Archives/edgar/data/1086434/000114420418016871/tv486441_20f.htm,1620588921,15:35:21,20210509
4,2016-12-31,AUDC,USD,2017-03-20 00:00:00,2017-03-20 16:43:04,FY,145571000.0,57230000.0,88341000.0,0.6068585089063069,29139000.0,6364000.0,45084000.0,0.0,80587000.0,137817000.0,262000.0,2892000.0,10646000.0,0.07313269813355681,7754000.0,0.05326610382562461,-1462000.0,7594000.0,0.05216698380858825,-8644000.0,16238000.0,0.11154694272897761,0.46,0.45,35174000,35779000,https://www.sec.gov/Archives/edgar/data/1086434/000114420417015642/0001144204-17-015642-index.html,https://www.sec.gov/Archives/edgar/data/1086434/000114420417015642/v460883_20f.htm,1620588921,15:35:21,20210509
5,2015-12-31,AUDC,USD,2016-03-29 00:00:00,2016-03-29 06:04:17,FY,139759000.0,56971000.0,82788000.0,0.5923625669903191,27996000.0,8726000.0,43360000.0,0.0,80082000.0,137053000.0,278000.0,2963000.0,5669000.0,0.04056268290414213,2706000.0,0.019361901559112472,-1296000.0,3148000.0,0.02252448858391946,2782000.0,366000.0,0.0026187937807225295,0.009109462890138881,0.009022556390977444,40178000,40565000,https://www.sec.gov/Archives/edgar/data/1086434/000114420416090745/0001144204-16-090745-index.html,https://www.sec.gov/Archives/edgar/data/1086434/000114420416090745/v433370_20f.htm,1620588921,15:35:21,20210509
6,2014-12-31,AUDC,USD,2015-03-24,2015-03-24,FY,151579000.0,62592000.0,88987000.0,0.5870668100462465,32275000.0,7677000.0,45534000.0,0.0,85486000.0,148078000.0,415000.0,3230000.0,6731000.0,0.04440588735906689,3501000.0,0.02309686698025452,-1346000.0,3305000.0,0.021803811873676433,3391000.0,-86000.0,-0.0005673609141107937,-0.002034,-0.002034,42286000,42286000,https://www.sec.gov/Archives/edgar/data/1086434/000114420415018121/v403733_20f.htm,https://www.sec.gov/Archives/edgar/data/1086434/000114420415018121/v403733_20f.htm,1620588921,15:35:21,20210509
7,2013-12-31,AUDC,USD,2014-03-26,2014-03-26,FY,137232000.0,58564000.0,78668000.0,0.5732482219890405,28194000.0,8456000.0,39279000.0,0.0,75929000.0,134493000.0,617000.0,3207000.0,5946000.0,0.04332808674361665,2739000.0,0.019958901713885976,-161000.0,2835000.0,0.020658447009443862,-1404000.0,4218000.0,0.030736271423574678,0.11030046285400487,0.10788551551269919,38241000,39097000,https://www.sec.gov/Archives/edgar/data/1086434/000114420414017745/v370112_20f.htm,https://www.sec.gov/Archives/edgar/data/1086434/000114420414017745/v370112_20f.htm,1620588921,15:35:21,20210509
8,2012-12-31,AUDC,USD,2013-04-11,2013-04-11,FY,127490000.0,54294000.0,73196000.0,0.5741313044160327,28677000.0,8214000.0,40040000.0,0.0,76931000.0,131225000.0,900000.0,2883000.0,-852000.0,-0.00668287708839909,-3735000.0,-0.029296415405129814,-440000.0,-3282000.0,-0.025743195544748607,541000.0,-4177000.0,-0.03276335398854812,-0.11,-0.11,39125000,39125000,https://www.sec.gov/Archives/edgar/data/1086434/000114420413021199/v335547_20f.htm,https://www.sec.gov/Archives/edgar/data/1086434/000114420413021199/v335547_20f.htm,1620588921,15:35:21,20210509
9,2011-12-31,AUDC,USD,2012-04-19,2012-04-19,FY,155827000.0,64145000.0,91682000.0,0.5883576016993204,32150000.0,9028000.0,43248000.0,0.0,84426000.0,148571000.0,346000.0,3239000.0,10495000.0,0.06735033081558395,7256000.0,0.04656445930422841,0.0,7679000.0,0.049279008130811736,238000.0,7164000.0,0.045974060977879316,0.17288479173705296,0.1708358173363539,41438000,41935000,https://www.sec.gov/Archives/edgar/data/1086434/000114420412022632/0001144204-12-022632-index.htm,https://www.sec.gov/Archives/edgar/data/1086434/000114420412022632/v303864_20f.htm,1620588921,15:35:21,20210509
10,2010-12-31,AUDC,USD,2011-03-10,2011-03-10,FY,150040000.0,66138000.0,83902000.0,0.5591975473207145,30189000.0,8252000.0,35024000.0,0.0,73465000.0,139603000.0,694000.0,4359000.0,14796000.0,0.09861370301252999,10437000.0,0.06956145027992536,-213000.0,10343000.0,0.06893495067981871,-1885000.0,12126000.0,0.08081844841375634,0.29896449704142014,0.29603769439222677,40560000,40961000,https://www.sec.gov/Archives/edgar/data/1086434/000114420411013912/0001144204-11-013912-index.htm,https://www.sec.gov/Archives/edgar/data/1086434/000114420411013912/v214155_20f.htm,1620588921,15:35:21,20210509
11,2009-12-31,AUDC,USD,2010-06-29,2010-06-29,FY,125894000.0,56194000.0,69700000.0,0.5536403641158435,29952000.0,7821000.0,32111000.0,0.0,69884000.0,126078000.0,4739000.0,5221000.0,5037000.0,0.04000984955597566,-184000.0,-0.0014615470157434032,-485000.0,-2928000.0,-0.023257661207047198,290000.0,-2822000.0,-0.02241568303493415,-0.05,-0.05,40208000,40208000,https://www.sec.gov/Archives/edgar/data/1086434/000114420410035483/v189373_20f.htm,https://www.sec.gov/Archives/edgar/data/1086434/000114420410035483/v189373_20f.htm,1620588921,15:35:21,20210509
12,2008-12-31,AUDC,USD,2009-06-30,2009-06-30,FY,174744000.0,77455000.0,97289000.0,0.5567515908986861,37833000.0,9219000.0,44657000.0,0.0,91709000.0,169164000.0,2357000.0,7553000.0,13133000.0,0.07515565627432129,5580000.0,0.0319324268644417,-85256000.0,-78253000.0,-0.4478150895023577,505000.0,-81340000.0,-0.46548093210639563,-1.97,-1.97,41200523,41200523,https://www.sec.gov/Archives/edgar/data/1086434/000118811209001542/t65872_20f.htm,https://www.sec.gov/Archives/edgar/data/1086434/000118811209001542/t65872_20f.htm,1620588921,15:35:21,20210509
13,2007-12-31,AUDC,USD,2008-06-24,2008-06-24,FY,158235000.0,69185000.0,89050000.0,0.5627705627705628,40706000.0,52537000.0,0.0,0.0,93243000.0,162428000.0,0.0,8031000.0,3838000.0,0.024255063671122064,-4193000.0,-0.026498562264985624,-1097000.0,-2620000.0,-0.016557651594147946,1265000.0,-3885000.0,-0.0245520902455209,-0.09,-0.09,43166667,43166667,https://www.sec.gov/Archives/edgar/data/1086434/000118811208001951/0001188112-08-001951-index.htm,https://www.sec.gov/Archives/edgar/data/1086434/000118811208001951/t63097_20-f.htm,1620588921,15:35:21,20210509
14,2006-12-31,AUDC,USD,2006-12-31,2006-12-31,FY,147353000.0,61242000.0,86111000.0,0.5843857946563694,35416000.0,46430000.0,0.0,0.0,81846000.0,143088000.0,0.0,5967000.0,10232000.0,0.06943869483485236,4265000.0,0.02894410022191608,-1156000.0,7166000.0,0.04863151751236826,289000.0,6877000.0,0.04667024085020326,0.16,0.16,42981250,42981250,,,1620588921,15:35:21,20210509
15,2005-12-31,AUDC,USD,2006-06-29,2006-06-29,FY,115827000.0,46993000.0,68834000.0,0.594282852875409,24415000.0,31948000.0,0.0,0.0,56363000.0,103356000.0,0.0,3746000.0,16217000.0,0.140010532950003,12471000.0,0.10766919630138051,-693000.0,14235000.0,0.1228988059778808,799000.0,13436000.0,0.11600058708245918,0.33,0.31,40715152,43341935,https://www.sec.gov/Archives/edgar/data/1086434/000117891306001199/0001178913-06-001199-index.htm,https://www.sec.gov/Archives/edgar/data/1086434/000117891306001199/d62573.htm,1620588921,15:35:21,20210509
16,2004-12-31,AUDC,USD,2004-12-31,2004-12-31,FY,82756000.0,34375000.0,48381000.0,0.5846222630383295,20009000.0,24742000.0,0.0,0.0,44751000.0,79126000.0,0.0,3073000.0,6703000.0,0.0809971482430277,3630000.0,0.0438638890231524,-516000.0,5279000.0,0.06378993668132824,273000.0,5006000.0,0.060491082217603555,0.13,0.12,38507692,41716667,,,1620588921,15:35:21,20210509
17,2004-06-30,AUDC,USD,2004-06-30,2004-06-30,FY,44228000.0,20037000.0,24191000.0,0.5469612010491092,15476000.0,-10471000.0,14537000.0,0.0,34079000.0,54116000.0,0.0,3040000.0,-5394000.0,-0.12195894003798499,-8434000.0,-0.19069367821289682,0.0,-8434000.0,-0.19069367821289682,0.0,-8434000.0,-0.19069367821289682,-0.22485,-0.22485,37509000,37509000,https://www.sec.gov/Archives/edgar/data/1086434/000108643404000022/0001086434-04-000022-index.htm,https://www.sec.gov/Archives/edgar/data/1086434/000108643404000022/f20fyear2003.htm,1620588921,15:35:21,20210509
18,2003-12-31,AUDC,USD,2003-12-31,2003-12-31,FY,44228000.0,20037000.0,24191000.0,0.5469612010491092,15476000.0,18603000.0,0.0,0.0,34079000.0,54116000.0,0.0,3090000.0,-6798000.0,-0.1537035362213982,-9888000.0,-0.22356877995839738,-404000.0,0.0,0.0,0.0,-8434000.0,-0.19069367821289682,-0.22,-0.22,37509000,37509000,,,1620588921,15:35:21,20210509
19,2002-12-31,AUDC,USD,2002-12-31,2002-12-31,FY,27189000.0,13006000.0,14183000.0,0.5216447828165802,13022000.0,17641000.0,0.0,0.0,30663000.0,43669000.0,0.0,2234000.0,-14246000.0,-0.5239618963551437,-16480000.0,-0.606127478024201,236000.0,-13857000.0,-0.5096546397440141,0.0,-13857000.0,-0.5096546397440141,-0.36,-0.36,38491667,38491667,,,1620588921,15:35:21,20210509
20,2001-12-31,AUDC,USD,2001-12-31,2001-12-31,FY,35734000.0,21942000.0,13792000.0,0.38596294845245427,13807000.0,18896000.0,0.0,0.0,32703000.0,54645000.0,0.0,1935000.0,-16976000.0,-0.47506576369843845,-18911000.0,-0.5292158728381933,-750000.0,-13273000.0,-0.3714389656909386,0.0,-13273000.0,-0.3714389656909386,-0.43664056845845123,-0.3670326023836518,30398000,36163000,,,1620588921,15:35:21,20210509
21,2000-12-31,AUDC,USD,2000-12-31,2000-12-31,FY,71798000.0,27103000.0,44695000.0,0.6225103763336026,10588000.0,14121000.0,0.0,0.0,24709000.0,51812000.0,0.0,926000.0,20912000.0,0.29126159503050225,19986000.0,0.2783642998412212,-28000.0,27117000.0,0.377684615170339,438000.0,26679000.0,0.3715841666898799,0.68,0.62,39273000,43051000,,,1620588921,15:35:21,20210509
22,1999-12-31,AUDC,USD,1999-12-31,1999-12-31,FY,31204000.0,11518000.0,19686000.0,0.630880656326112,4812000.0,5927000.0,0.0,0.0,11142000.0,22660000.0,0.0,403000.0,8947000.0,0.28672606076144086,8544000.0,0.2738110498654019,0.0,11015000.0,0.3529996154339187,355000.0,10660000.0,0.3416228688629663,0.35,0.3,30397752,36162754,,,1620588921,15:35:21,20210509
23,1998-12-31,AUDC,USD,1998-12-31,1998-12-31,FY,9200000.0,3000000.0,6200000.0,0.6739130434782609,2100000.0,3300000.0,0.0,0.0,5700000.0,8700000.0,0.0,300000.0,800000.0,0.08695652173913043,500000.0,0.05434782608695652,0.0,700000.0,0.07608695652173914,100000.0,600000.0,0.06521739130434782,0.03,0.03,15308000,15308000,,,1620588921,15:35:21,20210509
