,date,symbol,reportedCurrency,fillingDate,acceptedDate,period,revenue,costOfRevenue,grossProfit,grossProfitRatio,researchAndDevelopmentExpenses,generalAndAdministrativeExpenses,sellingAndMarketingExpenses,otherExpenses,operatingExpenses,costAndExpenses,interestExpense,depreciationAndAmortization,ebitda,ebitdaratio,operatingIncome,operatingIncomeRatio,totalOtherIncomeExpensesNet,incomeBeforeTax,incomeBeforeTaxRatio,incomeTaxExpense,netIncome,netIncomeRatio,eps,epsdiluted,weightedAverageShsOut,weightedAverageShsOutDil,link,finalLink,timestamp,est_time,est_date
0,2021-01-31,FCCN.L,GBP,2021-01-31,2021-01-31,FY,71500000,53100000.0,18400000.0,0.2573426573426573,0.0,600000.0,0.0,0.0,0.0,82900000,1300000.0,6500000.0,-4900000.0,-0.06853146853146853,-11400000.0,-0.2755244755244755,0.0,-19700000.0,-0.2755244755244755,0.0,-19700000.0,-0.2755244755244755,-0.204,-0.204,96612634,96612634,https://find-and-update.company-information.service.gov.uk/search/companies?q=French+Connection+Group+PLC,https://find-and-update.company-information.service.gov.uk/search/companies?q=French+Connection+Group+PLC,1620591972,16:26:12,20210509
1,2020-01-31,FCCN.L,GBP,2020-01-31,2020-01-31,FY,119900000,74000000.0,45900000.0,0.38281901584653877,0.0,8500000.0,44700000.0,0.0,48700000.0,122700000,1500000.0,7800000.0,5000000.0,0.041701417848206836,-2800000.0,-0.02335279399499583,0.0,-7300000.0,-0.060884070058381985,0.0,-7900000.0,-0.0658882402001668,-0.082,-0.082,96612634,96612634,https://find-and-update.company-information.service.gov.uk/search/companies?q=French+Connection+Group+PLC,https://find-and-update.company-information.service.gov.uk/search/companies?q=French+Connection+Group+PLC,1620591972,16:26:12,20210509
2,2019-01-31,FCCN.L,GBP,2019-01-31,2019-01-31,FY,135300000,78100000.0,57200000.0,0.42276422764227645,0.0,8500000.0,53700000.0,0.0,63600000.0,141700000,0.0,1200000.0,-5200000.0,-0.038433111603843315,-6400000.0,-0.04730229120473023,0.0,-9300000.0,-0.06873614190687362,0.0,100000.0,0.0007390983000739098,0.001,0.001,96404508,96404508,https://find-and-update.company-information.service.gov.uk/search/companies?q=French+Connection+Group+PLC,https://find-and-update.company-information.service.gov.uk/search/companies?q=French+Connection+Group+PLC,1620591972,16:26:12,20210509
3,2018-01-31,FCCN.L,GBP,2018-01-31,2018-01-31,FY,154000000,84400000.0,69600000.0,0.45194805194805193,0.0,9800000.0,66800000.0,0.0,70300000.0,154700000,100000.0,1300000.0,600000.0,0.003896103896103896,-700000.0,-0.004545454545454545,0.0,-2300000.0,-0.014935064935064935,0.0,-2600000.0,-0.016883116883116882,-0.027,-0.027,96253134,96253134,https://find-and-update.company-information.service.gov.uk/search/companies?q=French+Connection+Group+PLC,https://find-and-update.company-information.service.gov.uk/search/companies?q=French+Connection+Group+PLC,1620591972,16:26:12,20210509
4,2017-01-31,FCCN.L,GBP,2017-01-31,2017-01-31,FY,153200000,83100000.0,70100000.0,0.4575718015665796,0.0,7900000.0,71400000.0,0.0,73000000.0,156100000,0.0,1100000.0,-1800000.0,-0.01174934725848564,-2900000.0,-0.018929503916449087,0.0,-5300000.0,-0.034595300261096605,0.0,-5600000.0,-0.03655352480417755,-0.058,-0.058,96253134,96253134,https://find-and-update.company-information.service.gov.uk/search/companies?q=French+Connection+Group+PLC,https://find-and-update.company-information.service.gov.uk/search/companies?q=French+Connection+Group+PLC,1620591972,16:26:12,20210509
5,2016-01-31,FCCN.L,GBP,2016-01-31,2016-01-31,FY,164200000,88200000.0,76000000.0,0.4628501827040195,0.0,8000000.0,79600000.0,0.0,80300000.0,168500000,0.0,1600000.0,-2700000.0,-0.016443361753958587,-4300000.0,-0.026187576126674786,0.0,-3500000.0,-0.021315468940316686,0.0,-3300000.0,-0.020097442143727162,-0.034,-0.034298,96216764,96216764,https://find-and-update.company-information.service.gov.uk/search/companies?q=French+Connection+Group+PLC,https://find-and-update.company-information.service.gov.uk/search/companies?q=French+Connection+Group+PLC,1620591972,16:26:12,20210509
6,2015-01-31,FCCN.L,GBP,2015-01-31,2015-01-31,FY,178500000,95100000.0,83400000.0,0.4672268907563025,0.0,8100000.0,82700000.0,0.0,84300000.0,179400000,0.0,1600000.0,700000.0,0.00392156862745098,-900000.0,-0.005042016806722689,0.0,-1600000.0,-0.008963585434173669,0.0,-1500000.0,-0.008403361344537815,-0.016,-0.016,96119892,96119892,https://find-and-update.company-information.service.gov.uk/search/companies?q=French+Connection+Group+PLC,https://find-and-update.company-information.service.gov.uk/search/companies?q=French+Connection+Group+PLC,1620591972,16:26:12,20210509
7,2014-01-31,FCCN.L,GBP,2014-01-31,2014-01-31,FY,189400000,99200000.0,90200000.0,0.47624076029567053,0.0,8600000.0,92800000.0,0.0,95300000.0,194500000,0.0,1900000.0,-3200000.0,-0.01689545934530095,-5100000.0,-0.02692713833157339,0.0,-6100000.0,-0.032206969376979935,200000.0,-6100000.0,-0.032206969376979935,-0.06360808808748351,-0.06354853321807366,95899754,95989627,https://find-and-update.company-information.service.gov.uk/search/companies?q=French+Connection+Group+PLC,https://find-and-update.company-information.service.gov.uk/search/companies?q=French+Connection+Group+PLC,1620591972,16:26:12,20210509
8,2013-01-31,FCCN.L,GBP,2013-01-31,2013-01-31,FY,197300000,102700000.0,94600000.0,0.4794728839330968,0.0,10700000.0,98200000.0,0.0,102400000.0,205100000,0.0,3100000.0,-4700000.0,-0.02382159148504815,-7800000.0,-0.039533705017739486,0.0,-10500000.0,-0.05321844906234161,0.0,-10300000.0,-0.05220476431829701,-0.107,-0.10731,95899754,95983319,https://find-and-update.company-information.service.gov.uk/search/companies?q=French+Connection+Group+PLC,https://find-and-update.company-information.service.gov.uk/search/companies?q=French+Connection+Group+PLC,1620591972,16:26:12,20210509
9,2012-01-31,FCCN.L,GBP,2012-01-31,2012-01-31,FY,215400000,111800000.0,103600000.0,0.4809656453110492,0.0,0.0,99000000.0,1500000.0,103700000.0,215500000,0.0,2800000.0,2700000.0,0.012534818941504178,-100000.0,-0.00046425255338904364,0.0,5000000.0,0.02321262766945218,500000.0,5300000.0,0.02460538532961931,0.05527469751703973,0.05484677312114876,95884740,96632850,https://find-and-update.company-information.service.gov.uk/search/companies?q=French+Connection+Group+PLC,https://find-and-update.company-information.service.gov.uk/search/companies?q=French+Connection+Group+PLC,1620591972,16:26:12,20210509
10,2011-01-31,FCCN.L,GBP,2011-01-31,2011-01-31,FY,213800000,103200000.0,110600000.0,0.5173058933582788,0.0,0.0,102600000.0,1200000.0,112900000.0,216100000,0.0,3600000.0,1300000.0,0.00608044901777362,-2300000.0,-0.010757717492984098,0.0,8900000.0,0.04162768942937325,300000.0,-2400000.0,-0.011225444340505144,-0.024,-0.024,95879754,95879754,https://find-and-update.company-information.service.gov.uk/search/companies?q=French+Connection+Group+PLC,https://find-and-update.company-information.service.gov.uk/search/companies?q=French+Connection+Group+PLC,1620591972,16:26:12,20210509
11,2010-01-31,FCCN.L,GBP,2010-01-31,2010-01-31,FY,212500000,103400000.0,109100000.0,0.5134117647058823,0.0,0.0,105600000.0,1400000.0,106900000.0,210300000,0.0,5500000.0,7700000.0,0.03623529411764706,2200000.0,0.010352941176470589,0.0,-9000000.0,-0.042352941176470586,200000.0,-24900000.0,-0.1171764705882353,-0.26,-0.26,95879754,95879754,https://find-and-update.company-information.service.gov.uk/search/companies?q=French+Connection+Group+PLC,https://find-and-update.company-information.service.gov.uk/search/companies?q=French+Connection+Group+PLC,1620591972,16:26:12,20210509
12,2009-01-31,FCCN.L,GBP,2009-01-31,2009-01-31,FY,213600000,104400000.0,109200000.0,0.5112359550561798,0.0,0.0,105600000.0,1300000.0,103100000.0,207500000,100000.0,8000000.0,14100000.0,0.06601123595505617,6100000.0,0.02855805243445693,0.0,-11800000.0,-0.0552434456928839,-1000000.0,-16600000.0,-0.07771535580524344,-0.173,-0.173,95879754,95879754,https://find-and-update.company-information.service.gov.uk/search/companies?q=French+Connection+Group+PLC,https://find-and-update.company-information.service.gov.uk/search/companies?q=French+Connection+Group+PLC,1620591972,16:26:12,20210509
13,2008-01-31,FCCN.L,GBP,2008-01-31,2008-01-31,FY,236100000,111900000.0,124200000.0,0.5260482846251588,0.0,0.0,115600000.0,1900000.0,126200000.0,238100000,200000.0,8000000.0,6000000.0,0.025412960609911054,-2000000.0,-0.00847098686997035,0.0,3100000.0,0.013130029648454045,1500000.0,1400000.0,0.005929690808979246,0.01460169724913932,0.01459620581847093,95879265,95915337,https://find-and-update.company-information.service.gov.uk/search/companies?q=French+Connection+Group+PLC,https://find-and-update.company-information.service.gov.uk/search/companies?q=French+Connection+Group+PLC,1620591972,16:26:12,20210509
14,2007-01-31,FCCN.L,GBP,2007-01-31,2007-01-31,FY,241300000,113600000.0,127700000.0,0.5292167426440116,0.0,0.0,115800000.0,1400000.0,126300000.0,239900000,400000.0,9800000.0,11200000.0,0.04641525072523829,1400000.0,0.005801906340654786,0.0,4000000.0,0.016576875259013676,3600000.0,100000.0,0.0004144218814753419,0.001043419927344375,0.0010416028359428765,95838691,96005883,https://find-and-update.company-information.service.gov.uk/search/companies?q=French+Connection+Group+PLC,https://find-and-update.company-information.service.gov.uk/search/companies?q=French+Connection+Group+PLC,1620591972,16:26:12,20210509
15,2006-01-31,FCCN.L,GBP,2006-01-31,2006-01-31,FY,246300000,114800000.0,131500000.0,0.5339017458384084,0.0,0.0,112800000.0,1200000.0,126200000.0,241000000,200000.0,10700000.0,16000000.0,0.06496142915144133,5300000.0,0.02151847340641494,0.0,15700000.0,0.0637434023548518,5700000.0,9700000.0,0.03938286642306131,0.102,0.101,95501265,95936595,https://find-and-update.company-information.service.gov.uk/search/companies?q=French+Connection+Group+PLC,https://find-and-update.company-information.service.gov.uk/search/companies?q=French+Connection+Group+PLC,1620591972,16:26:12,20210509
16,2005-01-31,FCCN.L,GBP,2005-01-31,2005-01-31,FY,265700000,123200000.0,142500000.0,0.5363191569439217,0.0,0.0,100800000.0,1400000.0,111600000.0,234800000,100000.0,9000000.0,39900000.0,0.15016936394429808,30900000.0,0.11629657508468197,0.0,33700000.0,0.1268347760632292,10400000.0,23000000.0,0.08656379375235228,0.241,0.239,95417431,96210974,https://find-and-update.company-information.service.gov.uk/search/companies?q=French+Connection+Group+PLC,https://find-and-update.company-information.service.gov.uk/search/companies?q=French+Connection+Group+PLC,1620591972,16:26:12,20210509
17,2004-01-31,FCCN.L,GBP,2004-01-31,2004-01-31,FY,267900000,123800000.0,144100000.0,0.5378872713699141,0.0,-85100000.0,97100000.0,1400000.0,108000000.0,231800000,300000.0,10500000.0,46600000.0,0.17394550205300485,36100000.0,0.1347517730496454,0.0,38100000.0,0.1422172452407615,11700000.0,26200000.0,0.09779768570362075,0.275,0.272,95293211,96187150,https://find-and-update.company-information.service.gov.uk/search/companies?q=French+Connection+Group+PLC,https://find-and-update.company-information.service.gov.uk/search/companies?q=French+Connection+Group+PLC,1620591972,16:26:12,20210509
18,2003-01-31,FCCN.L,GBP,2003-01-31,2003-01-31,FY,241000000,112200000.0,128800000.0,0.5344398340248963,0.0,-73300000.0,87000000.0,1500000.0,100900000.0,213100000,700000.0,9100000.0,37000000.0,0.15352697095435686,27900000.0,0.11576763485477179,0.0,29500000.0,0.12240663900414937,9100000.0,20400000.0,0.08464730290456432,0.2146,0.2142,95065060,95238095,https://find-and-update.company-information.service.gov.uk/search/companies?q=French+Connection+Group+PLC,https://find-and-update.company-information.service.gov.uk/search/companies?q=French+Connection+Group+PLC,1620591972,16:26:12,20210509
19,2002-01-31,FCCN.L,GBP,2002-01-31,2002-01-31,FY,225700000,108200000.0,117500000.0,0.5206025697828977,0.0,0.0,0.0,0.0,92300000.0,200500000,1800000.0,8200000.0,33400000.0,0.1479840496233939,25200000.0,0.11165263624280018,0.0,22600000.0,0.10013291980505096,7800000.0,15000000.0,0.0664599025254763,0.1582,0.1578,94760000,95000000,https://find-and-update.company-information.service.gov.uk/search/companies?q=French+Connection+Group+PLC,https://find-and-update.company-information.service.gov.uk/search/companies?q=French+Connection+Group+PLC,1620591972,16:26:12,20210509
20,2001-01-31,FCCN.L,GBP,2001-01-31,2001-01-31,FY,193600000,92800000.0,100800000.0,0.5206611570247934,0.0,0.0,0.0,0.0,81298000.0,174098000,800000.0,6298000.0,25800000.0,0.13326446280991736,19502000.0,0.10073347107438016,0.0,19100000.0,0.09865702479338843,6700000.0,10200000.0,0.05268595041322314,0.1082,0.108,94535000,94685000,https://find-and-update.company-information.service.gov.uk/search/companies?q=French+Connection+Group+PLC,https://find-and-update.company-information.service.gov.uk/search/companies?q=French+Connection+Group+PLC,1620591972,16:26:12,20210509
21,2000-01-31,FCCN.L,GBP,2000-01-31,2000-01-31,FY,155983000,74873000.0,81110000.0,0.5199925632921536,0.0,0.0,0.0,0.0,65103000.0,139976000,726000.0,4694000.0,20701000.0,0.13271318028246668,16007000.0,0.10262015732483667,0.0,15824000.0,0.10144695255252174,5629000.0,8811000.0,0.056486924857195975,0.0948,0.0944,92845000,93270000,https://find-and-update.company-information.service.gov.uk/search/companies?q=French+Connection+Group+PLC,https://find-and-update.company-information.service.gov.uk/search/companies?q=French+Connection+Group+PLC,1620591972,16:26:12,20210509
22,1999-01-31,FCCN.L,GBP,1999-01-31,1999-01-31,FY,117283000,56297000.0,60986000.0,0.5199901093935182,0.0,0.0,0.0,0.0,50325000.0,106622000,456000.0,3479000.0,14140000.0,0.12056308245866836,10661000.0,0.09089978939829302,0.0,10401000.0,0.08868292932479557,3508000.0,6243000.0,0.053230220918632706,0.068,0.0676,91760000,92470000,https://find-and-update.company-information.service.gov.uk/search/companies?q=French+Connection+Group+PLC,https://find-and-update.company-information.service.gov.uk/search/companies?q=French+Connection+Group+PLC,1620591972,16:26:12,20210509
23,1998-01-31,FCCN.L,GBP,1998-01-31,1998-01-31,FY,93666000,0.0,0.0,0.0,0.0,0.0,0.0,0.0,85361000.0,85361000,319000.0,2507000.0,10812000.0,0.11543142655819615,8305000.0,0.08866611150257298,0.0,8209000.0,0.08764119317575214,2843000.0,5042000.0,0.05382956462323575,0.055,0.0548,91760000,91760000,https://find-and-update.company-information.service.gov.uk/search/companies?q=French+Connection+Group+PLC,https://find-and-update.company-information.service.gov.uk/search/companies?q=French+Connection+Group+PLC,1620591972,16:26:12,20210509
24,1997-01-31,FCCN.L,GBP,1997-01-31,1997-01-31,FY,82975000,0.0,0.0,0.0,0.0,0.0,0.0,0.0,76654000.0,76654000,275000.0,1988000.0,8309000.0,0.10013859596263935,6321000.0,0.07617957216028924,0.0,6228000.0,0.07505875263633624,2409000.0,3234000.0,0.038975595058752636,0.0352,0.0352,91700000,91700000,https://find-and-update.company-information.service.gov.uk/search/companies?q=French+Connection+Group+PLC,https://find-and-update.company-information.service.gov.uk/search/companies?q=French+Connection+Group+PLC,1620591972,16:26:12,20210509
25,1996-01-31,FCCN.L,GBP,1996-01-31,1996-01-31,FY,70738000,0.0,0.0,0.0,0.0,0.0,0.0,0.0,67335000.0,67335000,190000.0,1486000.0,4889000.0,0.06911419604738613,3403000.0,0.0481070994373604,0.0,3431000.0,0.04850292629138511,1251000.0,1803000.0,0.02548842206451978,0.02,0.02,90215000,90215000,https://find-and-update.company-information.service.gov.uk/search/companies?q=French+Connection+Group+PLC,https://find-and-update.company-information.service.gov.uk/search/companies?q=French+Connection+Group+PLC,1620591972,16:26:12,20210509
26,1995-01-31,FCCN.L,GBP,1995-01-31,1995-01-31,FY,70529000,0.0,0.0,0.0,0.0,0.0,0.0,0.0,63627000.0,63627000,300000.0,1109000.0,8011000.0,0.1135844829786329,6902000.0,0.09786045456478895,0.0,6855000.0,0.09719406201704263,1994000.0,3797000.0,0.05383601071899502,0.0464,0.0464,81720000,81720000,https://find-and-update.company-information.service.gov.uk/search/companies?q=French+Connection+Group+PLC,https://find-and-update.company-information.service.gov.uk/search/companies?q=French+Connection+Group+PLC,1620591972,16:26:12,20210509
27,1994-01-31,FCCN.L,GBP,1994-01-31,1994-01-31,FY,63912000,0.0,0.0,0.0,0.0,0.0,0.0,0.0,58297000.0,58297000,454000.0,908000.0,6523000.0,0.1020622105394918,5615000.0,0.08785517586681688,0.0,5140000.0,0.08042308173738891,1621000.0,2758000.0,0.04315308549255226,0.032889,0.032889,83642042,83642042,https://find-and-update.company-information.service.gov.uk/search/companies?q=French+Connection+Group+PLC,https://find-and-update.company-information.service.gov.uk/search/companies?q=French+Connection+Group+PLC,1620591972,16:26:12,20210509
28,1993-01-31,FCCN.L,GBP,1993-01-31,1993-01-31,FY,47400000,0.0,0.0,0.0,0.0,0.0,0.0,0.0,44795000.0,44795000,1033000.0,970000.0,3575000.0,0.07542194092827004,2605000.0,0.054957805907172995,0.0,-133000.0,-0.0028059071729957807,330000.0,-717000.0,-0.015126582278481012,-0.008555,-0.008555,83468456,83468456,https://find-and-update.company-information.service.gov.uk/search/companies?q=French+Connection+Group+PLC,https://find-and-update.company-information.service.gov.uk/search/companies?q=French+Connection+Group+PLC,1620591972,16:26:12,20210509
29,1992-01-31,FCCN.L,GBP,1992-01-31,1992-01-31,FY,49947000,0.0,0.0,0.0,0.0,0.0,0.0,0.0,47017000.0,47017000,1155000.0,999000.0,3929000.0,0.07866338318617735,2930000.0,0.0586621819128276,0.0,-7951000.0,-0.15918874006446834,-1415000.0,-8632000.0,-0.1728231925841392,-0.103419,-0.103419,83468456,83468456,https://find-and-update.company-information.service.gov.uk/search/companies?q=French+Connection+Group+PLC,https://find-and-update.company-information.service.gov.uk/search/companies?q=French+Connection+Group+PLC,1620591972,16:26:12,20210509
30,1991-01-31,FCCN.L,GBP,1991-01-31,1991-01-31,FY,56684000,0.0,0.0,0.0,0.0,0.0,0.0,0.0,56684000.0,56684000,1558000.0,1184000.0,2799000.0,0.04937901347823019,0.0,0.001005574765365888,0.0,57000.0,0.001005574765365888,65000.0,230000.0,0.004057582386564109,0.002662,0.002662,83468456,83468456,https://find-and-update.company-information.service.gov.uk/search/companies?q=French+Connection+Group+PLC,https://find-and-update.company-information.service.gov.uk/search/companies?q=French+Connection+Group+PLC,1620591972,16:26:12,20210509
31,1990-01-31,FCCN.L,GBP,1990-01-31,1990-01-31,FY,53312000,0.0,0.0,0.0,0.0,0.0,0.0,0.0,53312000.0,53312000,3067000.0,1517000.0,-82000.0,-0.0015381152460984394,0.0,-0.08752250900360144,0.0,-4666000.0,-0.08752250900360144,356000.0,2225000.0,0.04173544417767107,0.026615,0.026615,83447416,83447416,https://find-and-update.company-information.service.gov.uk/search/companies?q=French+Connection+Group+PLC,https://find-and-update.company-information.service.gov.uk/search/companies?q=French+Connection+Group+PLC,1620591972,16:26:12,20210509
32,1989-01-31,FCCN.L,GBP,1989-01-31,1989-01-31,FY,55057000,0.0,0.0,0.0,0.0,0.0,0.0,22000.0,55101000.0,55101000,1868000.0,1464000.0,1420000.0,0.025791452494687325,-44000.0,-0.0007991717674410157,0.0,-990000.0,-0.017981364767422854,181000.0,-1279000.0,-0.02323047023993316,-0.015331,-0.015331,83426375,83426375,https://find-and-update.company-information.service.gov.uk/search/companies?q=French+Connection+Group+PLC,https://find-and-update.company-information.service.gov.uk/search/companies?q=French+Connection+Group+PLC,1620591972,16:26:12,20210509
33,1988-01-31,FCCN.L,GBP,1988-01-31,1988-01-31,FY,58926000,0.0,0.0,0.0,0.0,0.0,0.0,27000.0,58980000.0,58980000,1364000.0,1125000.0,1071000.0,0.018175338560228082,-54000.0,-0.0009164036248854496,0.0,5017000.0,0.08514068492685742,2000000.0,2650000.0,0.044971659369378546,0.031805,0.031805,83321172,83321172,https://find-and-update.company-information.service.gov.uk/search/companies?q=French+Connection+Group+PLC,https://find-and-update.company-information.service.gov.uk/search/companies?q=French+Connection+Group+PLC,1620591972,16:26:12,20210509
34,1987-01-31,FCCN.L,GBP,1987-01-31,1987-01-31,FY,48747000,0.0,0.0,0.0,0.0,0.0,0.0,72000.0,48891000.0,48891000,1046000.0,852000.0,708000.0,0.014523970705889594,-144000.0,-0.002954027940180934,0.0,3524000.0,0.0722916282027612,1361000.0,1939000.0,0.039776806777852995,0.023301,0.023301,83215968,83215968,https://find-and-update.company-information.service.gov.uk/search/companies?q=French+Connection+Group+PLC,https://find-and-update.company-information.service.gov.uk/search/companies?q=French+Connection+Group+PLC,1620591972,16:26:12,20210509
35,1986-01-31,FCCN.L,GBP,1986-01-31,1986-01-31,FY,41414000,0.0,0.0,0.0,0.0,0.0,0.0,119000.0,41652000.0,41652000,624000.0,699000.0,461000.0,0.011131501424639012,-238000.0,-0.0057468488916791426,0.0,4881000.0,0.11785869512725165,2200000.0,2465000.0,0.05952093494953398,0.029622,0.029622,83215968,83215968,https://find-and-update.company-information.service.gov.uk/search/companies?q=French+Connection+Group+PLC,https://find-and-update.company-information.service.gov.uk/search/companies?q=French+Connection+Group+PLC,1620591972,16:26:12,20210509
