,date,symbol,reportedCurrency,fillingDate,acceptedDate,period,revenue,costOfRevenue,grossProfit,grossProfitRatio,researchAndDevelopmentExpenses,generalAndAdministrativeExpenses,sellingAndMarketingExpenses,otherExpenses,operatingExpenses,costAndExpenses,interestExpense,depreciationAndAmortization,ebitda,ebitdaratio,operatingIncome,operatingIncomeRatio,totalOtherIncomeExpensesNet,incomeBeforeTax,incomeBeforeTaxRatio,incomeTaxExpense,netIncome,netIncomeRatio,eps,epsdiluted,weightedAverageShsOut,weightedAverageShsOutDil,link,finalLink,timestamp,est_time,est_date
0,2020-08-31,SST.L,GBP,2020-08-31,2020-08-31,FY,-45570000.0,0.0,0.0,0.0,0.0,867000.0,0.0,0.0,867000.0,0.0,0.0,0.0,0.0,0.0,0.0,1.0190256747860436,0.0,-46437000.0,1.0190256747860436,957000.0,-47394000.0,1.0400263331138908,-1.5864746160044538,-1.5864746160044538,29873784,29873784,https://find-and-update.company-information.service.gov.uk/search/companies?q=Scottish+Oriental+Smaller+Companies+Trust+PLC,https://find-and-update.company-information.service.gov.uk/search/companies?q=Scottish+Oriental+Smaller+Companies+Trust+PLC,1620598324,18:12:04,20210509
1,2019-08-31,SST.L,GBP,2019-08-31,2019-08-31,FY,5707000.0,0.0,0.0,0.0,0.0,824000.0,0.0,0.0,824000.0,0.0,0.0,0.0,0.0,0.0,0.0,0.8556159102856141,0.0,4883000.0,0.8556159102856141,784000.0,4099000.0,0.7182407569651306,0.1372,0.1372,29873784,29873784,https://find-and-update.company-information.service.gov.uk/search/companies?q=Scottish+Oriental+Smaller+Companies+Trust+PLC,https://find-and-update.company-information.service.gov.uk/search/companies?q=Scottish+Oriental+Smaller+Companies+Trust+PLC,1620598324,18:12:04,20210509
2,2018-08-31,SST.L,GBP,2018-08-31,2018-08-31,FY,-7085000.0,0.0,0.0,0.0,0.0,928000.0,0.0,0.0,928000.0,0.0,0.0,0.0,0.0,0.0,0.0,1.1309809456598447,0.0,-8013000.0,1.1309809456598447,1338000.0,-9351000.0,1.3198306280875087,-0.3041,-0.3041,30750547,30750547,https://find-and-update.company-information.service.gov.uk/search/companies?q=Scottish+Oriental+Smaller+Companies+Trust+PLC,https://find-and-update.company-information.service.gov.uk/search/companies?q=Scottish+Oriental+Smaller+Companies+Trust+PLC,1620598324,18:12:04,20210509
3,2017-08-31,SST.L,GBP,2017-08-31,2017-08-31,FY,50938000.0,0.0,0.0,0.0,0.0,801000.0,0.0,0.0,1450000.0,0.0,471000.0,0.0,0.0,0.0,0.0,0.9715340217519337,0.0,49488000.0,0.9715340217519337,950000.0,48538000.0,0.9528838980721661,1.5671,1.5671,30973341,30973341,https://find-and-update.company-information.service.gov.uk/search/companies?q=Scottish+Oriental+Smaller+Companies+Trust+PLC,https://find-and-update.company-information.service.gov.uk/search/companies?q=Scottish+Oriental+Smaller+Companies+Trust+PLC,1620598324,18:12:04,20210509
4,2016-08-31,SST.L,GBP,2016-08-31,2016-08-31,FY,75697000.0,0.0,0.0,0.0,0.0,731000.0,0.0,0.0,731000.0,0.0,629000.0,0.0,0.0,0.0,0.0,0.990343078325429,0.0,74966000.0,0.990343078325429,304000.0,74662000.0,0.9863270671228714,2.3922,2.3922,31210771,31210771,https://find-and-update.company-information.service.gov.uk/search/companies?q=Scottish+Oriental+Smaller+Companies+Trust+PLC,https://find-and-update.company-information.service.gov.uk/search/companies?q=Scottish+Oriental+Smaller+Companies+Trust+PLC,1620598324,18:12:04,20210509
5,2015-08-31,SST.L,GBP,2015-08-31,2015-08-31,FY,-20926000.0,0.0,0.0,0.0,0.0,779000.0,0.0,0.0,779000.0,0.0,630000.0,0.0,0.0,0.0,0.0,1.0372264168976393,0.0,-21705000.0,1.0372264168976393,242000.0,-21947000.0,1.0487909777310522,-0.6937,-0.6937,31638801,31638801,https://find-and-update.company-information.service.gov.uk/search/companies?q=Scottish+Oriental+Smaller+Companies+Trust+PLC,https://find-and-update.company-information.service.gov.uk/search/companies?q=Scottish+Oriental+Smaller+Companies+Trust+PLC,1620598324,18:12:04,20210509
6,2014-08-31,SST.L,GBP,2014-08-31,2014-08-31,FY,34704000.0,0.0,0.0,0.0,0.0,658000.0,0.0,0.0,658000.0,0.0,441000.0,0.0,0.0,0.0,34046000.0,0.9810396496081143,0.0,34046000.0,0.9810396496081143,219000.0,33827000.0,0.9747291378515445,1.069,1.069,31643650,31643650,https://find-and-update.company-information.service.gov.uk/search/companies?q=Scottish+Oriental+Smaller+Companies+Trust+PLC,https://find-and-update.company-information.service.gov.uk/search/companies?q=Scottish+Oriental+Smaller+Companies+Trust+PLC,1620598324,18:12:04,20210509
7,2013-08-31,SST.L,GBP,2013-08-31,2013-08-31,FY,44372000.0,0.0,0.0,0.0,0.0,635000.0,0.0,0.0,635000.0,0.0,460000.0,0.0,0.0,0.0,43737000.0,0.9856891733525647,0.0,43737000.0,0.9856891733525647,344000.0,43393000.0,0.977936536554584,1.3987,1.3987,31023198,31023198,https://find-and-update.company-information.service.gov.uk/search/companies?q=Scottish+Oriental+Smaller+Companies+Trust+PLC,https://find-and-update.company-information.service.gov.uk/search/companies?q=Scottish+Oriental+Smaller+Companies+Trust+PLC,1620598324,18:12:04,20210509
8,2012-08-31,SST.L,GBP,2012-08-31,2012-08-31,FY,18264000.0,0.0,0.0,0.0,0.0,457000.0,0.0,0.0,457000.0,0.0,461000.0,0.0,0.0,0.0,17807000.0,0.9749780989925536,0.0,17807000.0,0.9749780989925536,372000.0,17435000.0,0.9546101620674551,0.5771,0.5771,30213650,30213650,https://find-and-update.company-information.service.gov.uk/search/companies?q=Scottish+Oriental+Smaller+Companies+Trust+PLC,https://find-and-update.company-information.service.gov.uk/search/companies?q=Scottish+Oriental+Smaller+Companies+Trust+PLC,1620598324,18:12:04,20210509
9,2011-08-31,SST.L,GBP,2011-08-31,2011-08-31,FY,26433000.0,0.0,0.0,0.0,0.0,2866000.0,0.0,0.0,4390000.0,0.0,72000.0,0.0,0.0,0.0,22043000.0,0.833919721560171,0.0,22043000.0,0.833919721560171,352000.0,21691000.0,0.8206030340861802,0.7179,0.7179,30213650,30213650,https://find-and-update.company-information.service.gov.uk/search/companies?q=Scottish+Oriental+Smaller+Companies+Trust+PLC,https://find-and-update.company-information.service.gov.uk/search/companies?q=Scottish+Oriental+Smaller+Companies+Trust+PLC,1620598324,18:12:04,20210509
10,2010-08-31,SST.L,GBP,2010-08-31,2010-08-31,FY,58525000.0,0.0,0.0,0.0,0.0,1260000.0,0.0,0.0,2391000.0,0.0,0.0,0.0,0.0,0.0,56134000.0,0.9591456642460487,0.0,56134000.0,0.9591456642460487,418000.0,55716000.0,0.9520034173430159,1.8441,1.8441,30213650,30213650,https://find-and-update.company-information.service.gov.uk/search/companies?q=Scottish+Oriental+Smaller+Companies+Trust+PLC,https://find-and-update.company-information.service.gov.uk/search/companies?q=Scottish+Oriental+Smaller+Companies+Trust+PLC,1620598324,18:12:04,20210509
11,2009-08-31,SST.L,GBP,2009-08-31,2009-08-31,FY,22338000.0,0.0,0.0,0.0,0.0,306000.0,0.0,0.0,898000.0,0.0,1000.0,0.0,0.0,0.0,21440000.0,0.9597994448921121,0.0,21440000.0,0.9597994448921121,568000.0,20872000.0,0.9343719222848957,0.6908,0.6908,30213650,30213650,https://find-and-update.company-information.service.gov.uk/search/companies?q=Scottish+Oriental+Smaller+Companies+Trust+PLC,https://find-and-update.company-information.service.gov.uk/search/companies?q=Scottish+Oriental+Smaller+Companies+Trust+PLC,1620598324,18:12:04,20210509
12,2008-08-31,SST.L,GBP,2008-08-31,2008-08-31,FY,-6612000.0,0.0,0.0,0.0,0.0,310000.0,0.0,0.0,822000.0,0.0,0.0,0.0,0.0,0.0,-7434000.0,1.1243194192377495,0.0,-7434000.0,1.1243194192377495,813000.0,-8247000.0,1.2472776769509981,-0.273,-0.273,30213650,30213650,https://find-and-update.company-information.service.gov.uk/search/companies?q=Scottish+Oriental+Smaller+Companies+Trust+PLC,https://find-and-update.company-information.service.gov.uk/search/companies?q=Scottish+Oriental+Smaller+Companies+Trust+PLC,1620598324,18:12:04,20210509
13,2007-08-31,SST.L,GBP,2007-08-31,2007-08-31,FY,29410000.0,0.0,0.0,0.0,0.0,308000.0,0.0,0.0,790000.0,0.0,1000.0,0.0,0.0,0.0,28620000.0,0.9731383883032982,0.0,28620000.0,0.9731383883032982,777000.0,27843000.0,0.9467188031281877,0.9754,0.9754,28546139,28546139,https://find-and-update.company-information.service.gov.uk/search/companies?q=Scottish+Oriental+Smaller+Companies+Trust+PLC,https://find-and-update.company-information.service.gov.uk/search/companies?q=Scottish+Oriental+Smaller+Companies+Trust+PLC,1620598324,18:12:04,20210509
14,2006-08-31,SST.L,GBP,2006-08-31,2006-08-31,FY,12787000.0,0.0,0.0,0.0,0.0,277000.0,0.0,0.0,665000.0,0.0,17000.0,0.0,0.0,0.0,12122000.0,0.9479940564635958,0.0,12122000.0,0.9479940564635958,516000.0,11606000.0,0.9076405724564011,0.4477,0.4477,25922475,25922475,https://find-and-update.company-information.service.gov.uk/search/companies?q=Scottish+Oriental+Smaller+Companies+Trust+PLC,https://find-and-update.company-information.service.gov.uk/search/companies?q=Scottish+Oriental+Smaller+Companies+Trust+PLC,1620598324,18:12:04,20210509
15,2005-08-31,SST.L,GBP,2005-08-31,2005-08-31,FY,17099000.0,0.0,0.0,0.0,0.0,297000.0,0.0,0.0,895000.0,0.0,36000.0,0.0,0.0,0.0,0.0,0.9476577577636119,0.0,16204000.0,0.9476577577636119,378000.0,15826000.0,0.9255512018246681,0.621,0.572,25489000,27667832,https://find-and-update.company-information.service.gov.uk/search/companies?q=Scottish+Oriental+Smaller+Companies+Trust+PLC,https://find-and-update.company-information.service.gov.uk/search/companies?q=Scottish+Oriental+Smaller+Companies+Trust+PLC,1620598324,18:12:04,20210509
16,2004-08-31,SST.L,GBP,2004-08-31,2004-08-31,FY,2921000.0,0.0,0.0,0.0,0.0,308000.0,0.0,0.0,788000.0,0.0,0.0,0.0,0.0,0.0,0.0,0.7302293735022253,0.0,2133000.0,0.7302293735022253,295000.0,1838000.0,0.6292365628209518,0.0719,0.0705,25560747,26070922,https://find-and-update.company-information.service.gov.uk/search/companies?q=Scottish+Oriental+Smaller+Companies+Trust+PLC,https://find-and-update.company-information.service.gov.uk/search/companies?q=Scottish+Oriental+Smaller+Companies+Trust+PLC,1620598324,18:12:04,20210509
