,date,symbol,reportedCurrency,fillingDate,acceptedDate,period,revenue,costOfRevenue,grossProfit,grossProfitRatio,researchAndDevelopmentExpenses,generalAndAdministrativeExpenses,sellingAndMarketingExpenses,otherExpenses,operatingExpenses,costAndExpenses,interestExpense,depreciationAndAmortization,ebitda,ebitdaratio,operatingIncome,operatingIncomeRatio,totalOtherIncomeExpensesNet,incomeBeforeTax,incomeBeforeTaxRatio,incomeTaxExpense,netIncome,netIncomeRatio,eps,epsdiluted,weightedAverageShsOut,weightedAverageShsOutDil,link,finalLink,timestamp,est_time,est_date
0,2020-03-31,INVU,USD,2020-06-29,2020-06-29 18:58:13,FY,24183590.0,2507071.0,21676519.0,0.8963317274234305,0.0,15509187.0,1696133.0,24021684.0,30769938.0,35784080.0,769999.0,7050134.0,-2043285.0,-0.08449055743998306,-9093419.0,-0.3760160919036421,-12184389.0,-21277808.0,-0.8798448865532371,7383.0,-21285191.0,-0.8801501762145323,-0.00725,-0.00725,2937880878.0,2937880878.0,https://www.sec.gov/Archives/edgar/data/862651/000149315220012139/0001493152-20-012139-index.htm,https://www.sec.gov/Archives/edgar/data/862651/000149315220012139/form10-k.htm,1620593684,16:54:44,20210509
1,2019-03-31,INVU,USD,2019-06-28 00:00:00,2019-06-28 16:49:07,FY,29659081.0,1180671.0,28478410.0,0.9601919223323204,0.0,10014004.0,878936.0,28599722.0,32419266.0,34780608.0,15000.0,1447570.0,-2493286.0,-0.08406484341170248,-3940856.0,-0.13287181757249997,-966471.0,-4907327.0,-0.16545782386177105,-70768.0,-4978095.0,-0.16784387216852742,-0.00223,-0.00223,2234117482.0,2234117482.0,https://www.sec.gov/Archives/edgar/data/862651/000149315219009896/0001493152-19-009896-index.html,https://www.sec.gov/Archives/edgar/data/862651/000149315219009896/form10-k.htm,1620593684,16:54:44,20210509
2,2018-03-31,INVU,USD,2018-06-29 00:00:00,2018-06-29 16:02:43,FY,17917432.0,6713097.0,11204335.0,0.6253315207223893,0.0,7154338.0,454225.0,25828333.0,21880489.0,35306683.0,74976.0,2639.0,-10673515.0,-0.5957056234397876,-10676154.0,-0.5958529101715022,-4212273.0,-14888427.0,-0.8309464771514132,24589.0,-14913016.0,-0.8323188278320242,-0.0078,-0.0078,1911786477.0,1911786477.0,https://www.sec.gov/Archives/edgar/data/862651/000165495418007172/0001654954-18-007172-index.html,https://www.sec.gov/Archives/edgar/data/862651/000165495418007172/inuv_10k.htm,1620593684,16:54:44,20210509
3,2017-03-31,INVU,USD,2017-07-13,2017-07-13,FY,131465.0,3257.0,128208.0,0.9752253451488989,0.0,0.0,0.0,3257.0,980579.0,987093.0,-648573.0,-310484.0,-1162855.0,-8.845358080097364,-852371.0,-6.483634427414141,0.0,1753666.0,13.339413532118815,0.0,1753666.0,13.339413532118815,0.04596,0.04596,38153419.0,38153419.0,https://www.sec.gov/Archives/edgar/data/862651/000114420417036649/0001144204-17-036649-index.htm,https://www.sec.gov/Archives/edgar/data/862651/000114420417036649/v470634_10k.htm,1620593684,16:54:44,20210509
4,2016-03-31,INVU,USD,2016-07-14,2016-07-14,FY,353926.0,43484.0,310442.0,0.877138158824161,0.0,0.0,0.0,43484.0,1975255.0,2062223.0,171263.0,-292551.0,-1957364.0,-5.530432915355187,-1664813.0,-4.703844871526816,0.0,-2104430.0,-5.945960455010369,0.0,-2104430.0,-5.945960455010369,-0.14397,-0.14397,14616664.0,14616664.0,https://www.sec.gov/Archives/edgar/data/862651/000114420416113022/0001144204-16-113022-index.htm,https://www.sec.gov/Archives/edgar/data/862651/000114420416113022/v444233_10k.htm,1620593684,16:54:44,20210509
5,2015-03-31,INVU,USD,2015-07-14,2015-07-14,FY,709229.0,81841.0,627388.0,0.8846056774328179,0.0,0.0,0.0,81841.0,5536771.0,5700453.0,0.0,-432977.0,-5342360.0,-7.532630504392799,-4909383.0,-6.922140803605042,0.0,-9654520.0,-13.61269773232623,0.0,-9422352.0,-13.285345071902023,-0.80319,-0.80319,11731141.0,11731141.0,https://www.sec.gov/Archives/edgar/data/862651/000114420415042415/0001144204-15-042415-index.htm,https://www.sec.gov/Archives/edgar/data/862651/000114420415042415/v415127_10k.htm,1620593684,16:54:44,20210509
6,2014-03-31,INVU,USD,2014-03-31,2014-03-31,FY,1048451.0,57582.0,990869.0,0.9450789784167309,0.0,0.0,0.0,181174.0,3978372.0,4217128.0,0.0,-613037.0,-3724132.0,-3.552032474574396,-3111095.0,-2.96732513012053,0.0,-4084403.0,-3.8956546371742693,102891.0,-4152597.0,-3.9606972571918,-0.69067,-0.69067,6012439.0,6012439.0,,,1620593684,16:54:44,20210509
7,2013-03-31,INVU,USD,2013-07-01 00:00:00,2013-07-01 14:04:42,FY,1660271.0,497814.0,1162457.0,0.7001609978130077,0.0,0.0,0.0,869286.0,8496354.0,9491982.0,-11295.0,-395626.0,-7729523.0,-4.655579119312449,-7333897.0,-4.417289105212342,0.0,-9331310.0,-5.620353544692403,0.0,-9331310.0,-5.620353544692403,-1.86226,-1.86226,5010733.0,5010733.0,https://www.sec.gov/Archives/edgar/data/862651/000114420413037454/0001144204-13-037454-index.html,https://www.sec.gov/Archives/edgar/data/862651/000114420413037454/v348735_10k.htm,1620593684,16:54:44,20210509
8,2012-03-31,INVU,USD,2012-06-29 00:00:00,2012-06-28 21:55:22,FY,2177192.0,710980.0,1466212.0,0.6734417543331043,0.0,0.0,0.0,921849.0,6321777.0,7743737.0,0.0,3285047.0,-1570518.0,-0.7213502529864155,-4855565.0,-2.230196050692819,0.0,-9109393.0,-4.184009954106023,0.0,-9109393.0,-4.184009954106023,-2.50702,-2.50702,3633547.0,3633547.0,https://www.sec.gov/Archives/edgar/data/862651/000114420412037094/0001144204-12-037094-index.html,https://www.sec.gov/Archives/edgar/data/862651/000114420412037094/v317102_10k.htm,1620593684,16:54:44,20210509
9,2008-03-31,INVU,USD,2008-08-14,2008-08-14,FY,971520.0,1028605.0,-57085.0,-0.05875844038208169,0.0,0.0,0.0,198725.0,4960215.0,5988821.0,0.0,198725.0,-4818575.0,-4.959830986495389,-5017300.0,-5.164381587615283,0.0,-7374409.0,-7.59058897397892,0.0,-7374409.0,-7.59058897397892,-0.04423,-0.04423,166722981.0,166722981.0,https://www.sec.gov/Archives/edgar/data/862651/000114420408047521/0001144204-08-047521-index.htm,https://www.sec.gov/Archives/edgar/data/862651/000114420408047521/v123660_10ksb.htm,1620593684,16:54:44,20210509
