,date,symbol,reportedCurrency,fillingDate,acceptedDate,period,revenue,costOfRevenue,grossProfit,grossProfitRatio,researchAndDevelopmentExpenses,generalAndAdministrativeExpenses,sellingAndMarketingExpenses,otherExpenses,operatingExpenses,costAndExpenses,interestExpense,depreciationAndAmortization,ebitda,ebitdaratio,operatingIncome,operatingIncomeRatio,totalOtherIncomeExpensesNet,incomeBeforeTax,incomeBeforeTaxRatio,incomeTaxExpense,netIncome,netIncomeRatio,eps,epsdiluted,weightedAverageShsOut,weightedAverageShsOutDil,link,finalLink,timestamp,est_time,est_date
0,2019-12-31,ISGN,USD,2020-03-30,2020-03-30 15:24:28,FY,844000.0,121000.0,723000.0,0.8566350710900474,630000.0,702000.0,109000.0,65000.0,1441000.0,1562000.0,-268000.0,3000.0,-715000.0,-0.8471563981042654,-718000.0,-0.8507109004739336,-99000.0,-1085000.0,-1.2855450236966826,1000.0,-1086000.0,-1.2867298578199051,-0.18854,-0.18854,5760.0,5760.0,https://www.sec.gov/Archives/edgar/data/727634/000121390020007926/0001213900-20-007926-index.htm,https://www.sec.gov/Archives/edgar/data/727634/000121390020007926/f10k2019_isignsolutions.htm,1620593773,16:56:13,20210509
1,2018-12-31,ISGN,USD,2019-04-01 00:00:00,2019-04-01 14:50:01,FY,917000.0,141000.0,776000.0,0.8462377317339149,754000.0,695000.0,99000.0,0.0,1548000.0,1689000.0,-174000.0,4000.0,-768000.0,-0.8375136314067612,-772000.0,-0.8418756815703381,-79000.0,-1025000.0,-1.1177753544165758,2000.0,-1027000.0,-1.1199563794983642,-0.1783,-0.1783,5760000.0,5760000.0,https://www.sec.gov/Archives/edgar/data/727634/000121390019005445/0001213900-19-005445-index.html,https://www.sec.gov/Archives/edgar/data/727634/000121390019005445/f10k2018_isignsolutions.htm,1620593773,16:56:13,20210509
2,2017-12-31,ISGN,USD,2018-04-02 00:00:00,2018-04-02 13:25:24,FY,1013000.0,126000.0,887000.0,0.8756169792694966,1135000.0,1122000.0,406000.0,0.0,2445000.0,3121000.0,-112000.0,277000.0,-1831000.0,-1.807502467917078,-2108000.0,-2.0809476801579465,-30000.0,-1947000.0,-1.9220138203356367,0.0,-1947000.0,-1.9220138203356367,-0.33802,-0.33802,5760000.0,5760000.0,https://www.sec.gov/Archives/edgar/data/727634/000121390018003811/0001213900-18-003811-index.html,https://www.sec.gov/Archives/edgar/data/727634/000121390018003811/f10k2017_isignsolutions.htm,1620593773,16:56:13,20210509
3,2016-12-31,ISGN,USD,2017-03-31 00:00:00,2017-03-31 14:41:44,FY,1065000.0,386000.0,679000.0,0.6375586854460094,1322000.0,2160000.0,980000.0,0.0,3888000.0,4274000.0,112000.0,362000.0,-2847000.0,-2.6732394366197183,-3209000.0,-3.013145539906103,-402000.0,-3499000.0,-3.2854460093896716,0.0,-3499000.0,-3.2854460093896716,-1.32337,-1.32337,2644000.0,2644000.0,https://www.sec.gov/Archives/edgar/data/727634/000121390017003126/0001213900-17-003126-index.html,https://www.sec.gov/Archives/edgar/data/727634/000121390017003126/f10k2016_isignsolutionsinc.htm,1620593773,16:56:13,20210509
4,2015-12-31,ISGN,USD,2015-12-31,2015-12-31,FY,1620000.0,519000.0,1101000.0,0.6796296296296296,1771000.0,2175000.0,980000.0,0.0,4926000.0,5445000.0,-36000.0,357000.0,-3468000.0,-2.140740740740741,-3825000.0,-2.361111111111111,-56000.0,-3917000.0,-2.417901234567901,0.0,-3917000.0,-2.417901234567901,-20.94652,-20.94652,187000.0,187000.0,,,1620593773,16:56:13,20210509
5,2014-12-31,ISGN,USD,2015-03-31,2015-03-31,FY,1515000.0,390000.0,1125000.0,0.7425742574257426,1931000.0,1743000.0,1264000.0,0.0,4938000.000000001,5328000.000000001,-252000.0,367000.0,-3446000.0,-2.2745874587458745,-3813000.0,-2.516831683168317,50000.0,-4015000.0,-2.65016501650165,0.0,-4015000.0,-2.65016501650165,-21.55126,-21.55126,186300.0,186300.0,https://www.sec.gov/Archives/edgar/data/727634/000072763415000012/0000727634-15-000012-index.htm,https://www.sec.gov/Archives/edgar/data/727634/000072763415000012/fm_10k12312014.htm,1620593773,16:56:13,20210509
6,2014-03-31,ISGN,USD,2014-05-15,2014-05-15,FY,0.0,0.0,0.0,0.0,0.0,0.0,0.0,0.0,0.0,0.0,0.0,0.0,0.0,0.0,0.0,0.0,0.0,0.0,0.0,0.0,0.0,0.0,0.0,0.0,180000.0,180000.0,https://www.sec.gov/Archives/edgar/data/727634/000072763414000012/0000727634-14-000012-index.htm,https://www.sec.gov/Archives/edgar/data/727634/000072763414000012/frm_10q3312014.htm,1620593773,16:56:13,20210509
7,2013-12-31,ISGN,USD,2014-03-31,2014-03-31,FY,1420000.0,340000.0,1070000.0,0.7535211267605634,2070000.0,2026000.0,1272000.0,0.0,5371000.0,5780000.0,-330000.0,380000.0,-3980000.0,-2.8028169014084505,-4360000.0,-3.0704225352112675,-70000.0,-4760000.0,-3.352112676056338,0.0,-4760000.0,-3.352112676056338,-26.44444,-26.44444,180000.0,180000.0,https://www.sec.gov/Archives/edgar/data/727634/000072763414000008/0000727634-14-000008-index.htm,https://www.sec.gov/Archives/edgar/data/727634/000072763414000008/fm_10k12312013.htm,1620593773,16:56:13,20210509
8,2012-12-31,ISGN,USD,2013-04-01 00:00:00,2013-04-01 15:18:20,FY,2380000.0,380000.0,2000000.0,0.8403361344537815,1800000.0,1863000.0,1392000.0,0.0,5057000.0,5430000.0,-30000.0,460000.0,-2590000.0,-1.088235294117647,-3050000.0,-1.281512605042017,-30000.0,-3120000.0,-1.3109243697478992,0.0,-3120000.0,-1.3109243697478992,-17.33333,-17.33333,180000.0,180000.0,https://www.sec.gov/Archives/edgar/data/727634/000072763413000004/0000727634-13-000004-index.html,https://www.sec.gov/Archives/edgar/data/727634/000072763413000004/frm_10k3312012.htm,1620593773,16:56:13,20210509
9,2011-12-31,ISGN,USD,2012-03-30 00:00:00,2012-03-30 17:12:04,FY,1550000.0,660000.0,880000.0,0.567741935483871,1500000.0,2168000.0,1500000.0,0.0,5166000.0,5830000.0,-140000.0,840000.0,-3440000.0,-2.2193548387096773,-4280000.0,-2.761290322580645,-80000.0,-4500000.0,-2.903225806451613,0.0,-4500000.0,-2.903225806451613,-30.0,-30.0,150000.0,150000.0,https://www.sec.gov/Archives/edgar/data/727634/000072763412000007/0000727634-12-000007-index.html,https://www.sec.gov/Archives/edgar/data/727634/000072763412000007/fm_10-k12312011.htm,1620593773,16:56:13,20210509
10,2010-12-31,ISGN,USD,2010-12-31,2010-12-31,FY,850000.0,880000.0,-30000.0,-0.03529411764705882,430000.0,2255000.0,0.0,1010000.0,5226000.0,6110000.0,2820000.0,1220000.0,-4030000.0,-4.741176470588235,-5250000.0,-6.176470588235294,-1720000.0,-4160000.0,-4.894117647058824,0.0,-4160000.0,-4.894117647058824,-27.73333,-27.73333,150000.0,150000.0,,,1620593773,16:56:13,20210509
11,2009-12-31,ISGN,USD,2010-03-31 00:00:00,2010-03-31 15:18:43,FY,1940000.0,890000.0,1050000.0,0.5412371134020618,340000.0,1977000.0,0.0,0.0,3821000.0,5540000.0,-5570000.0,1110000.0,-2490000.0,-1.2835051546391754,-3600000.0,-1.8556701030927836,-1600000.0,-10770000.0,-5.551546391752577,0.0,-10770000.0,-5.551546391752577,-97.90909,-97.90909,110000.0,110000.0,https://www.sec.gov/Archives/edgar/data/727634/000072763410000001/0000727634-10-000001-index.html,https://www.sec.gov/Archives/edgar/data/727634/000072763410000001/frm10-k12312009.htm,1620593773,16:56:13,20210509
12,2008-12-31,ISGN,USD,2009-03-12 00:00:00,2009-03-12 16:59:18,FY,2400000.0,1060000.0,1340000.0,0.5583333333333333,200000.0,2030000.0,0.0,0.0,3581000.0,4650000.0,-410000.0,950000.0,-1290000.0,-0.5375,-2240000.0,-0.9333333333333333,-660000.0,-3310000.0,-1.3791666666666667,0.0,-3310000.0,-1.3791666666666667,-33.1,-33.1,100000.0,100000.0,https://www.sec.gov/Archives/edgar/data/727634/000072763409000004/0000727634-09-000004-index.html,https://www.sec.gov/Archives/edgar/data/727634/000072763409000004/fr10-k123108.htm,1620593773,16:56:13,20210509
13,2007-12-31,ISGN,USD,2007-12-31,2007-12-31,FY,2150000.0,530000.0,1620000.0,0.7534883720930232,480000.0,0.0,0.0,0.0,3813000.0,4340000.0,-970000.0,860000.0,-1330000.0,-0.6186046511627907,-2190000.0,-1.0186046511627906,-310000.0,-3470000.0,-1.613953488372093,0.0,-3400000.0,-1.5813953488372092,-37.77778,-37.77778,90000.0,90000.0,,,1620593773,16:56:13,20210509
14,2006-12-31,ISGN,USD,2006-12-31,2006-12-31,FY,2340000.0,250000.0,2090000.0,0.8931623931623932,820000.0,0.0,0.0,0.0,4649000.0,4900000.0,-660000.0,620000.0,-1940000.0,-0.8290598290598291,-2560000.0,-1.0940170940170941,-70000.0,-3290000.0,-1.4059829059829059,0.0,-3290000.0,-1.4059829059829059,-36.55556,-36.55556,90000.0,90000.0,,,1620593773,16:56:13,20210509
15,2005-12-31,ISGN,USD,2005-12-31,2005-12-31,FY,3120000.0,150000.0,2970000.0,0.9519230769230769,1140000.0,0.0,0.0,0.0,4557000.0,4710000.0,-2470000.0,470000.0,-1110000.0,-0.3557692307692308,-1580000.0,-0.5064102564102564,0.0,-4050000.0,-1.2980769230769231,0.0,-4030000.0,-1.2916666666666667,-50.375,-50.375,80000.0,80000.0,,,1620593773,16:56:13,20210509
16,2004-12-31,ISGN,USD,2004-12-31,2004-12-31,FY,7280000.0,50000.0,7230000.0,0.9931318681318682,1190000.0,0.0,0.0,0.0,4976000.0,5030000.0,-650000.0,430000.0,2690000.0,0.3695054945054945,2260000.0,0.31043956043956045,0.0,1600000.0,0.21978021978021978,0.0,1620000.0,0.22252747252747251,18.0,18.0,90000.0,90000.0,,,1620593773,16:56:13,20210509
17,2003-12-31,ISGN,USD,2003-12-31,2003-12-31,FY,3030000.0,770000.0,2270000.0,0.7491749174917491,1300000.0,0.0,0.0,0.0,4426000.0,5190000.0,-200000.0,460000.0,-1700000.0,-0.5610561056105611,-2160000.0,-0.7128712871287128,0.0,-2360000.0,-0.7788778877887789,0.0,-2350000.0,-0.7755775577557755,-29.375,-29.375,80000.0,80000.0,,,1620593773,16:56:13,20210509
18,2002-12-31,ISGN,USD,2002-12-31,2002-12-31,FY,3270000.0,1160000.0,2120000.0,0.6483180428134556,1490000.0,0.0,0.0,0.0,5452000.0,6610000.0,-220000.0,470000.0,-2870000.0,-0.8776758409785933,-3340000.0,-1.0214067278287462,0.0,-3560000.0,-1.0886850152905199,0.0,-3560000.0,-1.0886850152905199,-50.85714,-50.85714,70000.0,70000.0,,,1620593773,16:56:13,20210509
19,2001-12-31,ISGN,USD,2002-04-01 00:00:00,2002-04-01 00:00:00,FY,5950000.0,2240000.0,3710000.0,0.6235294117647059,1810000.0,4850000.0,0.0,0.0,6653000.0,8890000.0,-270000.0,690000.0,-2260000.0,-0.3798319327731092,-2950000.0,-0.4957983193277311,0.0,-3210000.0,-0.5394957983193277,0.0,-3220000.0,-0.5411764705882353,-46.0,-46.0,70000.0,70000.0,https://www.sec.gov/Archives/edgar/data/727634/000072763402000003/0000727634-02-000003-index.html,https://www.sec.gov/Archives/edgar/data/727634/000072763402000003/form10k02.txt,1620593773,16:56:13,20210509
20,2000-12-31,ISGN,USD,2001-04-02 00:00:00,2001-04-02 00:00:00,FY,7310000.0,2900000.0,4420000.0,0.6046511627906976,1600000.0,4420000.0,0.0,0.0,6351000.0,8920000.0,-190000.0,330000.0,-1280000.0,-0.17510259917920656,-1610000.0,-0.22024623803009577,0.0,-1800000.0,-0.24623803009575923,0.0,-1800000.0,-0.24623803009575923,-25.71429,-25.71429,70000.0,70000.0,https://www.sec.gov/Archives/edgar/data/727634/000072763401000004/0000727634-01-000004-index.html,https://www.sec.gov/Archives/edgar/data/727634/000072763401000004/0000727634-01-000004-0001.txt,1620593773,16:56:13,20210509
21,1999-12-31,ISGN,USD,1999-12-31,1999-12-31,FY,6520000.0,3320000.0,3200000.0,0.49079754601226994,1360000.0,3560000.0,0.0,0.0,5300000.0,8240000.0,-20000.0,330000.0,-1390000.0,-0.21319018404907975,-1720000.0,-0.26380368098159507,0.0,-1740000.0,-0.2668711656441718,0.0,-1740000.0,-0.2668711656441718,-29.0,-29.0,60000.0,60000.0,,,1620593773,16:56:13,20210509
22,1998-12-31,ISGN,USD,1998-12-31,1998-12-31,FY,4580000.0,1970000.0,2610000.0,0.5698689956331878,1990000.0,3900000.0,0.0,0.0,6200000.0,7870000.0,130000.0,330000.0,-2960000.0,-0.6462882096069869,-3290000.0,-0.7183406113537117,0.0,-3160000.0,-0.6899563318777293,0.0,-3160000.0,-0.6899563318777293,-79.0,-79.0,40000.0,40000.0,,,1620593773,16:56:13,20210509
23,1997-12-31,ISGN,USD,1997-12-31,1997-12-31,FY,5520000.0,5860000.0,-350000.0,-0.06340579710144928,2360000.0,8920000.0,0.0,0.0,11600000.0,17140000.0,-370000.0,350000.0,-11280000.0,-2.0434782608695654,-11630000.0,-2.1068840579710146,0.0,-12000000.0,-2.1739130434782608,0.0,-12000000.0,-2.1739130434782608,-300.0,-300.0,40000.0,40000.0,,,1620593773,16:56:13,20210509
24,1996-12-31,ISGN,USD,1996-12-31,1996-12-31,FY,2890000.0,2430000.0,460000.0,0.15916955017301038,1670000.0,5320000.0,0.0,0.0,7500000.0,9420000.0,180000.0,350000.0,-6190000.0,-2.141868512110727,-6540000.0,-2.262975778546713,0.0,-6360000.0,-2.2006920415224913,0.0,-6360000.0,-2.2006920415224913,-212.0,-212.0,30000.0,30000.0,,,1620593773,16:56:13,20210509
25,1995-12-31,ISGN,USD,1995-12-31,1995-12-31,FY,2310000.0,2230000.0,80000.0,0.03463203463203463,1290000.0,4330000.0,0.0,0.0,6900000.0,7849999.999999999,-60000.0,390000.0,-5140000.0,-2.225108225108225,-5530000.0,-2.393939393939394,0.0,-5600000.0,-2.4242424242424243,0.0,-5600000.0,-2.4242424242424243,-186.66667,-186.66667,30000.0,30000.0,,,1620593773,16:56:13,20210509
26,1994-12-31,ISGN,USD,1994-12-31,1994-12-31,FY,3600000.0,5140000.0,-1540000.0,-0.42777777777777776,2060000.0,7330000.0,0.0,0.0,9390000.0,14530000.0,-110000.0,2280000.0,-8660000.0,-2.4055555555555554,-10940000.0,-3.0388888888888888,0.0,-11050000.0,-3.0694444444444446,0.0,-11050000.0,-3.0694444444444446,-552.5,-552.5,20000.0,20000.0,,,1620593773,16:56:13,20210509
27,1993-12-31,ISGN,USD,1993-12-31,1993-12-31,FY,2600000.0,1580000.0,1020000.0,0.3923076923076923,3380000.0,6200000.0,0.0,0.0,9580000.0,11160000.0,270000.0,1090000.0,-7470000.0,-2.873076923076923,-8560000.0,-3.292307692307692,0.0,-8300000.0,-3.1923076923076925,0.0,-8300000.0,-3.1923076923076925,-830.0,-830.0,10000.0,10000.0,,,1620593773,16:56:13,20210509
28,1992-12-31,ISGN,USD,1992-12-31,1992-12-31,FY,4070000.0,1100000.0,2970000.0,0.7297297297297297,2680000.0,5350000.0,0.0,0.0,8030000.000000001,9130000.000000002,-60000.0,770000.0,-4290000.0,-1.054054054054054,-5060000.0,-1.2432432432432432,0.0,-5110000.0,-1.2555282555282554,0.0,-5110000.0,-1.2555282555282554,-511.0,-511.0,10000.0,10000.0,,,1620593773,16:56:13,20210509
29,1991-12-31,ISGN,USD,1991-12-31,1991-12-31,FY,1090000.0,360000.0,720000.0,0.6605504587155964,2020000.0,2920000.0,0.0,0.0,4939999.999999999,5299999.999999999,140000.0,350000.0,-3870000.0,-3.55045871559633,-4220000.0,-3.871559633027523,0.0,-4080000.0,-3.743119266055046,0.0,-4080000.0,-3.743119266055046,-408.0,-408.0,10000.0,10000.0,,,1620593773,16:56:13,20210509
30,1990-12-31,ISGN,USD,1990-12-31,1990-12-31,FY,900000.0,50000.0,860000.0,0.9555555555555556,1030000.0,820000.0,0.0,0.0,1850000.0,1900000.0,-160000.0,90000.0,-900000.0,-1.0,-990000.0,-1.1,0.0,-1150000.0,-1.2777777777777777,0.0,-1150000.0,-1.2777777777777777,-115.0,-115.0,10000.0,10000.0,,,1620593773,16:56:13,20210509
31,1989-12-31,ISGN,USD,1989-12-31,1989-12-31,FY,410000.0,100000.0,310000.0,0.7560975609756098,440000.0,780000.0,0.0,0.0,1220000.0,1320000.0,-60000.0,70000.0,-840000.0,-2.048780487804878,-910000.0,-2.2195121951219514,0.0,-970000.0,-2.3658536585365852,0.0,-970000.0,-2.3658536585365852,-97.0,-97.0,10000.0,10000.0,,,1620593773,16:56:13,20210509
