,date,symbol,reportedCurrency,fillingDate,acceptedDate,period,revenue,costOfRevenue,grossProfit,grossProfitRatio,researchAndDevelopmentExpenses,generalAndAdministrativeExpenses,sellingAndMarketingExpenses,otherExpenses,operatingExpenses,costAndExpenses,interestExpense,depreciationAndAmortization,ebitda,ebitdaratio,operatingIncome,operatingIncomeRatio,totalOtherIncomeExpensesNet,incomeBeforeTax,incomeBeforeTaxRatio,incomeTaxExpense,netIncome,netIncomeRatio,eps,epsdiluted,weightedAverageShsOut,weightedAverageShsOutDil,link,finalLink,timestamp,est_time,est_date
0,2019-12-31,8296.HK,CNY,2019-12-31,2019-12-31,FY,66610000,34568000,32042000,0.481038883050593,0.0,28273000.0,7169000.0,266000.0,35128000,69696000,2791000.0,6761000.0,3675000.0,0.05517189611169494,-3086000.0,-0.04632937997297703,0.0,-2928000.0,-0.04395736375919532,1236000.0,-3804000.0,-0.05710854226092178,-0.0051,-0.0051,742500000,742500000,https://www1.hkexnews.hk/search/titlesearch.xhtml,https://www1.hkexnews.hk/search/titlesearch.xhtml,1620585875,14:44:35,20210509
1,2018-12-31,8296.HK,CNY,2018-12-31,2018-12-31,FY,62667000,34778000,27889000,0.4450348668358147,0.0,24797000.0,5567000.0,-4070000.0,28701000,63479000,279000.0,2862000.0,2050000.0,0.03271259195429812,-812000.0,-0.012957377886287839,0.0,-7415000.0,-0.11832383870298563,1108000.0,-8352000.0,-0.1332758868303892,-0.0112,-0.0112,742500000,742500000,https://www1.hkexnews.hk/search/titlesearch.xhtml,https://www1.hkexnews.hk/search/titlesearch.xhtml,1620585875,14:44:35,20210509
2,2017-12-31,8296.HK,CNY,2017-12-31,2017-12-31,FY,60709000,30111000,30598000,0.5040109374227874,0.0,29016000.0,6770000.0,320000.0,50798000,80909000,197000.0,5738000.0,-14462000.0,-0.23821838607125798,-20200000.0,-0.332734849857517,0.0,-19281000.0,-0.317597061391227,1513000.0,-19334000.0,-0.31847007857154624,-0.026,-0.026,742500000,742500000,https://www1.hkexnews.hk/search/titlesearch.xhtml,https://www1.hkexnews.hk/search/titlesearch.xhtml,1620585875,14:44:35,20210509
3,2016-12-31,8296.HK,CNY,2016-12-31,2016-12-31,FY,57342000,35149000,22193000,0.38702870496320324,0.0,30230000.0,5841000.0,225000.0,46312000,81461000,184000.0,5222000.0,-18897000.0,-0.3295490216595166,-24119000.0,-0.4206166509713648,0.0,-32899000.0,-0.573733040354365,1727000.0,-31520000.0,-0.5496843500401102,-0.0425,-0.0425,742500000,742500000,https://www1.hkexnews.hk/search/titlesearch.xhtml,https://www1.hkexnews.hk/search/titlesearch.xhtml,1620585875,14:44:35,20210509
4,2015-12-31,8296.HK,CNY,2015-12-31,2015-12-31,FY,61633000,26387000,35246000,0.5718689663005209,0.0,35485000.0,5807000.0,306000.0,44893000,71280000,264000.0,5278000.0,-4369000.0,-0.0708873493096231,-9647000.0,-0.15652329109405674,0.0,-7183000.0,-0.11654470819203998,2582000.0,-9402000.0,-0.15254814790777668,-0.0127,-0.0127,742500000,742500000,https://www1.hkexnews.hk/search/titlesearch.xhtml,https://www1.hkexnews.hk/search/titlesearch.xhtml,1620585875,14:44:35,20210509
5,2014-12-31,8296.HK,CNY,2014-12-31,2014-12-31,FY,69648000,15852000,53796000,0.7723983459682977,0.0,36970000.0,24009000.0,182000.0,65554000,81406000,414000.0,5229000.0,-6529000.0,-0.09374282104295888,-11758000.0,-0.16882035377900298,0.0,-10987000.0,-0.1577504020215943,609000.0,-11142000.0,-0.15997587870434182,-0.015,-0.015,742500000,742500000,https://www1.hkexnews.hk/search/titlesearch.xhtml,https://www1.hkexnews.hk/search/titlesearch.xhtml,1620585875,14:44:35,20210509
6,2013-12-31,8296.HK,CNY,2013-12-31,2013-12-31,FY,63106000,15975000,47131000,0.7468544987798308,0.0,37074000.0,24402000.0,11000.0,62523000,78498000,346000.0,5937000.0,-9455000.0,-0.1498272747440814,-15392000.0,-0.24390707698158653,0.0,-15966000.0,-0.2530028840363832,848000.0,-16175000.0,-0.25631477197096947,-0.0218,-0.0218,742500000,742500000,https://www1.hkexnews.hk/search/titlesearch.xhtml,https://www1.hkexnews.hk/search/titlesearch.xhtml,1620585875,14:44:35,20210509
7,2012-12-31,8296.HK,CNY,2012-12-31,2012-12-31,FY,61767000,15479000,46288000,0.749396927161753,0.0,44103000.0,25116000.0,12000.0,75247000,90726000,237000.0,4425000.0,-24534000.0,-0.3972023896255282,-28959000.0,-0.4688425858468114,0.0,-28565000.0,-0.4624637751550181,1224000.0,-29487000.0,-0.4773908397688086,-0.0397,-0.0397,742500000,742500000,https://www1.hkexnews.hk/search/titlesearch.xhtml,https://www1.hkexnews.hk/search/titlesearch.xhtml,1620585875,14:44:35,20210509
8,2011-12-31,8296.HK,CNY,2011-12-31,2011-12-31,FY,72521000,26957000,45564000,0.62828697894403,0.0,43141000.0,26672000.0,0.0,73226000,100183000,285000.0,4190000.0,-23472000.0,-0.3236579749313992,-27662000.0,-0.38143434315577557,0.0,-27947000.0,-0.38536423932378205,1769000.0,-30079000.0,-0.414762620482343,-0.0405,-0.0405,742500000,742500000,https://www1.hkexnews.hk/search/titlesearch.xhtml,https://www1.hkexnews.hk/search/titlesearch.xhtml,1620585875,14:44:35,20210509
9,2010-12-31,8296.HK,CNY,2010-12-31,2010-12-31,FY,67600000,17237000,50363000,0.7450147928994083,0.0,33116000.0,19149000.0,0.0,44712000,61949000,296000.0,2087000.0,7738000.0,0.11446745562130177,5651000.0,0.08359467455621301,0.0,5355000.0,0.07921597633136095,4435000.0,1105000.0,0.016346153846153847,0.0016,0.0016,704034000,704034000,https://www1.hkexnews.hk/search/titlesearch.xhtml,https://www1.hkexnews.hk/search/titlesearch.xhtml,1620585875,14:44:35,20210509
10,2009-12-31,8296.HK,CNY,2009-12-31,2009-12-31,FY,47544000,13406000,34138000,0.7180296146727242,0.0,14368000.0,11731000.0,0.0,16634000,30040000,724000.0,1327000.0,18831000.0,0.39607521453811206,17504000.0,0.36816422682147065,0.0,16780000.0,0.3529362274945314,4317000.0,12463000.0,0.26213612653541984,0.0248,0.0248,502952000,502952000,https://www1.hkexnews.hk/search/titlesearch.xhtml,https://www1.hkexnews.hk/search/titlesearch.xhtml,1620585875,14:44:35,20210509
11,2008-12-31,8296.HK,CNY,2008-12-31,2008-12-31,FY,41481000,12207000,29274000,0.7057206914008823,0.0,10484000.0,10097000.0,0.0,21393000,33600000,0.0,666000.0,8547000.0,0.2060461416070008,7881000.0,0.1899905981051566,0.0,4034000.0,0.0972493430727321,1906000.0,2128000.0,0.051300595453340085,0.0047,0.0047,452765957,452765957,https://www1.hkexnews.hk/search/titlesearch.xhtml,https://www1.hkexnews.hk/search/titlesearch.xhtml,1620585875,14:44:35,20210509
12,2007-12-31,8296.HK,CNY,2007-12-31,2007-12-31,FY,36948000,15559000,21389000,0.5788946627692974,0.0,7384000.0,5846000.0,0.0,14202000,29761000,0.0,359000.0,7546000.0,0.20423297607448307,7187000.0,0.19451661794955072,0.0,11934000.0,0.3229944787268594,2451000.0,9483000.0,0.2566580058460539,0.0168,0.0168,564464286,564464286,https://www1.hkexnews.hk/search/titlesearch.xhtml,https://www1.hkexnews.hk/search/titlesearch.xhtml,1620585875,14:44:35,20210509
