,date,symbol,reportedCurrency,fillingDate,acceptedDate,period,revenue,costOfRevenue,grossProfit,grossProfitRatio,researchAndDevelopmentExpenses,generalAndAdministrativeExpenses,sellingAndMarketingExpenses,otherExpenses,operatingExpenses,costAndExpenses,interestExpense,depreciationAndAmortization,ebitda,ebitdaratio,operatingIncome,operatingIncomeRatio,totalOtherIncomeExpensesNet,incomeBeforeTax,incomeBeforeTaxRatio,incomeTaxExpense,netIncome,netIncomeRatio,eps,epsdiluted,weightedAverageShsOut,weightedAverageShsOutDil,link,finalLink,timestamp,est_time,est_date
0,2020-12-31,HWX.TO,CAD,2020-12-31,2020-12-31,FY,9499000.0,9450000.0,49000.0,0.005158437730287398,0.0,5427000.0,0.0,0.0,0.0,18847000.0,11000.0,0.0,-2309000.0,-0.24307821875986946,-9348000.0,-0.9841035898515633,7645000.0,-570000.0,-0.06000631645436362,-7277000.0,6707000.0,0.7060743236130119,0.07580929559634687,0.07580929559634687,88472000.0,88472000.0,https://www.sedar.com/ModifyCompanyDocumentSearchForm.do?lang=EN&company_search=HEADWATER EXPLORATION INC&document_selection=0&industry_group=A&FromDate=13&FromMonth=05&FromYear=2000&ToDate=13&ToMonth=11&ToYear=2020&Variable=Issuer,https://www.sedar.com/ModifyCompanyDocumentSearchForm.do?lang=EN&company_search=HEADWATER EXPLORATION INC&document_selection=0&industry_group=A&FromDate=13&FromMonth=05&FromYear=2000&ToDate=13&ToMonth=11&ToYear=2020&Variable=Issuer,1620593325,16:48:45,20210509
1,2019-12-31,HWX.TO,CAD,2019-12-31,2019-12-31,FY,9333000.0,7603000.0,1730000.0,0.18536376299153542,0.0,3339000.0,0.0,0.0,3558000.0,11161000.0,15000.0,0.0,4081000.0,0.43726561662916535,-1828000.0,-0.19586413800492875,4264000.0,3568000.0,0.38229936783456553,753000.0,2815000.0,0.3016179149255331,0.03181797630888869,0.031715808330610544,88472000.0,88757000.0,https://www.sedar.com/ModifyCompanyDocumentSearchForm.do?lang=EN&company_search=HEADWATER EXPLORATION INC&document_selection=0&industry_group=A&FromDate=13&FromMonth=05&FromYear=2000&ToDate=13&ToMonth=11&ToYear=2020&Variable=Issuer,https://www.sedar.com/ModifyCompanyDocumentSearchForm.do?lang=EN&company_search=HEADWATER EXPLORATION INC&document_selection=0&industry_group=A&FromDate=13&FromMonth=05&FromYear=2000&ToDate=13&ToMonth=11&ToYear=2020&Variable=Issuer,1620593325,16:48:45,20210509
2,2018-12-31,HWX.TO,CAD,2018-12-31,2018-12-31,FY,16944000.0,8116000.0,8828000.0,0.521010387157696,0.0,3055000.0,0.0,0.0,3055000.0,11171000.0,268000.0,0.0,11533000.0,0.6806539187913125,5773000.0,0.34071057601510857,-8317000.0,-1923000.0,-0.11349150141643059,-1609000.0,-314000.0,-0.018531633616619452,-0.003540022547914318,-0.003524327964532241,88700000.0,89095000.0,https://www.sedar.com/ModifyCompanyDocumentSearchForm.do?lang=EN&company_search=HEADWATER EXPLORATION INC&document_selection=0&industry_group=A&FromDate=13&FromMonth=05&FromYear=2000&ToDate=13&ToMonth=11&ToYear=2020&Variable=Issuer,https://www.sedar.com/ModifyCompanyDocumentSearchForm.do?lang=EN&company_search=HEADWATER EXPLORATION INC&document_selection=0&industry_group=A&FromDate=13&FromMonth=05&FromYear=2000&ToDate=13&ToMonth=11&ToYear=2020&Variable=Issuer,1620593325,16:48:45,20210509
3,2017-12-31,HWX.TO,CAD,2017-12-31,2017-12-31,FY,7674000.0,6000000.0,1674000.0,0.2181391712275215,0.0,3038000.0,0.0,0.0,3163000.0,9163000.0,292000.0,0.0,1498000.0,0.19520458691686213,-1489000.0,-0.1940317956737034,16708000.0,15309000.0,1.9949179046129788,-2430000.0,17739000.0,2.311571540265833,0.2000924944164956,0.19972078046363953,88654000.0,88819000.0,https://www.sedar.com/ModifyCompanyDocumentSearchForm.do?lang=EN&company_search=HEADWATER EXPLORATION INC&document_selection=0&industry_group=A&FromDate=13&FromMonth=05&FromYear=2000&ToDate=13&ToMonth=11&ToYear=2020&Variable=Issuer,https://www.sedar.com/ModifyCompanyDocumentSearchForm.do?lang=EN&company_search=HEADWATER EXPLORATION INC&document_selection=0&industry_group=A&FromDate=13&FromMonth=05&FromYear=2000&ToDate=13&ToMonth=11&ToYear=2020&Variable=Issuer,1620593325,16:48:45,20210509
4,2016-12-31,HWX.TO,CAD,2016-12-31,2016-12-31,FY,13541000.0,6140000.0,7401000.0,0.546562292297467,0.0,3323000.0,0.0,0.0,8468000.0,14608000.0,328000.0,0.0,4186000.0,0.3091352189646259,-1067000.0,-0.07879772542648253,-16685000.0,-17835000.0,-1.3171109962336607,11456000.0,-29291000.0,-2.1631341850675727,-0.3305161246643046,-0.3302478183417142,88622000.0,88694000.0,https://www.sedar.com/ModifyCompanyDocumentSearchForm.do?lang=EN&company_search=HEADWATER EXPLORATION INC&document_selection=0&industry_group=A&FromDate=13&FromMonth=05&FromYear=2000&ToDate=13&ToMonth=11&ToYear=2020&Variable=Issuer,https://www.sedar.com/ModifyCompanyDocumentSearchForm.do?lang=EN&company_search=HEADWATER EXPLORATION INC&document_selection=0&industry_group=A&FromDate=13&FromMonth=05&FromYear=2000&ToDate=13&ToMonth=11&ToYear=2020&Variable=Issuer,1620593325,16:48:45,20210509
5,2015-12-31,HWX.TO,CAD,2015-12-31,2015-12-31,FY,15876000.0,5580000.0,10296000.0,0.6485260770975056,0.0,4602000.0,0.0,0.0,9780000.0,15360000.0,249000.0,0.0,5847000.0,0.368291761148904,516000.0,0.03250188964474679,-21789000.0,-21225000.0,-1.3369236583522297,10654000.0,-31879000.0,-2.007999496094734,-0.36,-0.36,88622000.0,88622000.0,https://www.sedar.com/ModifyCompanyDocumentSearchForm.do?lang=EN&company_search=HEADWATER EXPLORATION INC&document_selection=0&industry_group=A&FromDate=13&FromMonth=05&FromYear=2000&ToDate=13&ToMonth=11&ToYear=2020&Variable=Issuer,https://www.sedar.com/ModifyCompanyDocumentSearchForm.do?lang=EN&company_search=HEADWATER EXPLORATION INC&document_selection=0&industry_group=A&FromDate=13&FromMonth=05&FromYear=2000&ToDate=13&ToMonth=11&ToYear=2020&Variable=Issuer,1620593325,16:48:45,20210509
6,2014-12-31,HWX.TO,CAD,2014-12-31,2014-12-31,FY,23253000.0,8092000.0,15161000.0,0.6520018922289597,0.0,3899000.0,0.0,0.0,12929000.0,21021000.0,244000.0,0.0,11541000.0,0.49632305508966584,2232000.0,0.09598761450135466,-28667000.0,-26301000.0,-1.1310798606631403,-8595000.0,-17706000.0,-0.7614501354663914,-0.19995031168127203,-0.19746615216470012,88552000.0,89666000.0,https://www.sedar.com/ModifyCompanyDocumentSearchForm.do?lang=EN&company_search=HEADWATER EXPLORATION INC&document_selection=0&industry_group=A&FromDate=13&FromMonth=05&FromYear=2000&ToDate=13&ToMonth=11&ToYear=2020&Variable=Issuer,https://www.sedar.com/ModifyCompanyDocumentSearchForm.do?lang=EN&company_search=HEADWATER EXPLORATION INC&document_selection=0&industry_group=A&FromDate=13&FromMonth=05&FromYear=2000&ToDate=13&ToMonth=11&ToYear=2020&Variable=Issuer,1620593325,16:48:45,20210509
7,2013-12-31,HWX.TO,CAD,2013-12-31,2013-12-31,FY,21619000.0,7901000.0,13718000.0,0.6345344373005227,0.0,3393000.0,0.0,0.0,12145000.0,20046000.0,240000.0,0.0,10362000.0,0.47930061519959294,1573000.0,0.07276007215874924,28504000.0,29995000.0,1.387436976733429,7546000.0,22449000.0,1.0383921550487996,0.25376424308193163,0.25351778656126484,88464000.0,88550000.0,https://www.sedar.com/ModifyCompanyDocumentSearchForm.do?lang=EN&company_search=HEADWATER EXPLORATION INC&document_selection=0&industry_group=A&FromDate=13&FromMonth=05&FromYear=2000&ToDate=13&ToMonth=11&ToYear=2020&Variable=Issuer,https://www.sedar.com/ModifyCompanyDocumentSearchForm.do?lang=EN&company_search=HEADWATER EXPLORATION INC&document_selection=0&industry_group=A&FromDate=13&FromMonth=05&FromYear=2000&ToDate=13&ToMonth=11&ToYear=2020&Variable=Issuer,1620593325,16:48:45,20210509
8,2012-12-31,HWX.TO,CAD,2012-12-31,2012-12-31,FY,14795000.0,7114000.0,7681000.0,0.5191618790131801,0.0,4802000.0,0.0,0.0,16188000.0,23302000.0,260000.0,0.0,2844000.0,0.1922271037512673,-8507000.0,-0.5749915511997297,-56321000.0,-64991000.0,-4.39276782696857,-17102000.0,-47889000.0,-3.2368367691787765,-0.541,-0.541,88464000.0,88464000.0,https://www.sedar.com/ModifyCompanyDocumentSearchForm.do?lang=EN&company_search=HEADWATER EXPLORATION INC&document_selection=0&industry_group=A&FromDate=13&FromMonth=05&FromYear=2000&ToDate=13&ToMonth=11&ToYear=2020&Variable=Issuer,https://www.sedar.com/ModifyCompanyDocumentSearchForm.do?lang=EN&company_search=HEADWATER EXPLORATION INC&document_selection=0&industry_group=A&FromDate=13&FromMonth=05&FromYear=2000&ToDate=13&ToMonth=11&ToYear=2020&Variable=Issuer,1620593325,16:48:45,20210509
9,2011-12-31,HWX.TO,CAD,2011-12-31,2011-12-31,FY,23993000.0,10147000.0,13846000.0,0.5770849831200767,0.0,6193000.0,0.0,0.0,23175000.0,33322000.0,323000.0,0.0,7747000.0,0.3228858417038303,-9329000.0,-0.38882173967407163,-97401000.0,-106959000.0,-4.457925228191556,-27374000.0,-79585000.0,-3.3170091276622347,-0.899916323669094,-0.8977439368302312,88436000.0,88650000.0,https://www.sedar.com/ModifyCompanyDocumentSearchForm.do?lang=EN&company_search=HEADWATER EXPLORATION INC&document_selection=0&industry_group=A&FromDate=13&FromMonth=05&FromYear=2000&ToDate=13&ToMonth=11&ToYear=2020&Variable=Issuer,https://www.sedar.com/ModifyCompanyDocumentSearchForm.do?lang=EN&company_search=HEADWATER EXPLORATION INC&document_selection=0&industry_group=A&FromDate=13&FromMonth=05&FromYear=2000&ToDate=13&ToMonth=11&ToYear=2020&Variable=Issuer,1620593325,16:48:45,20210509
10,2010-12-31,HWX.TO,CAD,2010-12-31,2010-12-31,FY,29558000.0,11075000.0,18483000.0,0.625312944042222,0.0,6872000.0,0.0,0.0,29403000.0,40478000.0,197000.0,0.0,11773000.0,0.3983016442249137,-10920000.0,-0.36944312876378643,-89000.0,-10906000.0,-0.3689694837269098,-2301000.0,-8605000.0,-0.2911225387373977,-0.09802804707168977,-0.09743311027322032,87781000.0,88317000.0,https://www.sedar.com/ModifyCompanyDocumentSearchForm.do?lang=EN&company_search=HEADWATER EXPLORATION INC&document_selection=0&industry_group=A&FromDate=13&FromMonth=05&FromYear=2000&ToDate=13&ToMonth=11&ToYear=2020&Variable=Issuer,https://www.sedar.com/ModifyCompanyDocumentSearchForm.do?lang=EN&company_search=HEADWATER EXPLORATION INC&document_selection=0&industry_group=A&FromDate=13&FromMonth=05&FromYear=2000&ToDate=13&ToMonth=11&ToYear=2020&Variable=Issuer,1620593325,16:48:45,20210509
11,2009-12-31,HWX.TO,CAD,2009-12-31,2009-12-31,FY,48989000.0,15981000.0,33008000.0,0.6737839106738247,0.0,5713000.0,0.0,-665000.0,120000.0,16101000.0,117000.0,27787000.0,60675000.0,1.238543346465533,32888000.0,0.6713343811876136,-665000.0,-778000.0,-0.015881116168935883,-2445000.0,1667000.0,0.034028047112617116,0.019009499047814536,0.018989576806971577,87693000.0,87785000.0,https://www.sedar.com/ModifyCompanyDocumentSearchForm.do?lang=EN&company_search=HEADWATER EXPLORATION INC&document_selection=0&industry_group=A&FromDate=13&FromMonth=05&FromYear=2000&ToDate=13&ToMonth=11&ToYear=2020&Variable=Issuer,https://www.sedar.com/ModifyCompanyDocumentSearchForm.do?lang=EN&company_search=HEADWATER EXPLORATION INC&document_selection=0&industry_group=A&FromDate=13&FromMonth=05&FromYear=2000&ToDate=13&ToMonth=11&ToYear=2020&Variable=Issuer,1620593325,16:48:45,20210509
12,2008-12-31,HWX.TO,CAD,2008-12-31,2008-12-31,FY,81509000.0,20095000.0,61414000.0,0.753462807788097,0.0,6408000.0,0.0,0.0,31880000.0,51975000.0,0.0,25102000.0,54636000.0,0.670306346538419,29534000.0,0.36234035505281625,0.0,31737000.0,0.3893680452465372,9586000.0,22151000.0,0.27176140058153087,0.26,0.259,85284000.0,85585000.0,https://www.sedar.com/ModifyCompanyDocumentSearchForm.do?lang=EN&company_search=HEADWATER EXPLORATION INC&document_selection=0&industry_group=A&FromDate=13&FromMonth=05&FromYear=2000&ToDate=13&ToMonth=11&ToYear=2020&Variable=Issuer,https://www.sedar.com/ModifyCompanyDocumentSearchForm.do?lang=EN&company_search=HEADWATER EXPLORATION INC&document_selection=0&industry_group=A&FromDate=13&FromMonth=05&FromYear=2000&ToDate=13&ToMonth=11&ToYear=2020&Variable=Issuer,1620593325,16:48:45,20210509
13,2007-12-31,HWX.TO,CAD,2007-12-31,2007-12-31,FY,33347000.0,7954000.0,25393000.0,0.7614777941044172,0.0,6040000.0,0.0,0.0,18743000.0,26697000.0,0.0,12283000.0,18933000.0,0.5677572195399886,6650000.0,0.1994182385222059,0.0,6208000.0,0.18616367289411342,2159000.0,4049000.0,0.1214202177107386,0.051,0.05,79392157.0,80980000.0,https://www.sedar.com/ModifyCompanyDocumentSearchForm.do?lang=EN&company_search=HEADWATER EXPLORATION INC&document_selection=0&industry_group=A&FromDate=13&FromMonth=05&FromYear=2000&ToDate=13&ToMonth=11&ToYear=2020&Variable=Issuer,https://www.sedar.com/ModifyCompanyDocumentSearchForm.do?lang=EN&company_search=HEADWATER EXPLORATION INC&document_selection=0&industry_group=A&FromDate=13&FromMonth=05&FromYear=2000&ToDate=13&ToMonth=11&ToYear=2020&Variable=Issuer,1620593325,16:48:45,20210509
14,2006-12-31,HWX.TO,CAD,2006-12-31,2006-12-31,FY,1693000.0,261000.0,1432000.0,0.8458357944477259,0.0,1359000.0,0.0,0.0,1956000.0,2217000.0,0.0,479000.0,-45000.0,-0.026580035440047254,-524000.0,-0.3095097460129947,0.0,-133000.0,-0.07855877141169522,135000.0,-268000.0,-0.15829887773183698,-0.004,-0.004,73189000.0,73189000.0,https://www.sedar.com/ModifyCompanyDocumentSearchForm.do?lang=EN&company_search=HEADWATER EXPLORATION INC&document_selection=0&industry_group=A&FromDate=13&FromMonth=05&FromYear=2000&ToDate=13&ToMonth=11&ToYear=2020&Variable=Issuer,https://www.sedar.com/ModifyCompanyDocumentSearchForm.do?lang=EN&company_search=HEADWATER EXPLORATION INC&document_selection=0&industry_group=A&FromDate=13&FromMonth=05&FromYear=2000&ToDate=13&ToMonth=11&ToYear=2020&Variable=Issuer,1620593325,16:48:45,20210509
15,2006-08-31,HWX.TO,CAD,2006-08-31,2006-08-31,FY,5289000.0,743000.0,4546000.0,0.8595197579882775,0.0,2289000.0,0.0,0.0,5014000.0,5757000.0,0.0,2377000.0,1909000.0,0.36093779542446586,-468000.0,-0.08848553601815087,0.0,388000.0,0.07335980336547551,299000.0,56000.0,0.010588012856872754,0.001,0.001,56000000.0,56000000.0,https://www.sedar.com/ModifyCompanyDocumentSearchForm.do?lang=EN&company_search=HEADWATER EXPLORATION INC&document_selection=0&industry_group=A&FromDate=13&FromMonth=05&FromYear=2000&ToDate=13&ToMonth=11&ToYear=2020&Variable=Issuer,https://www.sedar.com/ModifyCompanyDocumentSearchForm.do?lang=EN&company_search=HEADWATER EXPLORATION INC&document_selection=0&industry_group=A&FromDate=13&FromMonth=05&FromYear=2000&ToDate=13&ToMonth=11&ToYear=2020&Variable=Issuer,1620593325,16:48:45,20210509
16,2005-08-31,HWX.TO,CAD,2005-08-31,2005-08-31,FY,4584000.0,652000.0,3932000.0,0.8577661431064573,0.0,945000.0,0.0,0.0,2197000.0,2849000.0,0.0,1007000.0,2742000.0,0.5981675392670157,1735000.0,0.3784904013961606,-55000.0,1374000.0,0.299738219895288,254000.0,1120000.0,0.2443280977312391,0.025,0.025,44800000.0,44800000.0,https://www.sedar.com/ModifyCompanyDocumentSearchForm.do?lang=EN&company_search=HEADWATER EXPLORATION INC&document_selection=0&industry_group=A&FromDate=13&FromMonth=05&FromYear=2000&ToDate=13&ToMonth=11&ToYear=2020&Variable=Issuer,https://www.sedar.com/ModifyCompanyDocumentSearchForm.do?lang=EN&company_search=HEADWATER EXPLORATION INC&document_selection=0&industry_group=A&FromDate=13&FromMonth=05&FromYear=2000&ToDate=13&ToMonth=11&ToYear=2020&Variable=Issuer,1620593325,16:48:45,20210509
17,2004-08-31,HWX.TO,CAD,2004-08-31,2004-08-31,FY,3110835.0,261887.0,2848948.0,0.9158145642568635,0.0,396294.0,0.0,0.0,1136561.0,1398448.0,0.0,681504.0,2393891.0,0.7695332603625714,1712387.0,0.5504589603755905,-190944.0,1302491.0,0.4186949806081004,457419.0,786309.0,0.25276461143069306,0.021,0.02,37443286.0,39315450.0,https://www.sedar.com/ModifyCompanyDocumentSearchForm.do?lang=EN&company_search=HEADWATER EXPLORATION INC&document_selection=0&industry_group=A&FromDate=13&FromMonth=05&FromYear=2000&ToDate=13&ToMonth=11&ToYear=2020&Variable=Issuer,https://www.sedar.com/ModifyCompanyDocumentSearchForm.do?lang=EN&company_search=HEADWATER EXPLORATION INC&document_selection=0&industry_group=A&FromDate=13&FromMonth=05&FromYear=2000&ToDate=13&ToMonth=11&ToYear=2020&Variable=Issuer,1620593325,16:48:45,20210509
18,2003-08-31,HWX.TO,CAD,2003-08-31,2003-08-31,FY,790338.0,92309.0,698029.0,0.8832031358735123,0.0,403335.0,0.0,-46771.0,624982.0,717291.0,0.0,172748.0,245795.0,0.3109998506967905,73047.0,0.09242501309566287,-1762267.0,-1842839.0,-2.33170997725024,-884462.0,-1007276.0,-1.2744876242822691,-0.029,-0.029,34733655.0,34733655.0,https://www.sedar.com/ModifyCompanyDocumentSearchForm.do?lang=EN&company_search=HEADWATER EXPLORATION INC&document_selection=0&industry_group=A&FromDate=13&FromMonth=05&FromYear=2000&ToDate=13&ToMonth=11&ToYear=2020&Variable=Issuer,https://www.sedar.com/ModifyCompanyDocumentSearchForm.do?lang=EN&company_search=HEADWATER EXPLORATION INC&document_selection=0&industry_group=A&FromDate=13&FromMonth=05&FromYear=2000&ToDate=13&ToMonth=11&ToYear=2020&Variable=Issuer,1620593325,16:48:45,20210509
19,2002-08-31,HWX.TO,CAD,2002-08-31,2002-08-31,FY,88801.0,0.0,0.0,0.0,0.0,456062.0,0.0,0.0,501798.0,501798.0,0.0,9300.0,-403697.0,-4.546086192723055,-412997.0,-4.650814743077218,-3638911.0,-4015472.0,-45.218770058895736,-1752162.0,-2299746.0,-25.89774889922411,-0.071,-0.071,32390789.0,32390789.0,https://www.sedar.com/ModifyCompanyDocumentSearchForm.do?lang=EN&company_search=HEADWATER EXPLORATION INC&document_selection=0&industry_group=A&FromDate=13&FromMonth=05&FromYear=2000&ToDate=13&ToMonth=11&ToYear=2020&Variable=Issuer,https://www.sedar.com/ModifyCompanyDocumentSearchForm.do?lang=EN&company_search=HEADWATER EXPLORATION INC&document_selection=0&industry_group=A&FromDate=13&FromMonth=05&FromYear=2000&ToDate=13&ToMonth=11&ToYear=2020&Variable=Issuer,1620593325,16:48:45,20210509
20,2001-08-31,HWX.TO,CAD,2001-08-31,2001-08-31,FY,0.0,0.0,0.0,0.0,0.0,328534.0,0.0,0.0,378677.0,378677.0,0.0,10466.0,-368211.0,0.0,-378677.0,0.0,-2359559.0,-2544522.0,0.0,-1814050.0,-770149.0,0.0,-0.030000000389535018,-0.026038203501934146,25671633.0,29577655.0,https://www.sedar.com/ModifyCompanyDocumentSearchForm.do?lang=EN&company_search=HEADWATER EXPLORATION INC&document_selection=0&industry_group=A&FromDate=13&FromMonth=05&FromYear=2000&ToDate=13&ToMonth=11&ToYear=2020&Variable=Issuer,https://www.sedar.com/ModifyCompanyDocumentSearchForm.do?lang=EN&company_search=HEADWATER EXPLORATION INC&document_selection=0&industry_group=A&FromDate=13&FromMonth=05&FromYear=2000&ToDate=13&ToMonth=11&ToYear=2020&Variable=Issuer,1620593325,16:48:45,20210509
21,2000-08-31,HWX.TO,CAD,2000-08-31,2000-08-31,FY,0.0,0.0,0.0,0.0,0.0,315601.0,0.0,0.0,328944.0,328944.0,0.0,13343.0,-315601.0,0.0,-328944.0,0.0,0.0,-4092248.0,0.0,1686.0,-4099410.0,0.0,-0.18,-0.18,22774500.0,22774500.0,https://www.sedar.com/ModifyCompanyDocumentSearchForm.do?lang=EN&company_search=HEADWATER EXPLORATION INC&document_selection=0&industry_group=A&FromDate=13&FromMonth=05&FromYear=2000&ToDate=13&ToMonth=11&ToYear=2020&Variable=Issuer,https://www.sedar.com/ModifyCompanyDocumentSearchForm.do?lang=EN&company_search=HEADWATER EXPLORATION INC&document_selection=0&industry_group=A&FromDate=13&FromMonth=05&FromYear=2000&ToDate=13&ToMonth=11&ToYear=2020&Variable=Issuer,1620593325,16:48:45,20210509
22,1999-08-31,HWX.TO,CAD,1999-08-31,1999-08-31,FY,0.0,0.0,0.0,0.0,0.0,397557.0,0.0,0.0,419550.0,419550.0,0.0,21993.0,-397557.0,0.0,-419550.0,0.0,0.0,-299944.0,0.0,2103.0,-316241.0,0.0,-0.01,-0.01,31624100.0,31624100.0,https://www.sedar.com/ModifyCompanyDocumentSearchForm.do?lang=EN&company_search=HEADWATER EXPLORATION INC&document_selection=0&industry_group=A&FromDate=13&FromMonth=05&FromYear=2000&ToDate=13&ToMonth=11&ToYear=2020&Variable=Issuer,https://www.sedar.com/ModifyCompanyDocumentSearchForm.do?lang=EN&company_search=HEADWATER EXPLORATION INC&document_selection=0&industry_group=A&FromDate=13&FromMonth=05&FromYear=2000&ToDate=13&ToMonth=11&ToYear=2020&Variable=Issuer,1620593325,16:48:45,20210509
23,1998-08-31,HWX.TO,CAD,1998-08-31,1998-08-31,FY,0.0,0.0,0.0,0.0,0.0,353968.0,0.0,0.0,367760.0,367760.0,0.0,13792.0,-353968.0,0.0,-367760.0,0.0,0.0,0.0,0.0,0.0,-325622.0,0.0,-0.02,-0.02,16281100.0,16281100.0,https://www.sedar.com/ModifyCompanyDocumentSearchForm.do?lang=EN&company_search=HEADWATER EXPLORATION INC&document_selection=0&industry_group=A&FromDate=13&FromMonth=05&FromYear=2000&ToDate=13&ToMonth=11&ToYear=2020&Variable=Issuer,https://www.sedar.com/ModifyCompanyDocumentSearchForm.do?lang=EN&company_search=HEADWATER EXPLORATION INC&document_selection=0&industry_group=A&FromDate=13&FromMonth=05&FromYear=2000&ToDate=13&ToMonth=11&ToYear=2020&Variable=Issuer,1620593325,16:48:45,20210509
24,1997-08-31,HWX.TO,CAD,1997-08-31,1997-08-31,FY,0.0,0.0,0.0,0.0,0.0,126765.0,0.0,0.0,158150.0,158150.0,0.0,3944.0,-154206.0,0.0,-158150.0,0.0,0.0,0.0,0.0,0.0,-141820.0,0.0,-0.01,-0.01,14182000.0,14182000.0,https://www.sedar.com/ModifyCompanyDocumentSearchForm.do?lang=EN&company_search=HEADWATER EXPLORATION INC&document_selection=0&industry_group=A&FromDate=13&FromMonth=05&FromYear=2000&ToDate=13&ToMonth=11&ToYear=2020&Variable=Issuer,https://www.sedar.com/ModifyCompanyDocumentSearchForm.do?lang=EN&company_search=HEADWATER EXPLORATION INC&document_selection=0&industry_group=A&FromDate=13&FromMonth=05&FromYear=2000&ToDate=13&ToMonth=11&ToYear=2020&Variable=Issuer,1620593325,16:48:45,20210509
25,1996-08-31,HWX.TO,CAD,1996-08-31,1996-08-31,FY,0.0,0.0,0.0,0.0,0.0,136268.0,0.0,0.0,170938.0,170938.0,0.0,0.0,-170938.0,0.0,-170938.0,0.0,0.0,0.0,0.0,0.0,-154095.0,0.0,-0.03,-0.03,5136500.0,5136500.0,https://www.sedar.com/ModifyCompanyDocumentSearchForm.do?lang=EN&company_search=HEADWATER EXPLORATION INC&document_selection=0&industry_group=A&FromDate=13&FromMonth=05&FromYear=2000&ToDate=13&ToMonth=11&ToYear=2020&Variable=Issuer,https://www.sedar.com/ModifyCompanyDocumentSearchForm.do?lang=EN&company_search=HEADWATER EXPLORATION INC&document_selection=0&industry_group=A&FromDate=13&FromMonth=05&FromYear=2000&ToDate=13&ToMonth=11&ToYear=2020&Variable=Issuer,1620593325,16:48:45,20210509
