,date,symbol,reportedCurrency,fillingDate,acceptedDate,period,revenue,costOfRevenue,grossProfit,grossProfitRatio,researchAndDevelopmentExpenses,generalAndAdministrativeExpenses,sellingAndMarketingExpenses,otherExpenses,operatingExpenses,costAndExpenses,interestExpense,depreciationAndAmortization,ebitda,ebitdaratio,operatingIncome,operatingIncomeRatio,totalOtherIncomeExpensesNet,incomeBeforeTax,incomeBeforeTaxRatio,incomeTaxExpense,netIncome,netIncomeRatio,eps,epsdiluted,weightedAverageShsOut,weightedAverageShsOutDil,link,finalLink,timestamp,est_time,est_date
0,2020-09-30,PAG.L,GBP,2020-09-30,2020-09-30,FY,293500000.0,0.0,0.0,0.0,0.0,0.0,0.0,-126800000.0,0.0,0.0,213600000.0,5500000.0,0.0,0.0,0.0,0.4034071550255537,0.0,118400000.0,0.4034071550255537,27100000.0,91300000.0,0.3110732538330494,0.3544254658385093,0.3544254658385093,257600000.0,257600000.0,https://find-and-update.company-information.service.gov.uk/search/companies?q=Paragon+Banking+Group+PLC,https://find-and-update.company-information.service.gov.uk/search/companies?q=Paragon+Banking+Group+PLC,1620596310,17:38:30,20210509
1,2019-09-30,PAG.L,GBP,2019-09-30,2019-09-30,FY,296000000.0,0.0,0.0,0.0,0.0,39100000.0,0.0,-125200000.0,138700000.0,0.0,227300000.0,11500000.0,0.0,0.0,0.0,0.5371621621621622,0.0,159000000.0,0.5371621621621622,31600000.0,127400000.0,0.4304054054054054,0.494,0.482,257600000.0,264300000.0,https://find-and-update.company-information.service.gov.uk/search/companies?q=Paragon+Banking+Group+PLC,https://find-and-update.company-information.service.gov.uk/search/companies?q=Paragon+Banking+Group+PLC,1620596310,17:38:30,20210509
2,2018-09-30,PAG.L,GBP,2018-09-30,2018-09-30,FY,314400000.0,0.0,0.0,0.0,0.0,34700000.0,0.0,-114200000.0,125500000.0,0.0,197300000.0,9900000.0,0.0,0.0,0.0,0.5772900763358778,0.0,181500000.0,0.5772900763358778,35700000.0,145800000.0,0.4637404580152672,0.559,0.542,260800000.0,269200000.0,https://find-and-update.company-information.service.gov.uk/search/companies?q=Paragon+Banking+Group+PLC,https://find-and-update.company-information.service.gov.uk/search/companies?q=Paragon+Banking+Group+PLC,1620596310,17:38:30,20210509
3,2017-09-30,PAG.L,GBP,2017-09-30,2017-09-30,FY,262800000.0,0.0,0.0,0.0,0.0,31900000.0,0.0,-102300000.0,114400000.0,0.0,176600000.0,7900000.0,0.0,0.0,0.0,0.5509893455098934,0.0,144800000.0,0.5509893455098934,27600000.0,117200000.0,0.4459665144596651,0.431,0.419,271600000.0,279600000.0,https://find-and-update.company-information.service.gov.uk/search/companies?q=Paragon+Banking+Group+PLC,https://find-and-update.company-information.service.gov.uk/search/companies?q=Paragon+Banking+Group+PLC,1620596310,17:38:30,20210509
4,2016-09-30,PAG.L,GBP,2016-09-30,2016-09-30,FY,253500000.0,0.0,0.0,0.0,0.0,28300000.0,0.0,-92500000.0,104600000.0,0.0,188200000.0,6500000.0,0.0,0.0,0.0,0.5648915187376726,0.0,143200000.0,0.5648915187376726,27200000.0,116000000.0,0.45759368836291914,0.405,0.397,286500000.0,292000000.0,https://find-and-update.company-information.service.gov.uk/search/companies?q=Paragon+Banking+Group+PLC,https://find-and-update.company-information.service.gov.uk/search/companies?q=Paragon+Banking+Group+PLC,1620596310,17:38:30,20210509
5,2015-09-30,PAG.L,GBP,2015-09-30,2015-09-30,FY,209900000.0,0.0,0.0,0.0,0.0,19200000.0,0.0,-71200000.0,70100000.0,0.0,143600000.0,2900000.0,0.0,0.0,0.0,0.6393520724154359,0.0,134200000.0,0.6393520724154359,27100000.0,107100000.0,0.5102429728442115,0.355,0.348,301900000.0,307800000.0,https://find-and-update.company-information.service.gov.uk/search/companies?q=Paragon+Banking+Group+PLC,https://find-and-update.company-information.service.gov.uk/search/companies?q=Paragon+Banking+Group+PLC,1620596310,17:38:30,20210509
6,2014-09-30,PAG.L,GBP,2014-09-30,2014-09-30,FY,197200000.0,0.0,0.0,0.0,0.0,17400000.0,0.0,-63400000.0,62100000.0,0.0,122300000.0,2900000.0,0.0,0.0,0.0,0.6227180527383367,0.0,122800000.0,0.6227180527383367,25600000.0,97200000.0,0.49290060851926976,0.319,0.311,304600000.0,312200000.0,https://find-and-update.company-information.service.gov.uk/search/companies?q=Paragon+Banking+Group+PLC,https://find-and-update.company-information.service.gov.uk/search/companies?q=Paragon+Banking+Group+PLC,1620596310,17:38:30,20210509
7,2013-09-30,PAG.L,GBP,2013-09-30,2013-09-30,FY,177300000.0,0.0,0.0,0.0,0.0,15800000.0,0.0,-58600000.0,56700000.0,0.0,111300000.0,3300000.0,0.0,0.0,0.0,0.5944726452340665,0.0,105400000.0,0.5944726452340665,20200000.0,85200000.0,0.4805414551607445,0.284,0.275,300500000.0,310400000.0,https://find-and-update.company-information.service.gov.uk/search/companies?q=Paragon+Banking+Group+PLC,https://find-and-update.company-information.service.gov.uk/search/companies?q=Paragon+Banking+Group+PLC,1620596310,17:38:30,20210509
8,2012-09-30,PAG.L,GBP,2012-09-30,2012-09-30,FY,0.0,0.0,0.0,0.0,0.0,13100000.0,0.0,0.0,63600000.0,63600000.0,136000000.0,3100000.0,-60500000.0,0.0,-63600000.0,0.0,0.0,95500000.0,0.0,23300000.0,72200000.0,0.0,0.242,0.235,297800000.0,307200000.0,https://find-and-update.company-information.service.gov.uk/search/companies?q=Paragon+Banking+Group+PLC,https://find-and-update.company-information.service.gov.uk/search/companies?q=Paragon+Banking+Group+PLC,1620596310,17:38:30,20210509
9,2011-09-30,PAG.L,GBP,2011-09-30,2011-09-30,FY,135800000.0,0.0,0.0,0.0,0.0,11200000.0,0.0,0.0,-105100000.0,-105100000.0,118300000.0,2900000.0,108000000.0,0.7952871870397643,105100000.0,0.7739322533136966,0.0,80800000.0,0.5949926362297496,21200000.0,59600000.0,0.43888070692194403,0.202,0.196,295300000.0,303500000.0,https://find-and-update.company-information.service.gov.uk/search/companies?q=Paragon+Banking+Group+PLC,https://find-and-update.company-information.service.gov.uk/search/companies?q=Paragon+Banking+Group+PLC,1620596310,17:38:30,20210509
10,2010-09-30,PAG.L,GBP,2010-09-30,2010-09-30,FY,133400000.0,0.0,0.0,0.0,0.0,9500000.0,0.0,0.0,-105500000.0,-105500000.0,137400000.0,3200000.0,108700000.0,0.8148425787106447,105500000.0,0.7908545727136432,0.0,71800000.0,0.5382308845577212,17900000.0,53900000.0,0.404047976011994,0.183,0.178,295300000.0,303600000.0,https://find-and-update.company-information.service.gov.uk/search/companies?q=Paragon+Banking+Group+PLC,https://find-and-update.company-information.service.gov.uk/search/companies?q=Paragon+Banking+Group+PLC,1620596310,17:38:30,20210509
11,2009-09-30,PAG.L,GBP,2009-09-30,2009-09-30,FY,134800000.0,0.0,0.0,0.0,0.0,6800000.0,0.0,0.0,-108600000.0,-108600000.0,368700000.0,3900000.0,112500000.0,0.8345697329376854,108600000.0,0.8056379821958457,0.0,54300000.0,0.40281899109792285,13200000.0,41100000.0,0.30489614243323443,0.139,0.137,295700000.0,300900000.0,https://find-and-update.company-information.service.gov.uk/search/companies?q=Paragon+Banking+Group+PLC,https://find-and-update.company-information.service.gov.uk/search/companies?q=Paragon+Banking+Group+PLC,1620596310,17:38:30,20210509
12,2008-09-30,PAG.L,GBP,2008-09-30,2008-09-30,FY,140400000.0,0.0,0.0,0.0,0.0,6400000.0,0.0,500000.0,-123800000.0,-123800000.0,675700000.0,4300000.0,128100000.0,0.9123931623931624,123800000.0,0.8817663817663818,0.0,53700000.0,0.38247863247863245,16600000.0,37100000.0,0.26424501424501423,0.1789676796912687,0.17853705486044275,207300000.0,207800000.0,https://find-and-update.company-information.service.gov.uk/search/companies?q=Paragon+Banking+Group+PLC,https://find-and-update.company-information.service.gov.uk/search/companies?q=Paragon+Banking+Group+PLC,1620596310,17:38:30,20210509
13,2007-09-30,PAG.L,GBP,2007-09-30,2007-09-30,FY,155800000.0,0.0,0.0,0.0,0.0,10100000.0,0.0,0.0,-141500000.0,-141500000.0,586000000.0,4100000.0,145600000.0,0.9345314505776636,141500000.0,0.9082156611039794,0.0,91000000.0,0.5840821566110398,28200000.0,62800000.0,0.4030808729139923,7.687753,7.407426,8157975.0,8464046.0,https://find-and-update.company-information.service.gov.uk/search/companies?q=Paragon+Banking+Group+PLC,https://find-and-update.company-information.service.gov.uk/search/companies?q=Paragon+Banking+Group+PLC,1620596310,17:38:30,20210509
14,2006-09-30,PAG.L,GBP,2006-09-30,2006-09-30,FY,142900000.0,0.0,0.0,0.0,0.0,9800000.0,0.0,0.0,-130600000.0,-130600000.0,402800000.0,3700000.0,134300000.0,0.9398180545836249,130600000.0,0.913925822253324,0.0,82800000.0,0.5794261721483555,14000000.0,68800000.0,0.4814555633310007,5.19879,4.960937,13231694.0,13855608.0,https://find-and-update.company-information.service.gov.uk/search/companies?q=Paragon+Banking+Group+PLC,https://find-and-update.company-information.service.gov.uk/search/companies?q=Paragon+Banking+Group+PLC,1620596310,17:38:30,20210509
15,2005-09-30,PAG.L,GBP,2005-09-30,2005-09-30,FY,0.0,0.0,0.0,0.0,0.0,0.0,0.0,0.0,20100000.0,20100000.0,387500000.0,-4100000.0,-24200000.0,0.0,-20100000.0,0.0,0.0,76800000.0,0.0,16100000.0,60700000.0,0.0,4.527704,4.34082,13426573.0,14009247.0,https://find-and-update.company-information.service.gov.uk/search/companies?q=Paragon+Banking+Group+PLC,https://find-and-update.company-information.service.gov.uk/search/companies?q=Paragon+Banking+Group+PLC,1620596310,17:38:30,20210509
16,2004-09-30,PAG.L,GBP,2004-09-30,2004-09-30,FY,80600000.0,0.0,0.0,0.0,0.0,0.0,0.0,0.0,-65800000.0,-65800000.0,331400000.0,1600000.0,67400000.0,0.8362282878411911,65800000.0,0.8163771712158809,0.0,71000000.0,0.8808933002481389,16300000.0,54700000.0,0.6786600496277916,4.077482,3.924577,13413285.0,13927131.0,https://find-and-update.company-information.service.gov.uk/search/companies?q=Paragon+Banking+Group+PLC,https://find-and-update.company-information.service.gov.uk/search/companies?q=Paragon+Banking+Group+PLC,1620596310,17:38:30,20210509
17,2003-09-30,PAG.L,GBP,2003-09-30,2003-09-30,FY,76500000.0,0.0,0.0,0.0,0.0,0.0,0.0,0.0,-53700000.0,-53700000.0,195500000.0,1900000.0,55600000.0,0.726797385620915,53700000.0,0.7019607843137254,0.0,51900000.0,0.6784313725490196,11600000.0,40300000.0,0.526797385620915,3.015638,2.956175,13344992.0,13632482.0,https://find-and-update.company-information.service.gov.uk/search/companies?q=Paragon+Banking+Group+PLC,https://find-and-update.company-information.service.gov.uk/search/companies?q=Paragon+Banking+Group+PLC,1620596310,17:38:30,20210509
18,2002-09-30,PAG.L,GBP,2002-09-30,2002-09-30,FY,72900000.0,0.0,0.0,0.0,0.0,0.0,0.0,0.0,-46000000.0,-46000000.0,157100000.0,1100000.0,47100000.0,0.6460905349794238,46000000.0,0.6310013717421125,0.0,46000000.0,0.6310013717421125,9400000.0,36600000.0,0.5020576131687243,2.726816,2.667353,13431817.0,13431817.0,https://find-and-update.company-information.service.gov.uk/search/companies?q=Paragon+Banking+Group+PLC,https://find-and-update.company-information.service.gov.uk/search/companies?q=Paragon+Banking+Group+PLC,1620596310,17:38:30,20210509
19,2001-09-30,PAG.L,GBP,2001-09-30,2001-09-30,FY,73400000.0,0.0,0.0,0.0,0.0,0.0,0.0,0.0,-41100000.0,-41100000.0,156300000.0,1200000.0,42300000.0,0.5762942779291553,41100000.0,0.5599455040871935,0.0,41100000.0,0.5599455040871935,8200000.0,32900000.0,0.4482288828337875,2.463479,2.404016,13348236.0,13680441.0,https://find-and-update.company-information.service.gov.uk/search/companies?q=Paragon+Banking+Group+PLC,https://find-and-update.company-information.service.gov.uk/search/companies?q=Paragon+Banking+Group+PLC,1620596310,17:38:30,20210509
20,2000-09-30,PAG.L,GBP,2000-09-30,2000-09-30,FY,62300000.0,0.0,0.0,0.0,0.0,0.0,0.0,0.0,-35500000.0,-35500000.0,124100000.0,1300000.0,36800000.0,0.5906902086677368,35500000.0,0.5698234349919743,0.0,35500000.0,0.5698234349919743,7000000.0,28500000.0,0.45746388443017655,2.132183,2.115194,13338583.0,13487028.0,https://find-and-update.company-information.service.gov.uk/search/companies?q=Paragon+Banking+Group+PLC,https://find-and-update.company-information.service.gov.uk/search/companies?q=Paragon+Banking+Group+PLC,1620596310,17:38:30,20210509
21,1999-09-30,PAG.L,GBP,1999-09-30,1999-09-30,FY,55400000.0,0.0,0.0,0.0,0.0,0.0,0.0,0.0,-28800000.0,-28800000.0,112200000.0,1600000.0,30400000.0,0.5487364620938628,28800000.0,0.51985559566787,0.0,33800000.0,0.6101083032490975,3500000.0,30300000.0,0.5469314079422383,2.217131,2.191647,13650305.0,13775912.0,https://find-and-update.company-information.service.gov.uk/search/companies?q=Paragon+Banking+Group+PLC,https://find-and-update.company-information.service.gov.uk/search/companies?q=Paragon+Banking+Group+PLC,1620596310,17:38:30,20210509
22,1998-09-30,PAG.L,GBP,1998-09-30,1998-09-30,FY,49500000.0,0.0,0.0,0.0,0.0,0.0,0.0,0.0,-25100000.0,-25100000.0,110000000.0,1700000.0,26800000.0,0.5414141414141415,25100000.0,0.5070707070707071,0.0,25100000.0,0.5070707070707071,1200000.0,23900000.0,0.48282828282828283,1.902825,1.877341,12345382.0,12345382.0,https://find-and-update.company-information.service.gov.uk/search/companies?q=Paragon+Banking+Group+PLC,https://find-and-update.company-information.service.gov.uk/search/companies?q=Paragon+Banking+Group+PLC,1620596310,17:38:30,20210509
23,1997-09-30,PAG.L,GBP,1997-09-30,1997-09-30,FY,37700000.0,0.0,0.0,0.0,0.0,0.0,0.0,0.0,-21400000.0,-21400000.0,85100000.0,1300000.0,22700000.0,0.6021220159151194,21400000.0,0.5676392572944297,0.0,21600000.0,0.5729442970822282,0.0,21600000.0,0.5729442970822282,2.003922,2.003922,10784034.0,10784034.0,https://find-and-update.company-information.service.gov.uk/search/companies?q=Paragon+Banking+Group+PLC,https://find-and-update.company-information.service.gov.uk/search/companies?q=Paragon+Banking+Group+PLC,1620596310,17:38:30,20210509
24,1996-09-30,PAG.L,GBP,1996-09-30,1996-09-30,FY,38400000.0,0.0,0.0,0.0,0.0,0.0,0.0,0.0,-18100000.0,-18100000.0,102600000.0,1400000.0,19500000.0,0.5078125,18100000.0,0.4713541666666667,0.0,18100000.0,0.4713541666666667,0.0,18100000.0,0.4713541666666667,1.678081,1.678081,10780965.0,10780965.0,https://find-and-update.company-information.service.gov.uk/search/companies?q=Paragon+Banking+Group+PLC,https://find-and-update.company-information.service.gov.uk/search/companies?q=Paragon+Banking+Group+PLC,1620596310,17:38:30,20210509
25,1995-09-30,PAG.L,GBP,1995-09-30,1995-09-30,FY,39000000.0,0.0,0.0,0.0,0.0,0.0,0.0,0.0,-16050000.0,-16050000.0,125000000.0,1600000.0,17650000.0,0.45256410256410257,16050000.0,0.4115384615384615,0.0,15100000.0,0.3871794871794872,0.0,15100000.0,0.3871794871794872,1.832855,1.832855,8235429.0,8235429.0,https://find-and-update.company-information.service.gov.uk/search/companies?q=Paragon+Banking+Group+PLC,https://find-and-update.company-information.service.gov.uk/search/companies?q=Paragon+Banking+Group+PLC,1620596310,17:38:30,20210509
26,1994-09-30,PAG.L,GBP,1994-09-30,1994-09-30,FY,63000000.0,0.0,0.0,0.0,0.0,0.0,0.0,0.0,-11500000.0,-11500000.0,160100000.0,1400000.0,12900000.0,0.20476190476190476,11500000.0,0.18253968253968253,0.0,11400000.0,0.18095238095238095,100000.0,11300000.0,0.17936507936507937,8.879166,8.879166,1269723.0,1269723.0,https://find-and-update.company-information.service.gov.uk/search/companies?q=Paragon+Banking+Group+PLC,https://find-and-update.company-information.service.gov.uk/search/companies?q=Paragon+Banking+Group+PLC,1620596310,17:38:30,20210509
27,1993-09-30,PAG.L,GBP,1993-09-30,1993-09-30,FY,71600000.0,0.0,0.0,0.0,0.0,0.0,0.0,0.0,27700000.0,27700000.0,268800000.0,1900000.0,-25800000.0,-0.36033519553072624,-27700000.0,-0.38687150837988826,0.0,-36600000.0,-0.5111731843575419,600000.0,-37200000.0,-0.5195530726256983,-29.244225,-29.244225,1269723.0,1269723.0,https://find-and-update.company-information.service.gov.uk/search/companies?q=Paragon+Banking+Group+PLC,https://find-and-update.company-information.service.gov.uk/search/companies?q=Paragon+Banking+Group+PLC,1620596310,17:38:30,20210509
28,1992-09-30,PAG.L,GBP,1992-09-30,1992-09-30,FY,41000000.0,0.0,0.0,0.0,0.0,0.0,0.0,0.0,157700000.0,157700000.0,450400000.0,2400000.0,-155300000.0,-3.7878048780487803,-157700000.0,-3.846341463414634,0.0,-159400000.0,-3.8878048780487804,-4800000.0,-154300000.0,-3.7634146341463413,-121.538673,-121.538673,1269723.0,1269723.0,https://find-and-update.company-information.service.gov.uk/search/companies?q=Paragon+Banking+Group+PLC,https://find-and-update.company-information.service.gov.uk/search/companies?q=Paragon+Banking+Group+PLC,1620596310,17:38:30,20210509
29,1991-09-30,PAG.L,GBP,1991-09-30,1991-09-30,FY,47300000.0,0.0,0.0,0.0,0.0,0.0,0.0,0.0,4000000.0,4000000.0,288500000.0,2300000.0,-1700000.0,-0.035940803382663845,-4000000.0,-0.08456659619450317,0.0,-47900000.0,-1.0126849894291754,-1800000.0,-48700000.0,-1.029598308668076,-38.368904,-38.368904,1269257.0,1269257.0,https://find-and-update.company-information.service.gov.uk/search/companies?q=Paragon+Banking+Group+PLC,https://find-and-update.company-information.service.gov.uk/search/companies?q=Paragon+Banking+Group+PLC,1620596310,17:38:30,20210509
30,1990-09-30,PAG.L,GBP,1990-09-30,1990-09-30,FY,39200000.0,0.0,0.0,0.0,0.0,0.0,0.0,0.0,2800000.0,2800000.0,325800000.0,1200000.0,-1600000.0,-0.04081632653061224,-2800000.0,-0.07142857142857142,0.0,30200000.0,0.7704081632653061,6700000.0,23200000.0,0.5918367346938775,18.306217,18.306217,1267329.0,1267329.0,https://find-and-update.company-information.service.gov.uk/search/companies?q=Paragon+Banking+Group+PLC,https://find-and-update.company-information.service.gov.uk/search/companies?q=Paragon+Banking+Group+PLC,1620596310,17:38:30,20210509
31,1989-09-30,PAG.L,GBP,1989-09-30,1989-09-30,FY,40342000.0,0.0,0.0,0.0,0.0,0.0,0.0,0.0,1607000.0,1607000.0,211723000.0,658000.0,-949000.0,-0.023523870903772743,-1607000.0,-0.03983441574537703,0.0,33585000.0,0.8325070645976897,10740000.0,21194000.0,0.5253581874969014,6.106206,6.106206,3470895.0,3470895.0,https://find-and-update.company-information.service.gov.uk/search/companies?q=Paragon+Banking+Group+PLC,https://find-and-update.company-information.service.gov.uk/search/companies?q=Paragon+Banking+Group+PLC,1620596310,17:38:30,20210509
32,1988-09-30,PAG.L,GBP,1988-09-30,1988-09-30,FY,29449000.0,0.0,0.0,0.0,0.0,0.0,0.0,0.0,1109000.0,1109000.0,104197000.0,509000.0,-600000.0,-0.02037420625488132,-1109000.0,-0.03765832456110564,0.0,23073000.0,0.7834901015314611,8225000.0,14848000.0,0.5041936907874631,3.096043,3.096043,4795799.0,4795799.0,https://find-and-update.company-information.service.gov.uk/search/companies?q=Paragon+Banking+Group+PLC,https://find-and-update.company-information.service.gov.uk/search/companies?q=Paragon+Banking+Group+PLC,1620596310,17:38:30,20210509
33,1987-09-30,PAG.L,GBP,1987-09-30,1987-09-30,FY,14946000.0,0.0,0.0,0.0,0.0,0.0,0.0,0.0,477000.0,477000.0,51171000.0,315000.0,-162000.0,-0.010839020473705338,-477000.0,-0.031914893617021274,0.0,11067000.0,0.7404656764351666,3942000.0,7125000.0,0.47671617824167,2.038845,2.038845,3494625.0,3494625.0,https://find-and-update.company-information.service.gov.uk/search/companies?q=Paragon+Banking+Group+PLC,https://find-and-update.company-information.service.gov.uk/search/companies?q=Paragon+Banking+Group+PLC,1620596310,17:38:30,20210509
34,1986-09-30,PAG.L,GBP,1986-09-30,1986-09-30,FY,4816000.0,0.0,0.0,0.0,0.0,0.0,0.0,0.0,192000.0,192000.0,6843000.0,181000.0,-11000.0,-0.0022840531561461796,-192000.0,-0.03986710963455149,0.0,2801000.0,0.5816029900332226,1064000.0,1398000.0,0.2902823920265781,0.45492,0.45492,3073069.0,3073069.0,https://find-and-update.company-information.service.gov.uk/search/companies?q=Paragon+Banking+Group+PLC,https://find-and-update.company-information.service.gov.uk/search/companies?q=Paragon+Banking+Group+PLC,1620596310,17:38:30,20210509
