,date,symbol,reportedCurrency,fillingDate,acceptedDate,period,revenue,costOfRevenue,grossProfit,grossProfitRatio,researchAndDevelopmentExpenses,generalAndAdministrativeExpenses,sellingAndMarketingExpenses,otherExpenses,operatingExpenses,costAndExpenses,interestExpense,depreciationAndAmortization,ebitda,ebitdaratio,operatingIncome,operatingIncomeRatio,totalOtherIncomeExpensesNet,incomeBeforeTax,incomeBeforeTaxRatio,incomeTaxExpense,netIncome,netIncomeRatio,eps,epsdiluted,weightedAverageShsOut,weightedAverageShsOutDil,link,finalLink,timestamp,est_time,est_date
0,2020-09-30,CCMP,USD,2020-11-17,2020-11-17 10:41:31,FY,1116270000,627669000,488601000,0.43770861888252843,52311000,217071000,0.0,-1718000.0,269382000,897051000,42510000.0,127737000.0,346956000,0.3108172753903625,219219000,0.19638528313042544,-4032000.0,173347000,0.15529128257500424,30519000.0,142828000,0.1279511229362072,4.9,4.83,29136000,29580000,https://www.sec.gov/Archives/edgar/data/1102934/000110293420000055/0001102934-20-000055-index.htm,https://www.sec.gov/Archives/edgar/data/1102934/000110293420000055/ccmp-20200930.htm,1620590037,15:53:57,20210509
1,2019-09-30,CCMP,USD,2019-11-27 00:00:00,2019-11-27 15:18:18,FY,1037696000,595043000,442653000,0.4265729076723819,51707000,213078000,0.0,-4055000.0,264785000,859828000,45681000.0,98592000.0,276460000,0.26641713950906626,177868000,0.17140665474281486,-71427000.0,63106000,0.06081357160478599,23891000.0,39215000,0.037790451153324287,1.37,1.35,28571000,29094000,https://www.sec.gov/Archives/edgar/data/1102934/000110293419000058/0001102934-19-000058-index.html,https://www.sec.gov/Archives/edgar/data/1102934/000110293419000058/ccmp-20190930.htm,1620590037,15:53:57,20210509
2,2018-09-30,CCMP,USD,2018-11-13 00:00:00,2018-11-13 14:34:32,FY,590123000,276018000,314105000,0.5322703910879596,51950000,76993000,25044000.0,89000.0,153987000,430005000,2905000.0,25876000.0,185994000,0.3151783611213256,160118000,0.27132987529718383,89000.0,161711000,0.2740293125331499,51668000.0,110043000,0.18647468409128268,4.31,4.19,25478000,26210000,https://www.sec.gov/Archives/edgar/data/1102934/000110293418000028/0001102934-18-000028-index.html,https://www.sec.gov/Archives/edgar/data/1102934/000110293418000028/form10k.htm,1620590037,15:53:57,20210509
3,2017-09-30,CCMP,USD,2017-11-15 00:00:00,2017-11-15 12:01:23,FY,507179000,253050000,254129000,0.5010637270076246,55658000,55637000,30846000.0,-438000.0,142141000,395191000,4529000.0,25930000.0,137918000,0.2719316060010371,111988000,0.22080567215913907,-438000.0,109372000,0.21564772989417938,22420000.0,86952000,0.17144242959586262,3.47,3.4,25015000,25512000,https://www.sec.gov/Archives/edgar/data/1102934/000110293417000028/0001102934-17-000028-index.html,https://www.sec.gov/Archives/edgar/data/1102934/000110293417000028/form10k.htm,1620590037,15:53:57,20210509
4,2016-09-30,CCMP,USD,2016-11-16 00:00:00,2016-11-16 14:05:06,FY,430449000,220247000,210202000,0.48833195105575805,58532000,49445000,27717000.0,-296000.0,135694000,355941000,4723000.0,26031000.0,100539000,0.23356773973223308,74508000,0.17309367660280311,-296000.0,70438000,0.1636384333567972,10589000.0,59849000,0.13903853882806094,2.47,2.43,24077000,24477000,https://www.sec.gov/Archives/edgar/data/1102934/000110293416000064/0001102934-16-000064-index.html,https://www.sec.gov/Archives/edgar/data/1102934/000110293416000064/form10k.htm,1620590037,15:53:57,20210509
5,2015-09-30,CCMP,USD,2015-11-18 00:00:00,2015-11-18 11:47:12,FY,414097000,201866000,212231000,0.5125151836405479,59778000,52430000,24983000.0,316000.0,137191000,339057000,4524000.0,18719000.0,93759000,0.22641796487296453,75040000,0.1812135803929997,316000.0,71197000,0.1719331460986194,15051000.0,56146000,0.13558658961547657,2.32,2.26,24040000,24632000,https://www.sec.gov/Archives/edgar/data/1102934/000110293415000033/0001102934-15-000033-index.html,https://www.sec.gov/Archives/edgar/data/1102934/000110293415000033/form10k.htm,1620590037,15:53:57,20210509
6,2014-09-30,CCMP,USD,2014-11-19 00:00:00,2014-11-19 09:51:36,FY,424666000,221573000,203093000,0.47824172408433924,59354000,45418000,26513000.0,-54000.0,131285000,352858000,3354000.0,19941000.0,91749000,0.21604978971709532,71808000,0.16909288711599232,-54000.0,68594000,0.16152458638082634,17843000.0,50751000,0.11950803690429655,2.12,2.04,23704000,24611000,https://www.sec.gov/Archives/edgar/data/1102934/000110293414000027/0001102934-14-000027-index.html,https://www.sec.gov/Archives/edgar/data/1102934/000110293414000027/form10k.htm,1620590037,15:53:57,20210509
7,2013-09-30,CCMP,USD,2013-11-20 00:00:00,2013-11-20 14:25:02,FY,433131000,221015000,212116000,0.48972712643518934,61373000,46287000,27985000.0,1247000.0,135645000,356660000,3643000.0,20457000.0,96928000,0.2237844901427051,76471000,0.17655397558706257,1247000.0,74220000,0.17135693358360404,22835000.0,51385000,0.11863616319312172,2.24,2.16,22924000,23802000,https://www.sec.gov/Archives/edgar/data/1102934/000110293413000024/0001102934-13-000024-index.html,https://www.sec.gov/Archives/edgar/data/1102934/000110293413000024/form10k.htm,1620590037,15:53:57,20210509
8,2012-09-30,CCMP,USD,2012-11-20 00:00:00,2012-11-20 11:39:07,FY,427657000,223630000,204027000,0.4770809316812305,58642000,49345000,29516000.0,0.0,137503000,361133000,2309000.0,0.0,90215000,0.21095176742108745,66524000,0.15555456826381892,-1490000.0,62871000,0.1470126760464578,22045000.0,40826000,0.09546435578045022,1.81,1.75,22506000,23280000,https://www.sec.gov/Archives/edgar/data/1102934/000110293412000040/0001102934-12-000040-index.html,https://www.sec.gov/Archives/edgar/data/1102934/000110293412000040/cmc10kfiled112012.htm,1620590037,15:53:57,20210509
9,2011-09-30,CCMP,USD,2011-11-22 00:00:00,2011-11-22 11:01:58,FY,445442000,231336000,214106000,0.48065965939448907,58035000,45928000,29758000.0,0.0,133721000,365057000,155000.0,0.0,104615000,0.23485661432913824,80385000,0.18046120482576855,-1556000.0,78912000,0.17715437700082165,27250000.0,51662000,0.1159791847198962,2.26,2.2,22896000,23435000,https://www.sec.gov/Archives/edgar/data/1102934/000110293411000029/0001102934-11-000029-index.html,https://www.sec.gov/Archives/edgar/data/1102934/000110293411000029/cmc10kfiled112211.htm,1620590037,15:53:57,20210509
10,2010-09-30,CCMP,USD,2010-11-23 00:00:00,2010-11-23 09:48:44,FY,408201000,204704000,203497000,0.49852156168162254,51818000,50783000,26885000.0,0.0,129486000,334190000,233000.0,24994000.0,99005000,0.242539827192976,74011000,0.18131018787313113,-729000.0,73277000,0.17951205411059748,23819000.0,49458000,0.1211608986749175,2.14,2.13,23084000,23273000,https://www.sec.gov/Archives/edgar/data/1102934/000110293410000042/0001102934-10-000042-index.html,https://www.sec.gov/Archives/edgar/data/1102934/000110293410000042/cmc10kfiled112310.htm,1620590037,15:53:57,20210509
11,2009-09-30,CCMP,USD,2009-11-24 00:00:00,2009-11-24 10:47:41,FY,291372000,162918000,128454000,0.44085910794448335,48150000,40632000,22239000.0,0.0,111021000,273939000,365000.0,24832000.0,42265000,0.14505511854261904,17433000,0.059830731847946954,-1503000.0,16622000,0.0570473484068476,5435000.0,11187000,0.03839421770108315,0.48472637462628365,0.4843695878074125,23079000,23096000,https://www.sec.gov/Archives/edgar/data/1102934/000110293409000035/0001102934-09-000035-index.html,https://www.sec.gov/Archives/edgar/data/1102934/000110293409000035/cmc10kfiled112409.htm,1620590037,15:53:57,20210509
12,2008-09-30,CCMP,USD,2008-11-25 00:00:00,2008-11-25 10:24:25,FY,375069000,200596000,174473000,0.4651757409969899,49155000,75876000,0.0,0.0,125031000,325627000,0.0,25951000.0,75393000,0.20101101397342888,49442000,0.13182107825493442,284000.0,54890000,0.1463464055947039,16552000.0,38338000,0.10221585894862012,1.6443491314604333,1.6420250128490663,23315000,23348000,https://www.sec.gov/Archives/edgar/data/1102934/000110293408000088/0001102934-08-000088-index.html,https://www.sec.gov/Archives/edgar/data/1102934/000110293408000088/cmc10kfiled112508.htm,1620590037,15:53:57,20210509
13,2007-09-30,CCMP,USD,2007-11-27 00:00:00,2007-11-27 11:25:05,FY,338205000,178224000,159981000,0.47302967135317336,49970000,64243000,0.0,0.0,114213000,292437000,0.0,24170000.0,69938000,0.20679173873833917,45768000,0.13532620747771323,-2031000.0,49374000,0.14598837982880206,15538000.0,33836000,0.1000458301917476,1.424793666835102,1.4244337795739666,23748000,23754000,https://www.sec.gov/Archives/edgar/data/1102934/000110293407000108/0001102934-07-000108-index.html,https://www.sec.gov/Archives/edgar/data/1102934/000110293407000108/cmcfy0710k.htm,1620590037,15:53:57,20210509
14,2006-09-30,CCMP,USD,2006-11-29,2006-11-29 15:49:51,FY,320795000,171758000,149037000,0.46458641811748935,48070000,55434000,0.0,0.0,103504000,275262000,0.0,21174000.0,66707000,0.20794276718776789,45533000,0.14193799778674854,-1713000.0,48524000,0.15126170919122806,15576000.0,32948000,0.10270733646097975,1.36,1.36,24228000,24228000,https://www.sec.gov/Archives/edgar/data/1102934/000110293406000088/form10k.htm,https://www.sec.gov/Archives/edgar/data/1102934/000110293406000088/form10k.htm,1620590037,15:53:57,20210509
15,2005-09-30,CCMP,USD,2005-12-07,2005-12-07 16:21:04,FY,270484000,141282000,129202000,0.47766965883379425,43010000,42161000,0.0,0.0,85426000,226708000,0.0,255000.0,44031000,0.1627859688558288,43776000,0.1618432143860635,2747000.0,46523000,0.1719990831250647,14050000.0,32473000,0.12005516037917215,1.3220290681105729,1.319397042093288,24563000,24612000,https://www.sec.gov/Archives/edgar/data/1102934/000110293405000054/body.htm,https://www.sec.gov/Archives/edgar/data/1102934/000110293405000054/body.htm,1620590037,15:53:57,20210509
16,2004-09-30,CCMP,USD,2004-12-08 00:00:00,2004-12-08 16:52:04,FY,309433000,156805000,152628000,0.49325055827917513,44003000,38576000,0.0,0.0,82919000,239724000,0.0,340000.0,70049000,0.22637856983579643,69709000,0.22527978593104162,139000.0,69848000,0.2257289946450443,23120000.0,46728000,0.15101168912171617,1.89,1.88,24750000,24882000,https://www.sec.gov/Archives/edgar/data/1102934/000095013704010865/0000950137-04-010865-index.html,https://www.sec.gov/Archives/edgar/data/1102934/000095013704010865/c90232e10vk.txt,1620590037,15:53:57,20210509
17,2003-09-30,CCMP,USD,2003-12-10 00:00:00,2003-12-10 12:04:06,FY,251665000,124269000,127396000,0.5062126239246617,41516000,29446000,0.0,0.0,71302000,195571000,0.0,340000.0,56434000,0.2242425446526136,56094000,0.22289154232809488,-27000.0,56067000,0.2227842568493831,18334000.0,37733000,0.1499334432678362,1.55,1.53,24401000,24665000,https://www.sec.gov/Archives/edgar/data/1102934/000095013703006272/0000950137-03-006272-index.html,https://www.sec.gov/Archives/edgar/data/1102934/000095013703006272/c81418e10vk.txt,1620590037,15:53:57,20210509
18,2002-09-30,CCMP,USD,2002-12-10 00:00:00,2002-12-10 15:43:48,FY,235165000,113067000,122098000,0.5192014117747114,33668000,27125000,0.0,0.0,62138000,175205000,0.0,345000.0,60305000,0.25643696978717073,59960000,0.25496991474071395,-237000.0,60723000,0.25821444517679076,20038000.0,40685000,0.17300618714519592,1.68,1.66,24160000,24565000,https://www.sec.gov/Archives/edgar/data/1102934/000095013702006608/0000950137-02-006608-index.html,https://www.sec.gov/Archives/edgar/data/1102934/000095013702006608/c73444e10vk.txt,1620590037,15:53:57,20210509
19,2001-09-30,CCMP,USD,2001-09-30,2001-09-30,FY,227192000,108419000,118773000,0.522786893904715,25805000,29811000,0.0,0.0,56334000,164753000,0.0,718000.0,63157000,0.27798954188527764,62439000,0.27482921933870913,1049000.0,63488000,0.2794464593823726,21586000.0,41902000,0.1844343110672911,1.76,1.72,23824000,24327000,,,1620590037,15:53:57,20210509
20,2000-09-30,CCMP,USD,2000-09-30,2000-09-30,FY,181156000,81443000,99713000,0.5504261520457506,19256000,24993000,0.0,0.0,49140000,130583000,0.0,4891000.0,55464000,0.30616706043410097,50573000,0.27916823069619556,-3625000.0,46948000,0.2591578529002628,16446000.0,30502000,0.16837421890525292,1.44,1.39,21214000,21888000,,,1620590037,15:53:57,20210509
21,1999-09-30,CCMP,USD,1999-09-30,1999-09-30,FY,98700000,45700000,53000000,0.5369807497467072,14600000,16500000,0.0,0.0,33900000,79600000,0.0,2800000.0,21900000,0.22188449848024316,19100000,0.19351570415400202,0.0,19100000,0.19351570415400202,6800000.0,12300000,0.12462006079027356,0.58,0.58,21206897,21206897,,,1620590037,15:53:57,20210509
