,date,symbol,reportedCurrency,fillingDate,acceptedDate,period,revenue,costOfRevenue,grossProfit,grossProfitRatio,researchAndDevelopmentExpenses,generalAndAdministrativeExpenses,sellingAndMarketingExpenses,otherExpenses,operatingExpenses,costAndExpenses,interestExpense,depreciationAndAmortization,ebitda,ebitdaratio,operatingIncome,operatingIncomeRatio,totalOtherIncomeExpensesNet,incomeBeforeTax,incomeBeforeTaxRatio,incomeTaxExpense,netIncome,netIncomeRatio,eps,epsdiluted,weightedAverageShsOut,weightedAverageShsOutDil,link,finalLink,timestamp,est_time,est_date
0,2020-12-31,ANDR,USD,2021-03-31,2021-03-31 17:28:14,FY,1355.363,310.905,1044.458,0.7706112679776562,573.98,0.0,0.0,0.0,1632.96,1943.865,68.02,52.231,-770.985,-0.0005688402295178488,-823.216,-0.6073767691754902,0.0,-823.216,-0.6073767691754902,0.619,-823.835,-0.6078334733942125,-1.2096549741599574e-05,-1.2096549741599574e-05,68104957.0,68104957.0,https://www.sec.gov/Archives/edgar/data/6494/000120677421000940/0001206774-21-000940-index.htm,https://www.sec.gov/Archives/edgar/data/6494/000120677421000940/andrea3890141-10k.htm,1620587987,15:19:47,20210509
1,2019-12-31,ANDR,USD,2020-03-30 00:00:00,2020-03-30 12:48:37,FY,1895240.0,538200.0,1357040.0,0.7160254110297377,568799.0,0.0,0.0,0.0,1833668.0,2371868.0,0.0,125335.0,-351293.0,-0.1853554167282244,-476628.0,-0.25148688292775584,0.0,-546761.0,-0.28849169498322114,1805.0,-548566.0,-0.28944408096072266,-0.01,-0.01,68104957.0,68104957.0,https://www.sec.gov/Archives/edgar/data/6494/000120677420000985/0001206774-20-000985-index.html,https://www.sec.gov/Archives/edgar/data/6494/000120677420000985/andrea3577296-10k.htm,1620587987,15:19:47,20210509
2,2018-12-31,ANDR,USD,2019-03-29 00:00:00,2019-03-29 17:27:33,FY,1464534.0,433746.0,1030788.0,0.7038334378034241,601349.0,0.0,0.0,0.0,1920973.0,2354719.0,0.0,98050.0,-792135.0,-0.5408785320108649,-890185.0,-0.6078281555771324,0.0,-942545.0,-0.6435801422158858,2563.0,-945108.0,-0.6453301869400095,-0.01,-0.01,66289137.0,66289137.0,https://www.sec.gov/Archives/edgar/data/6494/000120677419001153/0001206774-19-001153-index.html,https://www.sec.gov/Archives/edgar/data/6494/000120677419001153/andrea3425039-10k.htm,1620587987,15:19:47,20210509
3,2017-12-31,ANDR,USD,2018-03-26 00:00:00,2018-03-26 17:30:34,FY,6944240.0,266905.0,6677335.0,0.9615645484603067,813051.0,0.0,0.0,0.0,7749263.0,8016168.0,0.0,75445.0,-996483.0,-0.14349777657454235,-1071928.0,-0.15436217642247388,0.0,-1140790.0,-0.1642785963618769,12941.0,-1153731.0,-0.16614215522504983,-0.02,-0.02,64914935.0,64914935.0,https://www.sec.gov/Archives/edgar/data/6494/000120677418000959/0001206774-18-000959-index.html,https://www.sec.gov/Archives/edgar/data/6494/000120677418000959/andrea32970910-10k.htm,1620587987,15:19:47,20210509
4,2016-12-31,ANDR,USD,2017-03-24 00:00:00,2017-03-24 09:01:44,FY,3582441.0,410924.0,3171517.0,0.8852949706638574,773299.0,2374718.0,0.0,0.0,4414759.0,4825683.0,0.0,72516.0,-1170726.0,-0.3267956122654916,-1243242.0,-0.34703767626598736,0.0,-1240534.0,-0.34628176709679237,13092.0,-1253626.0,-0.34993625854550015,-0.02,-0.02,64785439.0,64785439.0,https://www.sec.gov/Archives/edgar/data/6494/000120677417000958/0001206774-17-000958-index.html,https://www.sec.gov/Archives/edgar/data/6494/000120677417000958/andrea3230181-10k.htm,1620587987,15:19:47,20210509
5,2015-12-31,ANDR,USD,2016-03-29 00:00:00,2016-03-29 16:43:07,FY,13234882.0,117035.0,13117847.0,0.9911570802066841,767680.0,8216749.0,0.0,0.0,10430634.0,10547669.0,0.0,85660.0,2772873.0,0.20951248375316078,2687213.0,0.20304019333153103,0.0,2622207.0,0.19812847594712216,154513.0,3044170.0,0.2300111175906215,0.05,0.04,64000309.0,71929978.0,https://www.sec.gov/Archives/edgar/data/6494/000120677416005177/0001206774-16-005177-index.html,https://www.sec.gov/Archives/edgar/data/6494/000120677416005177/andreaelectronic_10k.htm,1620587987,15:19:47,20210509
6,2014-12-31,ANDR,USD,2015-03-30,2015-03-30 17:09:00,FY,2786576.0,1150280.0,1636296.0,0.5872066650972376,728240.0,1687802.0,0.0,0.0,4314479.0,5464759.0,0.0,115824.0,-2562359.0,-0.919536736123472,-2678183.0,-0.9611017248408082,0.0,-2678457.0,-0.9612000533988666,214136.0,-2892593.0,-1.0380456158382187,-0.05,-0.05,63721035.0,63721035.0,https://www.sec.gov/Archives/edgar/data/6494/000114544315000491/d285376.htm,https://www.sec.gov/Archives/edgar/data/6494/000114544315000491/d285376.htm,1620587987,15:19:47,20210509
7,2013-12-31,ANDR,USD,2014-03-25,2014-03-25 14:22:11,FY,3250800.0,1295708.0,1955092.0,0.6014187276977975,701161.0,0.0,0.0,0.0,2908402.0,4204110.0,0.0,562081.0,-391229.0,-0.12034852959271564,-953310.0,-0.29325396825396827,0.0,-947188.0,-0.29137073951027437,170473.0,-1117661.0,-0.34381106189245725,-0.02,-0.02,63721035.0,63721035.0,https://www.sec.gov/Archives/edgar/data/6494/000114544314000358/d31045-10k.htm,https://www.sec.gov/Archives/edgar/data/6494/000114544314000358/d31045-10k.htm,1620587987,15:19:47,20210509
8,2012-12-31,ANDR,USD,2013-03-29 00:00:00,2013-03-29 16:02:22,FY,3324916.0,1565541.0,1759375.0,0.529148706313182,749879.0,0.0,0.0,0.0,3105627.0,4671168.0,0.0,573489.0,-772763.0,-0.23241579636899098,-1346252.0,-0.404898048552204,0.0,-1337883.0,-0.4023809924822161,154637.0,-1492520.0,-0.44888953585594343,-0.02,-0.02,63721035.0,63721035.0,https://www.sec.gov/Archives/edgar/data/6494/000114544313000876/0001145443-13-000876-index.html,https://www.sec.gov/Archives/edgar/data/6494/000114544313000876/d30271.htm,1620587987,15:19:47,20210509
9,2011-12-31,ANDR,USD,2012-03-23 00:00:00,2012-03-23 15:13:29,FY,4164652.0,1564156.0,2600496.0,0.6244209600225902,762878.0,0.0,0.0,0.0,3105018.0,4669174.0,0.0,546183.0,41661.0,0.01000347688114157,-504522.0,-0.12114385547700024,0.0,-496618.0,-0.11924597781519321,19251.0,-515869.0,-0.1238684528743338,-0.01,-0.01,63721035.0,63721035.0,https://www.sec.gov/Archives/edgar/data/6494/000114544312000257/0001145443-12-000257-index.html,https://www.sec.gov/Archives/edgar/data/6494/000114544312000257/d29295.htm,1620587987,15:19:47,20210509
10,2010-12-31,ANDR,USD,2011-03-17,2011-03-17 16:50:49,FY,4915513.0,1810011.0,3105502.0,0.6317757678598348,731297.0,0.0,0.0,0.0,3218917.0,5028928.0,0.0,544217.0,430802.0,0.08764131027626211,-113415.0,-0.023072871539552432,0.0,-108033.0,-0.021977970559736083,-30514.0,-77519.0,-0.015770276673055285,-0.0012184257139427077,-0.0012184257139427077,63622262.0,63622262.0,https://www.sec.gov/Archives/edgar/data/6494/000114544311000339/d28006_10k.htm,https://www.sec.gov/Archives/edgar/data/6494/000114544311000339/d28006_10k.htm,1620587987,15:19:47,20210509
11,2009-12-31,ANDR,USD,2010-03-16 00:00:00,2010-03-16 16:18:00,FY,4695689.0,2123318.0,2572371.0,0.5478154537065807,607877.0,0.0,0.0,0.0,2894209.0,5017527.0,0.0,517725.0,195887.0,0.04171634876159814,-321838.0,-0.06853903655033372,0.0,-307908.0,-0.06557248574170904,-141210.0,-166698.0,-0.03550022158622515,-0.002683432347862773,-0.002683432347862773,62121186.0,62121186.0,https://www.sec.gov/Archives/edgar/data/6494/000115752310001600/0001157523-10-001600-index.html,https://www.sec.gov/Archives/edgar/data/6494/000115752310001600/a6214173.htm,1620587987,15:19:47,20210509
12,2008-12-31,ANDR,USD,2009-03-31 00:00:00,2009-03-31 15:00:58,FY,4711094.0,1997012.0,2714082.0,0.5761044037754288,728187.0,0.0,0.0,0.0,3044910.0,5041922.0,0.0,509872.0,179044.0,0.038004760677668496,-330828.0,-0.07022317958419,0.0,-321836.0,-0.06831449340641473,4902.0,-326738.0,-0.06935501605359605,-0.01,-0.01,60106249.0,60106249.0,https://www.sec.gov/Archives/edgar/data/6494/000115752309002440/0001157523-09-002440-index.html,https://www.sec.gov/Archives/edgar/data/6494/000115752309002440/a5927823.htm,1620587987,15:19:47,20210509
13,2007-12-31,ANDR,USD,2008-03-31,2008-03-31 16:00:39,FY,5046213.0,2595414.0,2450799.0,0.4856709377903786,676977.0,0.0,0.0,0.0,2820136.0,5415550.0,2235.0,487896.0,118559.0,0.02349464836303977,-369337.0,-0.07319092555149773,0.0,-360714.0,-0.07148211936357027,29410.0,-390124.0,-0.07731025226243918,-0.01,-0.01,59559623.0,59559623.0,https://www.sec.gov/Archives/edgar/data/6494/000115752308002627/a5644174.htm,https://www.sec.gov/Archives/edgar/data/6494/000115752308002627/a5644174.htm,1620587987,15:19:47,20210509
14,2006-12-31,ANDR,USD,2007-03-28,2007-03-28 17:16:07,FY,5735290.0,3115273.0,2620017.0,0.456823804899142,571288.0,0.0,0.0,0.0,2535265.0,5650538.0,0.0,488422.0,573174.0,0.09993810251966334,84752.0,0.014777282404202752,-2899.0,81853.0,0.01427181537463668,63187.0,18666.0,0.003254586952011145,0.0003192362083022929,0.00027319158506105987,58470811.0,68325677.0,https://www.sec.gov/Archives/edgar/data/6494/000119312507067434/d10ksb.htm,https://www.sec.gov/Archives/edgar/data/6494/000119312507067434/d10ksb.htm,1620587987,15:19:47,20210509
15,2005-12-31,ANDR,USD,2006-03-31,2006-03-31 13:40:12,FY,4229603.0,1907692.0,2321911.0,0.5489666524257714,638884.0,0.0,0.0,0.0,2898799.0,4806491.0,0.0,515060.0,-61828.0,-0.014617920405295722,-576888.0,-0.13639294278919323,-53662.0,0.0,0.0,0.0,-627508.0,-0.14836096910277394,-0.01,-0.01,57949328.0,57949328.0,https://www.sec.gov/Archives/edgar/data/6494/000119312506070212/d10ksb.htm,https://www.sec.gov/Archives/edgar/data/6494/000119312506070212/d10ksb.htm,1620587987,15:19:47,20210509
16,2004-12-31,ANDR,USD,2005-04-15,2005-04-15 17:13:06,FY,5407961.0,2602148.0,2805813.0,0.5188301099064878,1396039.0,0.0,0.0,0.0,4818689.0,7420837.0,0.0,585210.0,-1427666.0,-0.26399339788138265,-2012876.0,-0.3722060865453726,328582.0,-1679149.0,-0.3104957672586766,0.0,-1679149.0,-0.3104957672586766,-0.06,-0.06,47676196.0,47676196.0,https://www.sec.gov/Archives/edgar/data/6494/000119312505077806/d10ksb.htm,https://www.sec.gov/Archives/edgar/data/6494/000119312505077806/d10ksb.htm,1620587987,15:19:47,20210509
17,2003-12-31,ANDR,USD,2004-03-30,2004-03-30 15:18:57,FY,5119424.0,2734077.0,2385347.0,0.46594050424422745,2763966.0,0.0,0.0,0.0,9408370.0,12142447.0,0.0,1101900.0,-5921123.0,-1.156599453376005,-7023023.0,-1.371838511520046,-2558985.0,-6806491.0,-1.329542346951532,0.0,-4271667.0,-0.8344038313685289,-0.2,-0.2,23727767.0,23727767.0,https://www.sec.gov/Archives/edgar/data/6494/000119312504053760/d10ksb.htm,https://www.sec.gov/Archives/edgar/data/6494/000119312504053760/d10ksb.htm,1620587987,15:19:47,20210509
18,2002-12-31,ANDR,USD,2002-12-31,2002-12-31,FY,7242671.0,4446121.0,2796550.0,0.3861213632374023,3642550.0,0.0,0.0,0.0,9220129.0,13666250.0,10967.0,1238461.0,-5185118.0,-0.7159124030347368,-6423579.0,-0.8869074682530795,31257.0,-6399841.0,-0.8836299481227299,1806615.0,-20665328.0,-2.8532744342522256,-1.12,-1.12,18851317.0,18851317.0,,,1620587987,15:19:47,20210509
19,2001-12-31,ANDR,USD,2001-12-31,2001-12-31,FY,9921376.0,9974944.0,-53568.0,-0.005399251071625549,3462340.0,8724784.0,0.0,0.0,12184124.0,22159068.0,51746.0,3800147.0,-8437545.0,-0.8504410073763962,-12237692.0,-1.2334672126124442,-1530758.0,-13630109.0,-1.373812362317485,0.0,-13630109.0,-1.373812362317485,-1.43,-1.43,15190834.0,15190834.0,,,1620587987,15:19:47,20210509
20,2000-12-31,ANDR,USD,2001-03-30 00:00:00,2001-03-30 00:00:00,FY,15567664.0,7635257.0,7932407.0,0.5095438210896638,4694116.0,9373025.0,0.0,0.0,17711533.0,25346790.0,233880.0,3644392.0,-6134734.0,-0.3940690138224977,-9779126.0,-0.6281691331467586,22261.0,0.0,0.0,0.0,-9574352.0,-0.6150153292105996,-0.72,-0.72,13748945.0,13748945.0,https://www.sec.gov/Archives/edgar/data/6494/000090514801000830/0000905148-01-000830-index.html,https://www.sec.gov/Archives/edgar/data/6494/000090514801000830/0000905148-01-000830-0001.txt,1620587987,15:19:47,20210509
21,1999-12-31,ANDR,USD,1999-12-31,1999-12-31,FY,17100000.0,8500000.0,8600000.0,0.5029239766081871,3400000.0,9000000.0,0.0,0.0,15800000.0,24300000.0,0.0,3400000.0,-3800000.0,-0.2222222222222222,-7200000.0,-0.42105263157894735,0.0,0.0,0.0,0.0,-7200000.0,-0.42105263157894735,-0.56,-0.56,13229559.0,13229559.0,,,1620587987,15:19:47,20210509
22,1998-12-31,ANDR,USD,1998-12-31,1998-12-31,FY,21300000.0,11600000.0,9700000.0,0.45539906103286387,2000000.0,13000000.0,0.0,0.0,17600000.0,29200000.0,700000.0,2600000.0,-5300000.0,-0.24882629107981222,-7900000.0,-0.37089201877934275,2200000.0,0.0,0.0,0.0,-6400000.0,-0.3004694835680751,-0.61,-0.61,10614237.0,10614237.0,,,1620587987,15:19:47,20210509
23,1997-12-31,ANDR,USD,1997-12-31,1997-12-31,FY,26400000.0,15800000.0,10600000.0,0.4015151515151515,1100000.0,5800000.0,0.0,0.0,7200000.0,23000000.0,0.0,300000.0,3700000.0,0.14015151515151514,3400000.0,0.12878787878787878,300000.0,3600000.0,0.13636363636363635,200000.0,3400000.0,0.12878787878787878,0.42,0.39,8148153.0,8862263.0,,,1620587987,15:19:47,20210509
24,1996-12-31,ANDR,USD,1997-03-31 00:00:00,1997-03-31 00:00:00,FY,9200000.0,5600000.0,3600000.0,0.391304347826087,1000000.0,3900000.0,0.0,0.0,5300000.0,10900000.0,300000.0,400000.0,-1300000.0,-0.14130434782608695,-1700000.0,-0.18478260869565216,300000.0,-1500000.0,-0.16304347826086957,-1200000.0,-300000.0,-0.03260869565217391,-0.045,-0.045,7129534.0,7129534.0,https://www.sec.gov/Archives/edgar/data/6494/000090514897000476/0000905148-97-000476-index.html,https://www.sec.gov/Archives/edgar/data/6494/0000905148-97-000476.txt,1620587987,15:19:47,20210509
25,1995-12-31,ANDR,USD,1996-04-01,1996-04-01,FY,5400000.0,3100000.0,2300000.0,0.42592592592592593,1000000.0,2900000.0,0.0,0.0,4000000.0,7100000.0,0.0,100000.0,-1600000.0,-0.2962962962962963,-1700000.0,-0.3148148148148148,400000.0,0.0,0.0,0.0,-1300000.0,-0.24074074074074073,-0.205,-0.205,6341463.0,6341463.0,https://www.sec.gov/Archives/edgar/data/6494/0000905148-96-000241-index.html,https://www.sec.gov/Archives/edgar/data/6494/,1620587987,15:19:47,20210509
26,1994-12-31,ANDR,USD,1994-12-31,1994-12-31,FY,3300000.0,2300000.0,1000000.0,0.30303030303030304,0.0,3400000.0,0.0,0.0,3500000.0,5800000.0,0.0,100000.0,-2400000.0,-0.7272727272727273,-2500000.0,-0.7575757575757576,200000.0,0.0,0.0,0.0,-2300000.0,-0.696969696969697,-0.42,-0.42,5476190.0,5476190.0,,,1620587987,15:19:47,20210509
27,1993-12-31,ANDR,USD,1993-12-31,1993-12-31,FY,6500000.0,3800000.0,2700000.0,0.4153846153846154,0.0,2100000.0,0.0,0.0,2200000.0,6000000.0,0.0,100000.0,600000.0,0.09230769230769231,500000.0,0.07692307692307693,300000.0,800000.0,0.12307692307692308,100000.0,700000.0,0.1076923076923077,0.27,0.2,6250000.0,6250000.0,,,1620587987,15:19:47,20210509
28,1992-12-31,ANDR,USD,1992-12-31,1992-12-31,FY,3400000.0,3100000.0,300000.0,0.08823529411764706,0.0,1100000.0,0.0,0.0,1200000.0,4300000.0,0.0,100000.0,-800000.0,-0.23529411764705882,-900000.0,-0.2647058823529412,200000.0,0.0,0.0,0.0,-700000.0,-0.20588235294117646,-0.14,-0.14,5000000.0,5000000.0,,,1620587987,15:19:47,20210509
29,1991-12-31,ANDR,USD,1991-12-31,1991-12-31,FY,2400000.0,2500000.0,-100000.0,-0.041666666666666664,0.0,600000.0,0.0,0.0,700000.0,3200000.0,0.0,100000.0,-700000.0,-0.2916666666666667,-800000.0,-0.3333333333333333,100000.0,-800000.0,-0.3333333333333333,-300000.0,-500000.0,-0.20833333333333334,-0.1,-0.1,5000000.0,5000000.0,,,1620587987,15:19:47,20210509
30,1990-12-31,ANDR,USD,1990-12-31,1990-12-31,FY,3400000.0,3000000.0,400000.0,0.11764705882352941,0.0,500000.0,0.0,0.0,600000.0,3600000.0,0.0,100000.0,-100000.0,-0.029411764705882353,-200000.0,-0.058823529411764705,100000.0,0.0,0.0,0.0,-100000.0,-0.029411764705882353,-0.02,-0.02,5000000.0,5000000.0,,,1620587987,15:19:47,20210509
31,1989-12-31,ANDR,USD,1989-12-31,1989-12-31,FY,3700000.0,3000000.0,700000.0,0.1891891891891892,0.0,500000.0,0.0,0.0,600000.0,3600000.0,0.0,100000.0,200000.0,0.05405405405405406,100000.0,0.02702702702702703,200000.0,300000.0,0.08108108108108109,100000.0,200000.0,0.05405405405405406,0.03,0.03,5080000.0,5080000.0,,,1620587987,15:19:47,20210509
32,1988-12-31,ANDR,USD,1988-12-31,1988-12-31,FY,4100000.0,3200000.0,900000.0,0.21951219512195122,0.0,500000.0,0.0,0.0,500000.0,3700000.0,0.0,0.0,200000.0,0.04878048780487805,400000.0,0.0975609756097561,200000.0,500000.0,0.12195121951219512,200000.0,300000.0,0.07317073170731707,0.06,0.06,5000000.0,5000000.0,,,1620587987,15:19:47,20210509
33,1987-12-31,ANDR,USD,1987-12-31,1987-12-31,FY,3600000.0,2800000.0,800000.0,0.2222222222222222,0.0,500000.0,0.0,0.0,500000.0,3300000.0,0.0,50000.0,350000.0,0.09722222222222222,300000.0,0.08333333333333333,300000.0,500000.0,0.1388888888888889,200000.0,300000.0,0.08333333333333333,0.06,0.06,5000000.0,5000000.0,,,1620587987,15:19:47,20210509
34,1986-12-31,ANDR,USD,1986-12-31,1986-12-31,FY,3900000.0,3000000.0,900000.0,0.23076923076923078,0.0,500000.0,0.0,0.0,500000.0,3500000.0,0.0,0.0,300000.0,0.07692307692307693,400000.0,0.10256410256410256,100000.0,500000.0,0.1282051282051282,200000.0,300000.0,0.07692307692307693,0.06,0.06,5000000.0,5000000.0,,,1620587987,15:19:47,20210509
35,1985-12-31,ANDR,USD,1985-12-31,1985-12-31,FY,3200000.0,2500000.0,700000.0,0.21875,0.0,400000.0,0.0,0.0,500000.0,3000000.0,0.0,100000.0,300000.0,0.09375,200000.0,0.0625,100000.0,400000.0,0.125,200000.0,200000.0,0.0625,0.04,0.04,5000000.0,5000000.0,,,1620587987,15:19:47,20210509
36,1984-12-31,ANDR,USD,1984-12-31,1984-12-31,FY,4750000.0,3590000.0,1170000.0,0.2463157894736842,0.0,520000.0,0.0,0.0,509999.9999999998,4100000.0,0.0,0.0,900000.0,0.189474,650000.0,0.1368421052631579,250000.0,900000.0,0.18947368421052632,440000.0,460000.0,0.0968421052631579,0.09055,0.09055,5080000.0,5080000.0,,,1620587987,15:19:47,20210509
37,1983-12-31,ANDR,USD,1983-12-31,1983-12-31,FY,4420000.0,3280000.0,1140000.0,0.2579185520361991,0.0,480000.0,0.0,0.0,480000.0,3760000.0,0.0,0.0,910000.0,0.205882,660000.0,0.1493212669683258,240000.0,910000.0,0.20588235294117646,460000.0,450000.0,0.10180995475113122,0.08858,0.08858,5080000.0,5080000.0,,,1620587987,15:19:47,20210509
