,date,symbol,reportedCurrency,fillingDate,acceptedDate,period,revenue,costOfRevenue,grossProfit,grossProfitRatio,researchAndDevelopmentExpenses,generalAndAdministrativeExpenses,sellingAndMarketingExpenses,otherExpenses,operatingExpenses,costAndExpenses,interestExpense,depreciationAndAmortization,ebitda,ebitdaratio,operatingIncome,operatingIncomeRatio,totalOtherIncomeExpensesNet,incomeBeforeTax,incomeBeforeTaxRatio,incomeTaxExpense,netIncome,netIncomeRatio,eps,epsdiluted,weightedAverageShsOut,weightedAverageShsOutDil,link,finalLink,timestamp,est_time,est_date
0,2019-12-31,VCBD,USD,2020-03-13 00:00:00,2020-03-13 16:06:07,FY,303200.0,162510.0,140690.0,0.46401715039577834,0.0,6024099.0,0.0,0.0,6024099.0,6186600.0,1054185.0,0.0,-5791755.0,-19.102094,-5883400.0,-19.404353562005277,0.0,-6845940.0,-22.57895778364116,0.0,-6845940.0,-22.57895778364116,-0.22113,-0.22113,30958300,30958300,https://www.sec.gov/Archives/edgar/data/1636509/000168316820000798/0001683168-20-000798-index.html,https://www.sec.gov/Archives/edgar/data/1636509/000168316820000798/vitalibis_10k-123119.htm,1620599442,18:30:42,20210509
1,2018-12-31,VCBD,USD,2019-03-28 00:00:00,2019-03-28 15:49:19,FY,51330.0,23000.0,28330.0,0.5519189557763491,0.0,2256250.0,0.0,0.0,2256250.0,2279250.0,700.0,0.0,-2227920.0,-43.403857,-2227920.0,-43.403857393337226,0.0,-2228620.0,-43.417494642509254,0.0,-2228620.0,-43.417494642509254,-0.0778,-0.0778,28643860,28643860,https://www.sec.gov/Archives/edgar/data/1636509/000168316819000815/0001683168-19-000815-index.html,https://www.sec.gov/Archives/edgar/data/1636509/000168316819000815/vitabilis_10k-123118.htm,1620599442,18:30:42,20210509
2,2017-12-31,VCBD,USD,2018-04-10,2018-04-10,FY,0.0,0.0,0.0,0.0,0.0,0.0,0.0,0.0,102865.0,100000.0,0.0,0.0,-100000.0,0.0,-100000.0,0.0,0.0,-100000.0,0.0,0.0,-100000.0,0.0,-0.0041,-0.0041,24400000,24400000,https://www.sec.gov/Archives/edgar/data/1636509/000168316818000961/0001683168-18-000961-index.htm,https://www.sec.gov/Archives/edgar/data/1636509/000168316818000961/vitalibis_10k-123117.htm,1620599442,18:30:42,20210509
3,2016-12-31,VCBD,USD,2017-03-31 00:00:00,2017-03-31 11:25:52,FY,0.0,0.0,0.0,0.0,0.0,0.0,0.0,0.0,61000.0,61000.0,0.0,0.0,-61000.0,0.0,-61000.0,0.0,0.0,-61000.0,0.0,0.0,-61000.0,0.0,-0.00269,-0.00269,22635000,22635000,https://www.sec.gov/Archives/edgar/data/1636509/000164033417000613/0001640334-17-000613-index.html,https://www.sec.gov/Archives/edgar/data/1636509/000164033417000613/cwwd_10k.htm,1620599442,18:30:42,20210509
4,2015-12-31,VCBD,USD,2016-03-18 00:00:00,2016-03-18 11:00:42,FY,0.0,0.0,0.0,0.0,0.0,0.0,0.0,0.0,63000.0,63000.0,0.0,0.0,-63000.0,0.0,-63000.0,0.0,0.0,-63000.0,0.0,0.0,-63000.0,0.0,-0.00278,-0.00278,22635000,22635000,https://www.sec.gov/Archives/edgar/data/1636509/000147793216009091/0001477932-16-009091-index.html,https://www.sec.gov/Archives/edgar/data/1636509/000147793216009091/crowd_10k.htm,1620599442,18:30:42,20210509
5,2014-12-31,VCBD,USD,2014-12-31,2014-12-31,FY,0.0,0.0,0.0,0.0,0.0,0.0,0.0,0.0,0.0,0.0,0.0,0.0,0.0,0.0,0.0,0.0,0.0,0.0,0.0,0.0,0.0,0.0,0.0,0.0,22635000,22635000,,,1620599442,18:30:42,20210509
