,date,symbol,reportedCurrency,fillingDate,acceptedDate,period,revenue,costOfRevenue,grossProfit,grossProfitRatio,researchAndDevelopmentExpenses,generalAndAdministrativeExpenses,sellingAndMarketingExpenses,otherExpenses,operatingExpenses,costAndExpenses,interestExpense,depreciationAndAmortization,ebitda,ebitdaratio,operatingIncome,operatingIncomeRatio,totalOtherIncomeExpensesNet,incomeBeforeTax,incomeBeforeTaxRatio,incomeTaxExpense,netIncome,netIncomeRatio,eps,epsdiluted,weightedAverageShsOut,weightedAverageShsOutDil,link,finalLink,timestamp,est_time,est_date
0,2020-12-31,ASND,EUR,2020-12-31,2020-12-31,FY,6953000.0,0.0,0.0,0.0,260904000,76669000.0,0.0,0.0,337573000,337573000,1918000.0,9448000.0,-321172000.0,-46.19185962893715,-330620000.0,-47.55069754062994,-88448000.0,-419174000.0,-60.28678268373364,-219000.0,-418955000.0,-60.25528548827844,-8.28,-8.28,50616528,50616528,,,1620588809,15:33:29,20210509
1,2019-12-31,ASND,EUR,2020-04-03,2020-04-03,FY,13375000.0,0.0,0.0,0.0,191621000,48473000.0,0.0,0.0,240094000,240094000,1221000.0,6689000.0,-220030000.0,-16.450841121495326,-226719000.0,-16.950953271028038,-366000.0,-218250000.0,-16.317757009345794,-234000.0,-218016000.0,-16.30026168224299,-4.69,-4.69,46506862,46506862,https://www.sec.gov/Archives/edgar/data/1612042/000119312520096870/d841629d20f.htm,https://www.sec.gov/Archives/edgar/data/1612042/000119312520096870/d841629d20f.htm,1620588809,15:33:29,20210509
2,2018-12-31,ASND,EUR,2019-04-03,2019-04-03,FY,10581000.0,0.0,0.0,0.0,140281000,25057000.0,0.0,0.0,165338000,165338000,127000.0,880000.0,-153877000.0,-14.542765334089406,-154757000.0,-14.625933276627919,20373000.0,-130491000.0,-12.332577261128439,-394000.0,-130097000.0,-12.295340705037331,-3.17,-3.17,41085237,41085237,https://www.sec.gov/Archives/edgar/data/1612042/000119312519096759/d654369d20f.htm,https://www.sec.gov/Archives/edgar/data/1612042/000119312519096759/d654369d20f.htm,1620588809,15:33:29,20210509
3,2017-12-31,ASND,EUR,2018-03-28 00:00:00,2018-03-28 16:17:43,FY,1530000.0,0.0,0.0,0.0,99589000,13482000.0,0.0,0.0,113071000,113071000,97000.0,734000.0,-110807000.0,-72.42287581699347,-111541000.0,-72.90261437908497,-13659000.0,-124374000.0,-81.29019607843138,-477000.0,-123897000.0,-80.97843137254903,-3.68,-3.68,33626305,33626305,https://www.sec.gov/Archives/edgar/data/1612042/000119312518099514/0001193125-18-099514-index.html,https://www.sec.gov/Archives/edgar/data/1612042/000119312518099514/d445343d20f.htm,1620588809,15:33:29,20210509
4,2016-12-31,ASND,EUR,2017-03-22 00:00:00,2017-03-22 16:06:03,FY,4606000.0,0.0,0.0,0.0,66022000,11504000.0,0.0,0.0,77526000,77526000,5000.0,677000.0,-72243000.0,-15.68454190186713,-72920000.0,-15.831524099001303,4070000.0,-68732000.0,-14.922275293095963,-227000.0,-68505000.0,-14.872991749891446,-2.58,-2.58,26564414,26564414,https://www.sec.gov/Archives/edgar/data/1612042/000119312517092073/0001193125-17-092073-index.html,https://www.sec.gov/Archives/edgar/data/1612042/000119312517092073/d364020d20f.htm,1620588809,15:33:29,20210509
5,2015-12-31,ASND,EUR,2016-04-15,2016-04-15,FY,8118000.0,0.0,0.0,0.0,40528000,9415000.0,0.0,0.0,49943000,49943000,6000.0,558000.0,-41267000.0,-5.083394924858339,-41825000.0,-5.152131066765213,8244000.0,-33574000.0,-4.1357477211135745,-652000.0,-32922000.0,-4.0554323725055434,-1.39,-1.39,23766783,23766783,https://www.sec.gov/Archives/edgar/data/1612042/000119312516543253/d163051d20f.htm,https://www.sec.gov/Archives/edgar/data/1612042/000119312516543253/d163051d20f.htm,1620588809,15:33:29,20210509
6,2014-12-31,ASND,EUR,2014-12-31,2014-12-31,FY,13983000.0,0.0,13983000.0,1.0,19698000,6274000.0,0.0,0.0,25972000,25972000,16000.0,504000.0,-11485000.0,-0.8213545018951585,-11989000.0,-0.85739826932704,1665000.0,-10340000.0,-0.7394693556461417,-682000.0,-9658000.0,-0.6906958449545877,-0.570272,-0.570272,16935780,16935780,,,1620588809,15:33:29,20210509
7,2013-12-31,ASND,EUR,2013-12-31,2013-12-31,FY,20408000.0,0.0,20408000.0,1.0,12713000,2416000.0,0.0,0.0,15129000,15129000,8000.0,405000.0,5684000.0,0.27851822814582516,5279000.0,0.2586730693845551,-566000.0,4705000.0,0.230546844374755,626000.0,4079000.0,0.19987259898079185,0.38,0.32,10801948,12746875,,,1620588809,15:33:29,20210509
8,2012-12-31,ASND,EUR,2012-12-31,2012-12-31,FY,15583000.0,0.0,15583000.0,1.0,11380000,2690000.0,0.0,0.0,14070000,14070000,20000.0,425000.0,1938000.0,0.12436629660527498,1513000.0,0.09709298594622345,-208000.0,1285000.0,0.08246165693383815,35000.0,1250000.0,0.08021561958544568,0.11572,0.11572,10801948,10801948,,,1620588809,15:33:29,20210509
