,date,symbol,reportedCurrency,fillingDate,acceptedDate,period,revenue,costOfRevenue,grossProfit,grossProfitRatio,researchAndDevelopmentExpenses,generalAndAdministrativeExpenses,sellingAndMarketingExpenses,otherExpenses,operatingExpenses,costAndExpenses,interestExpense,depreciationAndAmortization,ebitda,ebitdaratio,operatingIncome,operatingIncomeRatio,totalOtherIncomeExpensesNet,incomeBeforeTax,incomeBeforeTaxRatio,incomeTaxExpense,netIncome,netIncomeRatio,eps,epsdiluted,weightedAverageShsOut,weightedAverageShsOutDil,link,finalLink,timestamp,est_time,est_date
0,2019-12-31,0154.HK,HKD,2019-12-31,2019-12-31,FY,1384113000,899488000,484625000.0,0.3501339847252356,0.0,139034000,2321000.0,27282000.0,0.0,1108067000,72001000.0,175123000.0,451169000.0,0.32596254785555806,276046000.0,0.19943891864320326,0.0,246805000.0,0.17831275336623528,26554000.0,222232000.0,0.1605591450987022,0.1481,0.073,1500360150,3449298203,https://www1.hkexnews.hk/search/titlesearch.xhtml,https://www1.hkexnews.hk/search/titlesearch.xhtml,1620584561,14:22:41,20210509
1,2018-12-31,0154.HK,HKD,2018-12-31,2018-12-31,FY,1270141000,894774000,375367000.0,0.2955317559231613,0.0,119566000,1793000.0,3106000.0,0.0,934804000,59520000.0,143600000.0,478937000.0,0.3770738839231235,335337000.0,0.2640155699249139,0.0,324916000.0,0.25581096901840034,43528000.0,265008000.0,0.20864455206154278,0.1766,0.0827,1500360150,3562448888,https://www1.hkexnews.hk/search/titlesearch.xhtml,https://www1.hkexnews.hk/search/titlesearch.xhtml,1620584561,14:22:41,20210509
2,2017-12-31,0154.HK,HKD,2017-12-31,2017-12-31,FY,1088865000,780892000,307973000.0,0.28283855207027503,0.0,95921000,1560000.0,92013000.0,0.0,836715000,60562000.0,132189000.0,384339000.0,0.35297213153145707,252150000.0,0.23157140692372333,0.0,297885000.0,0.2735738590183356,81692000.0,190308000.0,0.17477648744334698,0.1268,0.0537,1500360150,4150751887,https://www1.hkexnews.hk/search/titlesearch.xhtml,https://www1.hkexnews.hk/search/titlesearch.xhtml,1620584561,14:22:41,20210509
3,2016-12-31,0154.HK,HKD,2016-12-31,2016-12-31,FY,402467000,290820000,111647000.0,0.2774065948264081,0.0,80201000,1931000.0,4852000.0,0.0,344201000,14225000.0,53270000.0,111536000.0,0.2771307958167999,58266000.0,0.1447721179624665,0.0,87651000.0,0.21778431523578332,27203000.0,130101000.0,0.3232588013427188,0.0867,0.0544,1500341024,2532754751,https://www1.hkexnews.hk/search/titlesearch.xhtml,https://www1.hkexnews.hk/search/titlesearch.xhtml,1620584561,14:22:41,20210509
4,2015-12-31,0154.HK,HKD,2015-12-31,2015-12-31,FY,1246706000,1161936000,84770000.0,0.06799518090070955,0.0,31251000,0.0,711000.0,0.0,1200940000,11348000.0,37673000.0,83439000.0,0.06692756752594436,45766000.0,0.03670953697182816,0.0,84444000.0,0.06773369182469643,12705000.0,83283000.0,0.06680243778404853,0.0556,0.0427,1498022890,2215575845,https://www1.hkexnews.hk/search/titlesearch.xhtml,https://www1.hkexnews.hk/search/titlesearch.xhtml,1620584561,14:22:41,20210509
5,2014-12-31,0154.HK,HKD,2014-12-31,2014-12-31,FY,108516000,75091000,33425000.0,0.3080190939584946,0.0,31749000,0.0,149000.0,0.0,107120000,4233000.0,29668000.0,31064000.0,0.2862619337240591,1396000.0,0.012864462383427328,0.0,8934000.0,0.08232887316156143,1401000.0,7519000.0,0.06928932139039404,0.0058,0.0057,1290298232,1312925672,https://www1.hkexnews.hk/search/titlesearch.xhtml,https://www1.hkexnews.hk/search/titlesearch.xhtml,1620584561,14:22:41,20210509
6,2013-12-31,0154.HK,HKD,2013-12-31,2013-12-31,FY,193067000,156173000,36894000.0,0.19109428333169315,0.0,65444000,6571000.0,1346000.0,0.0,234170000,8117000.0,3322000.0,-37781000.0,-0.19568854335541547,-41103000.0,-0.21289500536083328,0.0,-29152000.0,-0.15099421444369054,-40000.0,-24484000.0,-0.12681607939212813,-0.0296,-0.0296,826447821,826447821,https://www1.hkexnews.hk/search/titlesearch.xhtml,https://www1.hkexnews.hk/search/titlesearch.xhtml,1620584561,14:22:41,20210509
7,2012-12-31,0154.HK,HKD,2012-12-31,2012-12-31,FY,208387000,187856000,20531000.0,0.09852342036691349,0.0,65171000,5920000.0,3191000.0,0.0,257632000,4507000.0,3596000.0,-45649000.0,-0.21905877046072933,-49245000.0,-0.23631512522374237,0.0,-26515000.0,-0.12723922317610983,135000.0,-18833000.0,-0.09037511936925048,-0.0278,-0.0278,677460150,677460150,https://www1.hkexnews.hk/search/titlesearch.xhtml,https://www1.hkexnews.hk/search/titlesearch.xhtml,1620584561,14:22:41,20210509
8,2011-12-31,0154.HK,HKD,2011-12-31,2011-12-31,FY,185184000,158986000,26198000.0,0.1414701054086746,0.0,89452000,9639000.0,0.0,0.0,123173000,0.0,5794000.0,67805000.0,0.36614934335579746,62011000.0,0.33486154311387595,0.0,57516000.0,0.3105883877656817,8578000.0,54846000.0,0.29617029548989116,0.081,0.081,677460150,677460150,https://www1.hkexnews.hk/search/titlesearch.xhtml,https://www1.hkexnews.hk/search/titlesearch.xhtml,1620584561,14:22:41,20210509
9,2010-12-31,0154.HK,HKD,2010-12-31,2010-12-31,FY,211639000,176752000,34887000.0,0.16484201872055718,0.0,58325000,9326000.0,0.0,0.0,224900000,0.0,5471000.0,-7790000.0,-0.036807960725575156,-13261000.0,-0.0626585837203918,0.0,-26176000.0,-0.12368230808121376,1587000.0,-23460000.0,-0.11084913461129565,-0.0346,-0.0346,677460150,677460150,https://www1.hkexnews.hk/search/titlesearch.xhtml,https://www1.hkexnews.hk/search/titlesearch.xhtml,1620584561,14:22:41,20210509
10,2009-12-31,0154.HK,HKD,2009-12-31,2009-12-31,FY,225376000,230010000,-4634000.0,-0.020561195513275593,0.0,63848000,7821000.0,-18703000.0,0.0,357530000,0.0,5756000.0,-126398000.0,-0.5608316768422548,-132154000.0,-0.586371219650717,0.0,-166542000.0,-0.7389517961096124,10312000.0,-158418000.0,-0.7029053670310947,-0.2338,-0.2338,677460150,677460150,https://www1.hkexnews.hk/search/titlesearch.xhtml,https://www1.hkexnews.hk/search/titlesearch.xhtml,1620584561,14:22:41,20210509
11,2008-12-31,0154.HK,HKD,2008-12-31,2008-12-31,FY,293223000,293972000,-749000.0,-0.0025543698823080043,0.0,104652000,8426000.0,0.0,0.0,396938000,0.0,5217000.0,-98498000.0,-0.3359149862050385,-103715000.0,-0.35370690566565377,0.0,-431267000.0,-1.4707816235424915,-10576000.0,-414598000.0,-1.4139341047598586,-0.6062,-0.6062,683962150,683962150,https://www1.hkexnews.hk/search/titlesearch.xhtml,https://www1.hkexnews.hk/search/titlesearch.xhtml,1620584561,14:22:41,20210509
12,2007-12-31,0154.HK,HKD,2007-12-31,2007-12-31,FY,358412000,327470000,30942000.0,0.0863308148164682,0.0,77205000,16023000.0,0.0,0.0,481508000,0.0,9885000.0,-113211000.0,-0.3158683303014408,-123096000.0,-0.34344832204278875,0.0,304460000.0,0.8494693258038235,2080000.0,318631000.0,0.8890076225126391,0.4845,0.4845,655273478,655273478,https://www1.hkexnews.hk/search/titlesearch.xhtml,https://www1.hkexnews.hk/search/titlesearch.xhtml,1620584561,14:22:41,20210509
13,2006-12-31,0154.HK,HKD,2006-12-31,2006-12-31,FY,584382000,341667000,242715000.0,0.4153362013203692,0.0,81547000,155406000.0,0.0,0.0,562105000,0.0,17155000.0,39432000.0,0.06747641097775085,22277000.0,0.038120612886776116,0.0,35128000.0,0.0601113655109158,6663000.0,28465000.0,0.04870957695480011,0.0242,0.0242,499173554,499173554,https://www1.hkexnews.hk/search/titlesearch.xhtml,https://www1.hkexnews.hk/search/titlesearch.xhtml,1620584561,14:22:41,20210509
14,2005-12-31,0154.HK,HKD,2005-12-31,2005-12-31,FY,531298000,297598000,233700000.0,0.4398661391535447,0.0,73830000,131609000.0,0.0,0.0,552177000,0.0,16729000.0,-4150000.0,-0.00781105895373218,-20879000.0,-0.03929809636023474,0.0,-25450000.0,-0.04790155430662265,3088000.0,-28538000.0,-0.05371373504135156,-0.0709,-0.0709,494245416,494245416,https://www1.hkexnews.hk/search/titlesearch.xhtml,https://www1.hkexnews.hk/search/titlesearch.xhtml,1620584561,14:22:41,20210509
15,2004-12-31,0154.HK,HKD,2004-12-31,2004-12-31,FY,531848000,293099000,238749000.0,0.44890457423925634,0.0,63806000,132082000.0,0.0,0.0,496229000,0.0,19602000.0,55221000.0,0.1038285374768731,35619000.0,0.06697214241663031,0.0,31719000.0,0.05963922022833591,2800000.0,28919000.0,0.05437455814443224,0.0301,0.0301,494551495,494551495,https://www1.hkexnews.hk/search/titlesearch.xhtml,https://www1.hkexnews.hk/search/titlesearch.xhtml,1620584561,14:22:41,20210509
