,date,symbol,reportedCurrency,fillingDate,acceptedDate,period,revenue,costOfRevenue,grossProfit,grossProfitRatio,researchAndDevelopmentExpenses,generalAndAdministrativeExpenses,sellingAndMarketingExpenses,otherExpenses,operatingExpenses,costAndExpenses,interestExpense,depreciationAndAmortization,ebitda,ebitdaratio,operatingIncome,operatingIncomeRatio,totalOtherIncomeExpensesNet,incomeBeforeTax,incomeBeforeTaxRatio,incomeTaxExpense,netIncome,netIncomeRatio,eps,epsdiluted,weightedAverageShsOut,weightedAverageShsOutDil,link,finalLink,timestamp,est_time,est_date
0,2017-12-31,FNBG,USD,2018-04-20,2018-04-20,FY,50207000,0.0,0.0,0.0,0.0,22241000,451000.0,0.0,0.0,0.0,3871000.0,3940000.0,0.0,0.0,0.0,0.39870934331866076,0.0,20018000.0,0.39870934331866076,9307000.0,10711000.0,0.2133367857071723,1.46,1.41,7361000.0,7607000.0,https://www.sec.gov/Archives/edgar/data/1163199/000101905618000551/0001019056-18-000551-index.htm,https://www.sec.gov/Archives/edgar/data/1163199/000101905618000551/fnb_10ka17.htm,1620592165,16:29:25,20210509
1,2016-12-31,FNBG,USD,2017-05-12,2017-05-12,FY,47039000,0.0,0.0,0.0,0.0,22565000,524000.0,0.0,0.0,0.0,3069000.0,3923000.0,20120000.0,0.427730181338889,16197000.0,0.34433129955993963,0.0,16197000.0,0.34433129955993963,5696000.0,10501000.0,0.22324028997215076,1.453333,1.413333,7233000.0,7417500.0,https://www.sec.gov/Archives/edgar/data/1163199/000101905617000449/0001019056-17-000449-index.htm,https://www.sec.gov/Archives/edgar/data/1163199/000101905617000449/fnb_10ka16.htm,1620592165,16:29:25,20210509
2,2015-12-31,FNBG,USD,2015-12-31,2015-12-31,FY,41181000,0.0,0.0,0.0,0.0,22342000,500000.0,0.0,0.0,0.0,2597000.0,3458000.0,15019000.0,0.3647070250843836,11561000.0,0.28073626186833733,0.0,11561000.0,0.28073626186833733,3364000.0,8197000.0,0.19904810470848205,1.155556,1.12381,7112700.0,7314300.0,,,1620592165,16:29:25,20210509
3,2014-12-31,FNBG,USD,2015-03-16,2015-03-16,FY,41355000,0.0,0.0,0.0,0.0,19738000,414000.0,0.0,0.0,0.0,2093000.0,3479000.0,17986000.0,0.43491718051021644,14507000.0,0.3507919235884415,0.0,14507000.0,0.3507919235884415,5098000.0,9409000.0,0.2275178333937855,1.318216,1.281935,6998670.0,7221926.0,https://www.sec.gov/Archives/edgar/data/1163199/000101905615000313/0001019056-15-000313-index.htm,https://www.sec.gov/Archives/edgar/data/1163199/000101905615000313/fnb_10k14.htm,1620592165,16:29:25,20210509
4,2013-12-31,FNBG,USD,2013-12-31,2013-12-31,FY,39177000,0.0,0.0,0.0,0.0,20222000,458000.0,0.0,0.0,0.0,2395000.0,3708000.0,12472000.0,0.3183500523266202,8764000.0,0.22370268269648008,0.0,8764000.0,0.22370268269648008,1325000.0,7439000.0,0.18988181841386528,1.042364,1.019328,6586307.0,6740850.0,,,1620592165,16:29:25,20210509
5,2012-12-31,FNBG,USD,2013-04-01,2013-04-01,FY,40020000,0.0,0.0,0.0,0.0,19130000,343000.0,0.0,0.0,0.0,2727000.0,3493000.0,13941000.0,0.34835082458770616,10448000.0,0.2610694652673663,0.0,10448000.0,0.2610694652673663,1645000.0,8803000.0,0.21996501749125438,1.272446,1.250508,6406933.0,6521798.0,https://www.sec.gov/Archives/edgar/data/1163199/000101905613000460/0001019056-13-000460-index.htm,https://www.sec.gov/Archives/edgar/data/1163199/000101905613000460/fnb_10k12.htm,1620592165,16:29:25,20210509
6,2011-12-31,FNBG,USD,2011-12-31,2011-12-31,FY,34649000,0.0,0.0,0.0,0.0,17731000,570000.0,0.0,0.0,0.0,3327000.0,2803000.0,8628000.0,0.24901151548385234,5825000.0,0.1681145198995642,0.0,5825000.0,0.1681145198995642,1568000.0,4257000.0,0.1228606886201622,0.517127,0.511904,6717708.0,6761739.0,,,1620592165,16:29:25,20210509
7,2010-12-31,FNBG,USD,2010-12-31,2010-12-31,FY,33751000,0.0,0.0,0.0,0.0,17653000,411000.0,0.0,0.0,0.0,5383000.0,2554000.0,7446000.0,0.22061568546117152,4892000.0,0.1449438535154514,0.0,4892000.0,0.1449438535154514,1227000.0,3665000.0,0.10858937512962578,0.417881,0.417881,6715889.0,6715889.0,,,1620592165,16:29:25,20210509
8,2009-12-31,FNBG,USD,2010-03-24,2010-03-24,FY,32193000,0.0,0.0,0.0,0.0,17358000,439000.0,0.0,0.0,0.0,9011000.0,2217000.0,2229000.0,0.06923865436585593,12000.0,0.0003727518404622123,0.0,12000.0,0.0003727518404622123,-581000.0,593000.0,0.01842015344950766,-0.004738,-0.004738,6716090.0,6760413.0,https://www.sec.gov/Archives/edgar/data/1163199/000101905610000349/0001019056-10-000349-index.htm,https://www.sec.gov/Archives/edgar/data/1163199/000101905610000349/fnb_10k09.htm,1620592165,16:29:25,20210509
9,2008-12-31,FNBG,USD,2008-12-31,2008-12-31,FY,33253000,0.0,0.0,0.0,0.0,14335000,686000.0,0.0,0.0,0.0,11507000.0,1928000.0,6502000.0,0.1955312302649385,4574000.0,0.137551499112862,0.0,4574000.0,0.137551499112862,611000.0,3963000.0,0.11917721709319459,0.582082,0.57757,6819195.0,6867951.0,,,1620592165,16:29:25,20210509
10,2007-12-31,FNBG,USD,2008-03-17,2008-03-17,FY,32933000,0.0,0.0,0.0,0.0,12778000,942000.0,0.0,0.0,0.0,13657000.0,1264000.0,10325000.0,0.31351531898096135,9061000.0,0.2751343637081347,0.0,9061000.0,0.2751343637081347,2382000.0,6679000.0,0.2028056964139313,0.958319,0.949724,6964688.0,7043805.0,https://www.sec.gov/Archives/edgar/data/1163199/000101905608000420/0001019056-08-000420-index.htm,https://www.sec.gov/Archives/edgar/data/1163199/000101905608000420/fnb_10k07a1.htm,1620592165,16:29:25,20210509
11,2006-12-31,FNBG,USD,2006-12-31,2006-12-31,FY,33634000,0.0,0.0,0.0,0.0,12300000,770000.0,0.0,0.0,0.0,9821000.0,1220000.0,12411000.0,0.3690016055182256,11191000.0,0.3327287863471487,0.0,11191000.0,0.3327287863471487,3609000.0,7582000.0,0.22542665160254505,1.092328,1.063691,6954088.0,7125192.0,,,1620592165,16:29:25,20210509
12,2005-12-31,FNBG,USD,2005-12-31,2005-12-31,FY,29040000,0.0,0.0,0.0,0.0,11344000,710000.0,0.0,0.0,0.0,5533000.0,1594000.0,9751000.0,0.33577823691460057,8157000.0,0.2808884297520661,0.0,8157000.0,0.2808884297520661,2429000.0,5728000.0,0.1972451790633609,0.825686,0.810107,6929850.0,7081337.0,,,1620592165,16:29:25,20210509
13,2004-12-31,FNBG,USD,2004-12-31,2004-12-31,FY,25300000,0.0,0.0,0.0,0.0,10521000,472000.0,0.0,0.0,0.0,2533000.0,1790000.0,8055000.0,0.3183794466403162,6265000.0,0.24762845849802373,0.0,6265000.0,0.24762845849802373,1577000.0,4688000.0,0.18529644268774703,0.663695,0.652572,7063492.0,7201042.0,,,1620592165,16:29:25,20210509
14,2003-12-31,FNBG,USD,2003-12-31,2003-12-31,FY,24230000,0.0,0.0,0.0,0.0,10576000,218000.0,0.0,0.0,0.0,2658000.0,1971000.0,7508000.0,0.3098638052001651,5537000.0,0.22851836566240197,0.0,5537000.0,0.22851836566240197,1396000.0,4141000.0,0.17090383821708627,0.575361,0.568301,7209992.0,7286485.0,,,1620592165,16:29:25,20210509
15,2002-12-31,FNBG,USD,2002-12-31,2002-12-31,FY,25179000,0.0,0.0,0.0,0.0,10604000,324000.0,0.0,0.0,0.0,4288000.0,1735000.0,8059000.0,0.32006831089399895,6324000.0,0.2511616823543429,0.0,6324000.0,0.2511616823543429,1510000.0,4814000.0,0.1911910719250169,0.665357,0.661997,7249155.0,7275937.0,,,1620592165,16:29:25,20210509
16,2001-12-31,FNBG,USD,2001-12-31,2001-12-31,FY,25916287,0.0,0.0,0.0,0.0,10531645,384060.0,0.0,0.0,0.0,7934658.0,1558565.0,9263497.0,0.3574392041576017,7704932.0,0.29730076688840495,0.0,7704932.0,0.29730076688840495,2468240.0,5236692.0,0.20206181541360457,0.758185,0.754986,6921003.0,6938239.0,,,1620592165,16:29:25,20210509
