,date,symbol,reportedCurrency,fillingDate,acceptedDate,period,revenue,costOfRevenue,grossProfit,grossProfitRatio,researchAndDevelopmentExpenses,generalAndAdministrativeExpenses,sellingAndMarketingExpenses,otherExpenses,operatingExpenses,costAndExpenses,interestExpense,depreciationAndAmortization,ebitda,ebitdaratio,operatingIncome,operatingIncomeRatio,totalOtherIncomeExpensesNet,incomeBeforeTax,incomeBeforeTaxRatio,incomeTaxExpense,netIncome,netIncomeRatio,eps,epsdiluted,weightedAverageShsOut,weightedAverageShsOutDil,link,finalLink,timestamp,est_time,est_date
0,2020-12-31,OPGN,USD,2021-03-29,2021-03-29 17:30:39,FY,4214441.0,3848491.0,365950.0,0.08683239366739266,9964720.0,8801661.0,3094092.0,0.0,21860473,25708964,3399384.0,2334739.0,-19159784,-4.546221907009731,-21494523,-5.100207358461063,-1290161.0,-26078441,-6.18787663654563,132403.0,-26210844,-6.219293139944301,-16.210162535506907,-16.210162535506907,1616939.0,1616939.0,https://www.sec.gov/Archives/edgar/data/1293818/000107997321000195/0001079973-21-000195-index.htm,https://www.sec.gov/Archives/edgar/data/1293818/000107997321000195/opgen_10k-123120.htm,1620596150,17:35:50,20210509
1,2019-12-31,OPGN,USD,2020-03-24,2020-03-23 17:48:14,FY,3498614.0,1631721.0,1866893.0,0.5336093092864774,5121168.0,6252442.0,1464721.0,0.0,12838331,14470052,187549.0,921379.0,-10050059,-2.872582971428114,-10971438,-3.1359384030361737,-1297330.0,-12446458,-3.5575396428414225,0.0,-12446458,-3.5575396428414225,-7.7,-7.7,1616939.0,1616939.0,https://www.sec.gov/Archives/edgar/data/1293818/000156459020012253/0001564590-20-012253-index.htm,https://www.sec.gov/Archives/edgar/data/1293818/000156459020012253/opgn-10k_20191231.htm,1620596150,17:35:50,20210509
2,2018-12-31,OPGN,USD,2019-02-27 00:00:00,2019-02-27 16:41:25,FY,2946307.0,1848435.0,1097872.0,0.3726264778246123,5677243.0,7069315.0,1531556.0,5384.0,14278114,16126549,191195.0,730884.0,-12449358,-4.225410997564069,-13180242,-4.473478832993303,-2045.0,-13368098,-4.537238651640851,0.0,-13368098,-4.537238651640851,-44.4,-44.4,300453.0,300453.0,https://www.sec.gov/Archives/edgar/data/1293818/000156459019004950/0001564590-19-004950-index.html,https://www.sec.gov/Archives/edgar/data/1293818/000156459019004950/opgn-10k_20181231.htm,1620596150,17:35:50,20210509
3,2017-12-31,OPGN,USD,2018-03-29 00:00:00,2018-03-29 17:18:14,FY,3211007.0,2133176.0,1077831.0,0.3356675958663435,6883293.0,6692659.0,2767670.0,0.0,16343622,18476798,320760.0,669088.0,-14596703,-4.5458334410357875,-15265791,-4.754206702134253,167243.0,-15419308,-4.80201631450819,0.0,-15419308,-4.80201631450819,-195.6,-195.6,78688.0,78688.0,https://www.sec.gov/Archives/edgar/data/1293818/000156459018007151/0001564590-18-007151-index.html,https://www.sec.gov/Archives/edgar/data/1293818/000156459018007151/opgn-10k_20171231.htm,1620596150,17:35:50,20210509
4,2016-12-31,OPGN,USD,2017-03-24 00:00:00,2017-03-24 16:01:56,FY,4025685.0,2289904.0,1735781.0,0.43117655752996076,8613236.0,6602608.0,5529274.0,0.0,20745118,23035022,149314.0,656047.0,-18353290,-4.559047714860949,-19009337,-4.722013023870471,-8102.0,-19166753,-4.761115934306832,0.0,-19166753,-4.761115934306832,-550.0,-550.0,35335.0,35335.0,https://www.sec.gov/Archives/edgar/data/1293818/000156459017005222/0001564590-17-005222-index.html,https://www.sec.gov/Archives/edgar/data/1293818/000156459017005222/opgn-10k_20161231.htm,1620596150,17:35:50,20210509
5,2015-12-31,OPGN,USD,2016-03-30 00:00:00,2016-03-30 16:47:09,FY,3157720.0,1547573.0,1610147.0,0.509908098248103,6002941.0,5834642.0,4305444.0,0.0,16143027,17690600,1801320.0,624653.0,-13908227,-4.404515599863193,-14532880,-4.602333329110878,-1173625.0,-17481168,-5.536009525860431,-129095.0,-17352073,-5.495127180370647,-1100.0,-1100.0,15961.0,15961.0,https://www.sec.gov/Archives/edgar/data/1293818/000114420416091560/0001144204-16-091560-index.html,https://www.sec.gov/Archives/edgar/data/1293818/000114420416091560/v434805_10k.htm,1620596150,17:35:50,20210509
