,date,symbol,reportedCurrency,fillingDate,acceptedDate,period,revenue,costOfRevenue,grossProfit,grossProfitRatio,researchAndDevelopmentExpenses,generalAndAdministrativeExpenses,sellingAndMarketingExpenses,otherExpenses,operatingExpenses,costAndExpenses,interestExpense,depreciationAndAmortization,ebitda,ebitdaratio,operatingIncome,operatingIncomeRatio,totalOtherIncomeExpensesNet,incomeBeforeTax,incomeBeforeTaxRatio,incomeTaxExpense,netIncome,netIncomeRatio,eps,epsdiluted,weightedAverageShsOut,weightedAverageShsOutDil,link,finalLink,timestamp,est_time,est_date
0,2018-12-31,YUMA,USD,2018-12-31,2018-12-31,FY,21471090.0,10561460.0,10909630.0,0.5081078790131288,0.0,7154440.0,0.0,0.0,23823759.999999996,0.0,0.0,8539550.0,-4374580.0,-0.20374280020250485,-12914130.0,-0.6014659712199054,88700.0,-15554790.0,-0.7244527408715626,0.0,-15554790.0,-0.7244527408715626,-10.13427,-10.13427,1534870.0,1534870.0,,,1620600109,18:41:49,20210509
1,2017-12-31,YUMA,USD,2017-12-31,2017-12-31,FY,25443600.0,11037310.0,14406290.0,0.5662048609473502,0.0,9651310.0,0.0,0.0,21164200.0,0.0,0.0,10955200.0,4197290.0,0.16496447043657345,-6757910.0,-0.2656035309468786,60250.0,-5392770.0,-0.2119499599113333,0.0,-5392770.0,-0.2119499599113333,-5.45976,-5.45976,987730.0,987730.0,,,1620600109,18:41:49,20210509
2,2016-12-31,YUMA,USD,2016-12-31,2016-12-31,FY,14772710.0,5563630.0,9209080.0,0.623384605803539,0.0,14459300.0,0.0,0.0,45003400.0,0.0,0.0,8239800.0,-27554520.0,-1.8652312270395885,-35794320.0,-2.4230029561265334,55780.0,-40173370.0,-2.719431302719677,0.0,-41599330.0,-2.8159579386585127,-75.01863,-75.01863,554520.0,554520.0,,,1620600109,18:41:49,20210509
3,2015-12-31,YUMA,USD,2016-03-30 00:00:00,2016-03-29 18:20:06,FY,18628000.0,7643040.0,10984960.0,0.5897015245866437,0.0,-525186220.0,532985000.0,41864922.0,65602010.0,41864922.0,456423.0,17139140.0,-37477910.0,-2.011912712046382,-54617050.0,-2.931986794073438,20950.0,-51855020.0,-2.7837137642258964,-3725757.0,-62315830.0,-3.3452775391883187,-126.15817,-126.15817,493950.0,493950.0,https://www.sec.gov/Archives/edgar/data/81318/000135448816006751/0001354488-16-006751-index.html,https://www.sec.gov/Archives/edgar/data/81318/000135448816006751/yuma_10k.htm,1620600109,18:41:49,20210509
4,2014-12-31,YUMA,USD,2015-03-30,2015-03-30 17:02:35,FY,42057910.0,13861900.0,28196010.0,0.6704092048320993,0.0,-1033632600.0,1045177000.0,50137467.0,34997350.00000001,50137467.0,326200.0,19664990.0,12863650.0,0.30585566424960253,-6801340.0,-0.1617136942848563,25380.0,-22779000.0,-0.5416103653272357,-2553854.0,-20842660.0,-0.49557051218189396,-125.86147,-125.86147,165600.0,165600.0,https://www.sec.gov/Archives/edgar/data/81318/000135448815001408/yuma_10k.htm,https://www.sec.gov/Archives/edgar/data/81318/000135448815001408/yuma_10k.htm,1620600109,18:41:49,20210509
5,2013-12-31,YUMA,USD,2014-03-31,2014-03-31 13:45:04,FY,4390000.0,1980000.0,2410000.0,0.5489749430523918,0.0,2590000.0,0.0,4198033.0,2490000.0,5409195.0,0.0,510000.0,430000.0,0.0979498861047836,-80000.0,-0.018223234624145785,0.0,-40000.0,-0.009111617312072893,-193645.0,160000.0,0.03644646924829157,8.0,8.0,20000.0,20000.0,https://www.sec.gov/Archives/edgar/data/81318/000114420414019229/v371750_10k.htm,https://www.sec.gov/Archives/edgar/data/81318/000114420414019229/v371750_10k.htm,1620600109,18:41:49,20210509
6,2012-12-31,YUMA,USD,2013-03-29 00:00:00,2013-03-29 12:24:28,FY,5000000.0,1940000.0,3050000.0,0.61,0.0,1240000.0,0.0,3649613.0,2079999.9999999995,4755592.0,3020.0,650000.0,1630000.0,0.326,980000.0,0.196,0.0,1020000.0,0.204,112703.0,780000.0,0.156,39.0,39.0,20000.0,20000.0,https://www.sec.gov/Archives/edgar/data/81318/000114420413018612/0001144204-13-018612-index.html,https://www.sec.gov/Archives/edgar/data/81318/000114420413018612/v336193_10k.htm,1620600109,18:41:49,20210509
7,2011-12-31,YUMA,USD,2012-03-30 00:00:00,2012-03-30 11:39:42,FY,5690000.0,1790000.0,3900000.0,0.6854130052724078,0.0,1810000.0,0.0,3907145.0,2740000.0,4782044.0,300.0,740000.0,1900000.0,0.3339191564147627,1160000.0,0.2038664323374341,0.0,1210000.0,0.2126537785588752,-162900.0,1100000.0,0.19332161687170474,55.0,55.0,20000.0,20000.0,https://www.sec.gov/Archives/edgar/data/81318/000114420412018441/0001144204-12-018441-index.html,https://www.sec.gov/Archives/edgar/data/81318/000114420412018441/v305740_10k.htm,1620600109,18:41:49,20210509
8,2010-12-31,YUMA,USD,2010-12-31,2010-12-31,FY,4840000.0,1580000.0,3260000.0,0.6735537190082644,0.0,2350000.0,0.0,0.0,3200000.0,0.0,0.0,700000.0,750000.0,0.15495867768595042,50000.0,0.010330578512396695,-10000.0,80000.0,0.01652892561983471,0.0,250000.0,0.05165289256198347,12.5,12.5,20000.0,20000.0,,,1620600109,18:41:49,20210509
9,2009-12-31,YUMA,USD,2010-03-30 00:00:00,2010-03-30 15:18:33,FY,3310000.0,1410000.0,1900000.0,0.5740181268882175,0.0,1640000.0,0.0,0.0,2440000.0000000005,0.0,0.0,640000.0,100000.0,0.030211480362537766,-540000.0,-0.16314199395770393,10000.0,-450000.0,-0.13595166163141995,0.0,-190000.0,-0.05740181268882175,-9.5,-9.5,20000.0,20000.0,https://www.sec.gov/Archives/edgar/data/81318/000008131810000001/0000081318-10-000001-index.html,https://www.sec.gov/Archives/edgar/data/81318/000008131810000001/poc10k.txt,1620600109,18:41:49,20210509
10,2008-12-31,YUMA,USD,2008-12-31,2008-12-31,FY,6610000.0,1940000.0,4670000.0,0.7065052950075643,-30000.0,2460000.0,0.0,0.0,3579999.9999999995,0.0,0.0,2110000.0,3210000.0,0.4856278366111952,1100000.0,0.1664145234493192,30000.0,1210000.0,0.18305597579425115,0.0,1520000.0,0.22995461422087746,76.0,76.0,20000.0,20000.0,,,1620600109,18:41:49,20210509
11,2007-12-31,YUMA,USD,2007-12-31,2007-12-31,FY,4950000.0,1610000.0,3330000.0,0.6727272727272727,10000.0,1040000.0,0.0,0.0,1570000.0,0.0,0.0,460000.0,2230000.0,0.4505050505050505,1770000.0,0.3575757575757576,20000.0,1870000.0,0.37777777777777777,0.0,1500000.0,0.30303030303030304,75.0,75.0,20000.0,20000.0,,,1620600109,18:41:49,20210509
12,2006-12-31,YUMA,USD,2006-12-31,2006-12-31,FY,3960000.0,1540000.0,2420000.0,0.6111111111111112,350000.0,720000.0,0.0,0.0,1489999.9999999998,0.0,0.0,320000.0,1240000.0,0.31313131313131315,920000.0,0.23232323232323232,40000.0,1030000.0,0.2601010101010101,0.0,950000.0,0.2398989898989899,47.5,47.5,20000.0,20000.0,,,1620600109,18:41:49,20210509
13,2005-12-31,YUMA,USD,2005-12-31,2005-12-31,FY,3760000.0,1400000.0,2370000.0,0.6303191489361702,0.0,560000.0,0.0,0.0,1270000.0,0.0,0.0,250000.0,1340000.0,0.35638297872340424,1090000.0,0.2898936170212766,20000.0,1150000.0,0.3058510638297872,0.0,1090000.0,0.2898936170212766,54.5,54.5,20000.0,20000.0,,,1620600109,18:41:49,20210509
14,2004-12-31,YUMA,USD,2004-12-31,2004-12-31,FY,2930000.0,1340000.0,1590000.0,0.5426621160409556,200000.0,440000.0,0.0,0.0,1059999.9999999998,0.0,0.0,220000.0,750000.0,0.25597269624573377,530000.0,0.18088737201365188,70000.0,610000.0,0.20819112627986347,0.0,610000.0,0.20819112627986347,30.5,30.5,20000.0,20000.0,,,1620600109,18:41:49,20210509
15,2003-12-31,YUMA,USD,2003-12-31,2003-12-31,FY,2070000.0,1190000.0,880000.0,0.4251207729468599,0.0,400000.0,0.0,0.0,640000.0000000001,0.0,0.0,170000.0,410000.0,0.19806763285024154,240000.0,0.11594202898550725,10000.0,270000.0,0.13043478260869565,0.0,-540000.0,-0.2608695652173913,-27.0,-27.0,20000.0,20000.0,,,1620600109,18:41:49,20210509
16,2002-12-31,YUMA,USD,2002-12-31,2002-12-31,FY,1620000.0,1050000.0,570000.0,0.35185185185185186,10000.0,460000.0,0.0,0.0,649999.9999999999,0.0,0.0,170000.0,80000.0,0.04938271604938271,-90000.0,-0.05555555555555555,30000.0,-30000.0,-0.018518518518518517,0.0,-30000.0,-0.018518518518518517,-1.5,-1.5,20000.0,20000.0,,,1620600109,18:41:49,20210509
17,2001-12-31,YUMA,USD,2001-12-31,2001-12-31,FY,1680000.0,1050000.0,630000.0,0.375,40000.0,420000.0,0.0,0.0,270000.0,0.0,0.0,190000.0,550000.0,0.3273809523809524,360000.0,0.21428571428571427,50000.0,530000.0,0.31547619047619047,0.0,530000.0,0.31547619047619047,26.5,26.5,20000.0,20000.0,,,1620600109,18:41:49,20210509
18,2000-12-31,YUMA,USD,2000-12-31,2000-12-31,FY,2020000.0,1000000.0,1030000.0,0.5099009900990099,40000.0,410000.0,0.0,0.0,649999.9999999999,0.0,0.0,180000.0,560000.0,0.27722772277227725,380000.0,0.18811881188118812,30000.0,490000.0,0.24257425742574257,0.0,530000.0,0.2623762376237624,26.5,26.5,20000.0,20000.0,,,1620600109,18:41:49,20210509
19,1999-12-31,YUMA,USD,1999-12-31,1999-12-31,FY,1310000.0,760000.0,550000.0,0.4198473282442748,30000.0,350000.0,0.0,0.0,629999.9999999999,0.0,0.0,240000.0,160000.0,0.12213740458015267,-80000.0,-0.061068702290076333,30000.0,-50000.0,-0.03816793893129771,0.0,-50000.0,-0.03816793893129771,-2.5,-2.5,20000.0,20000.0,,,1620600109,18:41:49,20210509
20,1998-12-31,YUMA,USD,1998-12-31,1998-12-31,FY,950000.0,780000.0,170000.0,0.17894736842105263,0.0,390000.0,0.0,0.0,1020000.0,0.0,0.0,610000.0,-240000.0,-0.25263157894736843,-850000.0,-0.8947368421052632,20000.0,-800000.0,-0.8421052631578947,0.0,-800000.0,-0.8421052631578947,-40.0,-40.0,20000.0,20000.0,,,1620600109,18:41:49,20210509
21,1997-12-31,YUMA,USD,1997-12-31,1997-12-31,FY,1540000.0,960000.0,580000.0,0.37662337662337664,0.0,460000.0,0.0,0.0,850000.0000000001,0.0,0.0,380000.0,110000.0,0.07142857142857142,-270000.0,-0.17532467532467533,130000.0,-130000.0,-0.08441558441558442,0.0,-130000.0,-0.08441558441558442,-6.5,-6.5,20000.0,20000.0,,,1620600109,18:41:49,20210509
22,1996-12-31,YUMA,USD,1996-12-31,1996-12-31,FY,1950000.0,1050000.0,910000.0,0.4666666666666667,0.0,460000.0,0.0,0.0,800000.0,0.0,0.0,340000.0,440000.0,0.22564102564102564,100000.0,0.05128205128205128,20000.0,130000.0,0.06666666666666667,0.0,130000.0,0.06666666666666667,6.5,6.5,20000.0,20000.0,,,1620600109,18:41:49,20210509
23,1995-12-31,YUMA,USD,1995-12-31,1995-12-31,FY,1630000.0,940000.0,690000.0,0.4233128834355828,0.0,380000.0,0.0,0.0,820000.0000000001,0.0,0.0,420000.0,290000.0,0.17791411042944785,-130000.0,-0.07975460122699386,180000.0,30000.0,0.018404907975460124,0.0,30000.0,0.018404907975460124,1.5,1.5,20000.0,20000.0,,,1620600109,18:41:49,20210509
24,1994-12-31,YUMA,USD,1994-12-31,1994-12-31,FY,1770000.0,860000.0,910000.0,0.5141242937853108,0.0,490000.0,0.0,0.0,809999.9999999999,0.0,0.0,310000.0,400000.0,0.22598870056497175,90000.0,0.05084745762711865,30000.0,100000.0,0.05649717514124294,0.0,100000.0,0.05649717514124294,5.0,5.0,20000.0,20000.0,,,1620600109,18:41:49,20210509
25,1993-12-31,YUMA,USD,1993-12-31,1993-12-31,FY,2110000.0,1500000.0,620000.0,0.2938388625592417,0.0,480000.0,0.0,0.0,1150000.0,0.0,0.0,650000.0,120000.0,0.05687203791469194,-530000.0,-0.25118483412322273,20000.0,-540000.0,-0.2559241706161137,0.0,-540000.0,-0.2559241706161137,-27.0,-27.0,20000.0,20000.0,,,1620600109,18:41:49,20210509
26,1992-12-31,YUMA,USD,1992-12-31,1992-12-31,FY,3280000.0,2370000.0,910000.0,0.2774390243902439,0.0,600000.0,0.0,0.0,1239999.9999999998,0.0,0.0,620000.0,290000.0,0.08841463414634146,-330000.0,-0.10060975609756098,30000.0,-340000.0,-0.10365853658536585,0.0,-340000.0,-0.10365853658536585,-17.0,-17.0,20000.0,20000.0,,,1620600109,18:41:49,20210509
27,1991-12-31,YUMA,USD,1991-12-31,1991-12-31,FY,3720000.0,3100000.0,630000.0,0.1693548387096774,0.0,670000.0,0.0,0.0,1860000.0,0.0,0.0,1170000.0,-70000.0,-0.01881720430107527,-1240000.0,-0.3333333333333333,120000.0,-1150000.0,-0.30913978494623656,0.0,-1160000.0,-0.3118279569892473,-58.0,-58.0,20000.0,20000.0,,,1620600109,18:41:49,20210509
28,1990-12-31,YUMA,USD,1990-12-31,1990-12-31,FY,3740000.0,2520000.0,1220000.0,0.32620320855614976,0.0,630000.0,0.0,0.0,1350000.0,0.0,0.0,690000.0,570000.0,0.15240641711229946,-120000.0,-0.03208556149732621,50000.0,-120000.0,-0.03208556149732621,0.0,-120000.0,-0.03208556149732621,-6.0,-6.0,20000.0,20000.0,,,1620600109,18:41:49,20210509
29,1989-12-31,YUMA,USD,1989-12-31,1989-12-31,FY,3360000.0,2490000.0,870000.0,0.25892857142857145,0.0,720000.0,0.0,0.0,1460000.0,0.0,0.0,720000.0,190000.0,0.05654761904761905,-530000.0,-0.15773809523809523,0.0,-590000.0,-0.17559523809523808,0.0,-590000.0,-0.17559523809523808,-29.5,-29.5,20000.0,20000.0,,,1620600109,18:41:49,20210509
30,1988-12-31,YUMA,USD,1988-12-31,1988-12-31,FY,3490000.0,2800000.0,690000.0,0.1977077363896848,0.0,740000.0,0.0,0.0,1590000.0,0.0,0.0,820000.0,-20000.0,-0.0057306590257879654,-840000.0,-0.24068767908309455,0.0,-890000.0,-0.25501432664756446,0.0,-890000.0,-0.25501432664756446,-44.5,-44.5,20000.0,20000.0,,,1620600109,18:41:49,20210509
31,1987-12-31,YUMA,USD,1987-12-31,1987-12-31,FY,3710000.0,3040000.0,670000.0,0.18059299191374664,0.0,960000.0,0.0,0.0,2170000.0,0.0,0.0,1170000.0,190000.0,0.05121293800539083,-980000.0,-0.2641509433962264,0.0,-1030000.0,-0.2776280323450135,0.0,-1030000.0,-0.2776280323450135,-51.5,-51.5,20000.0,20000.0,,,1620600109,18:41:49,20210509
