,date,symbol,reportedCurrency,fillingDate,acceptedDate,period,revenue,costOfRevenue,grossProfit,grossProfitRatio,researchAndDevelopmentExpenses,generalAndAdministrativeExpenses,sellingAndMarketingExpenses,otherExpenses,operatingExpenses,costAndExpenses,interestExpense,depreciationAndAmortization,ebitda,ebitdaratio,operatingIncome,operatingIncomeRatio,totalOtherIncomeExpensesNet,incomeBeforeTax,incomeBeforeTaxRatio,incomeTaxExpense,netIncome,netIncomeRatio,eps,epsdiluted,weightedAverageShsOut,weightedAverageShsOutDil,link,finalLink,timestamp,est_time,est_date
0,2020-02-29,MIG1.L,GBP,2020-02-29,2020-02-29,FY,909000.0,0.0,0.0,0.0,0.0,361000.0,0.0,0.0,361000.0,0.0,0.0,0.0,0.0,0.0,0.0,0.6028602860286029,0.0,548000.0,0.6028602860286029,0.0,548000.0,0.6028602860286029,0.0059,0.0059,92232124,92232124,https://find-and-update.company-information.service.gov.uk/search/companies?q=Maven+Income+and+Growth+VCT+PLC,https://find-and-update.company-information.service.gov.uk/search/companies?q=Maven+Income+and+Growth+VCT+PLC,1620595008,17:16:48,20210509
1,2019-02-28,MIG1.L,GBP,2019-02-28,2019-02-28,FY,1458000.0,0.0,0.0,0.0,0.0,247000.0,0.0,0.0,359000.0,0.0,0.0,0.0,0.0,0.0,0.0,0.7537722908093278,0.0,1099000.0,0.7537722908093278,0.0,1099000.0,0.7537722908093278,0.0206,0.0206,53147172,53147172,https://find-and-update.company-information.service.gov.uk/search/companies?q=Maven+Income+and+Growth+VCT+PLC,https://find-and-update.company-information.service.gov.uk/search/companies?q=Maven+Income+and+Growth+VCT+PLC,1620595008,17:16:48,20210509
2,2018-02-28,MIG1.L,GBP,2018-02-28,2018-02-28,FY,1135000.0,0.0,0.0,0.0,0.0,232000.0,0.0,0.0,232000.0,845000.0,0.0,0.0,0.0,0.0,-845000.0,-0.7444933920704846,0.0,903000.0,0.7955947136563877,62000.0,841000.0,0.7409691629955947,0.0156,0.0156,53864742,53864742,https://find-and-update.company-information.service.gov.uk/search/companies?q=Maven+Income+and+Growth+VCT+PLC,https://find-and-update.company-information.service.gov.uk/search/companies?q=Maven+Income+and+Growth+VCT+PLC,1620595008,17:16:48,20210509
3,2017-02-28,MIG1.L,GBP,2017-02-28,2017-02-28,FY,2367000.0,0.0,0.0,0.0,0.0,235000.0,0.0,0.0,287000.0,0.0,0.0,0.0,0.0,0.0,0.0,0.8787494719053655,0.0,2080000.0,0.8787494719053655,38000.0,2042000.0,0.8626953950147866,0.0377,0.0377,54141007,54141007,https://find-and-update.company-information.service.gov.uk/search/companies?q=Maven+Income+and+Growth+VCT+PLC,https://find-and-update.company-information.service.gov.uk/search/companies?q=Maven+Income+and+Growth+VCT+PLC,1620595008,17:16:48,20210509
4,2016-02-29,MIG1.L,GBP,2016-02-29,2016-02-29,FY,4126000.0,0.0,0.0,0.0,0.0,308000.0,0.0,0.0,261000.0,0.0,0.0,0.0,0.0,0.0,0.0,0.9367426078526417,0.0,3865000.0,0.9367426078526417,171000.0,3694000.0,0.8952981095492002,0.068,0.068,54383852,54383852,https://find-and-update.company-information.service.gov.uk/search/companies?q=Maven+Income+and+Growth+VCT+PLC,https://find-and-update.company-information.service.gov.uk/search/companies?q=Maven+Income+and+Growth+VCT+PLC,1620595008,17:16:48,20210509
5,2015-02-28,MIG1.L,GBP,2015-02-28,2015-02-28,FY,3065000.0,0.0,0.0,0.0,0.0,252000.0,0.0,0.0,355000.0,0.0,0.0,0.0,0.0,0.0,0.0,0.8841761827079935,0.0,2710000.0,0.8841761827079935,106000.0,2604000.0,0.8495921696574225,0.054,0.054,48061685,48061685,https://find-and-update.company-information.service.gov.uk/search/companies?q=Maven+Income+and+Growth+VCT+PLC,https://find-and-update.company-information.service.gov.uk/search/companies?q=Maven+Income+and+Growth+VCT+PLC,1620595008,17:16:48,20210509
6,2014-02-28,MIG1.L,GBP,2014-02-28,2014-02-28,FY,1994000.0,0.0,0.0,0.0,0.0,273000.0,0.0,0.0,351000.0,0.0,0.0,0.0,0.0,0.0,0.0,0.8239719157472417,0.0,1643000.0,0.8239719157472417,142000.0,1501000.0,0.7527582748244734,0.036,0.036,42663834,42663834,https://find-and-update.company-information.service.gov.uk/search/companies?q=Maven+Income+and+Growth+VCT+PLC,https://find-and-update.company-information.service.gov.uk/search/companies?q=Maven+Income+and+Growth+VCT+PLC,1620595008,17:16:48,20210509
7,2013-02-28,MIG1.L,GBP,2013-02-28,2013-02-28,FY,3701000.0,0.0,0.0,0.0,0.0,247000.0,0.0,0.0,247000.0,0.0,0.0,0.0,0.0,0.0,0.0,0.9332612807349365,0.0,3454000.0,0.9332612807349365,6000.0,3448000.0,0.9316400972710078,0.084,0.084,41012835,41012835,https://find-and-update.company-information.service.gov.uk/search/companies?q=Maven+Income+and+Growth+VCT+PLC,https://find-and-update.company-information.service.gov.uk/search/companies?q=Maven+Income+and+Growth+VCT+PLC,1620595008,17:16:48,20210509
8,2012-02-29,MIG1.L,GBP,2012-02-29,2012-02-29,FY,0.0,0.0,0.0,0.0,0.0,0.0,0.0,0.0,-1102000.0,-1102000.0,0.0,7000.0,1109000.0,0.0,1102000.0,0.0,0.0,1102000.0,0.0,234000.0,868000.0,0.0,0.022,0.022,39408099,39408099,https://find-and-update.company-information.service.gov.uk/search/companies?q=Maven+Income+and+Growth+VCT+PLC,https://find-and-update.company-information.service.gov.uk/search/companies?q=Maven+Income+and+Growth+VCT+PLC,1620595008,17:16:48,20210509
9,2011-02-28,MIG1.L,GBP,2011-02-28,2011-02-28,FY,0.0,0.0,0.0,0.0,0.0,0.0,0.0,0.0,-427000.0,-427000.0,0.0,5000.0,432000.0,0.0,427000.0,0.0,0.0,427000.0,0.0,76000.0,351000.0,0.0,0.009,0.009,37682987,37682987,https://find-and-update.company-information.service.gov.uk/search/companies?q=Maven+Income+and+Growth+VCT+PLC,https://find-and-update.company-information.service.gov.uk/search/companies?q=Maven+Income+and+Growth+VCT+PLC,1620595008,17:16:48,20210509
10,2010-02-28,MIG1.L,GBP,2010-02-28,2010-02-28,FY,0.0,0.0,0.0,0.0,0.0,0.0,0.0,0.0,-749000.0,-749000.0,0.0,31000.0,780000.0,0.0,749000.0,0.0,0.0,749000.0,0.0,186000.0,563000.0,0.0,0.016,0.016,35008842,35008842,https://find-and-update.company-information.service.gov.uk/search/companies?q=Maven+Income+and+Growth+VCT+PLC,https://find-and-update.company-information.service.gov.uk/search/companies?q=Maven+Income+and+Growth+VCT+PLC,1620595008,17:16:48,20210509
11,2009-02-28,MIG1.L,GBP,2009-02-28,2009-02-28,FY,0.0,0.0,0.0,0.0,0.0,0.0,0.0,0.0,-1243000.0,-1243000.0,0.0,14000.0,1257000.0,0.0,1243000.0,0.0,0.0,1243000.0,0.0,176000.0,1067000.0,0.0,0.03,0.03,35461258,35461258,https://find-and-update.company-information.service.gov.uk/search/companies?q=Maven+Income+and+Growth+VCT+PLC,https://find-and-update.company-information.service.gov.uk/search/companies?q=Maven+Income+and+Growth+VCT+PLC,1620595008,17:16:48,20210509
12,2008-02-29,MIG1.L,GBP,2008-02-29,2008-02-29,FY,0.0,0.0,0.0,0.0,0.0,0.0,0.0,0.0,-1389000.0,-1389000.0,0.0,0.0,0.0,0.0,1389000.0,0.0,0.0,1389000.0,0.0,395000.0,994000.0,0.0,0.028,0.028,35463992,35463992,https://find-and-update.company-information.service.gov.uk/search/companies?q=Maven+Income+and+Growth+VCT+PLC,https://find-and-update.company-information.service.gov.uk/search/companies?q=Maven+Income+and+Growth+VCT+PLC,1620595008,17:16:48,20210509
13,2007-02-28,MIG1.L,GBP,2007-02-28,2007-02-28,FY,0.0,0.0,0.0,0.0,0.0,0.0,0.0,0.0,-353000.0,-353000.0,0.0,0.0,0.0,0.0,353000.0,0.0,0.0,353000.0,0.0,51000.0,302000.0,0.0,0.008,0.008,35650705,35650705,https://find-and-update.company-information.service.gov.uk/search/companies?q=Maven+Income+and+Growth+VCT+PLC,https://find-and-update.company-information.service.gov.uk/search/companies?q=Maven+Income+and+Growth+VCT+PLC,1620595008,17:16:48,20210509
14,2006-02-28,MIG1.L,GBP,2006-02-28,2006-02-28,FY,0.0,0.0,0.0,0.0,0.0,0.0,0.0,0.0,-701000.0,-701000.0,0.0,0.0,0.0,0.0,701000.0,0.0,0.0,701000.0,0.0,196000.0,505000.0,0.0,0.014,0.014,36071429,36071429,https://find-and-update.company-information.service.gov.uk/search/companies?q=Maven+Income+and+Growth+VCT+PLC,https://find-and-update.company-information.service.gov.uk/search/companies?q=Maven+Income+and+Growth+VCT+PLC,1620595008,17:16:48,20210509
15,2005-02-28,MIG1.L,GBP,2005-02-28,2005-02-28,FY,1093000.0,284000.0,809000.0,0.7401646843549863,0.0,0.0,0.0,0.0,-589000.0,-589000.0,0.0,0.0,0.0,0.0,589000.0,0.5388838060384263,0.0,589000.0,0.5388838060384263,158000.0,431000.0,0.39432753888380606,0.011,0.011,37744000,37744000,https://find-and-update.company-information.service.gov.uk/search/companies?q=Maven+Income+and+Growth+VCT+PLC,https://find-and-update.company-information.service.gov.uk/search/companies?q=Maven+Income+and+Growth+VCT+PLC,1620595008,17:16:48,20210509
16,2004-02-29,MIG1.L,GBP,2004-02-29,2004-02-29,FY,9000.0,0.0,0.0,0.0,0.0,0.0,0.0,0.0,-939000.0,-939000.0,0.0,0.0,0.0,0.0,939000.0,104.33333333333333,0.0,939000.0,104.33333333333333,254000.0,685000.0,76.11111111111111,0.018,0.018,38112746,38112746,https://find-and-update.company-information.service.gov.uk/search/companies?q=Maven+Income+and+Growth+VCT+PLC,https://find-and-update.company-information.service.gov.uk/search/companies?q=Maven+Income+and+Growth+VCT+PLC,1620595008,17:16:48,20210509
17,2003-02-28,MIG1.L,GBP,2003-02-28,2003-02-28,FY,10000.0,0.0,0.0,0.0,0.0,0.0,0.0,0.0,-1354000.0,-1354000.0,0.0,0.0,0.0,0.0,1354000.0,135.4,0.0,1354000.0,135.4,399000.0,955000.0,95.5,0.025,0.025,38462000,38462000,https://find-and-update.company-information.service.gov.uk/search/companies?q=Maven+Income+and+Growth+VCT+PLC,https://find-and-update.company-information.service.gov.uk/search/companies?q=Maven+Income+and+Growth+VCT+PLC,1620595008,17:16:48,20210509
18,2002-02-28,MIG1.L,GBP,2002-02-28,2002-02-28,FY,17000.0,0.0,0.0,0.0,0.0,0.0,0.0,0.0,-983000.0,-983000.0,0.0,258000.0,1241000.0,73.0,983000.0,57.8235294117647,0.0,989000.0,58.1764705882353,308000.0,681000.0,40.05882352941177,0.018,0.018,38458000,38458000,https://find-and-update.company-information.service.gov.uk/search/companies?q=Maven+Income+and+Growth+VCT+PLC,https://find-and-update.company-information.service.gov.uk/search/companies?q=Maven+Income+and+Growth+VCT+PLC,1620595008,17:16:48,20210509
19,2001-02-28,MIG1.L,GBP,2001-02-28,2001-02-28,FY,34000.0,0.0,0.0,0.0,0.0,0.0,0.0,0.0,-1085000.0,-1085000.0,0.0,455000.0,1540000.0,45.294117647058826,1085000.0,31.91176470588235,0.0,1283000.0,37.73529411764706,379000.0,904000.0,26.58823529411765,0.024,0.024,38293000,38293000,https://find-and-update.company-information.service.gov.uk/search/companies?q=Maven+Income+and+Growth+VCT+PLC,https://find-and-update.company-information.service.gov.uk/search/companies?q=Maven+Income+and+Growth+VCT+PLC,1620595008,17:16:48,20210509
