,date,symbol,reportedCurrency,fillingDate,acceptedDate,period,revenue,costOfRevenue,grossProfit,grossProfitRatio,researchAndDevelopmentExpenses,generalAndAdministrativeExpenses,sellingAndMarketingExpenses,otherExpenses,operatingExpenses,costAndExpenses,interestExpense,depreciationAndAmortization,ebitda,ebitdaratio,operatingIncome,operatingIncomeRatio,totalOtherIncomeExpensesNet,incomeBeforeTax,incomeBeforeTaxRatio,incomeTaxExpense,netIncome,netIncomeRatio,eps,epsdiluted,weightedAverageShsOut,weightedAverageShsOutDil,link,finalLink,timestamp,est_time,est_date
0,2020-12-31,CARA.OL,NOK,2020-12-31,2020-12-31,FY,70576000.0,13789000.0,56787000.0,0.8046219678077533,0.0,14605000.0,526000.0,0.0,0.0,67148000.0,687000.0,12629000.0,16057000.0,0.227513602357742,3428000.0,0.0485717524370891,0.0,-35672000.0,-0.5054409430968034,2459000.0,-38131000.0,-0.5402828156880526,-0.9384054495292123,-0.9384054495292123,40633822.0,40633822.0,https://www.oslobors.no/ob_eng/,https://www.oslobors.no/ob_eng/,1620589916,15:51:56,20210509
1,2019-12-31,CARA.OL,NOK,2019-12-31,2019-12-31,FY,47927000.0,19288000.0,28639000.0,0.597554614309262,0.0,4693000.0,277000.0,0.0,24158000.0,43446000.0,261000.0,7386000.0,11867000.0,0.24760573372003256,4481000.0,0.0934963590460492,0.0,4191000.0,0.0874454900160661,979000.0,3212000.0,0.06701859077346799,0.08,0.08,40633822.0,40633822.0,https://www.oslobors.no/ob_eng/,https://www.oslobors.no/ob_eng/,1620589916,15:51:56,20210509
2,2018-12-31,CARA.OL,NOK,2018-12-31,2018-12-31,FY,23965000.0,12761000.0,11204000.0,0.46751512622574587,0.0,7583000.0,357000.0,0.0,17957000.0,30718000.0,77000.0,3688000.0,-3065000.0,-0.12789484665136658,-6753000.0,-0.28178593782599626,0.0,-6796000.0,-0.2835802211558523,240000.0,-7036000.0,-0.29359482578760693,-0.2,-0.2,33467685.0,33467685.0,https://www.oslobors.no/ob_eng/,https://www.oslobors.no/ob_eng/,1620589916,15:51:56,20210509
3,2017-12-31,CARA.OL,NOK,2017-12-31,2017-12-31,FY,0.0,911479.83,-911479.83,0.0,0.0,3884053.69,0.0,0.0,5764494.06,5764494.06,0.0,0.0,20307113.69,0.0,-5764494.06,0.0,0.0,20307113.69,0.0,0.0,20307113.69,0.0,0.985384,0.985384,20357500.0,20357500.0,https://www.oslobors.no/ob_eng/,https://www.oslobors.no/ob_eng/,1620589916,15:51:56,20210509
4,2016-12-31,CARA.OL,NOK,2016-12-31,2016-12-31,FY,193758719.56,71118630.58,122640088.98,0.6329526188989025,0.0,0.0,0.0,0.0,124196106.18,195314736.76,6492049.54,12767985.58,11211968.38,0.05786561970197199,-1556017.2,-0.008030695101275988,0.0,103907370.8,0.5362719728740966,-4080222.88,107987593.68,0.5573302400285536,5.186724,5.186724,20357500.0,20357500.0,https://www.oslobors.no/ob_eng/,https://www.oslobors.no/ob_eng/,1620589916,15:51:56,20210509
5,2015-12-31,CARA.OL,NOK,2015-12-31,2015-12-31,FY,302531783.04,217123868.0,85407915.04,0.2823105532310553,0.0,78973312.96,0.0,0.0,137754985.24,354878853.24,9414561.24,58781672.28,6434602.079999998,0.021269177126917706,-52347070.2,-0.1730299860529986,0.0,62763741.6,0.20746164574616457,2531646.72,60232094.88,0.1990934449093445,2.812941,2.812941,20357500.0,20357500.0,https://www.oslobors.no/ob_eng/,https://www.oslobors.no/ob_eng/,1620589916,15:51:56,20210509
6,2014-12-31,CARA.OL,NOK,2014-12-31,2014-12-31,FY,292382124.58,202636291.65,89745832.93,0.30694705792605403,0.0,69783314.38,0.0,0.0,116771439.98,319407731.63,9457103.76,32453032.95,5427425.8999999985,0.018562782891725572,-27025607.05,-0.0924324874129075,0.0,-78734849.7,-0.26928749427859433,0.0,-78734849.7,-0.26928749427859433,-3.8676089745793933,-3.85874755014274,20357500.0,20404250.0,https://www.oslobors.no/ob_eng/,https://www.oslobors.no/ob_eng/,1620589916,15:51:56,20210509
7,2013-12-31,CARA.OL,NOK,2013-12-31,2013-12-31,FY,254181307.9,71629320.36,182551987.54,0.7181959564541213,0.0,52149891.5,0.0,0.0,170011687.1,241641007.46,6787087.92,26716556.66,39256857.1,0.1544443115205168,12540300.44,0.049336044981457106,0.0,5753212.52,0.02263428639789448,1003467.3,4749745.22,0.018686445747098934,0.23331672454869212,0.23320789610644668,20357500.0,20367000.0,https://www.oslobors.no/ob_eng/,https://www.oslobors.no/ob_eng/,1620589916,15:51:56,20210509
8,2012-12-31,CARA.OL,NOK,2012-12-31,2012-12-31,FY,239405900.8,65814290.08,173591610.72,0.7250932835820895,0.0,0.0,0.0,0.0,159940784.52,225755074.6,5566410.52,21082012.16,34732838.36,0.1450792910447761,13650826.2,0.0570195895522388,0.0,8084415.68,0.033768656716417905,1021718.28,7062697.4,0.029500932835820896,0.446653,0.446653,20445000.0,20445000.0,https://www.oslobors.no/ob_eng/,https://www.oslobors.no/ob_eng/,1620589916,15:51:56,20210509
9,2011-12-31,CARA.OL,NOK,2011-12-31,2011-12-31,FY,242774971.2,69799147.2,172975824.0,0.7124944682106505,0.0,0.0,0.0,0.0,160119028.8,229918176.0,7872847.2,20240200.8,33096996.0,0.1363278753011752,12856795.2,0.05295766337217879,0.0,4983948.0,0.02052908491911295,787881.6,4196066.4,0.01728376850076216,0.238752,0.238752,20357500.0,20357500.0,https://www.oslobors.no/ob_eng/,https://www.oslobors.no/ob_eng/,1620589916,15:51:56,20210509
10,2010-12-31,CARA.OL,NOK,2010-12-31,2010-12-31,FY,227160696.0,59970658.9,167190037.1,0.7359989648033126,0.0,65955379.1,0.0,0.0,175579227.4,235549886.3,9594364.8,21828355.7,13439165.399999999,0.05916149068322981,-8389190.3,-0.03693064182194617,0.0,-17983555.1,-0.07916666666666668,299823.9,-18283379.0,-0.08048654244306418,-0.940624,-0.940624,20357500.0,20357500.0,https://www.oslobors.no/ob_eng/,https://www.oslobors.no/ob_eng/,1620589916,15:51:56,20210509
11,2009-12-31,CARA.OL,NOK,2009-12-31,2009-12-31,FY,250429000.0,61985000.0,188444000.0,0.7524847361926933,0.0,77447000.0,0.0,1064000.0,195744000.0,257729000.0,7168000.0,22709000.0,15409000.0,0.06153041380990221,-7300000.0,-0.029149978636659492,0.0,-20303000.0,-0.08107287893973941,126000.0,-20429000.0,-0.08157601555730366,-2.32,-2.32,8877500.0,8877500.0,https://www.oslobors.no/ob_eng/,https://www.oslobors.no/ob_eng/,1620589916,15:51:56,20210509
12,2008-12-31,CARA.OL,NOK,2008-12-31,2008-12-31,FY,234035000.0,63205000.0,170830000.0,0.7299335569466106,0.0,0.0,0.0,-11761000.0,215995000.0,279200000.0,0.0,28267000.0,-16898000.0,-0.07220287563825924,-45165000.0,-0.19298395539128763,0.0,-56926000.0,-0.2432371226525947,647000.0,-57573000.0,-0.2460016664174162,-9.68,-9.68,5947624.0,5947624.0,https://www.oslobors.no/ob_eng/,https://www.oslobors.no/ob_eng/,1620589916,15:51:56,20210509
13,2007-12-31,CARA.OL,NOK,2007-12-31,2007-12-31,FY,210380000.0,53821000.0,156559000.0,0.7441724498526476,0.0,25308000.0,11648000.0,0.0,196903000.0,250724000.0,4999000.0,24275000.0,-16069000.0,-0.07638083468010268,-40344000.0,-0.19176727825838957,0.0,-94341000.0,-0.4484314098298317,0.0,-138521000.0,-0.6584323604905409,-31.6,-31.6,4370550.0,4370550.0,https://www.oslobors.no/ob_eng/,https://www.oslobors.no/ob_eng/,1620589916,15:51:56,20210509
14,2006-12-31,CARA.OL,NOK,2006-12-31,2006-12-31,FY,133328000.0,35202000.0,98126000.0,0.7359744389775591,0.0,16067000.0,7320000.0,0.0,130207000.0,165409000.0,1308000.0,15053000.0,-17028000.0,-0.12771510860434418,-32081000.0,-0.2406171246849874,0.0,-37226000.0,-0.2792061682467299,0.0,-37226000.0,-0.2792061682467299,-11.2,-11.2,3348400.0,3348400.0,https://www.oslobors.no/ob_eng/,https://www.oslobors.no/ob_eng/,1620589916,15:51:56,20210509
15,2005-12-31,CARA.OL,NOK,2005-12-31,2005-12-31,FY,55074000.0,14837000.0,40237000.0,0.7305988306641973,0.0,13004000.0,2720000.0,0.0,80253000.0,95090000.0,233000.0,7596000.0,-32420000.0,-0.5886625267821477,-40016000.0,-0.7265860478628754,0.0,-42456000.0,-0.7708900751715874,0.0,-42456000.0,-0.7708900751715874,-16.0,-16.0,2669200.0,2669200.0,https://www.oslobors.no/ob_eng/,https://www.oslobors.no/ob_eng/,1620589916,15:51:56,20210509
16,2004-12-31,CARA.OL,NOK,2004-12-31,2004-12-31,FY,37626000.0,10765000.0,26861000.0,0.7138946473183437,0.0,9507000.0,1564000.0,0.0,74498000.0,85263000.0,82000.0,7798000.0,-39839000.0,-1.0588157125392017,-47637000.0,-1.2660660181789187,0.0,-47558000.0,-1.2639664062084728,0.0,-47558000.0,-1.2639664062084728,-19.0,-19.0,2499050.0,2499050.0,https://www.oslobors.no/ob_eng/,https://www.oslobors.no/ob_eng/,1620589916,15:51:56,20210509
17,2003-12-31,CARA.OL,NOK,2003-12-31,2003-12-31,FY,22111000.0,7359000.0,14752000.0,0.6671792320564425,0.0,0.0,0.0,0.0,50959000.0,58318000.0,2000.0,11315000.0,-24892000.0,-1.1257745013794038,-36207000.0,-1.6375107412600063,0.0,0.0,0.0,0.0,-43114000.0,-1.9498891954230926,-18.6,-18.6,2324450.0,2324450.0,https://www.oslobors.no/ob_eng/,https://www.oslobors.no/ob_eng/,1620589916,15:51:56,20210509
18,2002-12-31,CARA.OL,NOK,2002-12-31,2002-12-31,FY,12545000.0,7769000.0,4776000.0,0.3807094459944201,0.0,0.0,0.0,0.0,99994000.0,107763000.0,130000.0,18231000.0,-76987000.0,-6.1368672777999205,-95218000.0,-7.590115583897967,0.0,0.0,0.0,0.0,-104035000.0,-8.292945396572339,55.4,55.4,1875250.0,1875250.0,https://www.oslobors.no/ob_eng/,https://www.oslobors.no/ob_eng/,1620589916,15:51:56,20210509
