,date,symbol,reportedCurrency,fillingDate,acceptedDate,period,revenue,costOfRevenue,grossProfit,grossProfitRatio,researchAndDevelopmentExpenses,generalAndAdministrativeExpenses,sellingAndMarketingExpenses,otherExpenses,operatingExpenses,costAndExpenses,interestExpense,depreciationAndAmortization,ebitda,ebitdaratio,operatingIncome,operatingIncomeRatio,totalOtherIncomeExpensesNet,incomeBeforeTax,incomeBeforeTaxRatio,incomeTaxExpense,netIncome,netIncomeRatio,eps,epsdiluted,weightedAverageShsOut,weightedAverageShsOutDil,link,finalLink,timestamp,est_time,est_date
0,2020-03-31,LICHSGFIN.NS,INR,2020-03-31,2020-03-31,FY,48670000000,0.0,0.0,0.0,0.0,244600000.0,447400000.0,0.0,5963200000,0.0,147819800000,511100000,0.0,0.0,0.0,0.6743743579206903,0.0,32821800000,0.6743743579206903,8785200000,24032600000,0.4937867269365112,47.621086,47.621086,504663000,504663000,https://www.nseindia.com/companies-listing/corporate-filings-annual-reports,https://www.nseindia.com/companies-listing/corporate-filings-annual-reports,1620594435,17:07:15,20210509
1,2019-03-31,LICHSGFIN.NS,INR,2019-03-31,2019-03-31,FY,42188000000,0.0,0.0,0.0,0.0,543300000.0,426500000.0,0.0,4767900000,0.0,128910300000,119200000,0.0,0.0,0.0,0.8039608419455769,0.0,33917500000,0.8039608419455769,9573800000,24339500000,0.5769294586138238,48.23,48.23,504663000,504663000,https://www.nseindia.com/companies-listing/corporate-filings-annual-reports,https://www.nseindia.com/companies-listing/corporate-filings-annual-reports,1620594435,17:07:15,20210509
2,2018-03-31,LICHSGFIN.NS,INR,2018-03-31,2018-03-31,FY,37339497000,0.0,0.0,0.0,0.0,514646000.0,375609000.0,218162000.0,4316678000,0.0,111257452000,102299000,0.0,0.0,0.0,0.8286499949369966,0.0,30941374000,0.8286499949369966,10823297000,20139068000,0.5393502756611852,39.91,39.91,504663000,504663000,https://www.nseindia.com/companies-listing/corporate-filings-annual-reports,https://www.nseindia.com/companies-listing/corporate-filings-annual-reports,1620594435,17:07:15,20210509
3,2017-03-31,LICHSGFIN.NS,INR,2017-03-31,2017-03-31,FY,36862303000,0.0,0.0,0.0,0.0,469485000.0,363811000.0,84754000.0,4321837000,0.0,102314095000,96976000,0.0,0.0,0.0,0.8065634423329437,0.0,29731786000,0.8065634423329437,10313547000,19422731000,0.5268995537256584,38.49,38.49,504663000,504663000,https://www.nseindia.com/companies-listing/corporate-filings-annual-reports,https://www.nseindia.com/companies-listing/corporate-filings-annual-reports,1620594435,17:07:15,20210509
4,2016-03-31,LICHSGFIN.NS,INR,2016-03-31,2016-03-31,FY,30151907000,0.0,0.0,0.0,0.0,433088000.0,244587000.0,119601000.0,3057806000,0.0,93066427000,100142000,0.0,0.0,0.0,0.8540279724264207,0.0,25750572000,0.8540279724264207,9074432000,16676960000,0.5530980179794266,33.05,33.05,504663000,504663000,https://www.nseindia.com/companies-listing/corporate-filings-annual-reports,https://www.nseindia.com/companies-listing/corporate-filings-annual-reports,1620594435,17:07:15,20210509
5,2015-03-31,LICHSGFIN.NS,INR,2015-03-31,2015-03-31,FY,23832041000,0.0,0.0,0.0,0.0,433142000.0,288095000.0,167787000.0,2601112000,0.0,83102161000,96508000,0.0,0.0,0.0,0.8892677719042192,0.0,21193066000,0.8892677719042192,7217870000,13956093000,0.5856020892209778,27.65,27.65,504663000,504663000,https://www.nseindia.com/companies-listing/corporate-filings-annual-reports,https://www.nseindia.com/companies-listing/corporate-filings-annual-reports,1620594435,17:07:15,20210509
6,2014-03-31,LICHSGFIN.NS,INR,2014-03-31,2014-03-31,FY,20435518000,0.0,0.0,0.0,0.0,345569000.0,195723000.0,338033000.0,2340655000,0.0,71744243000,78033000,0.0,0.0,0.0,0.8973865991554508,0.0,18338560000,0.8973865991554508,5124428000,13182041000,0.6450553883684279,26.12,26.12,504663000,504663000,https://www.nseindia.com/companies-listing/corporate-filings-annual-reports,https://www.nseindia.com/companies-listing/corporate-filings-annual-reports,1620594435,17:07:15,20210509
7,2013-03-31,LICHSGFIN.NS,INR,2013-03-31,2013-03-31,FY,16977499000,0.0,0.0,0.0,0.0,287158000.0,140202000.0,115330000.0,2122889000,0.0,59245944000,77096000,0.0,0.0,0.0,0.835246640273694,0.0,14180399000,0.835246640273694,3640412000,10475126000,0.617000537004891,20.76,20.76,504663000,504663000,https://www.nseindia.com/companies-listing/corporate-filings-annual-reports,https://www.nseindia.com/companies-listing/corporate-filings-annual-reports,1620594435,17:07:15,20210509
8,2012-03-31,LICHSGFIN.NS,INR,2012-03-31,2012-03-31,FY,61418265000,0.0,0.0,0.0,0.0,0.0,0.0,124053000.0,3408402000,3408402000.0,45862723000,75897000,58085760000.0,0.9457408150490737,58009863000.0,0.9445050751596451,0.0,12351335000,0.20110198488999975,3187987000,9198542000,0.14976883505256947,19.32,19.32,476220377,476220377,https://www.nseindia.com/companies-listing/corporate-filings-annual-reports,https://www.nseindia.com/companies-listing/corporate-filings-annual-reports,1620594435,17:07:15,20210509
9,2011-03-31,LICHSGFIN.NS,INR,2011-03-31,2011-03-31,FY,46890405951,0.0,0.0,0.0,0.0,0.0,0.0,0.0,3016121164,3016121164.0,30940069059,64061751,43938346538.0,0.9370434238491159,43874284787.0,0.9356772221773508,0.0,12899450364,0.27509786068987746,3206502315,9518801959,0.203001056739561,20.05,20.05,474663000,474663000,https://www.nseindia.com/companies-listing/corporate-filings-annual-reports,https://www.nseindia.com/companies-listing/corporate-filings-annual-reports,1620594435,17:07:15,20210509
10,2010-03-31,LICHSGFIN.NS,INR,2010-03-31,2010-03-31,FY,34636152763,0.0,0.0,0.0,0.0,16805205.0,835930844.0,0.0,1517912398,1517912398.0,25145520543,65200170,33183440535.0,0.9580579217922882,33118240365.0,0.9561754907253583,0.0,9095441681,0.2625996525432867,2492122909,6888349431,0.19887744109843705,15.284,15.284,450690395,450690395,https://www.nseindia.com/companies-listing/corporate-filings-annual-reports,https://www.nseindia.com/companies-listing/corporate-filings-annual-reports,1620594435,17:07:15,20210509
11,2009-03-31,LICHSGFIN.NS,INR,2009-03-31,2009-03-31,FY,28808771677,0.0,0.0,0.0,0.0,20250454.0,650470356.0,0.0,1400364497,1400364497.0,21210168377,50990421,27459397601.0,0.9531609993258652,27408407180.0,0.9513910376776665,0.0,7244489368,0.25146817952616035,1948486351,5374227310,0.1865482975204601,12.656,12.656,424663000,424663000,https://www.nseindia.com/companies-listing/corporate-filings-annual-reports,https://www.nseindia.com/companies-listing/corporate-filings-annual-reports,1620594435,17:07:15,20210509
12,2008-03-31,LICHSGFIN.NS,INR,2008-03-31,2008-03-31,FY,20893954316,0.0,0.0,0.0,0.0,24445051.0,589779726.0,0.0,1177686300,1177686300.0,16186570685,37953250,19754221266.0,0.9454515391025229,19716268016.0,0.9436350686811753,0.0,5312845165,0.2542766718376317,1451196385,3915142006,0.18738157204650796,9.22,9.22,424663000,424663000,https://www.nseindia.com/companies-listing/corporate-filings-annual-reports,https://www.nseindia.com/companies-listing/corporate-filings-annual-reports,1620594435,17:07:15,20210509
13,2007-03-31,LICHSGFIN.NS,INR,2007-03-31,2007-03-31,FY,15471482072,0.0,0.0,0.0,0.0,27770305.0,262079859.0,0.0,914428195,914428195.0,12393362372,39011837,14596065714.0,0.9434174209086076,14557053877.0,0.9408958889171377,0.0,3531965243,0.22828874613066868,746439036,2816030509,0.18201426960228972,6.632,6.632,424663000,424663000,https://www.nseindia.com/companies-listing/corporate-filings-annual-reports,https://www.nseindia.com/companies-listing/corporate-filings-annual-reports,1620594435,17:07:15,20210509
14,2006-03-31,LICHSGFIN.NS,INR,2006-03-31,2006-03-31,FY,12379458436,0.0,0.0,0.0,0.0,19998180.0,358297153.0,0.0,1377182241,1377182241.0,8483729052,44656408,11046932603.0,0.8923599251220105,11002276195.0,0.888752626124977,0.0,2611771560,0.21097623724838038,531763700,2090026943,0.16883024033766383,4.922,4.922,424663000,424663000,https://www.nseindia.com/companies-listing/corporate-filings-annual-reports,https://www.nseindia.com/companies-listing/corporate-filings-annual-reports,1620594435,17:07:15,20210509
15,2005-03-31,LICHSGFIN.NS,INR,2005-03-31,2005-03-31,FY,10233699537,0.0,0.0,0.0,0.0,18632448.0,324689661.0,0.0,1570451856,1570451856.0,6771984890,32998307,8696245988.0,0.8497656157051193,8663247681.0,0.8465411408335742,0.0,2033590760,0.19871511300947822,605849464,1462200549,0.14288093408580205,3.63,3.63,402882180,402882180,https://www.nseindia.com/companies-listing/corporate-filings-annual-reports,https://www.nseindia.com/companies-listing/corporate-filings-annual-reports,1620594435,17:07:15,20210509
