,date,symbol,reportedCurrency,fillingDate,acceptedDate,period,revenue,costOfRevenue,grossProfit,grossProfitRatio,researchAndDevelopmentExpenses,generalAndAdministrativeExpenses,sellingAndMarketingExpenses,otherExpenses,operatingExpenses,costAndExpenses,interestExpense,depreciationAndAmortization,ebitda,ebitdaratio,operatingIncome,operatingIncomeRatio,totalOtherIncomeExpensesNet,incomeBeforeTax,incomeBeforeTaxRatio,incomeTaxExpense,netIncome,netIncomeRatio,eps,epsdiluted,weightedAverageShsOut,weightedAverageShsOutDil,link,finalLink,timestamp,est_time,est_date
0,2021-01-02,HLIO,USD,2021-03-02,2021-03-02 10:59:45,FY,523040000,326812000,196228000,0.3751682471703885,0.0,0.0,106831000.0,-366000.0,-366000.0,326446000.0,-13286000.0,39695000.0,75107000.0,0.14359704802691955,35412000.0,0.0677041908840624,-366000.0,24047000.0,0.04597545120832059,9829000.0,14218000.0,0.02718338941572346,0.4430939915233109,0.4430939915233109,32088000.0,32088000.0,https://www.sec.gov/Archives/edgar/data/1024795/000156459021010095/0001564590-21-010095-index.htm,https://www.sec.gov/Archives/edgar/data/1024795/000156459021010095/hlio-10k_20210102.htm,1620593125,16:45:25,20210509
1,2019-12-28,HLIO,USD,2020-02-25 00:00:00,2020-02-25 10:16:43,FY,554665000,342383000,212282000,0.382721101926388,0.0,0.0,99665000.0,0.0,122167000.00000003,464550000.00000006,14149000.0,35215000.0,125330000.0,0.22595620780110517,90115000.0,0.16246743529878396,-267000.0,75307000.0,0.13577023969422986,15039000.0,60268000.0,0.10865657649211687,1.88249,1.88249,32015000.0,32015000.0,https://www.sec.gov/Archives/edgar/data/1024795/000156459020006215/0001564590-20-006215-index.html,https://www.sec.gov/Archives/edgar/data/1024795/000156459020006215/hlio-10k_20191228.htm,1620593125,16:45:25,20210509
2,2018-12-29,HLIO,USD,2019-02-26 00:00:00,2019-02-26 10:16:29,FY,508045000,315362000,192683000,0.3792636479052052,0.0,0.0,93867000.0,0.0,117128999.99999996,432490999.99999994,12799000.0,39714000.0,115268000.0,0.22688541369366888,75554000.0,0.1487151728685451,-1725000.0,56395000.0,0.1110039465008021,9665000.0,46730000.0,0.09198004113808816,1.49254,1.49254,31309000.0,31309000.0,https://www.sec.gov/Archives/edgar/data/1024795/000156459019004297/0001564590-19-004297-index.html,https://www.sec.gov/Archives/edgar/data/1024795/000156459019004297/snhy-10k_20181229.htm,1620593125,16:45:25,20210509
3,2017-12-30,HLIO,USD,2018-02-27 00:00:00,2018-02-27 10:13:22,FY,342839000,206314000,136525000,0.3982189890881726,0.0,0.0,65580000.0,0.0,75034000.00000001,281348000.0,4082000.0,19190000.0,80681000.0,0.2353320363202553,61491000.0,0.17935824104025505,-10218000.0,47544000.0,0.1386773383424873,15986000.0,31558000.0,0.09204903759490607,1.16747,1.16747,27031000.0,27031000.0,https://www.sec.gov/Archives/edgar/data/1024795/000156459018003418/0001564590-18-003418-index.html,https://www.sec.gov/Archives/edgar/data/1024795/000156459018003418/snhy-10k_20171230.htm,1620593125,16:45:25,20210509
4,2016-12-31,HLIO,USD,2017-02-28 00:00:00,2017-02-28 15:43:46,FY,196934000,125585000,71349000,0.3622990443498837,0.0,0.0,0.0,-743000.0,36890000.0,162475000.0,0.0,11318000.0,45777000.0,0.23244843450089878,34459000.0,0.17497740359714423,-348000.0,34901000.0,0.177221810352707,11597000.0,23304000.0,0.11833406115754516,0.87,0.87,26892000.0,26892000.0,https://www.sec.gov/Archives/edgar/data/1024795/000156459017002829/0001564590-17-002829-index.html,https://www.sec.gov/Archives/edgar/data/1024795/000156459017002829/snhy-10k_20161231.htm,1620593125,16:45:25,20210509
5,2016-01-02,HLIO,USD,2016-03-01 00:00:00,2016-03-01 10:51:04,FY,200727000,123634000,77093000,0.3840689095139169,0.0,0.0,30202000.0,0.0,30202000.00000001,153836000.0,2526000.0,9557000.0,56448000.0,0.28121777339371384,46891000.0,0.2336058427615617,-187000.0,49230000.0,0.2452584854055508,16092000.0,33138000.0,0.16508989821997042,1.24173,1.24173,26687000.0,26687000.0,https://www.sec.gov/Archives/edgar/data/1024795/000102479516000051/0001024795-16-000051-index.html,https://www.sec.gov/Archives/edgar/data/1024795/000102479516000051/snhy-20160102x10k.htm,1620593125,16:45:25,20210509
6,2014-12-27,HLIO,USD,2015-02-24,2015-02-24 15:29:42,FY,227673000,133781000,93892000,0.41239848379034844,0.0,0.0,29821000.0,0.0,29820999.999999996,163602000.0,2356000.0,8718000.0,72789000.0,0.3197085293381297,64071000.0,0.28141676878681265,-685000.0,65742000.0,0.288756242505699,21967000.0,43775000.0,0.192271371660232,1.65463,1.65463,26456000.0,26456000.0,https://www.sec.gov/Archives/edgar/data/1024795/000102479515000007/snhy-20141227x10k.htm,https://www.sec.gov/Archives/edgar/data/1024795/000102479515000007/snhy-20141227x10k.htm,1620593125,16:45:25,20210509
7,2013-12-28,HLIO,USD,2014-03-07,2014-03-07 09:45:00,FY,205300000,122300000,83000000,0.40428641013151484,0.0,10000.0,26790000.0,0.0,26799999.999999996,149100000.0,1000000.0,7230000.0,63430000.0,0.3089624939113492,56200000.0,0.2737457379444715,0.0,57200000.0,0.2786166585484657,19188000.0,38000000.0,0.1850949829517779,1.45038,1.45038,26200000.0,26200000.0,https://www.sec.gov/Archives/edgar/data/1024795/000102479514000010/snhy-20131228x10k.htm,https://www.sec.gov/Archives/edgar/data/1024795/000102479514000010/snhy-20131228x10k.htm,1620593125,16:45:25,20210509
8,2012-12-29,HLIO,USD,2013-03-12 00:00:00,2013-03-12 15:46:16,FY,204400000,123800000,80600000,0.3943248532289628,0.0,37000.0,26163000.0,0.0,26200000.000000004,150000000.0,1500000.0,7190000.0,61590000.0,0.30132093933463794,54400000.0,0.26614481409001955,0.0,55900000.0,0.2734833659491194,18455000.0,37400000.0,0.18297455968688844,1.43846,1.43846,26000000.0,26000000.0,https://www.sec.gov/Archives/edgar/data/1024795/000119312513103067/0001193125-13-103067-index.html,https://www.sec.gov/Archives/edgar/data/1024795/000119312513103067/d444272d10k.htm,1620593125,16:45:25,20210509
9,2011-12-31,HLIO,USD,2012-03-14 00:00:00,2012-03-13 21:25:21,FY,204171000,124956000,79215000,0.38798360198069265,0.0,0.0,0.0,0.0,23946000.0,148902000.0,0.0,6721000.0,61990000.0,0.3036180456578064,55269000.0,0.27069956066238593,-1542000.0,57586000.0,0.28204789122843105,19909000.0,37677000.0,0.18453649147038512,1.4693471648077374,1.4669444011836164,25642000.0,25684000.0,https://www.sec.gov/Archives/edgar/data/1024795/000119312512113092/0001193125-12-113092-index.html,https://www.sec.gov/Archives/edgar/data/1024795/000119312512113092/d263265d10k.htm,1620593125,16:45:25,20210509
10,2011-01-01,HLIO,USD,2011-03-09,2011-03-09 12:09:52,FY,150700000,98400000,52300000,0.3470471134704711,0.0,-4000.0,21304000.0,0.0,21299999.999999996,119700000.0,500000.0,6870000.0,37870000.0,0.2512939615129396,31000000.0,0.205706702057067,100000.0,31600000.0,0.20968812209688123,10243000.0,21400000.0,0.1420039814200398,0.83922,0.83922,25500000.0,25500000.0,https://www.sec.gov/Archives/edgar/data/1024795/000119312511060431/d10k.htm,https://www.sec.gov/Archives/edgar/data/1024795/000119312511060431/d10k.htm,1620593125,16:45:25,20210509
11,2010-01-02,HLIO,USD,2010-03-15 00:00:00,2010-03-15 10:51:39,FY,97400000,75400000,22000000,0.22587268993839835,0.0,-14000.0,19814000.0,0.0,19899999.99999999,95299999.99999999,300000.0,6970000.0,9070000.0,0.0931211498973306,2100000.0,0.021560574948665298,-400000.0,2000000.0,0.02053388090349076,161000.0,1900000.0,0.019507186858316223,0.0751,0.0751,25300000.0,25300000.0,https://www.sec.gov/Archives/edgar/data/1024795/000119312510056507/0001193125-10-056507-index.html,https://www.sec.gov/Archives/edgar/data/1024795/000119312510056507/d10k.htm,1620593125,16:45:25,20210509
12,2008-12-27,HLIO,USD,2009-03-11 00:00:00,2009-03-11 09:47:02,FY,178300000,119200000,59100000,0.33146382501402133,0.0,-40000.0,22740000.0,0.0,22700000.000000004,141900000.0,793000.0,7100000.0,43500000.0,0.24397083567021874,36400000.0,0.2041503084688727,100000.0,37700000.0,0.21144139091418956,11994000.0,25700000.0,0.1441390914189568,1.028,1.028,25000000.0,25000000.0,https://www.sec.gov/Archives/edgar/data/1024795/000119312509050407/0001193125-09-050407-index.html,https://www.sec.gov/Archives/edgar/data/1024795/000119312509050407/d10k.htm,1620593125,16:45:25,20210509
13,2007-12-29,HLIO,USD,2008-03-12,2008-03-12 09:40:09,FY,167400000,112500000,54900000,0.3279569892473118,0.0,-15000.0,21215000.0,0.0,21199999.99999999,133699999.99999999,411000.0,6340000.0,39940000.0,0.23859020310633214,33600000.0,0.2007168458781362,300000.0,34400000.0,0.2054958183990442,12240000.0,22100000.0,0.13201911589008364,0.89474,0.89474,24700000.0,24700000.0,https://www.sec.gov/Archives/edgar/data/1024795/000119312508053713/d10k.htm,https://www.sec.gov/Archives/edgar/data/1024795/000119312508053713/d10k.htm,1620593125,16:45:25,20210509
14,2006-12-30,HLIO,USD,2007-03-14,2007-03-14 16:17:57,FY,142300000,98400000,43900000,0.3085031623330991,0.0,19000.0,18881000.0,0.0,18799999.999999996,117200000.0,-312000.0,5850000.0,30950000.0,0.2174982431482783,25100000.0,0.1763879128601546,200000.0,24900000.0,0.17498243148278286,8680000.0,16200000.0,0.11384399156711174,0.65854,0.65854,24600000.0,24600000.0,https://www.sec.gov/Archives/edgar/data/1024795/000119312507054557/d10k.htm,https://www.sec.gov/Archives/edgar/data/1024795/000119312507054557/d10k.htm,1620593125,16:45:25,20210509
15,2005-12-31,HLIO,USD,2006-03-15,2006-03-15 13:39:22,FY,116757000,79839000,36918000,0.31619517459338625,0.0,0.0,0.0,0.0,17738000.0,97577000.0,0.0,5604000.0,24784000.0,0.2122699281413534,19180000.0,0.16427280591313584,398000.0,19137000.0,0.16390451964336186,6329000.0,12808000.0,0.10969791961081563,0.524444,0.52,24360750.0,24565500.0,https://www.sec.gov/Archives/edgar/data/1024795/000095014406002286/g00192ke10vk.htm,https://www.sec.gov/Archives/edgar/data/1024795/000095014406002286/g00192ke10vk.htm,1620593125,16:45:25,20210509
16,2004-12-25,HLIO,USD,2005-03-24 00:00:00,2005-03-24 13:01:53,FY,94500000,66000000,28500000,0.30158730158730157,0.0,-41000.0,16241000.0,0.0,16200000.000000004,82200000.0,-527000.0,5470000.0,17770000.0,0.18804232804232804,12300000.0,0.13015873015873017,0.0,11700000.0,0.12380952380952381,3902000.0,7800000.0,0.08253968253968254,0.33476,0.33476,23300000.0,23300000.0,https://www.sec.gov/Archives/edgar/data/1024795/000095014405003028/0000950144-05-003028-index.html,https://www.sec.gov/Archives/edgar/data/1024795/000095014405003028/g93900e10vk.htm,1620593125,16:45:25,20210509
17,2003-12-27,HLIO,USD,2004-03-26 00:00:00,2004-03-26 16:26:31,FY,70800000,52300000,18500000,0.2612994350282486,0.0,-3000.0,14803000.0,0.0,14799999.999999996,67100000.0,-606000.0,5150000.0,8850000.0,0.125,3700000.0,0.052259887005649715,100000.0,3300000.0,0.046610169491525424,1101000.0,2200000.0,0.031073446327683617,0.09865,0.09865,22300000.0,22300000.0,https://www.sec.gov/Archives/edgar/data/1024795/000095014404003085/0000950144-04-003085-index.html,https://www.sec.gov/Archives/edgar/data/1024795/000095014404003085/g88077e10vk.htm,1620593125,16:45:25,20210509
18,2002-12-28,HLIO,USD,2003-03-28 00:00:00,2003-03-28 10:43:50,FY,64500000,48600000,16000000,0.24806201550387597,0.0,-44000.0,12544000.0,0.0,12500000.0,61100000.0,-578000.0,5100000.0,8500000.0,0.13178294573643412,3400000.0,0.05271317829457364,-200000.0,2600000.0,0.040310077519379844,814000.0,1800000.0,0.027906976744186046,0.08108,0.08108,22200000.0,22200000.0,https://www.sec.gov/Archives/edgar/data/1024795/000095014403003974/0000950144-03-003974-index.html,https://www.sec.gov/Archives/edgar/data/1024795/000095014403003974/g81413e10vk.htm,1620593125,16:45:25,20210509
19,2001-12-29,HLIO,USD,2001-12-29,2001-12-29,FY,65000000,50400000,14600000,0.2246153846153846,0.0,12600000.0,0.0,0.0,12500000.0,62900000.0,-800000.0,5430000.0,7530000.0,0.11584615384615385,2100000.0,0.03230769230769231,100000.0,1300000.0,0.02,400000.0,1000000.0,0.015384615384615385,0.04525,0.04525,22100000.0,22100000.0,,,1620593125,16:45:25,20210509
20,2000-12-30,HLIO,USD,2001-03-12 00:00:00,2001-03-12 00:00:00,FY,80000000,58500000,21500000,0.26875,0.0,14100000.0,0.0,0.0,14099999.999999994,72600000.0,-1200000.0,5590000.0,12990000.0,0.162375,7400000.0,0.0925,-300000.0,5900000.0,0.07375,2000000.0,3900000.0,0.04875,0.17568,0.17568,22200000.0,22200000.0,https://www.sec.gov/Archives/edgar/data/1024795/000095014401003470/0000950144-01-003470-index.html,https://www.sec.gov/Archives/edgar/data/1024795/000095014401003470/g67424e10-k.txt,1620593125,16:45:25,20210509
21,2000-01-01,HLIO,USD,2000-03-08 00:00:00,2000-03-08 00:00:00,FY,70400000,54000000,16400000,0.23295454545454544,0.0,12400000.0,0.0,0.0,12400000.000000006,66400000.00000001,-1000000.0,5040000.0,9040000.0,0.12840909090909092,4000000.0,0.056818181818181816,-400000.0,2700000.0,0.03835227272727273,800000.0,1800000.0,0.02556818181818182,0.08108,0.08108,22200000.0,22200000.0,https://www.sec.gov/Archives/edgar/data/1024795/000095014400003010/0000950144-00-003010-index.html,https://www.sec.gov/Archives/edgar/data/1024795/0000950144-00-003010.txt,1620593125,16:45:25,20210509
22,1998-12-31,HLIO,USD,1999-03-30 00:00:00,1999-03-30 00:00:00,FY,71900000,48100000,23800000,0.33101529902642557,0.0,11700000.0,0.0,0.0,16100000.0,64200000.0,0.0,4400000.0,12100000.0,0.16828929068150209,7700000.0,0.1070931849791377,1700000.0,8500000.0,0.11821974965229486,2900000.0,5600000.0,0.07788595271210014,0.263704,0.257778,21414375.0,22042125.0,https://www.sec.gov/Archives/edgar/data/1024795/000095014499003560/0000950144-99-003560-index.html,https://www.sec.gov/Archives/edgar/data/1024795/0000950144-99-003560.txt,1620593125,16:45:25,20210509
23,1997-12-31,HLIO,USD,1997-12-31,1997-12-31,FY,64200000,40900000,23300000,0.3629283489096573,0.0,11300000.0,0.0,0.0,15000000.0,55900000.0,0.0,3700000.0,12000000.0,0.18691588785046728,8300000.0,0.1292834890965732,-100000.0,7300000.0,0.11370716510903427,2600000.0,4700000.0,0.07320872274143302,0.222222,0.216296,21289500.0,21934125.0,,,1620593125,16:45:25,20210509
24,1996-12-31,HLIO,USD,1996-12-31,1996-12-31,FY,54600000,34300000,20300000,0.3717948717948718,0.0,0.0,0.0,0.0,0.0,49300000.0,0.0,2900000.0,8200000.0,0.15018315018315018,5300000.0,0.09706959706959707,-200000.0,4500000.0,0.08241758241758242,1600000.0,2900000.0,0.05311355311355311,0.08008,0.077114,18225006.0,18225006.0,,,1620593125,16:45:25,20210509
25,1995-12-31,HLIO,USD,1995-12-31,1995-12-31,FY,55400000,32000000,23400000,0.4223826714801444,0.0,0.0,0.0,0.0,0.0,45200000.0,0.0,2600000.0,12800000.0,0.23104693140794225,10200000.0,0.18411552346570398,100000.0,9500000.0,0.17148014440433212,3600000.0,5900000.0,0.10649819494584838,0.679197,0.637674,8686724.0,9252377.0,,,1620593125,16:45:25,20210509
