,date,symbol,reportedCurrency,fillingDate,acceptedDate,period,revenue,costOfRevenue,grossProfit,grossProfitRatio,researchAndDevelopmentExpenses,generalAndAdministrativeExpenses,sellingAndMarketingExpenses,otherExpenses,operatingExpenses,costAndExpenses,interestExpense,depreciationAndAmortization,ebitda,ebitdaratio,operatingIncome,operatingIncomeRatio,totalOtherIncomeExpensesNet,incomeBeforeTax,incomeBeforeTaxRatio,incomeTaxExpense,netIncome,netIncomeRatio,eps,epsdiluted,weightedAverageShsOut,weightedAverageShsOutDil,link,finalLink,timestamp,est_time,est_date
0,2020-06-30,ALU.AX,AUD,2020-06-30,2020-06-30,FY,268443829.2293,5585021.1278,262858808.1015,0.9791948239457224,0.0,125599592.01519999,10709602.2148,9283112.3415,178114527.1748,0.0,240419.6416,16178056.2437,100922337.1704,0.37595327655750993,84744280.9267,0.31568720044711074,9283112.3415,94189130.118,0.35087090803471327,49192772.8398,44996357.2782,0.1676192647355097,0.3451475840394059,0.3451475840394059,130368455,130368455,,,1620586977,15:02:57,20210509
1,2019-06-30,ALU.AX,AUD,2019-06-30,2019-06-30,FY,241159275.631,0.0,241159275.631,1.0,0.0,117808355.9104,7183801.5115,3663196.9201,163717382.0047,0.0,285184.6571,8330243.8328,85772137.45910001,0.35566592756871906,77441893.6263,0.3211234294168081,3663196.9201,82150292.3143,0.3406474501109338,6728931.9835,75421360.3308,0.31274501108637803,0.5785,0.5759,130368455,130962598,,,1620586977,15:02:57,20210509
2,2018-06-30,ALU.AX,AUD,2018-06-30,2018-06-30,FY,187952915.7084,0.0,187952915.7084,1.0,25491814.3688,94793667.9746,4757137.0586,1384115.8165,135794885.6718,0.0,83885.8071,7165471.5194,59323501.556,0.3156295891043137,52158030.0366,0.2775058308620266,1384115.8165,53718035.4485,0.2858058107054906,2995535.1103,50722500.3382,0.2698681217422216,0.3905,0.3897,129888195,130157815,,,1620586977,15:02:57,20210509
3,2017-06-30,ALU.AX,AUD,2017-06-30,2017-06-30,FY,144060062.4025,0.0,144060062.4025,1.0,21575663.0265,75789131.5653,4024960.9984,-157306.2923,103053822.1528,0.0,115704.6282,4920696.8278,45926937.0775,0.31880408984678454,41006240.2497,0.2846468310913933,-2695007.8003,38315132.6053,0.26596637517932303,1813572.5429,36501560.0624,0.25337737228251095,0.2821,0.2821,129380287,129380287,,,1620586977,15:02:57,20210509
4,2016-06-30,ALU.AX,AUD,2016-06-30,2016-06-30,FY,125869916.5095,0.0,125869916.5095,1.0,17190950.7137,67845408.0258,3409641.7991,281443.5767,92906005.925,0.0,242391.5971,3691085.3757,36654995.9602,0.2912133175001627,32963910.5845,0.26188871414729237,281443.5767,33140317.8023,0.2632902183564946,2141125.7743,30999192.028,0.24627959474065708,0.2409,0.2409,128690554,128690554,,,1620586977,15:02:57,20210509
5,2015-06-30,ALU.AX,AUD,2015-06-30,2015-06-30,FY,104447916.6666,511718.75,103936197.9166,0.9951007280343043,15644531.25,57007812.5,4535156.25,973958.3333,77052083.3334,0.0,165364.5833,1694010.4167,28578124.9999,0.273611249625227,26884114.5832,0.25739254014050533,973958.3333,28108072.9167,0.26911090056895604,-92201822.9166,120309895.8333,1.151864964596008,0.9745,0.9745,123468160,123468160,,,1620586977,15:02:57,20210509
6,2014-06-30,ALU.AX,AUD,2014-06-30,2014-06-30,FY,75021231.4225,355626.3269,74665605.0956,0.9952596575641739,12806794.0552,40692144.3736,4157112.5265,-4246.2845,56325902.3353,0.0,142250.5308,1301486.1995,19641188.959799998,0.2618084052657833,18339702.7603,0.24446016697614012,-165605.0955,18188959.6603,0.2424508277911959,6335456.4756,11853503.1847,0.15800198103846314,0.1089,0.1089,108782726,108782726,,,1620586977,15:02:57,20210509
7,2013-06-30,ALU.AX,AUD,2013-06-30,2013-06-30,FY,65693800.539,354716.9812,65339083.5578,0.9946004496879517,11347708.8949,43564420.4852,1744474.3935,934770.8895,59442587.6011,0.0,459299.1914,2301886.7925,8198382.7491999995,0.12479690141131233,5896495.9567,0.08975726641358596,-1827493.2614,3767115.903,0.057343552543646814,2294339.6227,1472776.2803,0.022418801594918637,0.0143,0.0143,102547112,102547112,,,1620586977,15:02:57,20210509
8,2012-06-30,ALU.AX,AUD,2012-06-30,2012-06-30,FY,53994701.207,477872.6327,53516828.5743,0.9911496383530677,6953193.9947,34651162.790699996,1033264.6453,569129.6241,56670591.6984,0.0,274752.2324,3715042.6847,561279.5606,0.010395085963124736,-3153763.1241,-0.05840875222198912,-303208.7136,-3571779.0207,-0.06615054701399008,-9534883.7209,5963104.7002,0.11043870170406515,0.0611,0.0611,97512115,97512115,,,1620586977,15:02:57,20210509
9,2011-06-30,ALU.AX,AUD,2011-06-30,2011-06-30,FY,45013502.1882,1188192.5691,43825309.6191,0.9736036408779702,7689729.025,34730421.8269,1148151.597,-246764.1307,48360182.5123,0.0,73563.6465,5643914.7034,1109041.8102000002,0.024637980967646824,-4534872.8932,-0.1007447248658823,-1332526.3059,-5833876.5248,-0.12960281340493682,804544.1848,-6638420.7096,-0.14747621017900311,-0.068,-0.068,97907214,97907214,,,1620586977,15:02:57,20210509
10,2010-06-30,ALU.AX,AUD,2010-06-30,2010-06-30,FY,52716179.749,1788102.7807,50928076.9683,0.9660805697754697,8170831.8667,40482224.5688,2542531.9723,500997.3014,58979232.6644,0.0,90343.7757,6793382.6116,-1257773.0844999999,-0.023859336744215788,-8051155.6961,-0.15272646338248225,500997.3014,-7590050.4517,-0.14397952370294775,4557080.8401,-12147131.2918,-0.23042510571966143,-0.1361,-0.1361,89162009,89162009,,,1620586977,15:02:57,20210509
11,2009-06-30,ALU.AX,AUD,2009-06-30,2009-06-30,FY,62305891.0526,1303919.152,61001971.9006,0.979072297499137,8040423.9586,44094158.245,3985703.722,1186837.5647,60199654.9175,0.0,16021.6909,5601429.6278,6403746.6109,0.10277915142075116,802316.9831,0.012877064584834626,-521321.1733,276066.0587,0.004430817921646269,691397.5845,-415331.5258,-0.006666007319426153,-0.0047,-0.0047,89162009,89162009,,,1620586977,15:02:57,20210509
12,2008-06-30,ALU.AX,AUD,2008-06-30,2008-06-30,FY,51004570.9536,1518803.2412,49485767.7124,0.9702222131702335,8777269.894,40265946.3952,4499272.8028,3433409.5159,56923955.9525,0.0,3116.5593,4603158.1134,-2835030.1267,-0.05558384422602222,-7438188.2401,-0.1458337576619689,3433409.5159,-3822979.4307,-0.07495366315654042,-915229.5865,-2907749.8442,-0.05700959325479368,-0.03077,-0.03077,93301852,93301852,,,1620586977,15:02:57,20210509
13,2007-06-30,ALU.AX,AUD,2007-06-30,2007-06-30,FY,53020000.0,1442000.0,51578000.0,0.9728027159562429,9870000.0,34899000.0,3302000.0,-428000.0,49824000.0,0.0,7000.0,5266000.0,7020000.0,0.13240286684270086,1754000.0,0.03308185590343267,-428000.0,1580000.0,0.02980007544322897,514000.0,1066000.0,0.020105620520558278,0.011467,0.011467,92370809,92370809,,,1620586977,15:02:57,20210509
14,2006-06-30,ALU.AX,AUD,2006-06-30,2006-06-30,FY,44957000.0,1338000.0,43619000.0,0.9702382276397447,8649000.0,29467000.0,2339000.0,408000.0,42956000.0,0.0,58000.0,5883000.0,6546000.0,0.14560580109882776,663000.0,0.014747425317525636,408000.0,1029000.0,0.022888537936250196,-386000.0,1415000.0,0.03147452009698156,0.01529,0.01529,92140236,92140236,,,1620586977,15:02:57,20210509
15,2005-06-30,ALU.AX,AUD,2005-06-30,2005-06-30,FY,39955000.0,1488000.0,38467000.0,0.9627581028657239,4000.0,25824000.0,4178000.0,-4016000.0,37019000.0,0.0,14000.0,5691000.0,7139000.0,0.1786760105118258,1448000.0,0.03624077086722563,-4016000.0,-3455000.0,-0.08647228131648105,-3455000.0,-1091000.0,-0.027305718933800526,-0.011467,-0.011467,92140236,92140236,,,1620586977,15:02:57,20210509
16,2004-06-30,ALU.AX,AUD,2004-06-30,2004-06-30,FY,40416000.0,1308000.0,39108000.0,0.9676365795724465,306000.0,23252000.0,5613000.0,-3313000.0,40934000.0,0.0,21000.0,10330000.0,8504000.0,0.21041171813143308,-1826000.0,-0.04518012668250198,-86636000.0,-88515000.0,-2.1900979809976246,-88515000.0,-88020000.0,-2.177850356294537,-0.954647,-0.954647,92226038,92226038,,,1620586977,15:02:57,20210509
17,2003-06-30,ALU.AX,AUD,2003-06-30,2003-06-30,FY,46558000.0,1244000.0,45314000.0,0.9732806392027149,116000.0,23436000.0,5224000.0,-1015000.0,44455000.0,0.0,116000.0,9599000.0,10458000.0,0.2246230508183341,859000.0,0.018450105245070663,-1015000.0,-2590000.0,-0.05562953735126079,-2590000.0,-6976000.0,-0.14983461488895572,-0.074537,-0.074537,93867783,93867783,,,1620586977,15:02:57,20210509
18,2002-06-30,ALU.AX,AUD,2002-06-30,2002-06-30,FY,52045000.0,326000.0,51719000.0,0.9937361898357191,6481000.0,26907000.0,5158000.0,-4822000.0,40994000.0,0.0,99000.0,7625000.0,18350000.0,0.35257949851090403,10725000.0,0.20607166874819868,-4822000.0,3654000.0,0.07020847343644923,3654000.0,2253000.0,0.04328946104332789,0.024846,0.024846,91681900,91681900,,,1620586977,15:02:57,20210509
19,2001-06-30,ALU.AX,AUD,2001-06-30,2001-06-30,FY,57876000.0,1792000.0,57876000.0,1.0,0.0,17792000.0,0.0,-33145000.0,0.0,0.0,10000.0,4636000.0,57876000.0,1.0,53240000.0,0.9198977123505425,-33145000.0,20085000.0,0.3470350404312669,20085000.0,12598000.0,0.21767226484207616,0.156719,0.154808,80549319,81378414,,,1620586977,15:02:57,20210509
20,2000-06-30,ALU.AX,AUD,2000-06-30,2000-06-30,FY,0.0,0.0,0.0,0.0,0.0,0.0,0.0,0.0,0.0,0.0,142000.0,0.0,11382000.0,0.0,0.0,0.0,0.0,11240000.0,0.0,11240000.0,8018000.0,0.0,0.122317,0.11085,65747023,72332037,,,1620586977,15:02:57,20210509
21,1999-06-30,ALU.AX,AUD,1999-06-30,1999-06-30,FY,0.0,0.0,0.0,0.0,0.0,0.0,0.0,0.0,0.0,0.0,80565.0,0.0,5263449.0,0.0,0.0,0.0,0.0,5182884.0,0.0,5182884.0,3810626.0,0.0,0.082182,0.074537,46462824,51128962,,,1620586977,15:02:57,20210509
22,1998-06-30,ALU.AX,AUD,1998-06-30,1998-06-30,FY,0.0,0.0,0.0,0.0,0.0,0.0,0.0,0.0,0.0,0.0,68516.0,0.0,3291183.0,0.0,0.0,0.0,0.0,3222667.0,0.0,3222667.0,2307769.0,0.0,0.04726,0.035166,48831128,48831128,,,1620586977,15:02:57,20210509
