,date,symbol,reportedCurrency,fillingDate,acceptedDate,period,revenue,costOfRevenue,grossProfit,grossProfitRatio,researchAndDevelopmentExpenses,generalAndAdministrativeExpenses,sellingAndMarketingExpenses,otherExpenses,operatingExpenses,costAndExpenses,interestExpense,depreciationAndAmortization,ebitda,ebitdaratio,operatingIncome,operatingIncomeRatio,totalOtherIncomeExpensesNet,incomeBeforeTax,incomeBeforeTaxRatio,incomeTaxExpense,netIncome,netIncomeRatio,eps,epsdiluted,weightedAverageShsOut,weightedAverageShsOutDil,link,finalLink,timestamp,est_time,est_date
0,2020-12-31,1813.HK,CNY,2020-12-31,2020-12-31,FY,29742063000,20383239000,9358824000,0.3146662691152258,0.0,1560784000,1222410000,496126000.0,0.0,22749274000,1034243000.0,291878000.0,7284667000,0.24492810064991122,6992789000,0.3383392739098159,0.0,10062908000,0.3383392739098159,3397779000,6676592000,0.2244831503450181,2.1,2.1,3177056096,3181197036,https://www1.hkexnews.hk/search/titlesearch.xhtml,https://www1.hkexnews.hk/search/titlesearch.xhtml,1620585354,14:35:54,20210509
1,2019-12-31,1813.HK,CNY,2019-12-31,2019-12-31,FY,24956261000,17090481000,7865780000,0.315182630923759,0.0,1726064000,1007351000,492270000.0,2371766000.0,19462247000,1531336000.0,263097000.0,5757111000,0.23068804257176184,5494014000,0.22014571814263362,0.0,13619053000,0.5457168844323275,3562969000,9805813000,0.39291995704003896,3.089123081941046,3.0850131211388416,3174303108,3178532024,https://www1.hkexnews.hk/search/titlesearch.xhtml,https://www1.hkexnews.hk/search/titlesearch.xhtml,1620585354,14:35:54,20210509
2,2018-12-31,1813.HK,CNY,2018-12-31,2018-12-31,FY,7477471000,5026202000,2451269000,0.3278205960277211,0.0,1313835000,532080000,156587000.0,1634122000.0,6660324000,1070059000.0,157677000.0,974824000,0.1303681418490289,817147000,0.10928119948576197,0.0,5391230000,0.7209964438511363,1236396000,4035415000,0.5396764494305628,1.28,1.27,3162393416,3166442935,https://www1.hkexnews.hk/search/titlesearch.xhtml,https://www1.hkexnews.hk/search/titlesearch.xhtml,1620585354,14:35:54,20210509
3,2017-12-31,1813.HK,CNY,2017-12-31,2017-12-31,FY,11543072000,7523140000,4019932000,0.3482549532741371,0.0,936814000,432506000,113172000.0,1674688000.0,9197828000,329505000.0,147278000.0,2492522000,0.21593229254742585,2345244000,0.2031732973683262,0.0,5555028000,0.481243467943369,1950015000,3620071000,0.31361417480545906,1.17,1.17,3097952915,3097952915,https://www1.hkexnews.hk/search/titlesearch.xhtml,https://www1.hkexnews.hk/search/titlesearch.xhtml,1620585354,14:35:54,20210509
4,2016-12-31,1813.HK,CNY,2016-12-31,2016-12-31,FY,8865329000,5794980000,3070349000,0.34633221169795275,0.0,969196000,322768000,83222000.0,1337770000.0,7132750000,159875000.0,149892000.0,1882471000,0.21234079412055662,1732579000,0.19543313056966075,0.0,4527499000,0.5106972341353604,1065893000,3464714000,0.3908161783956354,1.146764264208981,1.1466714931058626,3021295752,3021540189,https://www1.hkexnews.hk/search/titlesearch.xhtml,https://www1.hkexnews.hk/search/titlesearch.xhtml,1620585354,14:35:54,20210509
5,2015-12-31,1813.HK,CNY,2015-12-31,2015-12-31,FY,8339756000,5330338000,3009418000,0.36085204411256155,0.0,774677000,276532000,54344000.0,1081949000.0,6412287000,10451000.0,159123000.0,2086592000,0.25019820723771774,1927469000,0.2311181526174147,0.0,4662353000,0.5590514878372941,1249168000,3416248000,0.4096340468474138,1.1509683245960043,1.1505561394727974,2968151188,2969214524,https://www1.hkexnews.hk/search/titlesearch.xhtml,https://www1.hkexnews.hk/search/titlesearch.xhtml,1620585354,14:35:54,20210509
6,2014-12-31,1813.HK,CNY,2014-12-31,2014-12-31,FY,10465788000,6748208000,3717580000,0.35521262230803835,0.0,794247000,298451000,49016000.0,1405670000.0,8153878000,6083000.0,153783000.0,2465693000,0.23559554235189936,2311910000,0.2209016655028747,0.0,4645572000,0.443881722045201,1377431000,3272225000,0.31265920922533497,1.1222244219174038,1.122026020480261,2915838344,2916353935,https://www1.hkexnews.hk/search/titlesearch.xhtml,https://www1.hkexnews.hk/search/titlesearch.xhtml,1620585354,14:35:54,20210509
7,2013-12-31,1813.HK,CNY,2013-12-31,2013-12-31,FY,9468002000,6035968000,3432034000,0.36248767163336043,0.0,753026000,261138000,28745000.0,1015062000.0,7051030000,214291000.0,71373000.0,2488345000,0.2628162731693551,2416972000,0.25527793509126845,0.0,3703803000,0.3911916157178674,954550000,2749769000,0.29042758968576476,0.9504412145930906,0.9502402703805125,2893150000,2893761805,https://www1.hkexnews.hk/search/titlesearch.xhtml,https://www1.hkexnews.hk/search/titlesearch.xhtml,1620585354,14:35:54,20210509
8,2012-12-31,1813.HK,CNY,2012-12-31,2012-12-31,FY,9676422000,6140564000,3535858000,0.36540965245211504,0.0,642557000,250981000,26179000.0,894856000.0,7035420000,70375000.0,80898000.0,2721900000,0.2812919899524845,2641002000,0.2729316683377389,0.0,3765987000,0.3891921001378402,1333017000,2406368000,0.24868365600425446,0.8317467120612482,0.8317445165190631,2893150000,2893157637,https://www1.hkexnews.hk/search/titlesearch.xhtml,https://www1.hkexnews.hk/search/titlesearch.xhtml,1620585354,14:35:54,20210509
9,2011-12-31,1813.HK,CNY,2011-12-31,2011-12-31,FY,10122595000,5650499000,4472096000,0.44179343340319355,0.0,532574000,231813000,33998000.0,429986000.0,6080485000,124979000.0,37398000.0,4079508000,0.40301009770715907,4042110000,0.39931559051804405,0.0,3979935000,0.39317339081529984,1876028000,2103368000,0.20778940577984203,0.73,0.73,2893150000,2893150000,https://www1.hkexnews.hk/search/titlesearch.xhtml,https://www1.hkexnews.hk/search/titlesearch.xhtml,1620585354,14:35:54,20210509
10,2010-12-31,1813.HK,CNY,2010-12-31,2010-12-31,FY,7465911000,4368278000,3097633000,0.4149035529622574,0.0,413836000,242805000,0.0,583104000.0,4951382000,19974000.0,34127000.0,2548656000,0.34137240585911083,2514529000,0.33680136288793155,0.0,2507663000,0.3358817162433359,1225889000,1281772000,0.17168326812360876,0.44,0.44,2893150000,2893150000,https://www1.hkexnews.hk/search/titlesearch.xhtml,https://www1.hkexnews.hk/search/titlesearch.xhtml,1620585354,14:35:54,20210509
11,2009-12-31,1813.HK,CNY,2009-12-31,2009-12-31,FY,4266572000,2650267000,1616305000,0.3788298896631769,0.0,281988000,188494000,0.0,402813000.0,3053080000,9024000.0,17526000.0,1231018000,0.2885262454260704,1213492000,0.2844184980354252,0.0,1269482000,0.29754144545082095,548025000,720078000,0.1687720258793242,0.26,0.26,2735117000,2735117000,https://www1.hkexnews.hk/search/titlesearch.xhtml,https://www1.hkexnews.hk/search/titlesearch.xhtml,1620585354,14:35:54,20210509
12,2008-12-31,1813.HK,CNY,2008-12-31,2008-12-31,FY,1574214000,746413000,827801000,0.5258503608785082,0.0,170908000,89514000,0.0,135105000.0,881518000,0.0,9256000.0,701952000,0.4459063380201167,692696000,0.440026578343224,0.0,703278000,0.4467486631423682,337108000,368532000,0.2341054011716323,0.14,0.14,2593750000,2593750000,https://www1.hkexnews.hk/search/titlesearch.xhtml,https://www1.hkexnews.hk/search/titlesearch.xhtml,1620585354,14:35:54,20210509
13,2007-12-31,1813.HK,CNY,2007-12-31,2007-12-31,FY,3868136000,1809200000,2058936000,0.5322811814269198,0.0,148099000,65437000,0.0,8073000.0,1817273000,18749000.0,6193000.0,2057056000,0.5317951592188072,2050863000,0.5301941296789978,0.0,4320598000,1.1169715852803521,1637788000,2683055000,0.6936299550998207,1.2,1.2,2231849315,2231849315,https://www1.hkexnews.hk/search/titlesearch.xhtml,https://www1.hkexnews.hk/search/titlesearch.xhtml,1620585354,14:35:54,20210509
14,2006-12-31,1813.HK,CNY,2006-12-31,2006-12-31,FY,654632000,452404000,202228000,0.3089185985408596,0.0,51265000,32572000,0.0,59167000.0,511571000,15455000.0,3155000.0,146216000,0.22335602292585757,143061000,0.21853652128218604,0.0,279136000,0.4264013980373706,121980000,157156000,0.24006770215938114,0.09,0.09,1711130000,1711130000,https://www1.hkexnews.hk/search/titlesearch.xhtml,https://www1.hkexnews.hk/search/titlesearch.xhtml,1620585354,14:35:54,20210509
