,date,symbol,reportedCurrency,fillingDate,acceptedDate,period,revenue,costOfRevenue,grossProfit,grossProfitRatio,researchAndDevelopmentExpenses,generalAndAdministrativeExpenses,sellingAndMarketingExpenses,otherExpenses,operatingExpenses,costAndExpenses,interestExpense,depreciationAndAmortization,ebitda,ebitdaratio,operatingIncome,operatingIncomeRatio,totalOtherIncomeExpensesNet,incomeBeforeTax,incomeBeforeTaxRatio,incomeTaxExpense,netIncome,netIncomeRatio,eps,epsdiluted,weightedAverageShsOut,weightedAverageShsOutDil,link,finalLink,timestamp,est_time,est_date
0,2020-06-30,AVH.AX,USD,2020-06-30,2020-06-30,FY,14263000.0,2973000.0,11290000.0,0.7915585781392414,8461000.0,34621000.0,14813000.0,686000.0,53969000.0,56942000.0,33000.0,465000.0,-42214000.0,-2.9596859005819254,-42679000.0,-2.9922877375026293,686000.0,-42026000.0,-2.946504942859146,4000.0,-42030000.0,-2.9467853887681414,-0.414,-0.414,101454830.0,101454830.0,,,1620588970,15:36:10,20210509
1,2019-06-30,AVH.AX,AUD,2019-06-30,2019-06-30,FY,5396390.452979,1189051.600975,4207338.852004,0.7796579748378657,10058264.700115,12667026.640894001,12309685.687873,319841.303191,29250771.073199,30439822.674174,26451.102334,264729.529092,-24778702.692103002,-4.591717909964109,-25043432.221195,-4.6407746880825,319841.303191,-24750042.020338,-4.5864068280446775,-125965.067092,-24624076.953245,-4.563064360854695,-0.389388,-0.389388,63332705.0,63332705.0,,,1620588970,15:36:10,20210509
2,2018-06-30,AVH.AX,AUD,2018-06-30,2018-06-30,FY,880673.620804,375851.024756,504822.596048,0.5732232510690266,9260359.215456,5285910.526702999,6564637.47888,50405.494748,13688530.816132,14064381.840887,19529.861162,143546.0,-13040162.220084,-14.807031699415667,-13183708.220084,-14.970027384319856,50405.494748,-13152832.586498,-14.934968274047185,-1017994.56402,-12134838.022479,-13.779041106511912,-0.258576,-0.258576,46830110.0,46830110.0,,,1620588970,15:36:10,20210509
3,2017-06-30,AVH.AX,AUD,2017-06-30,2017-06-30,FY,907257.246488,388556.235207,518701.011281,0.5717242968175738,3605845.602926,9286861.801862001,2609411.21323,5246983.831802,15502118.618019,15890674.853226,9800.817631,139703.0,-14843714.606738,-16.361086851825252,-14983417.606738,-16.51507074177575,5246983.831802,-9651170.350106,-10.637744021848,-805518.243015,-8845652.107091,-9.74988311345276,-0.233805,-0.233805,38266630.0,38266630.0,,,1620588970,15:36:10,20210509
4,2016-06-30,AVH.AX,AUD,2016-06-30,2016-06-30,FY,748280.1625,299883.502106,448396.660394,0.5992363326804083,2582241.538967,5577601.786301,2585428.055083,1817780.117693,10745271.380351,11045154.882457,15.682409,0.0,-8396676.822893,-11.221300849189623,-10296874.719957,-13.760721232479552,1817780.117693,-8396692.505302,-11.221321807127289,-725782.626878,-5808476.715357,-7.762435791363105,-0.228518,-0.228518,28595420.0,28595420.0,,,1620588970,15:36:10,20210509
5,2015-06-30,AVH.AX,AUD,2015-06-30,2015-06-30,FY,2109386.552946,579308.625688,1530077.927258,0.7253663038294574,1787568.454801,3407406.15748,2463544.463023,4607.372409,7658519.075304,8237827.700992,9.971007,62624.0,-6065817.148046,-2.8756308982696375,-6128441.148046,-2.9053191504833147,140788.323183,-5952817.193085,-2.822060842651722,-501363.727009,-5451453.466076,-2.5843785997698814,-0.261282,-0.261282,20833475.0,20833475.0,,,1620588970,15:36:10,20210509
6,2014-06-30,AVH.AX,AUD,2014-06-30,2014-06-30,FY,2526157.568682,631642.721299,1894514.847384,0.7499590963252724,738238.838571,5482071.101738,2479351.121321,384675.278212,8699661.06163,9331303.782929,24172.896228,63711.0,-6741435.214247,-2.6686519074755433,-6805146.214247,-2.6938724245129033,384675.278212,-6269523.791591,-2.4818419362740176,-1423278.475531,-4846245.31606,-1.9184255868047395,-0.252112,-0.252112,19194520.0,19194520.0,,,1620588970,15:36:10,20210509
7,2013-06-30,AVH.AX,AUD,2013-06-30,2013-06-30,FY,2568960.63955,617375.909178,1951584.730372,0.7596787199954358,2373715.286967,5048477.326447,3094316.325506,752832.254944,10583128.758772,11200504.66795,83.046625,66619.819853,-8564924.208547,-3.3340036731926346,-8631544.0284,-3.35993626975615,752832.254944,-7502480.447539,-2.9204341756101,-116862.115225,-7385618.332314,-2.8749441383452745,-0.416055,-0.416055,17731150.0,17731150.0,,,1620588970,15:36:10,20210509
8,2012-06-30,AVH.AX,AUD,2012-06-30,2012-06-30,FY,3430693.656999,975138.669996,2455554.987003,0.7157604940894073,991785.209898,5646409.931023,2994082.731236,856321.509712,9649288.74061,10624427.410606,68.567452,521931.350676,-6671802.402931,-1.9447386068178296,-7193733.753607,-2.096874414575308,-1256874.142907,-7940968.540844,-2.3146830742650346,-89809.034529,-7767698.589762,-2.2641772674499876,-0.558492,-0.558492,14053740.0,14053740.0,,,1620588970,15:36:10,20210509
9,2011-06-30,AVH.AX,AUD,2011-06-30,2011-06-30,FY,3335596.2636,972784.985999,2362811.277601,0.7083624908042363,255537.267811,5253684.0305240005,2151676.891178,852268.986598,7719920.697689,8692705.683689,12898.916273,650877.455486,-4706231.964601999,-1.4109117509091813,-5357109.420088,-1.6060425173597737,3234443.066926,-2010575.422696,-0.6027634233305117,-90091.486224,-1920483.936473,-0.5757543133833243,-0.306116,-0.306116,6803415.0,6803415.0,,,1620588970,15:36:10,20210509
10,2010-06-30,AVH.AX,AUD,2010-06-30,2010-06-30,FY,2296535.928271,669448.859049,1627087.069222,0.7084962395720018,164788.169804,3396904.7720220005,1153959.121234,396922.619301,4743700.335699,5413149.194748,37650.108358,517571.070412,-2599042.196065,-1.1317228544391853,-3116613.266477,-1.3570931889680535,-2306047.677729,-5335608.71967,-2.3233290862063876,-330413.461947,-5115449.793906,-2.2274634291296653,-0.786436,-0.786436,6365040.0,6365040.0,,,1620588970,15:36:10,20210509
11,2009-06-30,AVH.AX,AUD,2009-06-30,2009-06-30,FY,1961251.089518,824230.880976,1137020.208542,0.5797422954250269,181847.015528,3866663.1694480004,1374769.183588,41734.996933,5509154.372599,6333385.253575,78499.370501,491493.688866,-3880640.4751909995,-1.9786556121912526,-4372134.164057,-2.2292577362603287,41734.996933,-4138790.070052,-2.110280571504567,0.0,-4138790.070052,-2.110280571504567,-0.750915,-0.750915,5515340.0,5515340.0,,,1620588970,15:36:10,20210509
12,2008-06-30,AVH.AX,AUD,2008-06-30,2008-06-30,FY,1202234.957568,492314.463122,709920.494446,0.5905006255034353,163829.278327,3976644.8847600003,1390615.283053,7306.665646,5753054.410119,6245368.873241,53200.792185,221964.963979,-4821168.951692999,-4.0101719895466506,-5043133.915672,-4.194798931711111,-7575185.84782,-12003312.25304,-9.984165056489033,-342229.791142,-11661082.461898,-9.699503735515389,-3.301355,-3.301355,3532240.0,3532240.0,,,1620588970,15:36:10,20210509
13,2007-06-30,AVH.AX,AUD,2007-06-30,2007-06-30,FY,790993.214589,1128692.111959,-337698.897371,-0.42693020767121037,620672.603902,5358181.509754,1921328.244275,4266542.0,8752803.22307,9881495.33503,0.0,852620.86514,-8237881.255301001,-10.414604200595328,-9090502.120441,-11.492515931586626,-4547294.317218,-13094383.375742,-16.55435613634921,-316553.859203,-12777829.516539,-16.15415819107672,-0.648307,-0.648307,19715540.0,19715540.0,,,1620588970,15:36:10,20210509
14,2006-06-30,AVH.AX,AUD,2006-06-30,2006-06-30,FY,883386.266158,1060241.017498,-176854.751339,-0.20020092921318777,1330311.957377,5643139.015450001,1901806.889182,85294.073997,9621195.144032,10681436.161529,4855.9683,745937.282023,-9052112.613348,-10.247060612247468,-9798049.895371,-11.091467312463909,85294.073997,-9197114.9137,-10.41120432367581,-311918.048114,-8885196.865585,-10.058110710989725,-0.686662,-0.686662,12934395.0,12934395.0,,,1620588970,15:36:10,20210509
15,2004-06-30,AVH.AX,AUD,2004-06-30,2004-06-30,FY,389079.290503,940259.803819,-551180.513315,-1.4166277331348995,425967.098042,2210154.442044,838557.375674,240352.091505,4865307.520747,5805567.324566,9953.087093,702812.676972,-4713675.357091,-12.114947960856979,-5416488.034063,-13.92129616320773,240352.091505,-4984436.241095,-12.810849517719491,-7129289.0,-4984436.241095,-12.810849517719491,-0.592458,-0.592458,8413140.0,8413140.0,,,1620588970,15:36:10,20210509
16,2002-12-31,AVH.AX,AUD,2002-12-31,2002-12-31,FY,194319.156931,98983.180128,95335.976803,0.4906154303502483,0.0,837732.261737,122353.211704,-1524605.582694,-73001.833977,25981.346151,2281.535157,111833.360441,280171.17122200003,1.4418093184784908,168337.810781,0.8662954977762403,-1819049.809031,-1507844.039013,-7.759626291238049,-2688501.0,-1544363.183605,-7.947560127349572,-0.383062,-0.383062,4030155.0,4030155.0,,,1620588970,15:36:10,20210509
17,2001-12-31,AVH.AX,AUD,2001-12-31,2001-12-31,FY,0.0,0.0,0.0,0.0,0.0,72485.27355,0.0,-448690.188151,968420.0586,968420.0586,3.573142,262000.142926,-706419.915674,0.0,-968420.0586,0.0,-448690.188151,-1290982.409931,0.0,-2529112.0,-1121723.683808,0.0,-0.109869,-0.109869,9984495.0,9984495.0,,,1620588970,15:36:10,20210509
18,2000-12-31,AVH.AX,AUD,2000-12-31,2000-12-31,FY,0.0,0.0,0.0,0.0,0.0,569486.389689,0.0,-2078217.0,660864.576429,660864.576429,0.0,77460.411178,-583404.165251,0.0,-660864.576429,0.0,-1159239.248495,-1633593.266976,0.0,-2935000.0,-1535399.063125,0.0,-0.153873,-0.153873,9960250.0,9960250.0,,,1620588970,15:36:10,20210509
19,1999-12-31,AVH.AX,AUD,1999-12-31,1999-12-31,FY,0.0,0.0,0.0,0.0,0.0,235701.52886,0.0,28269.189253,235701.52886,235701.52886,0.0,0.0,359648.434178,0.0,-235701.52886,0.0,-567080.773785,-812058.825454,0.0,0.0,-812058.825454,0.0,-0.263878,-0.263878,3072650.0,3072650.0,,,1620588970,15:36:10,20210509
20,1998-12-31,AVH.AX,AUD,1998-12-31,1998-12-31,FY,582969.485572,0.0,582969.485572,1.0,0.0,371784.0,0.0,-956000.0,371784.0,0.0,0.0,0.0,582969.485572,1.0,582969.485572,1.0,-956000.0,-563078.39598,-0.9658797071128291,-923381.0,-563078.39598,-0.9658797071128291,-0.413396,-0.413396,1248485.0,1248485.0,,,1620588970,15:36:10,20210509
21,1997-12-31,AVH.AX,AUD,1997-12-31,1997-12-31,FY,0.0,0.0,0.0,0.0,0.0,97159.268318,0.0,-1555326.290591,97159.268318,97159.268318,0.0,0.0,-2289632.337635,0.0,-97159.268318,0.0,-1555326.290591,-2289632.337635,0.0,0.0,-2289632.337635,0.0,-1.830093,-1.830093,47133.0,47133.0,,,1620588970,15:36:10,20210509
22,1996-12-31,AVH.AX,AUD,1996-12-31,1996-12-31,FY,0.0,0.0,0.0,0.0,0.0,138813.966818,0.0,1521409.578703,138813.966818,138813.966818,258334.394803,0.0,440172.913416,0.0,-138813.966818,0.0,1523989.746203,184418.686113,0.0,0.0,184418.686113,0.0,-0.148416,-0.148416,47133.0,47133.0,,,1620588970,15:36:10,20210509
23,1995-12-31,AVH.AX,AUD,1995-12-31,1995-12-31,FY,0.0,0.0,0.0,0.0,0.0,126546.472331,0.0,910390.209769,126546.472331,126546.472331,0.0,0.0,-1286307.671694,0.0,-126546.472331,0.0,911134.600783,-1285563.28068,0.0,0.0,-1285563.28068,0.0,-1.034506,-1.034506,47133.0,47133.0,,,1620588970,15:36:10,20210509
24,1994-12-31,AVH.AX,AUD,1994-12-31,1994-12-31,FY,0.0,0.0,0.0,0.0,0.0,278478.066943,0.0,40336.655936,278478.066943,278478.066943,775.704922,0.0,-2234805.879843,0.0,-278478.066943,0.0,99290.229997,-2176628.010705,0.0,-238917.115929,-1937710.894776,0.0,-1.630182,-1.630182,46019.0,46019.0,,,1620588970,15:36:10,20210509
25,1993-12-31,AVH.AX,AUD,1993-12-31,1993-12-31,FY,0.0,0.0,0.0,0.0,0.0,207929.777982,0.0,16932.392344,207929.777982,207929.777982,0.0,0.0,-158487.192338,0.0,-207929.777982,0.0,158487.192338,-16932.392344,0.0,208607.073676,-225539.46602,0.0,-0.191696,-0.191696,44551.0,44551.0,,,1620588970,15:36:10,20210509
