,date,symbol,reportedCurrency,fillingDate,acceptedDate,period,revenue,costOfRevenue,grossProfit,grossProfitRatio,researchAndDevelopmentExpenses,generalAndAdministrativeExpenses,sellingAndMarketingExpenses,otherExpenses,operatingExpenses,costAndExpenses,interestExpense,depreciationAndAmortization,ebitda,ebitdaratio,operatingIncome,operatingIncomeRatio,totalOtherIncomeExpensesNet,incomeBeforeTax,incomeBeforeTaxRatio,incomeTaxExpense,netIncome,netIncomeRatio,eps,epsdiluted,weightedAverageShsOut,weightedAverageShsOutDil,link,finalLink,timestamp,est_time,est_date
0,2020-06-30,GLNS,USD,2020-09-28,2020-09-28 17:19:02,FY,0.0,0.0,0.0,0.0,0.0,34662.0,0.0,34584.0,34662.0,34584.0,0.0,0.0,-34584.0,0.0,-34584.0,0.0,0.0,-34584.0,0.0,0.0,-34584.0,0.0,-0.004891654879773692,-0.004891654879773692,7070000.0,7070000.0,https://www.sec.gov/Archives/edgar/data/1375348/000149315220018487/0001493152-20-018487-index.htm,https://www.sec.gov/Archives/edgar/data/1375348/000149315220018487/form10-k.htm,1620592608,16:36:48,20210509
1,2019-06-30,GLNS,USD,2019-09-30,2019-09-30,FY,0.0,0.0,0.0,0.0,0.0,32847.0,0.0,32892.0,32847.0,32892.0,0.0,0.0,-32892.0,0.0,-32892.0,0.0,0.0,-32892.0,0.0,0.0,-32892.0,0.0,-0.0046523338048090526,-0.0046523338048090526,7070000.0,7070000.0,https://www.sec.gov/Archives/edgar/data/1375348/000149315219014707/0001493152-19-014707-index.htm,https://www.sec.gov/Archives/edgar/data/1375348/000149315219014707/form10-k.htm,1620592608,16:36:48,20210509
2,2018-06-30,GLNS,USD,2018-09-28,2018-09-28,FY,0.0,0.0,0.0,0.0,0.0,34772.0,0.0,36342.0,34772.0,36342.0,0.0,0.0,-36342.0,0.0,-36342.0,0.0,0.0,-36342.0,0.0,0.0,-36342.0,0.0,-0.01,-0.01,7070000.0,7070000.0,https://www.sec.gov/Archives/edgar/data/1375348/000149315218013874/0001493152-18-013874-index.htm,https://www.sec.gov/Archives/edgar/data/1375348/000149315218013874/form10-k.htm,1620592608,16:36:48,20210509
3,2017-06-30,GLNS,USD,2017-09-28,2017-09-28,FY,0.0,0.0,0.0,0.0,0.0,0.0,0.0,19302.0,17628.0,19302.0,0.0,0.0,-19302.0,0.0,-19302.0,0.0,0.0,-19302.0,0.0,0.0,-19302.0,0.0,-0.0027301272984441302,-0.0027301272984441302,7070000.0,7070000.0,https://www.sec.gov/Archives/edgar/data/1375348/000149315217011043/0001493152-17-011043-index.htm,https://www.sec.gov/Archives/edgar/data/1375348/000149315217011043/form10-k.htm,1620592608,16:36:48,20210509
4,2016-06-30,GLNS,USD,2016-09-30,2016-09-30,FY,0.0,0.0,0.0,0.0,0.0,0.0,0.0,29683.0,33058.0,29683.0,41.0,0.0,-29683.0,0.0,-29683.0,0.0,0.0,-29683.0,0.0,0.0,-29683.0,0.0,-0.004198444130127299,-0.004198444130127299,7070000.0,7070000.0,https://www.sec.gov/Archives/edgar/data/1375348/000149315216013729/0001493152-16-013729-index.htm,https://www.sec.gov/Archives/edgar/data/1375348/000149315216013729/form10-ka.htm,1620592608,16:36:48,20210509
5,2015-06-30,GLNS,USD,2016-04-15,2016-04-15,FY,0.0,0.0,0.0,0.0,0.0,0.0,0.0,57136.0,45073.0,57136.0,8580.0,0.0,-57136.0,0.0,-57136.0,0.0,0.0,-57136.0,0.0,0.0,-57136.0,0.0,-0.01,-0.01,7070000.0,7070000.0,https://www.sec.gov/Archives/edgar/data/1375348/000149315216008952/0001493152-16-008952-index.htm,https://www.sec.gov/Archives/edgar/data/1375348/000149315216008952/form10-ka.htm,1620592608,16:36:48,20210509
6,2014-06-30,GLNS,USD,2014-09-26,2014-09-26,FY,0.0,0.0,0.0,0.0,0.0,38483.0,0.0,53610.0,38483.0,53610.0,15127.0,0.0,-53610.0,0.0,-53610.0,0.0,0.0,-53610.0,0.0,0.0,-53610.0,0.0,-0.01,-0.01,7070000.0,7070000.0,https://www.sec.gov/Archives/edgar/data/1375348/000119983514000481/0001199835-14-000481-index.htm,https://www.sec.gov/Archives/edgar/data/1375348/000119983514000481/gnls_10k-16149.htm,1620592608,16:36:48,20210509
7,2013-06-30,GLNS,USD,2013-09-30,2013-09-30,FY,0.0,0.0,0.0,0.0,0.0,107338.0,0.0,112432.0,110515.0,125932.0,15178.0,0.0,-125932.0,0.0,-125932.0,0.0,0.0,-125932.0,0.0,0.0,-125932.0,0.0,-0.02,-0.02,7070000.0,7070000.0,https://www.sec.gov/Archives/edgar/data/1375348/000119983513000621/0001199835-13-000621-index.htm,https://www.sec.gov/Archives/edgar/data/1375348/000119983513000621/goldenstar_10k-15707.htm,1620592608,16:36:48,20210509
8,2012-06-30,GLNS,USD,2012-06-30,2012-06-30,FY,0.0,0.0,0.0,0.0,0.0,96509.0,0.0,0.0,96509.0,0.0,0.0,0.0,0.0,0.0,0.0,0.0,0.0,0.0,0.0,0.0,0.0,0.0,0.0,0.0,7070000.0,7070000.0,,,1620592608,16:36:48,20210509
