,date,symbol,reportedCurrency,fillingDate,acceptedDate,period,revenue,costOfRevenue,grossProfit,grossProfitRatio,researchAndDevelopmentExpenses,generalAndAdministrativeExpenses,sellingAndMarketingExpenses,otherExpenses,operatingExpenses,costAndExpenses,interestExpense,depreciationAndAmortization,ebitda,ebitdaratio,operatingIncome,operatingIncomeRatio,totalOtherIncomeExpensesNet,incomeBeforeTax,incomeBeforeTaxRatio,incomeTaxExpense,netIncome,netIncomeRatio,eps,epsdiluted,weightedAverageShsOut,weightedAverageShsOutDil,link,finalLink,timestamp,est_time,est_date
0,2020-03-31,BAB.L,GBP,2020-03-31,2020-03-31,FY,4449500000,3940500000.0,509000000.0,0.1143948758287448,0.0,344300000.0,9300000.0,0.0,353600000,4294100000,73900000.0,-248000000.0,-92600000,-0.020811327115406224,155400000.0,0.03492527250252837,0.0,-178200000.0,-0.04004944375772559,15000000.0,-195200000.0,-0.043870097763793685,-0.38631695124108517,-0.3856508387284394,505284584,506157333,https://find-and-update.company-information.service.gov.uk/search/companies?q=Babcock+International+Group+PLC,https://find-and-update.company-information.service.gov.uk/search/companies?q=Babcock+International+Group+PLC,1620589083,15:38:03,20210509
1,2019-03-31,BAB.L,GBP,2019-03-31,2019-03-31,FY,4474800000,3928300000.0,546500000.0,0.12212836327880576,0.0,338100000.0,11900000.0,0.0,350000000,4278300000,46900000.0,-22900000.0,173600000,0.038795029945472424,196500000.0,0.0439125770984178,0.0,235200000.0,0.052561008313220706,35400000.0,199400000.0,0.04456065075534102,0.395,0.394,505165728,506113430,https://find-and-update.company-information.service.gov.uk/search/companies?q=Babcock+International+Group+PLC,https://find-and-update.company-information.service.gov.uk/search/companies?q=Babcock+International+Group+PLC,1620589083,15:38:03,20210509
2,2018-03-31,BAB.L,GBP,2018-03-31,2018-03-31,FY,4659600000,3971700000.0,687900000.0,0.14763069791398403,0.0,304500000.0,12800000.0,0.0,317300000,4289000000,50400000.0,104300000.0,474900000,0.10191861962400206,370600000.0,0.0795347240106447,0.0,391100000.0,0.08393424328268521,53400000.0,336300000.0,0.07217357713108422,0.666,0.665,504881495,505739645,https://find-and-update.company-information.service.gov.uk/search/companies?q=Babcock+International+Group+PLC,https://find-and-update.company-information.service.gov.uk/search/companies?q=Babcock+International+Group+PLC,1620589083,15:38:03,20210509
3,2017-03-31,BAB.L,GBP,2017-03-31,2017-03-31,FY,4547100000,3883000000.0,664100000.0,0.1460491302148622,0.0,291500000.0,13000000.0,-6400000.0,304500000,4187500000,57100000.0,205000000.0,564600000,0.1241670515273471,359600000.0,0.07908337181940138,0.0,362100000.0,0.07963317279144949,46500000.0,311800000.0,0.06857117723384135,0.618,0.617,504571769,505309020,https://find-and-update.company-information.service.gov.uk/search/companies?q=Babcock+International+Group+PLC,https://find-and-update.company-information.service.gov.uk/search/companies?q=Babcock+International+Group+PLC,1620589083,15:38:03,20210509
4,2016-03-31,BAB.L,GBP,2016-03-31,2016-03-31,FY,4158400000,3549300000.0,609100000.0,0.14647460561754522,0.0,246800000.0,9800000.0,-5100000.0,256600000,3805900000,63200000.0,115800000.0,468300000,0.11261542901115813,352500000.0,0.0847681800692574,0.0,330100000.0,0.07938149288187765,39000000.0,286600000.0,0.06892073874567141,0.57,0.568,503165719,504238455,https://find-and-update.company-information.service.gov.uk/search/companies?q=Babcock+International+Group+PLC,https://find-and-update.company-information.service.gov.uk/search/companies?q=Babcock+International+Group+PLC,1620589083,15:38:03,20210509
5,2015-03-31,BAB.L,GBP,2015-03-31,2015-03-31,FY,3996600000,3371200000.0,625400000.0,0.15648301055897512,0.0,262400000.0,10700000.0,-11000000.0,273100000,3644300000,68500000.0,93600000.0,445900000,0.11156983435920532,352300000.0,0.08814992743832258,0.0,313100000.0,0.07834159035179902,46700000.0,260200000.0,0.06510533953860782,0.529,0.526,491977265,494237904,https://find-and-update.company-information.service.gov.uk/search/companies?q=Babcock+International+Group+PLC,https://find-and-update.company-information.service.gov.uk/search/companies?q=Babcock+International+Group+PLC,1620589083,15:38:03,20210509
6,2014-03-31,BAB.L,GBP,2014-03-31,2014-03-31,FY,3321000000,2885000000.0,436000000.0,0.13128575730201747,0.0,191500000.0,11400000.0,-10900000.0,202900000,3087900000,39900000.0,59200000.0,292300000,0.08801565793435712,233100000.0,0.07018970189701897,0.0,218800000.0,0.0658837699488106,30800000.0,180500000.0,0.05435109906654622,0.441733,0.439088,408599361,412233625,https://find-and-update.company-information.service.gov.uk/search/companies?q=Babcock+International+Group+PLC,https://find-and-update.company-information.service.gov.uk/search/companies?q=Babcock+International+Group+PLC,1620589083,15:38:03,20210509
7,2013-03-31,BAB.L,GBP,2013-03-31,2013-03-31,FY,3029400000,2631900000.0,397500000.0,0.13121410180233709,0.0,151800000.0,11200000.0,0.0,163000000,2794900000,36400000.0,66400000.0,300900000,0.09932659932659933,234500000.0,0.07740806760414604,0.0,224600000.0,0.07414009374793688,28300000.0,175200000.0,0.05783323430382254,0.430271,0.42498,407067630,411700190,https://find-and-update.company-information.service.gov.uk/search/companies?q=Babcock+International+Group+PLC,https://find-and-update.company-information.service.gov.uk/search/companies?q=Babcock+International+Group+PLC,1620589083,15:38:03,20210509
8,2012-03-31,BAB.L,GBP,2012-03-31,2012-03-31,FY,2848400000,2507400000.0,341000000.0,0.1197163319758461,1900000.0,0.0,9300000.0,-13000000.0,123100000,2630500000,41100000.0,114900000.0,332800000,0.11683752281982868,217900000.0,0.07649908720685297,0.0,173000000.0,0.06073585170622103,15800000.0,100800000.0,0.035388288161775035,0.247846,0.246965,406677699,408166248,https://find-and-update.company-information.service.gov.uk/search/companies?q=Babcock+International+Group+PLC,https://find-and-update.company-information.service.gov.uk/search/companies?q=Babcock+International+Group+PLC,1620589083,15:38:03,20210509
9,2011-03-31,BAB.L,GBP,2011-03-31,2011-03-31,FY,2564500000,2258000000.0,306500000.0,0.11951647494638332,2000000.0,0.0,10200000.0,-16600000.0,150600000,2408600000,34100000.0,110800000.0,266700000,0.10399688048352505,155900000.0,0.060791577305517645,0.0,111100000.0,0.0433222850458179,10100000.0,101100000.0,0.03942288945213492,0.275796,0.274827,366555968,367853923,https://find-and-update.company-information.service.gov.uk/search/companies?q=Babcock+International+Group+PLC,https://find-and-update.company-information.service.gov.uk/search/companies?q=Babcock+International+Group+PLC,1620589083,15:38:03,20210509
10,2010-03-31,BAB.L,GBP,2010-03-31,2010-03-31,FY,1895500000,1650100000.0,245400000.0,0.12946452123450278,1500000.0,0.0,8100000.0,600000.0,97000000,1747100000,12700000.0,41200000.0,189600000,0.10002637826431021,148400000.0,0.0782906884726985,0.0,129200000.0,0.06816143497757847,20800000.0,106000000.0,0.05592192033764178,0.40814,0.406465,259600792,260662407,https://find-and-update.company-information.service.gov.uk/search/companies?q=Babcock+International+Group+PLC,https://find-and-update.company-information.service.gov.uk/search/companies?q=Babcock+International+Group+PLC,1620589083,15:38:03,20210509
11,2009-03-31,BAB.L,GBP,2009-03-31,2009-03-31,FY,1901900000,1699200000.0,202700000.0,0.10657763289342237,700000.0,0.0,6400000.0,400000.0,72400000,1771600000,29600000.0,38600000.0,168900000,0.08880593091119407,130300000.0,0.06851043693148956,0.0,106700000.0,0.05610179294389821,19100000.0,72000000.0,0.03785687996214312,0.27853,0.276678,258632967,260391511,https://find-and-update.company-information.service.gov.uk/search/companies?q=Babcock+International+Group+PLC,https://find-and-update.company-information.service.gov.uk/search/companies?q=Babcock+International+Group+PLC,1620589083,15:38:03,20210509
12,2008-03-31,BAB.L,GBP,2008-03-31,2008-03-31,FY,1555900000,1375500000.0,180400000.0,0.11594575486856482,300000.0,0.0,5900000.0,0.0,73200000,1448700000,25200000.0,30900000.0,138100000,0.0887589176682306,107200000.0,0.06889902950061058,0.0,84600000.0,0.054373674400668426,14900000.0,67300000.0,0.04325470788611093,0.264422,0.259485,254575633,259412198,https://find-and-update.company-information.service.gov.uk/search/companies?q=Babcock+International+Group+PLC,https://find-and-update.company-information.service.gov.uk/search/companies?q=Babcock+International+Group+PLC,1620589083,15:38:03,20210509
13,2007-03-31,BAB.L,GBP,2007-03-31,2007-03-31,FY,988300000,858300000.0,130000000.0,0.13153900637458263,0.0,60200000.0,7000000.0,-800000.0,67700000,926000000,8200000.0,12900000.0,75200000,0.07609025599514317,62300000.0,0.06303753920874229,0.0,57000000.0,0.05767479510270161,11000000.0,43400000.0,0.04391379135889912,0.186039,0.180573,233316484,240380652,https://find-and-update.company-information.service.gov.uk/search/companies?q=Babcock+International+Group+PLC,https://find-and-update.company-information.service.gov.uk/search/companies?q=Babcock+International+Group+PLC,1620589083,15:38:03,20210509
14,2006-03-31,BAB.L,GBP,2006-03-31,2006-03-31,FY,836700000,728600000.0,108100000.0,0.12919803991872833,200000.0,60700000.0,800000.0,-100000.0,61100000,789700000,8400000.0,8800000.0,55800000,0.0666905700968089,47000000.0,0.05617306083422971,0.0,41300000.0,0.04936058324369547,8200000.0,29700000.0,0.03549659376120473,0.127759,0.124761,232094888,237761831,https://find-and-update.company-information.service.gov.uk/search/companies?q=Babcock+International+Group+PLC,https://find-and-update.company-information.service.gov.uk/search/companies?q=Babcock+International+Group+PLC,1620589083,15:38:03,20210509
15,2005-03-31,BAB.L,GBP,2005-03-31,2005-03-31,FY,729000000,630900000.0,98100000.0,0.1345679012345679,200000.0,62000000.0,800000.0,-400000.0,52000000,682900000,8500000.0,18400000.0,64500000,0.08847736625514403,46100000.0,0.06323731138545953,0.0,29500000.0,0.04046639231824417,8200000.0,19100000.0,0.0262002743484225,0.088876,0.088787,214578030,214871565,https://find-and-update.company-information.service.gov.uk/search/companies?q=Babcock+International+Group+PLC,https://find-and-update.company-information.service.gov.uk/search/companies?q=Babcock+International+Group+PLC,1620589083,15:38:03,20210509
16,2004-03-31,BAB.L,GBP,2004-03-31,2004-03-31,FY,452000000,385000000.0,67000000.0,0.14823008849557523,200000.0,0.0,0.0,2000000.0,40000000,425000000,2500000.0,4700000.0,31700000,0.07013274336283186,27000000.0,0.059734513274336286,0.0,19800000.0,0.04380530973451328,3400000.0,16400000.0,0.036283185840707964,0.099721,0.099456,164479703,164897057,https://find-and-update.company-information.service.gov.uk/search/companies?q=Babcock+International+Group+PLC,https://find-and-update.company-information.service.gov.uk/search/companies?q=Babcock+International+Group+PLC,1620589083,15:38:03,20210509
17,2003-03-31,BAB.L,GBP,2003-03-31,2003-03-31,FY,423502000,357800000.0,65702000.0,0.15513976321245238,484000.0,0.0,0.0,2953000.0,39988000,397788000,3024000.0,8824000.0,34538000,0.08155333386855317,25714000.0,0.060717540885285075,0.0,13377000.0,0.03158662769006994,5087000.0,8283000.0,0.019558349193156112,0.050433,0.050169,164241646,165102462,https://find-and-update.company-information.service.gov.uk/search/companies?q=Babcock+International+Group+PLC,https://find-and-update.company-information.service.gov.uk/search/companies?q=Babcock+International+Group+PLC,1620589083,15:38:03,20210509
18,2002-03-31,BAB.L,GBP,2002-03-31,2002-03-31,FY,422984000,0.0,422984000.0,1.0,1595000.0,0.0,0.0,-15922000.0,392181000,392181000,1744000.0,10910000.0,41713000,0.09861602330111777,30803000.0,0.0728230855067804,0.0,-13910000.0,-0.032885404648875606,3089000.0,-17142000.0,-0.04052635560683147,-0.10298258706953352,-0.10276901586952764,166455325,166801247,https://find-and-update.company-information.service.gov.uk/search/companies?q=Babcock+International+Group+PLC,https://find-and-update.company-information.service.gov.uk/search/companies?q=Babcock+International+Group+PLC,1620589083,15:38:03,20210509
19,2001-03-31,BAB.L,GBP,2001-03-31,2001-03-31,FY,441041000,0.0,441041000.0,1.0,2692000.0,0.0,0.0,-16309000.0,415167000,415167000,1176000.0,12576000.0,38450000,0.08718010343709542,25874000.0,0.05866574762890525,0.0,-7310000.0,-0.01657442278609018,1215000.0,-5281000.0,-0.011973943465573495,-0.029409559242817178,-0.029223503457249472,179567465,180710708,https://find-and-update.company-information.service.gov.uk/search/companies?q=Babcock+International+Group+PLC,https://find-and-update.company-information.service.gov.uk/search/companies?q=Babcock+International+Group+PLC,1620589083,15:38:03,20210509
20,2000-03-31,BAB.L,GBP,2000-03-31,2000-03-31,FY,470688000,0.0,470688000.0,1.0,2235000.0,0.0,0.0,1037000.0,450438000,450438000,760000.0,11054000.0,31304000,0.06650690053708613,20250000.0,0.04302212930858658,0.0,26041000.0,0.055325396016044595,4528000.0,22453000.0,0.0477025120674417,0.14072,0.137546,160088031,162827996,https://find-and-update.company-information.service.gov.uk/search/companies?q=Babcock+International+Group+PLC,https://find-and-update.company-information.service.gov.uk/search/companies?q=Babcock+International+Group+PLC,1620589083,15:38:03,20210509
21,1999-03-31,BAB.L,GBP,1999-03-31,1999-03-31,FY,496321000,0.0,496321000.0,1.0,2303000.0,0.0,0.0,6240000.0,482770000,482770000,1234000.0,9953000.0,23504000,0.047356448749901775,13551000.0,0.027302894699196688,0.0,31444000.0,0.06335415990860753,5295000.0,25512000.0,0.051402217516486305,0.159764,0.158706,160026597,160850760,https://find-and-update.company-information.service.gov.uk/search/companies?q=Babcock+International+Group+PLC,https://find-and-update.company-information.service.gov.uk/search/companies?q=Babcock+International+Group+PLC,1620589083,15:38:03,20210509
22,1998-03-31,BAB.L,GBP,1998-03-31,1998-03-31,FY,568257000,0.0,0.0,0.0,1705000.0,0.0,0.0,0.0,533774000,533774000,3002000.0,10675000.0,45158000,0.0794675648518188,34483000.0,0.06068205055107108,0.0,-4545000.0,-0.007998141685892123,2860000.0,-8676000.0,-0.01526773977267328,-0.05396,-0.05396,160024706,160024706,https://find-and-update.company-information.service.gov.uk/search/companies?q=Babcock+International+Group+PLC,https://find-and-update.company-information.service.gov.uk/search/companies?q=Babcock+International+Group+PLC,1620589083,15:38:03,20210509
23,1997-03-31,BAB.L,GBP,1997-03-31,1997-03-31,FY,646025000,0.0,646025000.0,1.0,1108000.0,0.0,0.0,-40243000.0,604898000,604898000,2713000.0,8743000.0,49870000,0.07719515498626214,41127000.0,0.06366162300220579,0.0,-22674000.0,-0.03509771293680585,1693000.0,-25576000.0,-0.0395897991563794,-0.155532,-0.155532,160024706,160024706,https://find-and-update.company-information.service.gov.uk/search/companies?q=Babcock+International+Group+PLC,https://find-and-update.company-information.service.gov.uk/search/companies?q=Babcock+International+Group+PLC,1620589083,15:38:03,20210509
24,1996-03-31,BAB.L,GBP,1996-03-31,1996-03-31,FY,723415000,0.0,723415000.0,1.0,1446000.0,0.0,0.0,20221000.0,765200000,765200000,3168000.0,9187000.0,-32598000,-0.04506127188404996,-41785000.0,-0.057760759729892246,0.0,3100000.0,0.004285230469370969,1358000.0,789000.0,0.0010906602710753855,0.00529,0.00529,159938699,159938699,https://find-and-update.company-information.service.gov.uk/search/companies?q=Babcock+International+Group+PLC,https://find-and-update.company-information.service.gov.uk/search/companies?q=Babcock+International+Group+PLC,1620589083,15:38:03,20210509
25,1995-03-31,BAB.L,GBP,1995-03-31,1995-03-31,FY,755061000,0.0,755061000.0,1.0,1535000.0,0.0,0.0,1782000.0,752331000,752331000,3703000.0,8713000.0,11443000,0.01515506694161134,2730000.0,0.0036156019182556113,0.0,7833000.0,0.010373996273148792,1753000.0,5281000.0,0.006994136897548675,0.031741,0.031741,154885784,154885784,https://find-and-update.company-information.service.gov.uk/search/companies?q=Babcock+International+Group+PLC,https://find-and-update.company-information.service.gov.uk/search/companies?q=Babcock+International+Group+PLC,1620589083,15:38:03,20210509
26,1994-03-31,BAB.L,GBP,1994-03-31,1994-03-31,FY,805235000,0.0,805235000.0,1.0,2191000.0,0.0,0.0,-31820000.0,786915000,786915000,4419000.0,14711000.0,33031000,0.04102032325966954,18320000.0,0.022751122343166903,0.0,-41232000.0,-0.0512049277540097,1000000.0,-45500000.0,-0.05650524381081299,-0.403884,-0.403884,113218652,113218652,https://find-and-update.company-information.service.gov.uk/search/companies?q=Babcock+International+Group+PLC,https://find-and-update.company-information.service.gov.uk/search/companies?q=Babcock+International+Group+PLC,1620589083,15:38:03,20210509
27,1993-03-31,BAB.L,GBP,1993-03-31,1993-03-31,FY,748052000,0.0,748052000.0,1.0,1677000.0,0.0,0.0,-14998000.0,701491000,701491000,4015000.0,13492000.0,60053000,0.08027917845283483,46561000.0,0.06224299914979173,0.0,21052000.0,0.028142428601220237,10884000.0,9266000.0,0.012386839417580595,0.080777,0.080777,113150254,113150254,https://find-and-update.company-information.service.gov.uk/search/companies?q=Babcock+International+Group+PLC,https://find-and-update.company-information.service.gov.uk/search/companies?q=Babcock+International+Group+PLC,1620589083,15:38:03,20210509
28,1992-03-31,BAB.L,GBP,1992-03-31,1992-03-31,FY,830223000,0.0,0.0,0.0,1189000.0,0.0,0.0,0.0,786657000,786657000,3474000.0,15858000.0,59424000,0.0715759500760639,43566000.0,0.05247505790612884,0.0,56022000.0,0.06747825584210507,14470000.0,39147000.0,0.047152391586356916,0.389629,0.389629,100625145,100625145,https://find-and-update.company-information.service.gov.uk/search/companies?q=Babcock+International+Group+PLC,https://find-and-update.company-information.service.gov.uk/search/companies?q=Babcock+International+Group+PLC,1620589083,15:38:03,20210509
29,1991-03-31,BAB.L,GBP,1991-03-31,1991-03-31,FY,760646000,0.0,760646000.0,1.0,816000.0,0.0,0.0,37544000.0,754892000,754892000,2625000.0,12151000.0,17905000,0.023539202204442014,5754000.0,0.007564622702282008,0.0,46661000.0,0.0613439103078173,12541000.0,25147000.0,0.033060056846417385,0.251834,0.251834,99188148,99188148,https://find-and-update.company-information.service.gov.uk/search/companies?q=Babcock+International+Group+PLC,https://find-and-update.company-information.service.gov.uk/search/companies?q=Babcock+International+Group+PLC,1620589083,15:38:03,20210509
30,1990-03-31,BAB.L,GBP,1990-03-31,1990-03-31,FY,624325000,0.0,624325000.0,1.0,1024000.0,0.0,0.0,35190000.0,624325000,624325000,2540000.0,10568000.0,55730000,0.08926440555800265,0.0,0.06826893044488047,0.0,42622000.0,0.06826893044488047,10130000.0,30115000.0,0.04823609498258119,0.308852,0.308852,97125885,97125885,https://find-and-update.company-information.service.gov.uk/search/companies?q=Babcock+International+Group+PLC,https://find-and-update.company-information.service.gov.uk/search/companies?q=Babcock+International+Group+PLC,1620589083,15:38:03,20210509
