,date,symbol,reportedCurrency,fillingDate,acceptedDate,period,revenue,costOfRevenue,grossProfit,grossProfitRatio,researchAndDevelopmentExpenses,generalAndAdministrativeExpenses,sellingAndMarketingExpenses,otherExpenses,operatingExpenses,costAndExpenses,interestExpense,depreciationAndAmortization,ebitda,ebitdaratio,operatingIncome,operatingIncomeRatio,totalOtherIncomeExpensesNet,incomeBeforeTax,incomeBeforeTaxRatio,incomeTaxExpense,netIncome,netIncomeRatio,eps,epsdiluted,weightedAverageShsOut,weightedAverageShsOutDil,link,finalLink,timestamp,est_time,est_date
0,2020-12-31,NERV,USD,2021-03-08,2021-03-08 06:30:44,FY,41175600.0,0.0,0.0,0.0,22039440.0,17289413.0,0.0,0.0,39328853.0,39328853.0,0.0,176177.0,2022924.0,0.04912919301722379,1846747.0,0.04485051826810053,94024.0,1940771.0,0.047134006547567005,0.0,1940771.0,0.047134006547567005,0.05,0.05,40823717,40916871,https://www.sec.gov/Archives/edgar/data/1598646/000156459021011340/0001564590-21-011340-index.htm,https://www.sec.gov/Archives/edgar/data/1598646/000156459021011340/nerv-10k_20201231.htm,1620595614,17:26:54,20210509
1,2019-12-31,NERV,USD,2020-03-09 00:00:00,2020-03-09 06:32:13,FY,0.0,0.0,0.0,0.0,58124354.0,17740742.0,0.0,0.0,75865096.0,75865096.0,0.0,161507.0,-75703589.0,0.0,-75865096.0,0.0,1427474.0,-74437622.0,0.0,-2254132.0,-72183490.0,0.0,-1.85,-1.85,39014000,39014000,https://www.sec.gov/Archives/edgar/data/1598646/000156459020009243/0001564590-20-009243-index.html,https://www.sec.gov/Archives/edgar/data/1598646/000156459020009243/nerv-10k_20191231.htm,1620595614,17:26:54,20210509
2,2018-12-31,NERV,USD,2019-03-12 00:00:00,2019-03-12 06:31:19,FY,0.0,0.0,0.0,0.0,34888574.0,16841308.0,0.0,0.0,51729882.0,51729882.0,110448.0,17467.0,-51712415.0,0.0,-51729882.0,0.0,1669043.0,-50171287.0,0.0,0.0,-50171287.0,0.0,-1.29,-1.29,38792581,38792581,https://www.sec.gov/Archives/edgar/data/1598646/000156459019007246/0001564590-19-007246-index.html,https://www.sec.gov/Archives/edgar/data/1598646/000156459019007246/nerv-10k_20181231.htm,1620595614,17:26:54,20210509
3,2017-12-31,NERV,USD,2018-03-12 00:00:00,2018-03-12 07:01:29,FY,0.0,0.0,0.0,0.0,30255892.0,10914269.0,0.0,0.0,41170161.0,41170161.0,614264.0,11094.0,-41159067.0,0.0,-41170161.0,0.0,884946.0,-40899479.0,0.0,-9376272.0,-31523207.0,0.0,-0.83,-0.83,37937191,37937191,https://www.sec.gov/Archives/edgar/data/1598646/000156459018005224/0001564590-18-005224-index.html,https://www.sec.gov/Archives/edgar/data/1598646/000156459018005224/nerv-10k_20171231.htm,1620595614,17:26:54,20210509
4,2016-12-31,NERV,USD,2017-03-13 00:00:00,2017-03-13 06:31:57,FY,0.0,0.0,0.0,0.0,20439994.0,9750702.0,0.0,0.0,30190696.0,30190696.0,1029734.0,16530.0,-30174166.0,0.0,-30190696.0,0.0,175058.0,-31045372.0,0.0,0.0,-31045372.0,0.0,-0.99,-0.99,31514154,31514154,https://www.sec.gov/Archives/edgar/data/1598646/000156459017004048/0001564590-17-004048-index.html,https://www.sec.gov/Archives/edgar/data/1598646/000156459017004048/nerv-10k_20161231.htm,1620595614,17:26:54,20210509
5,2015-12-31,NERV,USD,2016-03-14 00:00:00,2016-03-14 06:31:38,FY,0.0,0.0,0.0,0.0,18533363.0,7576256.0,0.0,0.0,26109619.0,26109619.0,1053070.0,17276.0,-26092343.0,0.0,-26109619.0,0.0,81057.0,-27081632.0,0.0,0.0,-27081632.0,0.0,-1.16,-1.16,23412181,23412181,https://www.sec.gov/Archives/edgar/data/1598646/000156459016014641/0001564590-16-014641-index.html,https://www.sec.gov/Archives/edgar/data/1598646/000156459016014641/nerv-10k_20151231.htm,1620595614,17:26:54,20210509
6,2014-12-31,NERV,USD,2015-03-26,2015-03-26 16:06:05,FY,0.0,0.0,0.0,0.0,42908566.0,11961865.0,0.0,0.0,54870431.0,54870431.0,2049735.0,33869.0,-54836562.0,0.0,-54870431.0,0.0,18727.0,-56901439.0,0.0,0.0,-56901439.0,0.0,-4.47,-4.47,12724395,12724395,https://www.sec.gov/Archives/edgar/data/1598646/000156459015002008/nerv-10k_20141231.htm,https://www.sec.gov/Archives/edgar/data/1598646/000156459015002008/nerv-10k_20141231.htm,1620595614,17:26:54,20210509
7,2013-12-31,NERV,USD,2013-12-31,2013-12-31,FY,0.0,0.0,0.0,0.0,708489.0,2466490.0,0.0,0.0,0.0,3174979.0,59608.0,0.0,-3173420.0,0.0,-3174979.0,0.0,-28977.0,-3262005.0,0.0,0.0,-3262005.0,0.0,-0.178,-0.178,18278084,18278084,,,1620595614,17:26:54,20210509
8,2012-12-31,NERV,USD,2012-12-31,2012-12-31,FY,0.0,0.0,0.0,0.0,550360.0,1030656.0,0.0,0.0,0.0,1581016.0,0.0,0.0,-1581009.0,0.0,-1581016.0,0.0,-946.0,-1581955.0,0.0,0.0,-1581955.0,0.0,-0.086549,-0.086549,18278084,18278084,,,1620595614,17:26:54,20210509
