,date,symbol,reportedCurrency,fillingDate,acceptedDate,period,revenue,costOfRevenue,grossProfit,grossProfitRatio,researchAndDevelopmentExpenses,generalAndAdministrativeExpenses,sellingAndMarketingExpenses,otherExpenses,operatingExpenses,costAndExpenses,interestExpense,depreciationAndAmortization,ebitda,ebitdaratio,operatingIncome,operatingIncomeRatio,totalOtherIncomeExpensesNet,incomeBeforeTax,incomeBeforeTaxRatio,incomeTaxExpense,netIncome,netIncomeRatio,eps,epsdiluted,weightedAverageShsOut,weightedAverageShsOutDil,link,finalLink,timestamp,est_time,est_date
0,2020-12-31,CG.TO,USD,2020-12-31,2020-12-31,FY,1688675000,902638000,786037000,0.46547559477104833,0.0,61256000.0,10090000.0,-7028000.0,0.0,1250706000,4534000.0,0.0,738734000,0.4374636919478289,437969000.0,0.25935659614786744,-10034000.0,416247000.0,0.24649325654729298,7709000.0,408538000.0,0.24192813892548892,1.3945608651276151,1.3945608651276151,292951000,292951000,https://www.sedar.com/ModifyCompanyDocumentSearchForm.do?lang=EN&company_search=Centerra Gold Inc&document_selection=0&industry_group=A&FromDate=13&FromMonth=05&FromYear=2000&ToDate=13&ToMonth=11&ToYear=2020&Variable=Issuer,https://www.sedar.com/ModifyCompanyDocumentSearchForm.do?lang=EN&company_search=Centerra Gold Inc&document_selection=0&industry_group=A&FromDate=13&FromMonth=05&FromYear=2000&ToDate=13&ToMonth=11&ToYear=2020&Variable=Issuer,1620590181,15:56:21,20210509
1,2019-12-31,CG.TO,USD,2019-12-31,2019-12-31,FY,1375328000,925243000,450085000,0.32725647990879264,3009000.0,48274000.0,10613000.0,1450000.0,309667000.0,1234910000,6937000.0,0.0,382599000,0.2781874578282417,140418000.0,0.10209782684566882,-229050000.0,-100584000.0,-0.07313455408455292,-7071000.0,-93513000.0,-0.06799323506828917,-0.3192103798928831,-0.31801193654248355,292951000,294055000,https://www.sedar.com/ModifyCompanyDocumentSearchForm.do?lang=EN&company_search=Centerra Gold Inc&document_selection=0&industry_group=A&FromDate=13&FromMonth=05&FromYear=2000&ToDate=13&ToMonth=11&ToYear=2020&Variable=Issuer,https://www.sedar.com/ModifyCompanyDocumentSearchForm.do?lang=EN&company_search=Centerra Gold Inc&document_selection=0&industry_group=A&FromDate=13&FromMonth=05&FromYear=2000&ToDate=13&ToMonth=11&ToYear=2020&Variable=Issuer,1620590181,15:56:21,20210509
2,2018-12-31,CG.TO,USD,2018-12-31,2018-12-31,FY,1129336000,772216000,357120000,0.31622121317305035,12425000.0,45615000.0,7279000.0,2449000.0,257436000.0,1029652000,15750000.0,390000.0,100074000,0.08861313196426927,99684000.0,0.08826779629800166,25927000.0,98823000.0,0.08750540140401085,-14647000.0,107529000.0,0.09521435604638478,0.37,0.36,291895000,292677000,https://www.sedar.com/ModifyCompanyDocumentSearchForm.do?lang=EN&company_search=Centerra Gold Inc&document_selection=0&industry_group=A&FromDate=13&FromMonth=05&FromYear=2000&ToDate=13&ToMonth=11&ToYear=2020&Variable=Issuer,https://www.sedar.com/ModifyCompanyDocumentSearchForm.do?lang=EN&company_search=Centerra Gold Inc&document_selection=0&industry_group=A&FromDate=13&FromMonth=05&FromYear=2000&ToDate=13&ToMonth=11&ToYear=2020&Variable=Issuer,1620590181,15:56:21,20210509
3,2017-12-31,CG.TO,USD,2017-12-31,2017-12-31,FY,1199028000,688494000,510534000,0.4257898898107467,4794000.0,56933000.0,6901000.0,-59909000.0,199750000.0,888244000,20362000.0,248000.0,311032000,0.259403450127937,310784000.0,0.25919661592556636,-95611000.0,191332000.0,0.15957258712890776,-18201000.0,209533000.0,0.17475238276337166,0.7190340723862337,0.7170336251206275,291409000,292222000,https://www.sedar.com/ModifyCompanyDocumentSearchForm.do?lang=EN&company_search=Centerra Gold Inc&document_selection=0&industry_group=A&FromDate=13&FromMonth=05&FromYear=2000&ToDate=13&ToMonth=11&ToYear=2020&Variable=Issuer,https://www.sedar.com/ModifyCompanyDocumentSearchForm.do?lang=EN&company_search=Centerra Gold Inc&document_selection=0&industry_group=A&FromDate=13&FromMonth=05&FromYear=2000&ToDate=13&ToMonth=11&ToYear=2020&Variable=Issuer,1620590181,15:56:21,20210509
4,2016-12-31,CG.TO,USD,2016-12-31,2016-12-31,FY,760758000,414901000,345857000,0.4546215747977675,11146000.0,42971000.0,1089000.0,0.0,169500000.0,584401000,7128000.0,409000.0,176766000,0.232355098467581,176357000.0,0.2318174767797381,-13630000.0,156040000.0,0.2051112180220254,4502000.0,151538000.0,0.1991934360203902,0.6026374185748713,0.601152813205384,251458000,252079000,https://www.sedar.com/ModifyCompanyDocumentSearchForm.do?lang=EN&company_search=Centerra Gold Inc&document_selection=0&industry_group=A&FromDate=13&FromMonth=05&FromYear=2000&ToDate=13&ToMonth=11&ToYear=2020&Variable=Issuer,https://www.sedar.com/ModifyCompanyDocumentSearchForm.do?lang=EN&company_search=Centerra Gold Inc&document_selection=0&industry_group=A&FromDate=13&FromMonth=05&FromYear=2000&ToDate=13&ToMonth=11&ToYear=2020&Variable=Issuer,1620590181,15:56:21,20210509
5,2015-12-31,CG.TO,USD,2015-12-31,2015-12-31,FY,623950000,390143000,233807000,0.37472073082779067,13252000.0,59151000.0,0.0,0.0,163532000.0,553675000,2838000.0,454000.0,70729000,0.11335683949034378,70275000.0,0.1126292170847023,-26683000.0,42078000.0,0.06743809600128216,449000.0,41629000.0,0.06671848705825788,0.17595269493473997,0.17568611231858064,236592000,236951000,https://www.sedar.com/ModifyCompanyDocumentSearchForm.do?lang=EN&company_search=Centerra Gold Inc&document_selection=0&industry_group=A&FromDate=13&FromMonth=05&FromYear=2000&ToDate=13&ToMonth=11&ToYear=2020&Variable=Issuer,https://www.sedar.com/ModifyCompanyDocumentSearchForm.do?lang=EN&company_search=Centerra Gold Inc&document_selection=0&industry_group=A&FromDate=13&FromMonth=05&FromYear=2000&ToDate=13&ToMonth=11&ToYear=2020&Variable=Issuer,1620590181,15:56:21,20210509
6,2014-12-31,CG.TO,USD,2014-12-31,2014-12-31,FY,763345000,504962000,258383000,0.33848783970550667,6022000.0,65929000.0,0.0,0.0,182666000.0,687628000,2887000.0,372000.0,76089000,0.09967838919492497,75717000.0,0.0991910603986402,-114919000.0,-41532000.0,-0.054407902062632234,2577000.0,-44109000.0,-0.05778383299818562,-0.19,-0.19,236396000,236396000,https://www.sedar.com/ModifyCompanyDocumentSearchForm.do?lang=EN&company_search=Centerra Gold Inc&document_selection=0&industry_group=A&FromDate=13&FromMonth=05&FromYear=2000&ToDate=13&ToMonth=11&ToYear=2020&Variable=Issuer,https://www.sedar.com/ModifyCompanyDocumentSearchForm.do?lang=EN&company_search=Centerra Gold Inc&document_selection=0&industry_group=A&FromDate=13&FromMonth=05&FromYear=2000&ToDate=13&ToMonth=11&ToYear=2020&Variable=Issuer,1620590181,15:56:21,20210509
7,2013-12-31,CG.TO,USD,2013-12-31,2013-12-31,FY,944373000,559236000,385137000,0.407822968255128,6378000.0,60414000.0,0.0,-61000.0,203897000.0,763133000,2972000.0,352000.0,181592000,0.19228842840699598,181240000.0,0.19191569432840624,-6846000.0,170829000.0,0.18089144861193618,13153000.0,157676000.0,0.16696368913554285,0.67,0.64,236382000,236663000,https://www.sedar.com/ModifyCompanyDocumentSearchForm.do?lang=EN&company_search=Centerra Gold Inc&document_selection=0&industry_group=A&FromDate=13&FromMonth=05&FromYear=2000&ToDate=13&ToMonth=11&ToYear=2020&Variable=Issuer,https://www.sedar.com/ModifyCompanyDocumentSearchForm.do?lang=EN&company_search=Centerra Gold Inc&document_selection=0&industry_group=A&FromDate=13&FromMonth=05&FromYear=2000&ToDate=13&ToMonth=11&ToYear=2020&Variable=Issuer,1620590181,15:56:21,20210509
8,2012-12-31,CG.TO,USD,2012-12-31,2012-12-31,FY,660737000,452936000,207801000,0.3144988096625435,592000.0,74595000.0,0.0,119000.0,188560000.0,641496000,2127000.0,248000.0,19489000,0.02949585084534391,19241000.0,0.02912051239751974,-188998000.0,-172314000.0,-0.26079060200957416,11684000.0,-183998000.0,-0.27847388597883876,-0.78,-0.78,236369000,236369000,https://www.sedar.com/ModifyCompanyDocumentSearchForm.do?lang=EN&company_search=Centerra Gold Inc&document_selection=0&industry_group=A&FromDate=13&FromMonth=05&FromYear=2000&ToDate=13&ToMonth=11&ToYear=2020&Variable=Issuer,https://www.sedar.com/ModifyCompanyDocumentSearchForm.do?lang=EN&company_search=Centerra Gold Inc&document_selection=0&industry_group=A&FromDate=13&FromMonth=05&FromYear=2000&ToDate=13&ToMonth=11&ToYear=2020&Variable=Issuer,1620590181,15:56:21,20210509
9,2011-12-31,CG.TO,USD,2011-12-31,2011-12-31,FY,1020344000,403830000,616514000,0.6042217134613425,42894000.0,44440000.0,0.0,0.0,235017000.0,638847000,3545000.0,462000.0,381959000,0.3743433587103957,381497000.0,0.37389057023905664,1056000.0,379008000.0,0.371451196851258,8130000.0,370878000.0,0.3634832958296418,1.5709311782047373,1.5691632043460233,236088000,236354000,https://www.sedar.com/ModifyCompanyDocumentSearchForm.do?lang=EN&company_search=Centerra Gold Inc&document_selection=0&industry_group=A&FromDate=13&FromMonth=05&FromYear=2000&ToDate=13&ToMonth=11&ToYear=2020&Variable=Issuer,https://www.sedar.com/ModifyCompanyDocumentSearchForm.do?lang=EN&company_search=Centerra Gold Inc&document_selection=0&industry_group=A&FromDate=13&FromMonth=05&FromYear=2000&ToDate=13&ToMonth=11&ToYear=2020&Variable=Issuer,1620590181,15:56:21,20210509
10,2010-12-31,CG.TO,USD,2010-12-31,2010-12-31,FY,846473000,265175000,581298000,0.6867295235642483,0.0,78194000.0,0.0,0.0,286239000.0,551414000,0.0,0.0,336865000,0.397963077381086,295059000.0,0.34857461490207015,35196000.0,330255000.0,0.39015420456411487,7615000.0,322640000.0,0.38115805229463906,1.3700910449789374,1.3679185286311488,235488000,235862000,https://www.sedar.com/ModifyCompanyDocumentSearchForm.do?lang=EN&company_search=Centerra Gold Inc&document_selection=0&industry_group=A&FromDate=13&FromMonth=05&FromYear=2000&ToDate=13&ToMonth=11&ToYear=2020&Variable=Issuer,https://www.sedar.com/ModifyCompanyDocumentSearchForm.do?lang=EN&company_search=Centerra Gold Inc&document_selection=0&industry_group=A&FromDate=13&FromMonth=05&FromYear=2000&ToDate=13&ToMonth=11&ToYear=2020&Variable=Issuer,1620590181,15:56:21,20210509
11,2009-12-31,CG.TO,USD,2009-12-31,2009-12-31,FY,685490000,295944000,389546000,0.5682737895519993,25826000.0,62663000.0,0.0,0.0,250705000.0,546649000,0.0,0.0,242589000,0.35389137697121764,138841000.0,0.2025427066769756,0.0,89508000.0,0.13057520897460212,29195000.0,60313000.0,0.0879852368378824,0.27,0.27,226699000,226699000,https://www.sedar.com/ModifyCompanyDocumentSearchForm.do?lang=EN&company_search=Centerra Gold Inc&document_selection=0&industry_group=A&FromDate=13&FromMonth=05&FromYear=2000&ToDate=13&ToMonth=11&ToYear=2020&Variable=Issuer,https://www.sedar.com/ModifyCompanyDocumentSearchForm.do?lang=EN&company_search=Centerra Gold Inc&document_selection=0&industry_group=A&FromDate=13&FromMonth=05&FromYear=2000&ToDate=13&ToMonth=11&ToYear=2020&Variable=Issuer,1620590181,15:56:21,20210509
12,2008-12-31,CG.TO,USD,2008-12-31,2008-12-31,FY,635970186,332031790,303938396,0.47791296304572367,0.0,46262560.0,0.0,0.0,172796080.0,504827870,0.0,78330588.0,209472904,0.3293753521961484,131142316.0,0.2062082765621972,0.0,168851095.0,0.2655015890949328,34088289.0,134762807.0,0.2119011393405162,0.6229847123216745,0.6226393101026622,216318000,216438000,https://www.sedar.com/ModifyCompanyDocumentSearchForm.do?lang=EN&company_search=Centerra Gold Inc&document_selection=0&industry_group=A&FromDate=13&FromMonth=05&FromYear=2000&ToDate=13&ToMonth=11&ToYear=2020&Variable=Issuer,https://www.sedar.com/ModifyCompanyDocumentSearchForm.do?lang=EN&company_search=Centerra Gold Inc&document_selection=0&industry_group=A&FromDate=13&FromMonth=05&FromYear=2000&ToDate=13&ToMonth=11&ToYear=2020&Variable=Issuer,1620590181,15:56:21,20210509
13,2007-12-31,CG.TO,USD,2007-12-31,2007-12-31,FY,373480012,226724398,146755614,0.39294101232919526,0.0,26334709.0,0.0,0.0,85124358.0,311848756,0.0,44162723.0,105793979,0.2832654375088753,61631256.0,0.16501888727582026,0.0,-70012083.0,-0.18745871465806851,19323331.0,-92553620.0,-0.24781411863079839,-0.43,-0.43,215240977,215240977,https://www.sedar.com/ModifyCompanyDocumentSearchForm.do?lang=EN&company_search=Centerra Gold Inc&document_selection=0&industry_group=A&FromDate=13&FromMonth=05&FromYear=2000&ToDate=13&ToMonth=11&ToYear=2020&Variable=Issuer,https://www.sedar.com/ModifyCompanyDocumentSearchForm.do?lang=EN&company_search=Centerra Gold Inc&document_selection=0&industry_group=A&FromDate=13&FromMonth=05&FromYear=2000&ToDate=13&ToMonth=11&ToYear=2020&Variable=Issuer,1620590181,15:56:21,20210509
14,2006-12-31,CG.TO,USD,2006-12-31,2006-12-31,FY,365438235,236926775,128511460,0.3516639686047083,0.0,27222079.0,0.0,0.0,68969869.0,305896644,1243884.0,39664349.0,99205940,0.27147115572074715,59541591.0,0.16293202324600764,-8223882.0,59838613.0,0.16374480628716917,-5771311.0,60602627.0,0.16583548516755506,0.28025761772853186,0.2798628777523275,216239000,216544000,https://www.sedar.com/ModifyCompanyDocumentSearchForm.do?lang=EN&company_search=Centerra Gold Inc&document_selection=0&industry_group=A&FromDate=13&FromMonth=05&FromYear=2000&ToDate=13&ToMonth=11&ToYear=2020&Variable=Issuer,https://www.sedar.com/ModifyCompanyDocumentSearchForm.do?lang=EN&company_search=Centerra Gold Inc&document_selection=0&industry_group=A&FromDate=13&FromMonth=05&FromYear=2000&ToDate=13&ToMonth=11&ToYear=2020&Variable=Issuer,1620590181,15:56:21,20210509
15,2005-12-31,CG.TO,USD,2005-12-31,2005-12-31,FY,338590592,186181099,152409493,0.4501291429857567,0.0,17934474.0,0.0,0.0,102990799.0,289171898,0.0,59897670.0,109316364,0.3228570627266572,49418694.0,0.14595412621506035,-4773411.0,49418695.0,0.14595412916847966,4572190.0,42435291.0,0.12532920879266485,0.19604539307434657,0.19598285608136568,216456456,216525526,https://www.sedar.com/ModifyCompanyDocumentSearchForm.do?lang=EN&company_search=Centerra Gold Inc&document_selection=0&industry_group=A&FromDate=13&FromMonth=05&FromYear=2000&ToDate=13&ToMonth=11&ToYear=2020&Variable=Issuer,https://www.sedar.com/ModifyCompanyDocumentSearchForm.do?lang=EN&company_search=Centerra Gold Inc&document_selection=0&industry_group=A&FromDate=13&FromMonth=05&FromYear=2000&ToDate=13&ToMonth=11&ToYear=2020&Variable=Issuer,1620590181,15:56:21,20210509
16,2004-12-31,CG.TO,USD,2004-12-31,2004-12-31,FY,247063922,109919993,137143929,0.5550949239767998,0.0,11544295.0,0.0,0.0,72726061.0,182646054,0.0,53762814.0,118180682,0.47834050817018925,64417868.0,0.26073360885123487,0.0,50479207.0,0.20431638335280697,-155846.0,50635053.0,0.2049471755734534,-0.36344,-0.36344,216238815,216238815,https://www.sedar.com/ModifyCompanyDocumentSearchForm.do?lang=EN&company_search=Centerra Gold Inc&document_selection=0&industry_group=A&FromDate=13&FromMonth=05&FromYear=2000&ToDate=13&ToMonth=11&ToYear=2020&Variable=Issuer,https://www.sedar.com/ModifyCompanyDocumentSearchForm.do?lang=EN&company_search=Centerra Gold Inc&document_selection=0&industry_group=A&FromDate=13&FromMonth=05&FromYear=2000&ToDate=13&ToMonth=11&ToYear=2020&Variable=Issuer,1620590181,15:56:21,20210509
17,2003-12-31,CG.TO,USD,2003-12-31,2003-12-31,FY,82042000,47102000,34940000,0.4258794276102484,6574000.0,3861000.0,0.0,0.0,25630000.0,72732000,0.0,0.0,24505000,0.29868847663391923,9310000.0,0.11347846225104215,952000.0,8358000.0,0.10187464956973258,-1452000.0,9064000.0,0.11047999804977938,0.041917,0.041917,216238815,216238815,https://www.sedar.com/ModifyCompanyDocumentSearchForm.do?lang=EN&company_search=Centerra Gold Inc&document_selection=0&industry_group=A&FromDate=13&FromMonth=05&FromYear=2000&ToDate=13&ToMonth=11&ToYear=2020&Variable=Issuer,https://www.sedar.com/ModifyCompanyDocumentSearchForm.do?lang=EN&company_search=Centerra Gold Inc&document_selection=0&industry_group=A&FromDate=13&FromMonth=05&FromYear=2000&ToDate=13&ToMonth=11&ToYear=2020&Variable=Issuer,1620590181,15:56:21,20210509
