,date,symbol,reportedCurrency,fillingDate,acceptedDate,period,revenue,costOfRevenue,grossProfit,grossProfitRatio,researchAndDevelopmentExpenses,generalAndAdministrativeExpenses,sellingAndMarketingExpenses,otherExpenses,operatingExpenses,costAndExpenses,interestExpense,depreciationAndAmortization,ebitda,ebitdaratio,operatingIncome,operatingIncomeRatio,totalOtherIncomeExpensesNet,incomeBeforeTax,incomeBeforeTaxRatio,incomeTaxExpense,netIncome,netIncomeRatio,eps,epsdiluted,weightedAverageShsOut,weightedAverageShsOutDil,link,finalLink,timestamp,est_time,est_date
0,2020-12-31,2608.HK,CNY,2020-12-31,2020-12-31,FY,5759692000,4230012000,1529680000,0.2655836457921708,0.0,509749000,406386000,64308000.0,0.0,5216344000,714301000,0.0,1191061000,0.20679248126462318,543348000,0.31793366728637573,0.0,1831200000,0.31793366728637573,547249000,438036000,0.07605198333522001,0.1708690147753835,0.1708690147753835,2563577724,2563577724,https://www1.hkexnews.hk/search/titlesearch.xhtml,https://www1.hkexnews.hk/search/titlesearch.xhtml,1620585537,14:38:57,20210509
1,2019-12-31,2608.HK,CNY,2019-12-31,2019-12-31,FY,8288648000,6188628000,2100020000,0.25336098239423366,0.0,590769000,483241000,35268000.0,1256874000.0,7445502000,497120000,69393000.0,912539000,0.11009503600587213,843146000,0.10172298304862265,0.0,4018278000,0.4847929360735309,803169000,1804811000,0.21774492052262323,0.7,0.55,2563577724,3025337438,https://www1.hkexnews.hk/search/titlesearch.xhtml,https://www1.hkexnews.hk/search/titlesearch.xhtml,1620585537,14:38:57,20210509
2,2018-12-31,2608.HK,CNY,2018-12-31,2018-12-31,FY,7579091000,5988281000,1590810000,0.20989456387316105,0.0,545904000,553707000,19366000.0,2090011000.0,8078292000,383346000,55078000.0,-444123000,-0.05859845197794828,-499201000,-0.06586555036745172,0.0,608785000,0.0803242763545127,366012000,-29954000,-0.003952188989418388,-0.01,-0.01,2611907327,2611907327,https://www1.hkexnews.hk/search/titlesearch.xhtml,https://www1.hkexnews.hk/search/titlesearch.xhtml,1620585537,14:38:57,20210509
3,2017-12-31,2608.HK,CNY,2017-12-31,2017-12-31,FY,6874583000,5375157000,1499426000,0.2181115567300591,0.0,456663000,599713000,36508000.0,1082625000.0,6457782000,338072000,43286000.0,460087000,0.06692580480881531,416801000,0.06062927744126444,0.0,1295581000,0.1884595763844876,446859000,848722000,0.12345796101378076,0.25,0.18,2377214149,2797366786,https://www1.hkexnews.hk/search/titlesearch.xhtml,https://www1.hkexnews.hk/search/titlesearch.xhtml,1620585537,14:38:57,20210509
4,2016-12-31,2608.HK,CNY,2016-12-31,2016-12-31,FY,6965202000,5880748000,1084454000,0.1556959869936292,0.0,458117000,787685000,16748000.0,1281967000.0,7162715000,198521000,56837000.0,-140676000,-0.02019697346896759,-197513000,-0.028357110102478003,0.0,539425000,0.07744570796367428,308058000,267329000,0.03838065285113052,0.08,0.08,2375000000,2375000000,https://www1.hkexnews.hk/search/titlesearch.xhtml,https://www1.hkexnews.hk/search/titlesearch.xhtml,1620585537,14:38:57,20210509
5,2015-12-31,2608.HK,CNY,2015-12-31,2015-12-31,FY,6418190000,5249703000,1168487000,0.18205864893373366,0.0,404275000,576032000,12778000.0,1027793000.0,6277496000,130692000,58576000.0,199270000,0.031047694131834676,140694000,0.021921133528300035,0.0,1002552000,0.156204786707779,389593000,600591000,0.09357638212642505,0.27,0.27,2194791667,2194791667,https://www1.hkexnews.hk/search/titlesearch.xhtml,https://www1.hkexnews.hk/search/titlesearch.xhtml,1620585537,14:38:57,20210509
6,2014-12-31,2608.HK,CNY,2014-12-31,2014-12-31,FY,7103681000,5598150000,1505531000,0.21193674096570497,0.0,406326000,372241000,13449000.0,836480000.0,6434630000,106712000,47624000.0,716675000,0.10088783547572026,669051000,0.0941837056027713,0.0,1309669000,0.18436483845487994,499478000,766543000,0.10790785791197549,0.41,0.41,1879023235,1879023235,https://www1.hkexnews.hk/search/titlesearch.xhtml,https://www1.hkexnews.hk/search/titlesearch.xhtml,1620585537,14:38:57,20210509
7,2013-12-31,2608.HK,CNY,2013-12-31,2013-12-31,FY,5769384000,4119327000,1650057000,0.28600228377934284,0.0,333601000,283883000,27767000.0,645882000.0,4765209000,150711000,40181000.0,1044356000,0.181016898857833,1004175000,0.1740523771688624,0.0,1115060000,0.19327193336411652,484218000,672050000,0.11648557280985283,0.336025,0.336025,2000000000,2000000000,https://www1.hkexnews.hk/search/titlesearch.xhtml,https://www1.hkexnews.hk/search/titlesearch.xhtml,1620585537,14:38:57,20210509
8,2012-12-31,2608.HK,CNY,2012-12-31,2012-12-31,FY,4454610000,3042204000,1412406000,0.31706614047020953,0.0,266130000,186959000,7115000.0,516925000.0,3559129000,129682000,28172000.0,923653000,0.20734766904397917,895481000,0.20102343415023988,0.0,754178000,0.16930281214292608,369884000,300909000,0.06755002121397832,0.150455,0.150455,2000000000,2000000000,https://www1.hkexnews.hk/search/titlesearch.xhtml,https://www1.hkexnews.hk/search/titlesearch.xhtml,1620585537,14:38:57,20210509
