,date,symbol,reportedCurrency,fillingDate,acceptedDate,period,revenue,costOfRevenue,grossProfit,grossProfitRatio,researchAndDevelopmentExpenses,generalAndAdministrativeExpenses,sellingAndMarketingExpenses,otherExpenses,operatingExpenses,costAndExpenses,interestExpense,depreciationAndAmortization,ebitda,ebitdaratio,operatingIncome,operatingIncomeRatio,totalOtherIncomeExpensesNet,incomeBeforeTax,incomeBeforeTaxRatio,incomeTaxExpense,netIncome,netIncomeRatio,eps,epsdiluted,weightedAverageShsOut,weightedAverageShsOutDil,link,finalLink,timestamp,est_time,est_date
0,2019-12-31,RLD.L,USD,2019-12-31,2019-12-31,FY,0.0,0.0,0.0,0.0,0.0,129000.0,5000.0,0.0,35000.0,35000.0,417000.0,0.0,-65000.0,0.0,-35000.0,0.0,0.0,-482000.0,0.0,0.0,-201000.0,0.0,-0.0003,-0.0003,670000000,670000000,https://find-and-update.company-information.service.gov.uk/search/companies?q=Richland+Resources+Ltd,https://find-and-update.company-information.service.gov.uk/search/companies?q=Richland+Resources+Ltd,1620597300,17:55:00,20210509
1,2018-12-31,RLD.L,USD,2018-12-31,2018-12-31,FY,0.0,0.0,0.0,0.0,0.0,426000.0,0.0,0.0,364000.0,364000.0,15000.0,303000.0,-61000.0,0.0,-364000.0,0.0,0.0,-83000.0,0.0,0.0,-1024000.0,0.0,-0.002,-0.002,512000000,512000000,https://find-and-update.company-information.service.gov.uk/search/companies?q=Richland+Resources+Ltd,https://find-and-update.company-information.service.gov.uk/search/companies?q=Richland+Resources+Ltd,1620597300,17:55:00,20210509
2,2017-12-31,RLD.L,USD,2017-12-31,2017-12-31,FY,1942000.0,2699000.0,-757000.0,-0.3898043254376931,4000.0,888000.0,49000.0,0.0,1328000.0,4027000.0,0.0,1000.0,-2084000.0,-1.0731204943357364,-2085000.0,-1.0736354273944386,0.0,-3988000.0,-2.053553038105046,0.0,-3953000.0,-2.0355303810504632,-0.0092,-0.0092,429673913,429673913,https://find-and-update.company-information.service.gov.uk/search/companies?q=Richland+Resources+Ltd,https://find-and-update.company-information.service.gov.uk/search/companies?q=Richland+Resources+Ltd,1620597300,17:55:00,20210509
3,2016-12-31,RLD.L,USD,2016-12-31,2016-12-31,FY,1347000.0,3060000.0,-1713000.0,-1.2717149220489978,62000.0,1004000.0,70000.0,0.0,1057000.0,4117000.0,42000.0,1000.0,-2769000.0,-2.0556792873051224,-2770000.0,-2.056421677802524,0.0,-2997000.0,-2.224944320712695,0.0,-2997000.0,-2.224944320712695,-0.0136,-0.0136,220367647,220367647,https://find-and-update.company-information.service.gov.uk/search/companies?q=Richland+Resources+Ltd,https://find-and-update.company-information.service.gov.uk/search/companies?q=Richland+Resources+Ltd,1620597300,17:55:00,20210509
4,2015-12-31,RLD.L,USD,2015-12-31,2015-12-31,FY,704000.0,1001000.0,-297000.0,-0.421875,89000.0,1307000.0,171000.0,0.0,2166000.0,3167000.0,1000.0,35000.0,-2428000.0,-3.4488636363636362,-2463000.0,-3.4985795454545454,0.0,-2201000.0,-3.1264204545454546,0.0,-5513000.0,-7.830965909090909,-0.0253,-0.0253,217905138,217905138,https://find-and-update.company-information.service.gov.uk/search/companies?q=Richland+Resources+Ltd,https://find-and-update.company-information.service.gov.uk/search/companies?q=Richland+Resources+Ltd,1620597300,17:55:00,20210509
5,2014-12-31,RLD.L,USD,2014-12-31,2014-12-31,FY,995000.0,699000.0,296000.0,0.2974874371859296,0.0,0.0,0.0,0.0,1709000.0,2408000.0,0.0,834000.0,-579000.0,-0.5819095477386935,-1413000.0,-1.4201005025125628,0.0,-1410000.0,-1.4170854271356783,0.0,-15305000.0,-15.381909547738694,-0.069,-0.069,221811594,221811594,https://find-and-update.company-information.service.gov.uk/search/companies?q=Richland+Resources+Ltd,https://find-and-update.company-information.service.gov.uk/search/companies?q=Richland+Resources+Ltd,1620597300,17:55:00,20210509
6,2013-12-31,RLD.L,USD,2013-12-31,2013-12-31,FY,11587000.0,7113000.0,4474000.0,0.3861223785276603,0.0,2063000.0,2974000.0,0.0,9852000.0,16965000.0,126000.0,3477000.0,-1901000.0,-0.16406317424700095,-5378000.0,-0.4641408475015103,0.0,-5304000.0,-0.4577543799085182,-834000.0,-4481000.0,-0.38672650384051094,-0.0379,-0.0379,117941953,117941953,https://find-and-update.company-information.service.gov.uk/search/companies?q=Richland+Resources+Ltd,https://find-and-update.company-information.service.gov.uk/search/companies?q=Richland+Resources+Ltd,1620597300,17:55:00,20210509
7,2012-12-31,RLD.L,USD,2012-12-31,2012-12-31,FY,16375000.0,12332000.0,4043000.0,0.2469007633587786,0.0,3954000.0,2931000.0,0.0,17010000.0,29342000.0,204000.0,6107000.0,-6860000.0,-0.41893129770992366,-12967000.0,-0.7918778625954198,0.0,-13171000.0,-0.8043358778625954,434000.0,-13587000.0,-0.8297404580152672,-0.115,-0.115,118147826,118147826,https://find-and-update.company-information.service.gov.uk/search/companies?q=Richland+Resources+Ltd,https://find-and-update.company-information.service.gov.uk/search/companies?q=Richland+Resources+Ltd,1620597300,17:55:00,20210509
8,2011-12-31,RLD.L,USD,2011-12-31,2011-12-31,FY,20537431.5,8258487.4,12278944.1,0.597881195611048,0.0,0.0,2550278.1,0.0,11267225.0,19525712.4,172505.1,2512979.7,3524698.8000000003,0.17162315550510784,1011719.1,0.0492622020431328,0.0,794145.1,0.03866818009837306,-1554.1,791036.9,0.03851683692773364,0.007,0.007,116101000,116101000,https://find-and-update.company-information.service.gov.uk/search/companies?q=Richland+Resources+Ltd,https://find-and-update.company-information.service.gov.uk/search/companies?q=Richland+Resources+Ltd,1620597300,17:55:00,20210509
9,2010-12-31,RLD.L,USD,2010-12-31,2010-12-31,FY,15940391.7,5688188.1,10252203.6,0.6431588252627444,0.0,0.0,1603276.8,-399253.5,9387937.2,15076125.3,167529.9,2578707.9,3442974.3,0.21599057067085747,864266.4,0.054218642569492194,0.0,208238.1,0.013063549749533446,-439961.7,651331.2,0.040860426284254986,0.006,0.006,114137000,114137000,https://find-and-update.company-information.service.gov.uk/search/companies?q=Richland+Resources+Ltd,https://find-and-update.company-information.service.gov.uk/search/companies?q=Richland+Resources+Ltd,1620597300,17:55:00,20210509
10,2009-12-31,RLD.L,USD,2009-12-31,2009-12-31,FY,12458214.5,6470833.8,5987380.7,0.48059701492537316,0.0,0.0,1699361.9,-336315.2,10370796.6,16841630.4,130968.9,2769749.7,-1613666.2000000002,-0.12952628163530178,-4383415.9,-0.35184944841012333,0.0,-4050334.5,-0.32511356262167423,-1628218.3,-2376843.0,-0.190785204412719,-0.025,-0.025,94992000,94992000,https://find-and-update.company-information.service.gov.uk/search/companies?q=Richland+Resources+Ltd,https://find-and-update.company-information.service.gov.uk/search/companies?q=Richland+Resources+Ltd,1620597300,17:55:00,20210509
11,2008-12-31,RLD.L,USD,2008-12-31,2008-12-31,FY,26895040.8,16190394.6,10704646.2,0.39801561483409237,0.0,0.0,4240445.6,-1226346.2,13247747.0,29438141.6,74368.2,2124597.4,-418503.3999999999,-0.015560615918455863,-2543100.8,-0.09455649533723703,0.0,-6831667.0,-0.25401214487096074,1529651.8,-8308823.6,-0.3089351550639774,-0.112,-0.112,74477000,74477000,https://find-and-update.company-information.service.gov.uk/search/companies?q=Richland+Resources+Ltd,https://find-and-update.company-information.service.gov.uk/search/companies?q=Richland+Resources+Ltd,1620597300,17:55:00,20210509
12,2007-12-31,RLD.L,USD,2007-12-31,2007-12-31,FY,42635517.2,21319766.3,21315750.9,0.49995291015257104,0.0,0.0,3256489.4,0.0,12756925.8,34076692.1,68261.8,1857122.5,10415947.6,0.24430212846110377,8558825.1,0.20074401958937652,0.0,8986465.2,0.210774157091731,2503601.9,6575217.5,0.1542192503296289,0.09,0.087,73398000,75218000,https://find-and-update.company-information.service.gov.uk/search/companies?q=Richland+Resources+Ltd,https://find-and-update.company-information.service.gov.uk/search/companies?q=Richland+Resources+Ltd,1620597300,17:55:00,20210509
13,2006-12-31,RLD.L,USD,2006-12-31,2006-12-31,FY,35592665.7,20102228.7,15490437.0,0.4352142975343372,0.0,0.0,178660.3,0.0,11455855.5,31558084.2,68715.5,1692364.6,5726946.1,0.16090242153455786,4034581.5,0.1133542942247228,0.0,2522840.5,0.07088090904076341,736237.5,1784639.7,0.05014065861327155,0.025,0.024,72301000,75882000,https://find-and-update.company-information.service.gov.uk/search/companies?q=Richland+Resources+Ltd,https://find-and-update.company-information.service.gov.uk/search/companies?q=Richland+Resources+Ltd,1620597300,17:55:00,20210509
14,2005-12-31,RLD.L,USD,2005-12-31,2005-12-31,FY,41089365.5,16200065.1,24889300.4,0.605735817458656,0.0,0.0,270087.1,0.0,12035218.8,28235283.9,333738.2,1457094.1,14311175.7,0.3482939083106552,12854081.6,0.31283232154071594,0.0,12924613.9,0.31454888005024073,3077616.7,9774744.6,0.23788988905170608,0.139,0.13,70373000,75158000,https://find-and-update.company-information.service.gov.uk/search/companies?q=Richland+Resources+Ltd,https://find-and-update.company-information.service.gov.uk/search/companies?q=Richland+Resources+Ltd,1620597300,17:55:00,20210509
15,2004-12-31,RLD.L,USD,2004-12-31,2004-12-31,FY,8361000.0,3761000.0,4600000.0,0.5501734242315512,0.0,0.0,0.0,0.0,2919000.0,6680000.0,50000.0,510000.0,2191000.0,0.26204999401985407,1681000.0,0.2010525056811386,0.0,1625000.0,0.19435474225571103,114000.0,1508000.0,0.18036120081329984,0.029375669621116197,0.028501767185166983,51335000,52909000,https://find-and-update.company-information.service.gov.uk/search/companies?q=Richland+Resources+Ltd,https://find-and-update.company-information.service.gov.uk/search/companies?q=Richland+Resources+Ltd,1620597300,17:55:00,20210509
16,2003-12-31,RLD.L,USD,2003-12-31,2003-12-31,FY,5576000.0,1414000.0,4162000.0,0.746413199426112,0.0,0.0,0.0,0.0,2037000.0,3451000.0,115000.0,567000.0,2692000.0,0.48278335724533716,2125000.0,0.38109756097560976,0.0,1412000.0,0.2532281205164993,129000.0,1286000.0,0.2306312769010043,0.018,0.018,69988000,69988000,https://find-and-update.company-information.service.gov.uk/search/companies?q=Richland+Resources+Ltd,https://find-and-update.company-information.service.gov.uk/search/companies?q=Richland+Resources+Ltd,1620597300,17:55:00,20210509
17,2003-03-31,RLD.L,USD,2003-03-31,2003-03-31,FY,4801000.0,2115000.0,2686000.0,0.5594667777546345,0.0,0.0,0.0,0.0,2399000.0,4514000.0,139000.0,826000.0,1113000.0,0.2318267027702562,287000.0,0.05977921266402833,0.0,-265000.0,-0.055196833992918144,199000.0,-464000.0,-0.09664653197250572,-0.007,-0.007,69988000,69988000,https://find-and-update.company-information.service.gov.uk/search/companies?q=Richland+Resources+Ltd,https://find-and-update.company-information.service.gov.uk/search/companies?q=Richland+Resources+Ltd,1620597300,17:55:00,20210509
18,2001-02-28,RLD.L,USD,2001-02-28,2001-02-28,FY,4070000.0,743000.0,3327000.0,0.8174447174447175,0.0,0.0,0.0,0.0,848000.0,1591000.0,1000.0,125000.0,2604000.0,0.6398034398034398,2479000.0,0.6090909090909091,0.0,2527000.0,0.6208845208845208,792000.0,1735000.0,0.4262899262899263,0.025,0.025,69988000,69988000,https://find-and-update.company-information.service.gov.uk/search/companies?q=Richland+Resources+Ltd,https://find-and-update.company-information.service.gov.uk/search/companies?q=Richland+Resources+Ltd,1620597300,17:55:00,20210509
