,date,symbol,reportedCurrency,fillingDate,acceptedDate,period,revenue,costOfRevenue,grossProfit,grossProfitRatio,researchAndDevelopmentExpenses,generalAndAdministrativeExpenses,sellingAndMarketingExpenses,otherExpenses,operatingExpenses,costAndExpenses,interestExpense,depreciationAndAmortization,ebitda,ebitdaratio,operatingIncome,operatingIncomeRatio,totalOtherIncomeExpensesNet,incomeBeforeTax,incomeBeforeTaxRatio,incomeTaxExpense,netIncome,netIncomeRatio,eps,epsdiluted,weightedAverageShsOut,weightedAverageShsOutDil,link,finalLink,timestamp,est_time,est_date
0,2020-03-31,0113.HK,HKD,2020-03-31,2020-03-31,FY,2937710000,1705302000,1232408000,0.41951315820826424,0.0,248501000,1657748000,0.0,0.0,3131038000,42254000.0,326943000,133615000.0,0.045482705917194007,-193328000,-0.06580908258473436,0.0,695704000,0.2368184742537555,49881000.0,645823000,0.21983892215365028,1.629,1.629,396524862,396524862,https://www1.hkexnews.hk/search/titlesearch.xhtml,https://www1.hkexnews.hk/search/titlesearch.xhtml,1620584536,14:22:16,20210509
1,2019-03-31,0113.HK,HKD,2019-03-31,2019-03-31,FY,4009422000,2013275000,1996147000,0.4978640312743333,0.0,207386000,1553635000,0.0,0.0,3829580000,3531000.0,44205000,224047000.0,0.055880124367053405,179842000,0.04485484441398287,0.0,425009000,0.10600256096764073,21203000.0,403806000,0.10071426754280292,1.011,1.011,399314000,399314000,https://www1.hkexnews.hk/search/titlesearch.xhtml,https://www1.hkexnews.hk/search/titlesearch.xhtml,1620584536,14:22:16,20210509
2,2018-03-31,0113.HK,HKD,2018-03-31,2018-03-31,FY,3635599000,1948219000,1687380000,0.4641270943247591,0.0,175618000,1316334000,0.0,0.0,3500876000,1557000.0,58136000,192859000.0,0.053047379537732295,134723000,0.03705661708015653,0.0,162265000,0.0446322600484817,10456000.0,151809000,0.04175625529658249,0.392,0.392,387676000,387676000,https://www1.hkexnews.hk/search/titlesearch.xhtml,https://www1.hkexnews.hk/search/titlesearch.xhtml,1620584536,14:22:16,20210509
3,2017-03-31,0113.HK,HKD,2017-03-31,2017-03-31,FY,3144822000,1566470000,1578352000,0.5018891371276339,0.0,223694000,1264820000,0.0,0.0,3122995000,1654000.0,73472000,95299000.0,0.03030346391624073,21827000,0.00694061539890016,0.0,86286000,0.0274374829481605,6125000.0,80161000,0.025489836944666503,0.211,0.211,380451745,380451745,https://www1.hkexnews.hk/search/titlesearch.xhtml,https://www1.hkexnews.hk/search/titlesearch.xhtml,1620584536,14:22:16,20210509
4,2016-03-31,0113.HK,HKD,2016-03-31,2016-03-31,FY,3621335000,1825453000,1795882000,0.4959171134402092,0.0,301858000,1671835000,0.0,0.0,3886367000,1823000.0,96407000,-168625000.0,-0.04656431951200317,-265032000,-0.07318626970440459,0.0,-282974000,-0.07814079614285892,5178000.0,-288152000,-0.07957065557315189,-0.75,-0.75,384136826,384136826,https://www1.hkexnews.hk/search/titlesearch.xhtml,https://www1.hkexnews.hk/search/titlesearch.xhtml,1620584536,14:22:16,20210509
5,2015-03-31,0113.HK,HKD,2015-03-31,2015-03-31,FY,4322230000,2225800000,2096430000,0.4850343456965502,0.0,261334000,1836495000,0.0,0.0,4444252000,3796000.0,126251000,4229000.0,0.000978430115935524,-122022000,-0.028231260252230907,0.0,-91547000,-0.021180501731744957,18713000.0,-110260000,-0.0255099798020929,-0.285,-0.285,386826049,386826049,https://www1.hkexnews.hk/search/titlesearch.xhtml,https://www1.hkexnews.hk/search/titlesearch.xhtml,1620584536,14:22:16,20210509
6,2014-03-31,0113.HK,HKD,2014-03-31,2014-03-31,FY,4353361000,2126698000,2226663000,0.5114813588856978,0.0,282776000,1682861000,0.0,0.0,4197525000,1430000.0,152770000,308606000.0,0.07088913600319385,155836000,0.03579670971463198,0.0,169166000,0.03885871169425187,14336000.0,154830000,0.03556562389381446,0.41,0.41,377676990,377676990,https://www1.hkexnews.hk/search/titlesearch.xhtml,https://www1.hkexnews.hk/search/titlesearch.xhtml,1620584536,14:22:16,20210509
7,2013-03-31,0113.HK,HKD,2013-03-31,2013-03-31,FY,4126217000,1894662000,2231555000,0.5408234709904981,0.0,267996000,1697608000,0.0,0.0,3889153000,1962000.0,160225000,397289000.0,0.09628407812773783,237064000,0.05745311019754899,0.0,267836000,0.06491078874426624,38559000.0,229277000,0.05556590940321365,0.616,0.616,372311338,372311338,https://www1.hkexnews.hk/search/titlesearch.xhtml,https://www1.hkexnews.hk/search/titlesearch.xhtml,1620584536,14:22:16,20210509
8,2012-03-31,0113.HK,HKD,2012-03-31,2012-03-31,FY,3985304000,1831901000,2153403000,0.5403359442592083,0.0,246609000,1625670000,0.0,0.0,3735299000,1711000.0,126473000,376478000.0,0.09446657017883704,250005000,0.0627317263626564,0.0,252190000,0.06327999068577955,63298000.0,186706000,0.04684862183662777,0.501,0.501,372311338,372311338,https://www1.hkexnews.hk/search/titlesearch.xhtml,https://www1.hkexnews.hk/search/titlesearch.xhtml,1620584536,14:22:16,20210509
9,2011-03-31,0113.HK,HKD,2011-03-31,2011-03-31,FY,3403861000,1587803000,1816058000,0.533528836812079,0.0,240774000,1300061000,0.0,0.0,3006448000,957000.0,89461000,486874000.0,0.1430358055161477,397413000,0.11675359246455716,0.0,417780000,0.12273709179076349,70841000.0,346835000,0.10189458382701291,0.932,0.932,372311338,372311338,https://www1.hkexnews.hk/search/titlesearch.xhtml,https://www1.hkexnews.hk/search/titlesearch.xhtml,1620584536,14:22:16,20210509
10,2010-03-31,0113.HK,HKD,2010-03-31,2010-03-31,FY,3633639000,1588370000,2045269000,0.5628707199586971,0.0,267458000,1464279000,0.0,0.0,3277164000,685000.0,125482000,481957000.0,0.13263755700552532,356475000,0.09810413197348443,0.0,372833000,0.10260595507699032,69099000.0,304219000,0.08372295651824521,0.817,0.817,372311338,372311338,https://www1.hkexnews.hk/search/titlesearch.xhtml,https://www1.hkexnews.hk/search/titlesearch.xhtml,1620584536,14:22:16,20210509
11,2009-03-31,0113.HK,HKD,2009-03-31,2009-03-31,FY,3838693000,1652974000,2185719000,0.5693914569359936,0.0,270268000,1607426000,-116123000.0,0.0,3635398000,2555000.0,219370000,422665000.0,0.11010648676515679,203295000,0.05295943176492624,0.0,100716000,0.026237055164348908,48899000.0,51374000,0.013383201000965694,0.138,0.138,372311338,372311338,https://www1.hkexnews.hk/search/titlesearch.xhtml,https://www1.hkexnews.hk/search/titlesearch.xhtml,1620584536,14:22:16,20210509
12,2008-03-31,0113.HK,HKD,2008-03-31,2008-03-31,FY,3749809000,1636833000,2112976000,0.5634889670380545,0.0,274698000,1507609000,11648000.0,0.0,3523827000,6423000.0,172498000,398480000.0,0.1062667458529221,225982000,0.060264936160748454,0.0,237630000,0.06337122770786459,26981000.0,210649000,0.0561759278939274,0.622,0.622,338431556,338431556,https://www1.hkexnews.hk/search/titlesearch.xhtml,https://www1.hkexnews.hk/search/titlesearch.xhtml,1620584536,14:22:16,20210509
13,2007-03-31,0113.HK,HKD,2007-03-31,2007-03-31,FY,3099967000,1372257000,1727710000,0.5573317393378704,0.0,236597000,1212958000,0.0,0.0,2883652000,0.0,88617000,304932000.0,0.09836620841447667,216315000,0.06977977507502499,0.0,225978000,0.07289690503156969,39589000.0,186389000,0.060126123923254664,0.599966,0.599966,310311000,310311000,https://www1.hkexnews.hk/search/titlesearch.xhtml,https://www1.hkexnews.hk/search/titlesearch.xhtml,1620584536,14:22:16,20210509
14,2006-03-31,0113.HK,HKD,2006-03-31,2006-03-31,FY,2643073000,1168494000,1474579000,0.5579032436864211,0.0,180046000,1013860000,7023000.0,0.0,2444118000,1499000.0,72985000,271940000.0,0.10288781278458824,198955000,0.07527412220547824,0.0,239111000,0.09046704347553018,30395000.0,208716000,0.0789671719244985,0.671546,0.671546,310311000,310311000,https://www1.hkexnews.hk/search/titlesearch.xhtml,https://www1.hkexnews.hk/search/titlesearch.xhtml,1620584536,14:22:16,20210509
15,2005-03-31,0113.HK,HKD,2005-03-31,2005-03-31,FY,2803004000,1514819000,1288185000,0.45957301523651056,0.0,176663000,880165000,14686000.0,0.0,2622467000,1687000.0,58491000,239028000.0,0.08527565426235567,180537000,0.06440839898908457,0.0,234421000,0.08363206046084844,30803000.0,203618000,0.07264277896142853,0.654559,0.654559,310311100,310311100,https://www1.hkexnews.hk/search/titlesearch.xhtml,https://www1.hkexnews.hk/search/titlesearch.xhtml,1620584536,14:22:16,20210509
16,2004-03-31,0113.HK,HKD,2004-03-31,2004-03-31,FY,2609915000,1512233000,1097682000,0.42058151319104264,0.0,164029000,777756000,9536000.0,0.0,2504576000,1905000.0,51973000,157312000.0,0.06027475990597395,105339000,0.040361084556393596,0.0,144678000,0.0554339892295343,22254000.0,122424000,0.046907274757990204,0.387607,0.387607,310311760,310311760,https://www1.hkexnews.hk/search/titlesearch.xhtml,https://www1.hkexnews.hk/search/titlesearch.xhtml,1620584536,14:22:16,20210509
17,2003-03-31,0113.HK,HKD,2003-03-31,2003-03-31,FY,2446881000,1433007000,1013874000,0.4143536199757978,0.0,159204000,771082000,0.0,0.0,2407339000,0.0,55449000,94991000.0,0.03882125857366991,39542000,0.016160164715815765,0.0,85899000,0.0351055077872606,18141000.0,67758000,0.027691579606854602,0.21835459925850054,0.21835459925850054,310311760,310311760,https://www1.hkexnews.hk/search/titlesearch.xhtml,https://www1.hkexnews.hk/search/titlesearch.xhtml,1620584536,14:22:16,20210509
