,date,symbol,reportedCurrency,fillingDate,acceptedDate,period,revenue,costOfRevenue,grossProfit,grossProfitRatio,researchAndDevelopmentExpenses,generalAndAdministrativeExpenses,sellingAndMarketingExpenses,otherExpenses,operatingExpenses,costAndExpenses,interestExpense,depreciationAndAmortization,ebitda,ebitdaratio,operatingIncome,operatingIncomeRatio,totalOtherIncomeExpensesNet,incomeBeforeTax,incomeBeforeTaxRatio,incomeTaxExpense,netIncome,netIncomeRatio,eps,epsdiluted,weightedAverageShsOut,weightedAverageShsOutDil,link,finalLink,timestamp,est_time,est_date
0,2020-12-31,AROC,USD,2021-02-23,2021-02-22 21:00:47,FY,874970000,570331000,304639000,0.34817079442723753,0.0,105100000.0,0.0,1359000.0,105100000,675431000,105716000.0,196615000,396154000,0.45276295187263566,199539000,0.22805239036766975,-179805000.0,-85982000.0,-0.09826851206327074,-17537000.0,-68445000.0,-0.07822553916134267,-0.4978107817182091,-0.4978107817182091,150828000,150828000,https://www.sec.gov/Archives/edgar/data/1389050/000138905021000011/0001389050-21-000011-index.htm,https://www.sec.gov/Archives/edgar/data/1389050/000138905021000011/aroc-20201231x10k.htm,1620588733,15:32:13,20210509
1,2019-12-31,AROC,USD,2020-02-21 00:00:00,2020-02-21 12:48:51,FY,965485000,644322000,321163000,0.3326442150836108,0.0,0.0,0.0,216000.0,117727000,762049000,104681000.0,188084000,391520000,0.40551639849402116,203436000,0.2107086075910035,-40297000.0,58458000.0,0.060547807578574496,-39145000.0,97330000.0,0.10080943774372465,0.7078957321153231,0.707710429876098,137492000,137528000,https://www.sec.gov/Archives/edgar/data/1389050/000138905020000028/0001389050-20-000028-index.html,https://www.sec.gov/Archives/edgar/data/1389050/000138905020000028/a201910karoc.htm,1620588733,15:32:13,20210509
2,2018-12-31,AROC,USD,2019-02-20 00:00:00,2019-02-20 16:59:30,FY,904441000,639313000,265128000,0.2931401827205976,0.0,0.0,0.0,5812000.0,101563000,740876000,93328000.0,174946000,338511000,0.3742764868023453,163565000,0.18084651182332512,-34927000.0,35310000.0,0.03904068922129802,6150000.0,21063000.0,0.02328841792886435,0.19269932756964459,0.19249504208515733,109305000,109421000,https://www.sec.gov/Archives/edgar/data/1389050/000138905019000021/0001389050-19-000021-index.html,https://www.sec.gov/Archives/edgar/data/1389050/000138905019000021/a201810karoc.htm,1620588733,15:32:13,20210509
3,2017-12-31,AROC,USD,2018-02-22 00:00:00,2018-02-22 16:41:49,FY,794655000,607485000,187170000,0.23553617607641053,0.0,0.0,0.0,1273000.0,111483000,718968000,88760000.0,188563000,264250000,0.3325342444205347,75687000,0.09524510636691394,-29546000.0,-42619000.0,-0.05363207933002372,-61083000.0,18953000.0,0.023850601833500074,0.27250115021854154,0.27206304547542487,69552000,69664000,https://www.sec.gov/Archives/edgar/data/1389050/000138905018000006/0001389050-18-000006-index.html,https://www.sec.gov/Archives/edgar/data/1389050/000138905018000006/a201710karoc.htm,1620588733,15:32:13,20210509
4,2016-12-31,AROC,USD,2017-02-23 00:00:00,2017-02-23 16:36:13,FY,807069000,588905000,218164000,0.2703164165641352,0.0,0.0,0.0,-4880000.0,114470000,703375000,83899000.0,208986000,312680000,0.38742660169080956,103694000,0.12848219916760525,-109216000.0,-89421000.0,-0.11079721808172535,-24604000.0,-54555000.0,-0.0675964508610788,-0.8,-0.8,68993000,68993000,https://www.sec.gov/Archives/edgar/data/1389050/000138905017000028/0001389050-17-000028-index.html,https://www.sec.gov/Archives/edgar/data/1389050/000138905017000028/a201610karoc.htm,1620588733,15:32:13,20210509
5,2015-12-31,AROC,USD,2016-02-29 00:00:00,2016-02-29 10:03:25,FY,998108000,724173000,273935000,0.27445426747406093,0.0,0.0,0.0,2079000.0,131919000,856092000,107617000.0,229127000,371143000,0.37184653364165,142016000,0.14228520360522107,-140584000.0,-106185000.0,-0.1063862828471468,53189000.0,-105818000.0,-0.10601858716691981,-1.55,-1.55,68433000,68433000,https://www.sec.gov/Archives/edgar/data/1389050/000138905016000047/0001389050-16-000047-index.html,https://www.sec.gov/Archives/edgar/data/1389050/000138905016000047/a201510karoc.htm,1620588733,15:32:13,20210509
6,2014-12-31,AROC,USD,2015-02-26,2015-02-26 15:34:27,FY,2899738000,2254515000,645223000,0.22251079235434373,0.0,0.0,0.0,-1747000.0,377754000,2632269000,114178000.0,386071000,653540000,0.22537898251497204,267469000,0.0922390229737997,-41426000.0,111865000.0,0.03857762321975296,58657000.0,98166000.0,0.033853403307471226,1.46,1.4,66234000,69090000,https://www.sec.gov/Archives/edgar/data/1389050/000110465915014353/a14-24878_110k.htm,https://www.sec.gov/Archives/edgar/data/1389050/000110465915014353/a14-24878_110k.htm,1620588733,15:32:13,20210509
7,2013-12-31,AROC,USD,2014-02-26,2014-02-25 18:38:13,FY,3160404000,2524903000,635501000,0.20108220341450017,0.0,0.0,0.0,24501000.0,358173000,2883076000,115745000.0,327505000,604833000,0.19137838073866506,277328000,0.08775080654245469,14864000.0,176447000.0,0.05583052040182204,84719000.0,123164000.0,0.038970967002952786,1.88,1.86,65655000,66204000,https://www.sec.gov/Archives/edgar/data/1389050/000110465914013254/a13-25567_110k.htm,https://www.sec.gov/Archives/edgar/data/1389050/000110465914013254/a13-25567_110k.htm,1620588733,15:32:13,20210509
8,2012-12-31,AROC,USD,2013-02-26 00:00:00,2013-02-26 15:42:35,FY,2803602000,2320226000,483376000,0.17241248936189943,0.0,0.0,0.0,-430000.0,376359000,2696585000,134376000.0,350847000,457864000,0.16331276693339497,107017000,0.038171252552965794,-139028000.0,-166387000.0,-0.05934758214611061,-62375000.0,-39486000.0,-0.014084024765284088,-0.62,-0.62,63436000,63436000,https://www.sec.gov/Archives/edgar/data/1389050/000110465913014349/0001104659-13-014349-index.html,https://www.sec.gov/Archives/edgar/data/1389050/000110465913014349/a12-30087_310k.htm,1620588733,15:32:13,20210509
9,2011-12-31,AROC,USD,2012-02-24 00:00:00,2012-02-23 19:04:57,FY,2683470000,1945373000,738097000,0.2750531960484,0.0,0.0,0.0,0.0,725252000,2670625000,149473000.0,365870000,378715000,0.14112883691638065,12845000,0.004786712726432567,-210492000.0,-347120000.0,-0.1293549024211189,-13465000.0,-340608000.0,-0.1269281937193261,-5.44,-5.44,62624000,62624000,https://www.sec.gov/Archives/edgar/data/1389050/000119312512075836/0001193125-12-075836-index.html,https://www.sec.gov/Archives/edgar/data/1389050/000119312512075836/d263396d10k.htm,1620588733,15:32:13,20210509
10,2010-12-31,AROC,USD,2011-02-24,2011-02-24 17:13:52,FY,2461533000,1657072000,804461000,0.32681300636635785,0.0,0.0,0.0,0.0,759733000,2416805000,136149000.0,401478000,446206000,0.18127158969633964,44728000,0.018170790316441015,-133749000.0,-225170000.0,-0.09147551546129994,-66606000.0,-101825000.0,-0.041366498031917505,-1.64,-1.64,61995000,61995000,https://www.sec.gov/Archives/edgar/data/1389050/000095012311017946/h78163e10vk.htm,https://www.sec.gov/Archives/edgar/data/1389050/000095012311017946/h78163e10vk.htm,1620588733,15:32:13,20210509
11,2009-12-31,AROC,USD,2010-02-25 00:00:00,2010-02-25 17:29:21,FY,2715601000,1800019000,915582000,0.3371563053629749,0.0,0.0,0.0,0.0,690405000,2490424000,122845000.0,352785000,577962000,0.21283023536962906,225177000,0.08291976619540205,-299889000.0,-197557000.0,-0.07274890530678108,51667000.0,-549407000.0,-0.20231506764064383,-8.95,-8.95,61406000,61406000,https://www.sec.gov/Archives/edgar/data/1389050/000095012310017186/0000950123-10-017186-index.html,https://www.sec.gov/Archives/edgar/data/1389050/000095012310017186/h69660e10vk.htm,1620588733,15:32:13,20210509
12,2008-12-31,AROC,USD,2009-02-26 00:00:00,2009-02-26 16:41:26,FY,3178653000,2057647000,1121006000,0.35266699447847877,0.0,0.0,0.0,0.0,705605000,2763252000,129723000.0,373602000,789003000,0.24821929288915776,415401000,0.13068460130753498,-1183955000.0,-898277000.0,-0.2825967477418894,37197000.0,-947349000.0,-0.29803473358054494,-14.67,-14.67,64580000,64580000,https://www.sec.gov/Archives/edgar/data/1389050/000095012909000640/0000950129-09-000640-index.html,https://www.sec.gov/Archives/edgar/data/1389050/000095012909000640/h65729e10vk.htm,1620588733,15:32:13,20210509
13,2007-12-31,AROC,USD,2008-02-29,2008-02-29 14:02:26,FY,2540485000,1718176000,822309000,0.3236818953861172,0.0,0.0,0.0,0.0,517773000,2235949000,0.0,252716000,557252000,0.21934866767566036,304536000,0.11987317382310858,-121674000.0,52770000.0,0.02077162431582946,11894000.0,34569000.0,0.013607244286031998,0.76,0.75,45580000,46300000,https://www.sec.gov/Archives/edgar/data/1389050/000095012908001356/h54306e10vk.htm,https://www.sec.gov/Archives/edgar/data/1389050/000095012908001356/h54306e10vk.htm,1620588733,15:32:13,20210509
14,2006-12-31,AROC,USD,2006-12-31,2006-12-31,FY,947707000,519056000,428651000,0.45230329627194904,0.0,0.0,0.0,0.0,241463000,760519000,0.0,122701000,309889000,0.32698819360836207,187188000,0.19751674304399988,1448000.0,129933000.0,0.13710250108947175,42277000.0,87656000.0,0.09249272190666524,2.93,2.82,29911000,31032000,,,1620588733,15:32:13,20210509
15,2005-12-31,AROC,USD,2005-12-31,2005-12-31,FY,613647000,342312000,271335000,0.44216789131210615,0.0,0.0,0.0,0.0,145168000,487480000,0.0,79899000,206066000,0.3358054386316563,126167000,0.20560191771490777,476000.0,86422000.0,0.14083341073939903,31053000.0,55369000.0,0.09022939898671387,1.74,1.69,31773000,32758000,,,1620588733,15:32:13,20210509
16,2005-03-31,AROC,USD,2005-03-31,2005-03-31,FY,763070000,452816000,310254000,0.4065865516925053,0.0,0.0,0.0,0.0,169553000,622369000,0.0,93797000,234498000,0.30730863485656623,140701000,0.18438806400461294,-25690000.0,50823000.0,0.06660332603824026,17213000.0,33610000.0,0.04404576251195828,1.07,1.04,31392000,32224000,,,1620588733,15:32:13,20210509
17,2004-03-31,AROC,USD,2004-03-31,2004-03-31,FY,688786000,399305000,289481000,0.4202771252609664,0.0,0.0,0.0,0.0,153166000,552471000,0.0,85650000,221965000,0.3222553884660838,136315000,0.1979061711474972,-14312000.0,48528000.0,0.07045439367234525,17741000.0,30787000.0,0.044697482236863116,1.0,0.98,30848000,31283000,,,1620588733,15:32:13,20210509
18,2003-03-31,AROC,USD,2003-03-31,2003-03-31,FY,625218000,357250000,267968000,0.42859930456256856,0.0,0.0,0.0,0.0,177721000,534971000,0.0,63706000,153953000,0.2462389118675406,90247000,0.1443448525154426,667000.0,54493000.0,0.08715839915037635,20975000.0,33518000.0,0.05361010079684206,1.09,1.08,30665000,30928000,,,1620588733,15:32:13,20210509
19,2002-03-31,AROC,USD,2002-03-31,2002-03-31,FY,679989000,411643000,268346000,0.3946328543549969,0.0,116291000.0,0.0,0.0,164891000,576534000,0.0,48600000,152055000,0.22361391140150796,103455000,0.15214216700564273,-99000.0,80339000.0,0.11814749944484396,30931000.0,49408000.0,0.0726599989117471,1.65,1.63,30008000,30250000,,,1620588733,15:32:13,20210509
20,2001-03-31,AROC,USD,2001-03-31,2001-03-31,FY,232761000,123059000,109702000,0.4713074784865162,0.0,35535000.0,0.0,0.0,69026000,192085000,0.0,33491000,74167000,0.31864015019698316,40676000,0.17475436177022782,-8699000.0,8757000.0,0.037622282083338704,3645000.0,-4391000.0,-0.018864844196407472,-0.29749322493224933,-0.29119968167650373,14760000,15079000,,,1620588733,15:32:13,20210509
21,2000-03-31,AROC,USD,2000-03-31,2000-03-31,FY,136449000,66133000,70316000,0.5153280712940366,0.0,16797000.0,0.0,0.0,43965000,110098000,0.0,27168000,53519000,0.3922271324817331,26351000,0.19311977368833777,0.0,-7976000.0,-0.0584540744160822,-1994000.0,-5982000.0,-0.04384055581206165,-17.94,-17.94,333520000,333520000,,,1620588733,15:32:13,20210509
