,date,symbol,reportedCurrency,fillingDate,acceptedDate,period,revenue,costOfRevenue,grossProfit,grossProfitRatio,researchAndDevelopmentExpenses,generalAndAdministrativeExpenses,sellingAndMarketingExpenses,otherExpenses,operatingExpenses,costAndExpenses,interestExpense,depreciationAndAmortization,ebitda,ebitdaratio,operatingIncome,operatingIncomeRatio,totalOtherIncomeExpensesNet,incomeBeforeTax,incomeBeforeTaxRatio,incomeTaxExpense,netIncome,netIncomeRatio,eps,epsdiluted,weightedAverageShsOut,weightedAverageShsOutDil,link,finalLink,timestamp,est_time,est_date
0,2020-03-31,0794.HK,HKD,2020-03-31,2020-03-31,FY,1010653000,807242000,203411000,0.20126690367514863,0.0,96004000,66404000,840000.0,0.0,964366000,17901000.0,39695000,85982000,0.08507568868840244,46287000.0,0.04579910216464009,0.0,19388000,0.01918363671804269,7348000.0,11979000,0.011852732837086518,0.0341,0.0341,351268110,351268110,https://www1.hkexnews.hk/search/titlesearch.xhtml,https://www1.hkexnews.hk/search/titlesearch.xhtml,1620584914,14:28:34,20210509
1,2019-03-31,0794.HK,HKD,2019-03-31,2019-03-31,FY,1184886000,950570000,234316000,0.1977540455368702,0.0,133037000,56538000,773000.0,0.0,1134978000,15336000.0,29000000,78908000,0.06659543618542206,49908000.0,0.04212050779568667,0.0,50054000,0.042243726400683274,9006000.0,41969000,0.03542028515823463,0.1161,0.1161,361361008,361361008,https://www1.hkexnews.hk/search/titlesearch.xhtml,https://www1.hkexnews.hk/search/titlesearch.xhtml,1620584914,14:28:34,20210509
2,2018-03-31,0794.HK,HKD,2018-03-31,2018-03-31,FY,1326986000,1025211000,301775000,0.22741385365030226,0.0,108893000,60793000,0.0,0.0,1202872000,13146000.0,31382000,155496000,0.11717983460262581,124114000.0,0.09353075315037235,0.0,115863000,0.08731290307508896,20458000.0,96496000,0.07271817487147567,0.2623,0.2623,362300000,362300000,https://www1.hkexnews.hk/search/titlesearch.xhtml,https://www1.hkexnews.hk/search/titlesearch.xhtml,1620584914,14:28:34,20210509
3,2017-03-31,0794.HK,HKD,2017-03-31,2017-03-31,FY,845546000,660684000,184862000,0.21863032880529268,0.0,104653000,40869000,0.0,0.0,803010000,12275000.0,28877000,71413000,0.08445785326877545,42536000.0,0.050305956151409856,0.0,29708000,0.035134694032021914,13193000.0,18383000,0.02174098156694018,0.0507,0.0507,362300000,362300000,https://www1.hkexnews.hk/search/titlesearch.xhtml,https://www1.hkexnews.hk/search/titlesearch.xhtml,1620584914,14:28:34,20210509
4,2016-03-31,0794.HK,HKD,2016-03-31,2016-03-31,FY,815127000,645015000,170112000,0.20869385997519405,0.0,114349000,42310000,0.0,0.0,813451000,11332000.0,27904000,29580000,0.036288823704772384,1676000.0,0.0020561213160648585,0.0,-60359000,-0.07404858384030955,10174000.0,-66002000,-0.08097143144565203,-0.1822,-0.1822,362300000,362300000,https://www1.hkexnews.hk/search/titlesearch.xhtml,https://www1.hkexnews.hk/search/titlesearch.xhtml,1620584914,14:28:34,20210509
5,2015-03-31,0794.HK,HKD,2015-03-31,2015-03-31,FY,916802000,714365000,202437000,0.22080776438096775,0.0,118100000,47607000,4429000.0,0.0,877526000,9614000.0,25928000,65204000,0.07112113629769569,39276000.0,0.04284022068014686,0.0,59009000,0.06436395208561936,9424000.0,53935000,0.05882949644525208,0.1489,0.1489,362300000,362300000,https://www1.hkexnews.hk/search/titlesearch.xhtml,https://www1.hkexnews.hk/search/titlesearch.xhtml,1620584914,14:28:34,20210509
6,2014-03-31,0794.HK,HKD,2014-03-31,2014-03-31,FY,895410000,695291000,200119000,0.22349426519694887,0.0,109112000,53274000,4180000.0,0.0,865472000,9004000.0,28164000,58102000,0.06488871019979674,29938000.0,0.033434962754492356,0.0,40662000,0.04541159915569404,6620000.0,37216000,0.041563082833562276,0.1027,0.1027,362300000,362300000,https://www1.hkexnews.hk/search/titlesearch.xhtml,https://www1.hkexnews.hk/search/titlesearch.xhtml,1620584914,14:28:34,20210509
7,2013-03-31,0794.HK,HKD,2013-03-31,2013-03-31,FY,766711000,607738000,158973000,0.2073440970587353,0.0,98748000,37935000,2537000.0,0.0,756626000,7189000.0,29896000,39981000,0.052146115029000496,10085000.0,0.013153587205609414,0.0,36064000,0.04703728001815547,19233000.0,20143000,0.026271959056280658,0.0556,0.055598,362300000,362300000,https://www1.hkexnews.hk/search/titlesearch.xhtml,https://www1.hkexnews.hk/search/titlesearch.xhtml,1620584914,14:28:34,20210509
8,2012-03-31,0794.HK,HKD,2012-03-31,2012-03-31,FY,772086000,636728000,135358000,0.17531466701895904,0.0,84300000,36379000,0.0,0.0,758737000,3139000.0,23511000,36860000,0.047740795714467044,13349000.0,0.017289524742062412,0.0,10210000,0.013223915470556388,2732000.0,11331000,0.014675826268058221,0.0343,0.0341,330268493,331918023,https://www1.hkexnews.hk/search/titlesearch.xhtml,https://www1.hkexnews.hk/search/titlesearch.xhtml,1620584914,14:28:34,20210509
9,2011-03-31,0794.HK,HKD,2011-03-31,2011-03-31,FY,697640000,574156000,123484000,0.17700246545496245,0.0,69656000,28928000,4365000.0,0.0,680012000,2377000.0,23759000,41387000,0.05932429333180437,17628000.0,0.025268046556963478,0.0,19616000,0.028117653804254343,3613000.0,18352000,0.02630583108766699,0.056,0.056,327887123,327887123,https://www1.hkexnews.hk/search/titlesearch.xhtml,https://www1.hkexnews.hk/search/titlesearch.xhtml,1620584914,14:28:34,20210509
10,2010-03-31,0794.HK,HKD,2010-03-31,2010-03-31,FY,478436000,393290000,85146000,0.17796737703684506,0.0,54561000,19063000,0.0,0.0,465646000,896000.0,24895000,37685000,0.07876706602345977,12790000.0,0.026732938156827663,0.0,27883000,0.05827947729685893,2974000.0,24909000,0.05206338987868806,0.0881,0.0881,282589041,282589041,https://www1.hkexnews.hk/search/titlesearch.xhtml,https://www1.hkexnews.hk/search/titlesearch.xhtml,1620584914,14:28:34,20210509
11,2009-03-31,0794.HK,HKD,2009-03-31,2009-03-31,FY,614780000,499094000,115686000,0.18817463157552294,0.0,49654000,22381000,0.0,0.0,574465000,4166000.0,25266000,65581000,0.1066739321383259,40315000.0,0.06557630371840333,0.0,36149000,0.05879989589771951,3628000.0,32521000,0.05289859787240964,0.1502,0.1502,216520548,216520548,https://www1.hkexnews.hk/search/titlesearch.xhtml,https://www1.hkexnews.hk/search/titlesearch.xhtml,1620584914,14:28:34,20210509
12,2008-03-31,0794.HK,HKD,2008-03-31,2008-03-31,FY,665667000,524737000,140930000,0.2117124628380256,0.0,48877000,19078000,0.0,0.0,591623000,6841000.0,23964000,98008000,0.14723277554693262,74044000.0,0.11123279357396416,0.0,67203000,0.10095588334707895,5908000.0,61295000,0.09208057482194551,0.2919,0.2919,210000000,210000000,https://www1.hkexnews.hk/search/titlesearch.xhtml,https://www1.hkexnews.hk/search/titlesearch.xhtml,1620584914,14:28:34,20210509
13,2007-03-31,0794.HK,HKD,2007-03-31,2007-03-31,FY,643198000,517840000,125358000,0.1948979940858025,0.0,38667000,21378000,0.0,0.0,580723000,9982000.0,21171000,83646000,0.13004704616618834,62475000.0,0.09713183187758669,0.0,52493000,0.08161250501400813,3201000.0,49292000,0.07663581043473394,0.2387,0.2387,206486700,206486700,https://www1.hkexnews.hk/search/titlesearch.xhtml,https://www1.hkexnews.hk/search/titlesearch.xhtml,1620584914,14:28:34,20210509
14,2006-03-31,0794.HK,HKD,2006-03-31,2006-03-31,FY,574871000,466293000,108578000,0.18887367774683364,0.0,35619000,18422000,0.0,0.0,519807000,7361000.0,20319000,75383000,0.13113028836034518,55064000.0,0.09578496741007983,0.0,47703000,0.08298035559281995,1648000.0,46005000,0.08002664945700862,0.2446,0.2446,188265000,188265000,https://www1.hkexnews.hk/search/titlesearch.xhtml,https://www1.hkexnews.hk/search/titlesearch.xhtml,1620584914,14:28:34,20210509
