,date,symbol,reportedCurrency,fillingDate,acceptedDate,period,revenue,costOfRevenue,grossProfit,grossProfitRatio,researchAndDevelopmentExpenses,generalAndAdministrativeExpenses,sellingAndMarketingExpenses,otherExpenses,operatingExpenses,costAndExpenses,interestExpense,depreciationAndAmortization,ebitda,ebitdaratio,operatingIncome,operatingIncomeRatio,totalOtherIncomeExpensesNet,incomeBeforeTax,incomeBeforeTaxRatio,incomeTaxExpense,netIncome,netIncomeRatio,eps,epsdiluted,weightedAverageShsOut,weightedAverageShsOutDil,link,finalLink,timestamp,est_time,est_date
0,2015-04-30,PFM,USD,2015-04-30,2015-04-30,FY,9337810.0,1452340.0,7885470.0,0.8444667432727803,0.0,442320.0,0.0,66920.0,509230.0000000001,1961570.0,24781460.0,0.0,48112230.0,5.15241,7376240.0,0.7899325430695205,0.0,23330770.0,2.4985269565347763,0.0,23330770.0,2.4985269565347763,1.45363,1.45363,16050000.0,16050000.0,,,1620596494,17:41:34,20210509
1,2014-04-30,PFM,USD,2014-04-30,2014-04-30,FY,8491330.0,1313810.0,7177520.0,0.8452762994725208,0.0,408980.0,0.0,78930.0,487900.0,1801710.0,20581680.0,0.0,64160240.0,7.555971,6689620.0,0.7878176916925853,0.0,43578560.0,5.132124178426701,0.0,43578560.0,5.132124178426701,2.54102,2.54102,17150000.0,17150000.0,,,1620596494,17:41:34,20210509
2,2013-04-30,PFM,USD,2013-04-30,2013-04-30,FY,7654910.0,1084600.0,6570310.0,0.858313161095297,0.0,345100.0,0.0,131400.0,476490.0000000001,1561090.0,12133550.0,0.0,57039320.0,7.451338,6093820.0,0.7960668381470194,0.0,44905770.0,5.866270145566702,0.0,44905770.0,5.866270145566702,2.77196,2.77196,16200000.0,16200000.0,,,1620596494,17:41:34,20210509
3,2012-04-30,PFM,USD,2012-04-30,2012-04-30,FY,6941650.0,989430.0,5952220.0,0.857464723804859,0.0,360060.0,0.0,96100.0,456159.9999999999,1445590.0,17926840.0,0.0,36635190.0,5.277591,5496060.0,0.7917512406992574,0.0,18708350.0,2.695086902969755,0.0,18708350.0,2.695086902969755,1.16927,1.16927,16000000.0,16000000.0,,,1620596494,17:41:34,20210509
4,2011-04-30,PFM,USD,2011-04-30,2011-04-30,FY,5163900.0,755020.0,4408880.0,0.8537888030364646,0.0,297050.0,0.0,16980.0,314030.00000000006,1069050.0,8751450.0,0.0,44244620.0,8.568063,4094850.0,0.7929762388892116,0.0,35493170.0,6.873326361858285,0.0,35493170.0,6.873326361858285,2.49075,2.49075,14250000.0,14250000.0,,,1620596494,17:41:34,20210509
5,2010-04-30,PFM,USD,2010-04-30,2010-04-30,FY,3000000.0,430000.0,2570000.0,0.8566666666666667,0.0,210000.0,0.0,-20000.0,200000.0,630000.0,-3080000.0,0.0,24390000.0,8.13,2380000.0,0.7933333333333333,-40000.0,27470000.0,9.156666666666666,0.0,27470000.0,9.156666666666666,2.7198,2.7198,10100000.0,10100000.0,,,1620596494,17:41:34,20210509
6,2009-04-30,PFM,USD,2009-04-30,2009-04-30,FY,2630000.0,300000.0,2330000.0,0.8859315589353612,0.0,220000.0,0.0,-90000.0,130000.0,430000.0,-17860000.0,0.0,-45910000.0,-17.456274,2200000.0,0.8365019011406845,-100000.0,-28050000.0,-10.665399239543726,0.0,-28050000.0,-10.665399239543726,-3.37952,-3.37952,8300000.0,8300000.0,,,1620596494,17:41:34,20210509
7,2008-04-30,PFM,USD,2008-04-30,2008-04-30,FY,1910000.0,290000.0,1630000.0,0.8534031413612565,0.0,200000.0,0.0,-60000.0,130000.0,420000.0,1200000.0,0.0,-4180000.0,-2.188482,1500000.0,0.7853403141361257,-80000.0,-5380000.0,-2.816753926701571,0.0,-5380000.0,-2.816753926701571,-1.45405,-1.45405,3700000.0,3700000.0,,,1620596494,17:41:34,20210509
8,2007-04-30,PFM,USD,2007-04-30,2007-04-30,FY,1160000.0,200000.0,970000.0,0.8362068965517241,0.0,210000.0,0.0,-140000.0,70000.0,270000.0,850000.0,0.0,7370000.0,6.353448,890000.0,0.7672413793103449,-150000.0,6520000.0,5.620689655172414,0.0,6520000.0,5.620689655172414,1.63,1.63,4000000.0,4000000.0,,,1620596494,17:41:34,20210509
9,2006-04-30,PFM,USD,2006-04-30,2006-04-30,FY,400000.0,70000.0,330000.0,0.825,0.0,90000.0,0.0,-50000.0,39999.99999999999,110000.0,190000.0,0.0,1880000.0,4.7,290000.0,0.725,-60000.0,1690000.0,4.225,0.0,1690000.0,4.225,1.12667,1.12667,1500000.0,1500000.0,,,1620596494,17:41:34,20210509
