,date,symbol,reportedCurrency,fillingDate,acceptedDate,period,revenue,costOfRevenue,grossProfit,grossProfitRatio,researchAndDevelopmentExpenses,generalAndAdministrativeExpenses,sellingAndMarketingExpenses,otherExpenses,operatingExpenses,costAndExpenses,interestExpense,depreciationAndAmortization,ebitda,ebitdaratio,operatingIncome,operatingIncomeRatio,totalOtherIncomeExpensesNet,incomeBeforeTax,incomeBeforeTaxRatio,incomeTaxExpense,netIncome,netIncomeRatio,eps,epsdiluted,weightedAverageShsOut,weightedAverageShsOutDil,link,finalLink,timestamp,est_time,est_date
0,2020-03-31,BGRENERGY.NS,INR,2020-03-31,2020-03-31,FY,26919700000,22220100000,4699600000,0.17457846855648465,0.0,157300000.0,6800000.0,0.0,2694500000,24914600000,2774700000,348600000,2353700000,0.08743410959260318,2005100000,0.0744844853397326,0.0,-797100000,-0.02961028540436929,-701400000,-28600000,-0.0010624189719796284,-0.4,-0.4,72200000,72200000,https://www.nseindia.com/companies-listing/corporate-filings-annual-reports,https://www.nseindia.com/companies-listing/corporate-filings-annual-reports,1620589332,15:42:12,20210509
1,2019-03-31,BGRENERGY.NS,INR,2019-03-31,2019-03-31,FY,32728300000,26494700000,6233600000,0.19046513262222603,0.0,205900000.0,7800000.0,0.0,3574300000,30069000000,2696500000,280900000,2940200000,0.08983662457261758,2659300000,0.08125383842118289,0.0,278000000,0.008494177821640598,127000000,193000000,0.005897037120779264,2.67,2.67,72200000,72200000,https://www.nseindia.com/companies-listing/corporate-filings-annual-reports,https://www.nseindia.com/companies-listing/corporate-filings-annual-reports,1620589332,15:42:12,20210509
2,2018-03-31,BGRENERGY.NS,INR,2018-03-31,2018-03-31,FY,32983500000,25319300000,7664200000,0.23236466718207588,0.0,104400000.0,7000000.0,0.0,3701000000,29020300000,2870000000,254000000,4217200000,0.12785786832810345,3963200000,0.12015704822108024,0.0,331300000,0.010044416147467674,319800000,120600000,0.003656373641366138,1.67,1.67,72200000,72200000,https://www.nseindia.com/companies-listing/corporate-filings-annual-reports,https://www.nseindia.com/companies-listing/corporate-filings-annual-reports,1620589332,15:42:12,20210509
3,2017-03-31,BGRENERGY.NS,INR,2017-03-31,2017-03-31,FY,34408900000,27096700000,7312200000,0.21250897296920274,0.0,112400000.0,7900000.0,0.0,3266400000,30363100000,2633300000,244200000,4290000000,0.1246770457643226,4045800000,0.11758004469773808,0.0,1157900000,0.03365117745699514,244600000,772000000,0.022436055787892085,10.7,10.7,72200000,72200000,https://www.nseindia.com/companies-listing/corporate-filings-annual-reports,https://www.nseindia.com/companies-listing/corporate-filings-annual-reports,1620589332,15:42:12,20210509
4,2016-03-31,BGRENERGY.NS,INR,2016-03-31,2016-03-31,FY,31884000000,25448500000,6435500000,0.20184104880190692,0.0,119600000.0,5400000.0,0.0,3022700000,28471200000,2479100000,235200000,3648000000,0.11441475348136997,3412800000,0.1070380127963869,0.0,541000000,0.016967758123196588,292900000,276300000,0.008665788483251788,3.83,3.83,72200000,72200000,https://www.nseindia.com/companies-listing/corporate-filings-annual-reports,https://www.nseindia.com/companies-listing/corporate-filings-annual-reports,1620589332,15:42:12,20210509
5,2015-03-31,BGRENERGY.NS,INR,2015-03-31,2015-03-31,FY,33662500000,28122200000,5540300000,0.1645837356108429,0.0,0.0,0.0,0.0,2903100000,31025300000,2068600000,270400000,2907600000,0.08637504641663572,2637200000,0.07834236910508727,0.0,624000000,0.018536947642034906,377000000,302300000,0.008980319346453769,4.19,4.19,72200000,72200000,https://www.nseindia.com/companies-listing/corporate-filings-annual-reports,https://www.nseindia.com/companies-listing/corporate-filings-annual-reports,1620589332,15:42:12,20210509
6,2014-03-31,BGRENERGY.NS,INR,2014-03-31,2014-03-31,FY,33007600000,26172000000,6835600000,0.20709170009331185,0.0,0.0,0.0,0.0,3387200000,29559200000,1818300000,212100000,3660500000,0.11089870211708819,3448400000,0.10447290926938038,0.0,1685900000,0.0510761158036331,826300000,932400000,0.028248039845368944,12.92,12.92,72200000,72200000,https://www.nseindia.com/companies-listing/corporate-filings-annual-reports,https://www.nseindia.com/companies-listing/corporate-filings-annual-reports,1620589332,15:42:12,20210509
7,2013-03-31,BGRENERGY.NS,INR,2013-03-31,2013-03-31,FY,31132600000,23430500000,7702100000,0.24739661962059065,0.0,0.0,0.0,0.0,3630200000,27060700000,1748900000,202700000,4274600000,0.13730301998548144,4071900000,0.1307921599866378,0.0,2435800000,0.07823953026730822,822700000,1620900000,0.05206439552109365,22.46,22.46,72200000,72200000,https://www.nseindia.com/companies-listing/corporate-filings-annual-reports,https://www.nseindia.com/companies-listing/corporate-filings-annual-reports,1620589332,15:42:12,20210509
8,2012-03-31,BGRENERGY.NS,INR,2012-03-31,2012-03-31,FY,34505000000,26845600000,7659400000,0.22197942327198958,0.0,787100000.0,20000000.0,4100000.0,2984900000,29830500000,1354800000,173900000,4848400000,0.140512969134908,4674500000,0.1354731198377047,0.0,3284700000,0.09519489928995797,1040900000,2243800000,0.06502825677438052,31.09,31.09,72200000,72200000,https://www.nseindia.com/companies-listing/corporate-filings-annual-reports,https://www.nseindia.com/companies-listing/corporate-filings-annual-reports,1620589332,15:42:12,20210509
9,2011-03-31,BGRENERGY.NS,INR,2011-03-31,2011-03-31,FY,47549103000,39202897000,8346206000,0.17552814823867444,0.0,353798000.0,158032000.0,0.0,2933928000,42136825000,604684000,173010000,5585288000,0.11746358285665241,5412278000,0.11382502841325945,0.0,4807594000,0.10110798514958316,1577180000,3230414000,0.06793848455984543,44.81,44.73,720930000,722140000,https://www.nseindia.com/companies-listing/corporate-filings-annual-reports,https://www.nseindia.com/companies-listing/corporate-filings-annual-reports,1620589332,15:42:12,20210509
10,2010-03-31,BGRENERGY.NS,INR,2010-03-31,2010-03-31,FY,30958855000,24203857000,6754998000,0.21819275938984178,0.0,1447273000.0,161699000.0,0.0,3165982000,27369839000,537636000,102847000,3691863000,0.11925063120066941,3589016000,0.11592857681590614,0.0,3051149000,0.09855496916794888,1036574000,2014575000,0.06507265853339861,27.98,27.94,72000000,72095000,https://www.nseindia.com/companies-listing/corporate-filings-annual-reports,https://www.nseindia.com/companies-listing/corporate-filings-annual-reports,1620589332,15:42:12,20210509
11,2009-03-31,BGRENERGY.NS,INR,2009-03-31,2009-03-31,FY,19630910000,15249059000,4381851000,0.22321181239178417,0.0,986734000.0,169235000.0,0.0,2043317000,17292376000,579494000,75032000,2413566000,0.12294722964956795,2338534000,0.11912509404811086,0.0,1751502000,0.08922164076958225,595827000,1155675000,0.058870169543846926,16.05,15.92,72000000,72571000,https://www.nseindia.com/companies-listing/corporate-filings-annual-reports,https://www.nseindia.com/companies-listing/corporate-filings-annual-reports,1620589332,15:42:12,20210509
12,2008-03-31,BGRENERGY.NS,INR,2008-03-31,2008-03-31,FY,15048337000,12622662000,2425675000,0.16119223007831363,0.0,915542000.0,0.0,12672000.0,965772000,13588434000,252276000,50230000,1510133000,0.10035215186900719,1459903000,0.09701424150721771,0.0,1252472000,0.08322992766576134,408038000,844434000,0.056114772017665474,12.64,12.51,66807000,67512000,https://www.nseindia.com/companies-listing/corporate-filings-annual-reports,https://www.nseindia.com/companies-listing/corporate-filings-annual-reports,1620589332,15:42:12,20210509
13,2007-03-31,BGRENERGY.NS,INR,2007-03-31,2007-03-31,FY,7751418000,6215883000,1535535000,0.19809730297088868,0.0,678280000.0,0.0,0.0,756164000,6972047000,174378000,81263000,860634000,0.11102923361893269,779371000,0.10054560339798473,0.0,604993000,0.07804933239311826,213034000,391959000,0.05056610287304852,36.2925,36.2925,10800000,10800000,https://www.nseindia.com/companies-listing/corporate-filings-annual-reports,https://www.nseindia.com/companies-listing/corporate-filings-annual-reports,1620589332,15:42:12,20210509
