,date,symbol,reportedCurrency,fillingDate,acceptedDate,period,revenue,costOfRevenue,grossProfit,grossProfitRatio,researchAndDevelopmentExpenses,generalAndAdministrativeExpenses,sellingAndMarketingExpenses,otherExpenses,operatingExpenses,costAndExpenses,interestExpense,depreciationAndAmortization,ebitda,ebitdaratio,operatingIncome,operatingIncomeRatio,totalOtherIncomeExpensesNet,incomeBeforeTax,incomeBeforeTaxRatio,incomeTaxExpense,netIncome,netIncomeRatio,eps,epsdiluted,weightedAverageShsOut,weightedAverageShsOutDil,link,finalLink,timestamp,est_time,est_date
0,2020-12-31,1385.HK,CNY,2020-12-31,2020-12-31,FY,1665087000,916985000,748102000,0.44928703425106314,0.0,101807000,117866000.0,-484871000.0,0.0,1013015000,1956000.0,175077000.0,827149000.0,0.49676022934537356,652072000.0,0.39161437210187816,0.0,170868000.0,0.10261806139859359,9764000.0,132997000.0,0.07987390448667246,0.19,0.19,694502000,694502000,https://www1.hkexnews.hk/search/titlesearch.xhtml,https://www1.hkexnews.hk/search/titlesearch.xhtml,1620585203,14:33:23,20210509
1,2019-12-31,1385.HK,CNY,2019-12-31,2019-12-31,FY,1454772000,937993000,516779000,0.35523023539083787,0.0,148772000,85198000.0,-563643000.0,123354000.0,1061347000,2599000.0,149807000.0,543232000.0,0.3734138407942963,393425000.0,0.27043756684896325,0.0,-146028000.0,-0.10037861603055324,2933000.0,-161936000.0,-0.1113136628970038,-0.2332,-0.2332,694502000,694502000,https://www1.hkexnews.hk/search/titlesearch.xhtml,https://www1.hkexnews.hk/search/titlesearch.xhtml,1620585203,14:33:23,20210509
2,2018-12-31,1385.HK,CNY,2018-12-31,2018-12-31,FY,1409630000,766461000,643169000,0.4562679568397381,0.0,118712000,86696000.0,-409650000.0,83721000.0,850182000,0.0,111298000.0,670746000.0,0.4758312464973078,559448000.0,0.3968757759128282,0.0,159696000.0,0.1132893028667097,30344000.0,107482000.0,0.07624837723374218,0.1627,0.1627,660583000,660583000,https://www1.hkexnews.hk/search/titlesearch.xhtml,https://www1.hkexnews.hk/search/titlesearch.xhtml,1620585203,14:33:23,20210509
3,2017-12-31,1385.HK,CNY,2017-12-31,2017-12-31,FY,1398230000,706174000,692056000,0.4949514743640174,0.0,98057000,77098000.0,-374830000.0,455616000.0,1161790000,0.0,97280000.0,333720000.0,0.23867317966285947,236440000.0,0.16909950437338636,0.0,245527000.0,0.17559843516445792,17458000.0,212122000.0,0.15170751593085544,0.3388,0.3388,626075000,626075000,https://www1.hkexnews.hk/search/titlesearch.xhtml,https://www1.hkexnews.hk/search/titlesearch.xhtml,1620585203,14:33:23,20210509
4,2016-12-31,1385.HK,CNY,2016-12-31,2016-12-31,FY,1187490000,556198000,631292000,0.5316187925793059,0.0,87300000,68428000.0,0.0,380604000.0,936802000,0.0,112472000.0,363160000.0,0.30582152270755963,250688000.0,0.21110746195757438,0.0,259857000.0,0.2188287901371801,19767000.0,212258000.0,0.17874508416912985,0.3438,0.3438,617330000,617330000,https://www1.hkexnews.hk/search/titlesearch.xhtml,https://www1.hkexnews.hk/search/titlesearch.xhtml,1620585203,14:33:23,20210509
5,2015-12-31,1385.HK,CNY,2015-12-31,2015-12-31,FY,1039725000,489416000,550309000,0.5292832239294044,0.0,80579000,61887000.0,-294942000.0,69992000.0,559408000,0.0,66748000.0,547065000.0,0.5261631681454231,480317000.0,0.46196542354949627,0.0,193325000.0,0.18593858953088557,15335000.0,158898000.0,0.1528269494337445,0.2574,0.2574,617330000,617330000,https://www1.hkexnews.hk/search/titlesearch.xhtml,https://www1.hkexnews.hk/search/titlesearch.xhtml,1620585203,14:33:23,20210509
6,2014-12-31,1385.HK,CNY,2014-12-31,2014-12-31,FY,843913000,443131000,400782000,0.47490914347805996,0.0,71894000,55566000.0,-181018000.0,45750000.0,488881000,0.0,35816000.0,390848000.0,0.46313778789993754,355032000.0,0.42069739416266844,0.0,183642000.0,0.21760773918638532,6653000.0,167963000.0,0.1990288098417728,0.2721,0.2721,617330000,617330000,https://www1.hkexnews.hk/search/titlesearch.xhtml,https://www1.hkexnews.hk/search/titlesearch.xhtml,1620585203,14:33:23,20210509
7,2013-12-31,1385.HK,CNY,2013-12-31,2013-12-31,FY,816931000,419472000,397459000,0.48652701390937547,0.0,60573000,58637000.0,-213343000.0,22046000.0,441518000,0.0,33314000.0,408727000.0,0.5003201004736018,375413000.0,0.4595406466396795,0.0,169030000.0,0.2069085393992883,4753000.0,159398000.0,0.1951180699471559,0.2582,0.2582,617330000,617330000,https://www1.hkexnews.hk/search/titlesearch.xhtml,https://www1.hkexnews.hk/search/titlesearch.xhtml,1620585203,14:33:23,20210509
8,2012-12-31,1385.HK,CNY,2012-12-31,2012-12-31,FY,704064000,367919000,336145000,0.47743528997363877,0.0,58168000,36861000.0,-175026000.0,3405000.0,371324000,0.0,28889000.0,361629000.0,0.5136308631033543,332740000.0,0.4725990819016453,0.0,162637000.0,0.23099746613944186,19049000.0,140068000.0,0.19894214162348878,0.2269,0.2269,617330000,617330000,https://www1.hkexnews.hk/search/titlesearch.xhtml,https://www1.hkexnews.hk/search/titlesearch.xhtml,1620585203,14:33:23,20210509
9,2011-12-31,1385.HK,CNY,2011-12-31,2011-12-31,FY,609544000,343284000,266260000,0.4368183428923917,0.0,40523000,31303000.0,-72428000.0,71826000.0,415110000,0.0,18214000.0,212648000.0,0.3488640688777184,194434000.0,0.31898271494756736,0.0,122006000.0,0.20015946346777264,14665000.0,106372000.0,0.17451078183035187,0.1723,0.1723,617330000,617330000,https://www1.hkexnews.hk/search/titlesearch.xhtml,https://www1.hkexnews.hk/search/titlesearch.xhtml,1620585203,14:33:23,20210509
10,2010-12-31,1385.HK,CNY,2010-12-31,2010-12-31,FY,489083000,266265000,222818000,0.4555832036689069,0.0,35092000,21081000.0,0.0,91769000.0,358034000,0.0,12849000.0,143898000.0,0.2942199994683929,131049000.0,0.2679483850389402,0.0,131049000.0,0.2679483850389402,10515000.0,117039000.0,0.23930294040070907,0.1896,0.1896,617330000,617330000,https://www1.hkexnews.hk/search/titlesearch.xhtml,https://www1.hkexnews.hk/search/titlesearch.xhtml,1620585203,14:33:23,20210509
11,2009-12-31,1385.HK,CNY,2009-12-31,2009-12-31,FY,321374000,186407000,134967000,0.4199686346748648,0.0,28350000,14944000.0,0.0,74844000.0,261251000,0.0,12924000.0,73047000.0,0.2272959231300603,60123000.0,0.18708109554599936,0.0,60123000.0,0.18708109554599936,4139000.0,50028000.0,0.15566909581982363,0.0859,0.081039,617330000,617330000,https://www1.hkexnews.hk/search/titlesearch.xhtml,https://www1.hkexnews.hk/search/titlesearch.xhtml,1620585203,14:33:23,20210509
12,2008-12-31,1385.HK,CNY,2008-12-31,2008-12-31,FY,281348000,173239000,108109000,0.3842536645009028,0.0,22144000,12365000.0,-54433000.0,13770000.0,187009000,0.0,12491000.0,106830000.0,0.3797076929638739,94339000.0,0.3353107183985669,0.0,39906000.0,0.14183857713578912,6607000.0,33299000.0,0.11835520423105904,0.0507,0.0507,617330000,617330000,https://www1.hkexnews.hk/search/titlesearch.xhtml,https://www1.hkexnews.hk/search/titlesearch.xhtml,1620585203,14:33:23,20210509
13,2007-12-31,1385.HK,CNY,2007-12-31,2007-12-31,FY,315967000,222434000,93533000,0.29602141995841336,0.0,23512000,10312000.0,28767000.0,70275000.0,292709000,0.0,10490000.0,33748000.0,0.10680862241942987,23258000.0,0.073608952833682,0.0,52025000.0,0.16465327075295838,12028000.0,39997000.0,0.12658600423461944,0.062,0.062,616935484,616935484,https://www1.hkexnews.hk/search/titlesearch.xhtml,https://www1.hkexnews.hk/search/titlesearch.xhtml,1620585203,14:33:23,20210509
14,2006-12-31,1385.HK,CNY,2006-12-31,2006-12-31,FY,276171000,205989000,70182000,0.25412516158467036,0.0,24981000,7436000.0,4667000.0,48440000.0,254429000,0.0,10231000.0,31973000.0,0.1157724743003429,21742000.0,0.0787265860644311,0.0,26409000.0,0.09562553635247727,4433000.0,21976000.0,0.07957388719307965,0.0338,0.0338,624201183,624201183,https://www1.hkexnews.hk/search/titlesearch.xhtml,https://www1.hkexnews.hk/search/titlesearch.xhtml,1620585203,14:33:23,20210509
15,2005-12-31,1385.HK,CNY,2005-12-31,2005-12-31,FY,211211000,157393000,53818000,0.25480680456983773,0.0,22795000,7914000.0,7341000.0,51497000.0,208890000,0.0,11186000.0,13507000.0,0.06395026774173694,2321000.0,0.01098901098901099,0.0,9662000.0,0.04574572347084195,1272000.0,8390000.0,0.03972330986548996,0.0129,0.0129,623023256,623023256,https://www1.hkexnews.hk/search/titlesearch.xhtml,https://www1.hkexnews.hk/search/titlesearch.xhtml,1620585203,14:33:23,20210509
16,2004-12-31,1385.HK,CNY,2004-12-31,2004-12-31,FY,132710000,85386000,47324000,0.3565970914023058,0.0,19010000,6292000.0,6025000.0,45793000.0,131179000,0.0,7927000.0,9458000.0,0.07126817873558888,1531000.0,0.011536432823449627,0.0,7556000.0,0.05693617662572527,57000.0,7499000.0,0.056506668676060585,0.0116,0.0116,624051724,624051724,https://www1.hkexnews.hk/search/titlesearch.xhtml,https://www1.hkexnews.hk/search/titlesearch.xhtml,1620585203,14:33:23,20210509
17,2003-12-31,1385.HK,CNY,2003-12-31,2003-12-31,FY,97456000,62938000,34518000,0.35419060909538663,0.0,17512000,5875000.0,-5228000.0,35572000.0,98510000,0.0,7298000.0,6244000.0,0.06406993925463798,-1054000.0,-0.010815137087506156,0.0,-6282000.0,-0.06445985880807749,72000.0,-6550000.0,-0.06720981776391396,-0.0105,-0.0105,623809524,623809524,https://www1.hkexnews.hk/search/titlesearch.xhtml,https://www1.hkexnews.hk/search/titlesearch.xhtml,1620585203,14:33:23,20210509
18,2002-12-31,1385.HK,CNY,2002-12-31,2002-12-31,FY,62003000,44173000,17830000,0.2875667306420657,0.0,13876000,4170000.0,-2637000.0,22604000.0,66777000,0.0,5323000.0,549000.0,0.008854410270470783,-4774000.0,-0.07699627437382062,0.0,-7411000.0,-0.11952647452542618,-96000.0,-7135000.0,-0.11507507701240263,-0.0117,-0.0117,609829060,609829060,https://www1.hkexnews.hk/search/titlesearch.xhtml,https://www1.hkexnews.hk/search/titlesearch.xhtml,1620585203,14:33:23,20210509
19,2001-12-31,1385.HK,CNY,2001-12-31,2001-12-31,FY,44133000,33330000,10803000,0.2447828155801781,0.0,10361000,3608000.0,0.0,11859000.0,45189000,0.0,0.0,-1056000.0,-0.023927673169736933,-1056000.0,-0.023927673169736933,0.0,-1056000.0,-0.023927673169736933,402000.0,-1362000.0,-0.030861260281422064,-0.0026,-0.0026,523846154,523846154,https://www1.hkexnews.hk/search/titlesearch.xhtml,https://www1.hkexnews.hk/search/titlesearch.xhtml,1620585203,14:33:23,20210509
