,date,symbol,reportedCurrency,fillingDate,acceptedDate,period,revenue,costOfRevenue,grossProfit,grossProfitRatio,researchAndDevelopmentExpenses,generalAndAdministrativeExpenses,sellingAndMarketingExpenses,otherExpenses,operatingExpenses,costAndExpenses,interestExpense,depreciationAndAmortization,ebitda,ebitdaratio,operatingIncome,operatingIncomeRatio,totalOtherIncomeExpensesNet,incomeBeforeTax,incomeBeforeTaxRatio,incomeTaxExpense,netIncome,netIncomeRatio,eps,epsdiluted,weightedAverageShsOut,weightedAverageShsOutDil,link,finalLink,timestamp,est_time,est_date
0,2020-12-31,NBR,USD,2021-02-24,2021-02-24 17:08:30,FY,2134043000,2186771000,-52728000.0,-0.02470803071915608,33564000.0,203515000.0,0.0,170000.0,237079000.0,2423850000,206274000.0,853697000.0,563890000.0,0.2642355378968465,-289807000.0,-0.13580185591386865,-214191000.0,-705567000.0,-0.330624546928061,57286000.0,-805641000.0,-0.3775186348166368,-114.56229363199162,-114.56229363199162,7059000.0,7059000.0,https://www.sec.gov/Archives/edgar/data/1163739/000155837021001631/0001558370-21-001631-index.htm,https://www.sec.gov/Archives/edgar/data/1163739/000155837021001631/nbr-20201231x10k.htm,1620595546,17:25:46,20210509
1,2019-12-31,NBR,USD,2020-02-25 00:00:00,2020-02-25 16:53:45,FY,3043383000,1929331000,1114052000.0,0.3660571147305482,50359000.0,258731000.0,0.0,72000.0,1261606000.0,3190937000,204311000.0,876091000.0,728537000.0,0.23938393557432633,-147554000.0,-0.0484835461064217,-245481000.0,-588922000.0,-0.19350899968883312,91576000.0,-702885000.0,-0.2309551574678573,-105.5,-105.5,7032340.0,7032340.0,https://www.sec.gov/Archives/edgar/data/1163739/000155837020001335/0001558370-20-001335-index.html,https://www.sec.gov/Archives/edgar/data/1163739/000155837020001335/nbr-20191231x10k4970cf.htm,1620595546,17:25:46,20210509
2,2018-12-31,NBR,USD,2019-02-28 00:00:00,2019-02-28 17:14:00,FY,3057619000,1976974000,1080645000.0,0.35342696392192746,56147000.0,265822000.0,0.0,-3648000.0,1203456000.0,3180430000,227124000.0,866870000.0,744059000.0,0.24334588449378422,-122811000.0,-0.04016556673673208,-173816000.0,-518794000.0,-0.1696725458600303,79269000.0,-640948000.0,-0.20962323952068587,-99.5,-99.5,6687940.0,6687940.0,https://www.sec.gov/Archives/edgar/data/1163739/000155837019001349/0001558370-19-001349-index.html,https://www.sec.gov/Archives/edgar/data/1163739/000155837019001349/nbr-20181231x10k.htm,1620595546,17:25:46,20210509
3,2017-12-31,NBR,USD,2018-03-01 00:00:00,2018-03-01 15:25:17,FY,2564285000,1718069000,846216000.0,0.33000076044589427,51069000.0,251184000.0,0.0,7022000.0,1145196000.0,2863265000,222889000.0,842943000.0,543963000.0,0.2121304769165674,-298980000.0,-0.11659390434370595,-58215000.0,-580084000.0,-0.2262166646843077,-82970000.0,-546811000.0,-0.21324111789446182,-95.0,-95.0,5613060.0,5613060.0,https://www.sec.gov/Archives/edgar/data/1163739/000155837018001382/0001558370-18-001382-index.html,https://www.sec.gov/Archives/edgar/data/1163739/000155837018001382/nbr-20171231x10k.htm,1620595546,17:25:46,20210509
4,2016-12-31,NBR,USD,2017-02-28 00:00:00,2017-02-27 19:17:56,FY,2227839000,1344298000,883541000.0,0.3965910463009221,33582000.0,240518000.0,0.0,-6860000.0,1214803000.0,2559101000,185360000.0,871631000.0,540369000.0,0.24255298520225205,-331262000.0,-0.1486920733500042,-681453000.0,-1198075000.0,-0.5377744980674097,-186831000.0,-1029742000.0,-0.4622156268922485,-182.0,-182.0,5529500.0,5529500.0,https://www.sec.gov/Archives/edgar/data/1163739/000155837017001099/0001558370-17-001099-index.html,https://www.sec.gov/Archives/edgar/data/1163739/000155837017001099/nbr-20161231x10k.htm,1620595546,17:25:46,20210509
5,2015-12-31,NBR,USD,2016-02-26 00:00:00,2016-02-26 17:22:20,FY,3864437000,2371436000,1493001000.0,0.38634372872426176,41253000.0,324328000.0,0.0,-1609000.0,1449952000.0,3821388000,181928000.0,970459000.0,1013508000.0,0.262265370091426,43049000.0,0.011139785691939085,-288656000.0,-427535000.0,-0.11063319184657429,-98038000.0,-372675000.0,-0.09643707479252475,-64.5,-64.5,5659640.0,5659640.0,https://www.sec.gov/Archives/edgar/data/1163739/000110465916100551/0001104659-16-100551-index.html,https://www.sec.gov/Archives/edgar/data/1163739/000110465916100551/a15-23282_110k.htm,1620595546,17:25:46,20210509
6,2014-12-31,NBR,USD,2015-03-02,2015-03-02 16:30:27,FY,6804197000,4505064000,2299133000.0,0.3378992407186329,0.0,549734000.0,0.0,-2428000.0,2088796000.0,6593860000,177948000.0,1145100000.0,1355437000.0,0.1992060194612237,210337000.0,0.030912832182842444,-637004000.0,-604615000.0,-0.088859126212836,62666000.0,-668675000.0,-0.09827390359215055,-114.0,-114.0,5813880.0,5813880.0,https://www.sec.gov/Archives/edgar/data/1163739/000104746915001506/a2223297z10-k.htm,https://www.sec.gov/Archives/edgar/data/1163739/000104746915001506/a2223297z10-k.htm,1620595546,17:25:46,20210509
7,2013-12-31,NBR,USD,2014-03-03,2014-03-03 17:16:54,FY,6152015000,3981828000,2170187000.0,0.35276035575335885,0.0,570330000.0,0.0,-6450000.0,1671051000.0,5652879000,223418000.0,1086677000.0,1585813000.0,0.25777131557709143,499136000.0,0.08113374235921077,-169558000.0,106160000.0,0.017256134778605058,-55181000.0,142982000.0,0.023241490796105015,24.301622804930282,24.104156551761342,5883640.0,5931840.0,https://www.sec.gov/Archives/edgar/data/1163739/000104746914001701/a2218436z10-k.htm,https://www.sec.gov/Archives/edgar/data/1163739/000104746914001701/a2218436z10-k.htm,1620595546,17:25:46,20210509
8,2012-12-31,NBR,USD,2013-03-01 00:00:00,2013-03-01 13:31:02,FY,6989573000,4483320000,2506253000.0,0.3585702588698909,0.0,532568000.0,0.0,-2090000.0,1726751000.0,6210071000,251552000.0,1055517000.0,1835019000.0,0.2625366385042405,779502000.0,0.11152355086641201,-253267000.0,274683000.0,0.03929896719012735,32628000.0,167034000.0,0.02389759717796781,28.5,28.0,5799300.0,5846460.0,https://www.sec.gov/Archives/edgar/data/1163739/000110465913016655/0001104659-13-016655-index.html,https://www.sec.gov/Archives/edgar/data/1163739/000110465913016655/a13-2327_110k.htm,1620595546,17:25:46,20210509
9,2011-12-31,NBR,USD,2012-02-29 00:00:00,2012-02-29 17:20:46,FY,6060351000,3775964000,2284387000.0,0.3769397185080534,0.0,489892000.0,0.0,0.0,1413986000.0,5189950000,256633000.0,924094000.0,1794495000.0,0.2961041365425864,870401000.0,0.1436222093406801,-125999000.0,487769000.0,0.0804852722226815,142605000.0,243679000.0,0.04020872718428355,42.5,41.5,5742360.0,5849680.0,https://www.sec.gov/Archives/edgar/data/1163739/000119312512089662/0001193125-12-089662-index.html,https://www.sec.gov/Archives/edgar/data/1163739/000119312512089662/d268487d10k.htm,1620595546,17:25:46,20210509
10,2010-12-31,NBR,USD,2011-03-01,2011-03-01 16:43:17,FY,4215540000,2423602000,1791938000.0,0.4250791120473296,0.0,346661000.0,0.0,0.0,1175917000.0,3599519000,273044000.0,764253000.0,1380274000.0,0.3274251934508983,616021000.0,0.14613098203314404,-260931000.0,82046000.0,0.0194627497307581,-24814000.0,94695000.0,0.022463314308487168,16.604709884444755,16.32694933723224,5702900.0,5799920.0,https://www.sec.gov/Archives/edgar/data/1163739/000095012311020720/h78262e10vk.htm,https://www.sec.gov/Archives/edgar/data/1163739/000095012311020720/h78262e10vk.htm,1620595546,17:25:46,20210509
11,2009-12-31,NBR,USD,2010-02-26 00:00:00,2010-02-26 17:09:23,FY,3503431000,2012352000,1491079000.0,0.42560535657759496,0.0,429663000.0,0.0,0.0,1122118000.0,3134470000,264948000.0,668415000.0,1037376000.0,0.29610287743643304,368961000.0,0.10531419057489644,-339129000.0,-235116000.0,-0.06711021281709273,-149228000.0,-85546000.0,-0.024417777886877177,-15.0,-15.0,5666520.0,5666520.0,https://www.sec.gov/Archives/edgar/data/1163739/000095012310018307/0000950123-10-018307-index.html,https://www.sec.gov/Archives/edgar/data/1163739/000095012310018307/h69019e10vk.htm,1620595546,17:25:46,20210509
12,2008-12-31,NBR,USD,2009-03-02 00:00:00,2009-03-02 06:15:29,FY,5303788000,3110316000,2193472000.0,0.4135670581101658,0.0,479984000.0,0.0,0.0,1138029000.0,4248345000,0.0,658045000.0,1713488000.0,0.32306871994129477,1055443000.0,0.19899796145698131,-162199000.0,801624000.0,0.15114178771851364,250451000.0,551173000.0,0.10392063182012554,99.0,96.5,5563320.0,5705700.0,https://www.sec.gov/Archives/edgar/data/1163739/000095013409004091/0000950134-09-004091-index.html,https://www.sec.gov/Archives/edgar/data/1163739/000095013409004091/h65934e10vk.htm,1620595546,17:25:46,20210509
13,2007-12-31,NBR,USD,2008-02-28,2008-02-28 16:55:21,FY,4940681000,2764559000,2176122000.0,0.4404498084373389,0.0,436282000.0,0.0,0.0,976194000.0,3740753000,0.0,539912000.0,1739840000.0,0.3521457871900655,1199928000.0,0.24286692462031043,-53794000.0,1135331000.0,0.22979241120809055,239664000.0,930691000.0,0.18837301983269109,167.0,162.5,5580520.0,5732120.0,https://www.sec.gov/Archives/edgar/data/1163739/000095012908001323/h54178e10vk.htm,https://www.sec.gov/Archives/edgar/data/1163739/000095012908001323/h54178e10vk.htm,1620595546,17:25:46,20210509
14,2006-12-31,NBR,USD,2007-03-01,2007-03-01 17:03:30,FY,4942714000,2569800000,2372914000.0,0.48008320934612037,0.0,420854000.0,0.0,0.0,830561000.0,3400361000,0.0,409707000.0,1952060000.0,0.3949368707151577,1542353000.0,0.31204577080527013,43073000.0,1470919000.0,0.29759338695299786,450183000.0,1020736000.0,0.2065132637656154,176.0,170.0,5804820.0,5996540.0,https://www.sec.gov/Archives/edgar/data/1163739/000095012907001102/h44035e10vk.htm,https://www.sec.gov/Archives/edgar/data/1163739/000095012907001102/h44035e10vk.htm,1620595546,17:25:46,20210509
15,2005-12-31,NBR,USD,2005-12-31,2005-12-31,FY,3551009000,1997267000,1553742000.0,0.43754944017320146,0.0,249973000.0,0.0,0.0,588505000.0,2585772000,0.0,338532000.0,1303769000.0,0.3671545186171029,965237000.0,0.2718204882049018,3246000.0,873950000.0,0.2461131469956849,225255000.0,648695000.0,0.182679063894234,104.0,100.0,6242680.0,6487560.0,,,1620595546,17:25:46,20210509
16,2004-12-31,NBR,USD,2004-12-31,2004-12-31,FY,2448152000,1572649000,875503000.0,0.35761790934549814,0.0,195388000.0,0.0,0.0,495787000.0,2068436000,0.0,300399000.0,680115000.0,0.27780750541633037,379716000.0,0.1551031145124976,8686000.0,335838000.0,0.13718020776487735,33381000.0,302457000.0,0.12354502498210895,50.75,48.0,5957440.0,6561200.0,,,1620595546,17:25:46,20210509
17,2003-12-31,NBR,USD,2003-12-31,2003-12-31,FY,1922846000,1276953000,645893000.0,0.33590469543582796,0.0,165403000.0,0.0,0.0,400530000.0,1677483000,0.0,235127000.0,480490000.0,0.2498848061675246,245363000.0,0.1276040826982504,15091000.0,174623000.0,0.09081486504899508,-17605000.0,192228000.0,0.09997056446538101,32.75,31.25,5859800.0,6275880.0,,,1620595546,17:25:46,20210509
18,2002-12-31,NBR,USD,2003-03-31 00:00:00,2003-03-31 12:55:51,FY,1519012000,973910000,545102000.0,0.35885299128644144,0.0,141895000.0,0.0,0.0,337260000.0,1311170000,0.0,195365000.0,403207000.0,0.2654402993524738,207842000.0,0.13682709550681627,18483000.0,140774000.0,0.09267471224717119,19285000.0,121489000.0,0.07997896000821586,21.25,20.25,5746200.0,5999880.0,https://www.sec.gov/Archives/edgar/data/1163739/000095012903001724/0000950129-03-001724-index.html,https://www.sec.gov/Archives/edgar/data/1163739/000095012903001724/h03418e10vk.txt,1620595546,17:25:46,20210509
19,2001-12-31,NBR,USD,2001-12-31,2001-12-31,FY,2121157000,1296941000,824216000.0,0.38856906867337027,0.0,0.0,0.0,0.0,0.0,1622333000,0.0,189896000.0,688720000.0,0.3246907230346457,498824000.0,0.2351659966706849,50207000.0,542282000.0,0.2556538719199003,194490000.0,357450000.0,0.16851652187933283,62.0,56.0,5777200.0,6751600.0,,,1620595546,17:25:46,20210509
20,2000-12-31,NBR,USD,2000-12-31,2000-12-31,FY,1327124000,888322000,438802000.0,0.33064129651788376,0.0,0.0,0.0,0.0,0.0,1147239000,0.0,152413000.0,332298000.0,0.25038956420048164,179885000.0,0.1355449829857647,61611000.0,226707000.0,0.17082578568393006,91233000.0,137356000.0,0.10349899481887148,23.75,22.5,5773760.0,6096680.0,,,1620595546,17:25:46,20210509
21,1999-12-31,NBR,USD,1999-12-31,1999-12-31,FY,642300000,418700000,223600000.0,0.34812392962789973,0.0,0.0,0.0,0.0,0.0,583800000,0.0,99800000.0,158300000.0,0.24645804141366962,58500000.0,0.0910789350770668,8900000.0,45600000.0,0.07099486221391874,17900000.0,27700000.0,0.043126264985209405,6.25,5.75,4432000.0,4817391.0,,,1620595546,17:25:46,20210509
22,1998-12-31,NBR,USD,1998-12-31,1998-12-31,FY,968200000,623800000,344400000.0,0.3557116298285478,0.0,0.0,0.0,0.0,0.0,785700000,0.0,84900000.0,267400000.0,0.27618260689940094,182500000.0,0.18849411278661435,33100000.0,200000000.0,0.2065688907250568,75000000.0,125000000.0,0.1291055567031605,31.0,29.0,4032258.0,4310345.0,,,1620595546,17:25:46,20210509
23,1997-09-30,NBR,USD,1997-09-30,1997-09-30,FY,1029300000,737800000,291500000.0,0.2832021762362771,0.0,0.0,0.0,0.0,0.0,874600000,0.0,66400000.0,221100000.0,0.21480617895657242,154700000.0,0.15029631788594192,44100000.0,182400000.0,0.17720781113378023,67600000.0,114800000.0,0.11153210920042747,28.0,26.5,4100000.0,4332075.0,,,1620595546,17:25:46,20210509
24,1996-09-30,NBR,USD,1996-09-30,1996-09-30,FY,719700000,539700000,180000000.0,0.25010421008753647,0.0,0.0,0.0,0.0,0.0,642700000,0.0,46100000.0,123100000.0,0.17104349034319855,77000000.0,0.10698902320411283,16400000.0,81600000.0,0.1133805752396832,11100000.0,70500000.0,0.09795748228428512,19.0,18.75,3710526.0,3760000.0,,,1620595546,17:25:46,20210509
25,1995-09-30,NBR,USD,1995-09-30,1995-09-30,FY,572800000,434100000,138700000.0,0.24214385474860337,0.0,0.0,0.0,0.0,0.0,514200000,0.0,31000000.0,89600000.0,0.1564245810055866,58600000.0,0.10230446927374302,7700000.0,58600000.0,0.10230446927374302,7500000.0,51100000.0,0.0892108938547486,14.5,14.25,3524138.0,3585965.0,,,1620595546,17:25:46,20210509
26,1994-09-30,NBR,USD,1994-09-30,1994-09-30,FY,422600000,325100000,97500000.0,0.2307146237576905,0.0,0.0,0.0,0.0,0.0,416200000,0.0,19900000.0,26300000.0,0.06223379081874113,6400000.0,0.015144344533838144,5100000.0,4300000.0,0.010175106483672503,3600000.0,700000.0,0.001656412683388547,0.25,0.25,2800000.0,2800000.0,,,1620595546,17:25:46,20210509
27,1993-09-30,NBR,USD,1993-09-30,1993-09-30,FY,352000000,261200000,90800000.0,0.25795454545454544,0.0,0.0,0.0,0.0,0.0,320400000,0.0,18700000.0,50300000.0,0.14289772727272726,31600000.0,0.08977272727272727,12800000.0,36500000.0,0.10369318181818182,2200000.0,34300000.0,0.09744318181818182,12.5,12.5,2744000.0,2744000.0,,,1620595546,17:25:46,20210509
28,1992-09-30,NBR,USD,1992-09-30,1992-09-30,FY,286300000,195100000,91200000.0,0.318546978693678,0.0,0.0,0.0,0.0,0.0,252200000,0.0,14400000.0,48500000.0,0.16940272441494936,34100000.0,0.11910583304226335,6900000.0,35600000.0,0.12434509256025149,1800000.0,33800000.0,0.11805798113866574,13.0,13.0,2600000.0,2600000.0,,,1620595546,17:25:46,20210509
29,1991-09-30,NBR,USD,1991-09-30,1991-09-30,FY,240100000,170400000,69700000.0,0.29029571012078303,0.0,0.0,0.0,0.0,0.0,213300000,0.0,8500000.0,35300000.0,0.14702207413577675,26800000.0,0.1116201582673886,7300000.0,29900000.0,0.12453144523115368,2800000.0,27100000.0,0.11286963765097877,11.0,11.0,2463636.0,2463636.0,,,1620595546,17:25:46,20210509
30,1990-09-30,NBR,USD,1990-09-30,1990-09-30,FY,139000000,99700000,39300000.0,0.2827338129496403,0.0,0.0,0.0,0.0,0.0,126300000,0.0,4500000.0,17200000.0,0.1237410071942446,12700000.0,0.09136690647482014,7700000.0,17000000.0,0.1223021582733813,2400000.0,14600000.0,0.10503597122302158,6.75,6.75,2162963.0,2162963.0,,,1620595546,17:25:46,20210509
31,1989-09-30,NBR,USD,1989-09-30,1989-09-30,FY,74500000,56600000,17900000.0,0.24026845637583893,0.0,0.0,0.0,0.0,0.0,71200000,0.0,3300000.0,6600000.0,0.08859060402684564,3300000.0,0.04429530201342282,3000000.0,0.0,0.0,0.0,5500000.0,0.0738255033557047,3.0,3.0,1833333.0,1833333.0,,,1620595546,17:25:46,20210509
32,1988-09-30,NBR,USD,1988-09-30,1988-09-30,FY,56100000,46000000,10100000.0,0.1800356506238859,0.0,0.0,0.0,0.0,0.0,57100000,0.0,3200000.0,2200000.0,0.0392156862745098,-1000000.0,-0.017825311942959002,4100000.0,-5100000.0,-0.09090909090909091,-800000.0,-4300000.0,-0.0766488413547237,-4.75,-4.75,1674880.0,1674880.0,,,1620595546,17:25:46,20210509
33,1987-09-30,NBR,USD,1987-09-30,1987-09-30,FY,28600000,26700000,1900000.0,0.06643356643356643,0.0,0.0,0.0,0.0,0.0,38300000,0.0,5700000.0,-4000000.0,-0.13986013986013987,-9700000.0,-0.33916083916083917,-69100000.0,-92700000.0,-3.2412587412587412,-7100000.0,-85600000.0,-2.993006993006993,-213.75,-213.75,400468.0,400468.0,,,1620595546,17:25:46,20210509
34,1986-09-30,NBR,USD,1986-09-30,1986-09-30,FY,69200000,51200000,18000000.0,0.26011560693641617,0.0,0.0,0.0,0.0,0.0,68700000,0.0,9900000.0,10400000.0,0.15028901734104047,500000.0,0.0072254335260115606,-5800000.0,-9800000.0,-0.1416184971098266,-200000.0,-9600000.0,-0.13872832369942195,-75.25,-75.25,400000.0,400000.0,,,1620595546,17:25:46,20210509
35,1985-09-30,NBR,USD,1985-09-30,1985-09-30,FY,91600000,70200000,21400000.0,0.2336244541484716,0.0,0.0,0.0,0.0,0.0,93100000,0.0,12600000.0,11100000.0,0.12117903930131005,-1500000.0,-0.016375545851528384,-15100000.0,-17800000.0,-0.1943231441048035,-1200000.0,-22800000.0,-0.24890829694323144,-69.75,-69.75,326882.0,326882.0,,,1620595546,17:25:46,20210509
