,date,symbol,reportedCurrency,fillingDate,acceptedDate,period,revenue,costOfRevenue,grossProfit,grossProfitRatio,researchAndDevelopmentExpenses,generalAndAdministrativeExpenses,sellingAndMarketingExpenses,otherExpenses,operatingExpenses,costAndExpenses,interestExpense,depreciationAndAmortization,ebitda,ebitdaratio,operatingIncome,operatingIncomeRatio,totalOtherIncomeExpensesNet,incomeBeforeTax,incomeBeforeTaxRatio,incomeTaxExpense,netIncome,netIncomeRatio,eps,epsdiluted,weightedAverageShsOut,weightedAverageShsOutDil,link,finalLink,timestamp,est_time,est_date
0,2020-03-31,8143.HK,HKD,2020-03-31,2020-03-31,FY,144591000,83594000,60997000,0.42185889854831904,0.0,67667000,31764000.0,0.0,99268000,182862000,7137000.0,26150000.0,-12121000.0,-0.08382956062272202,-38271000.0,-0.2646845239330249,0.0,-55716000.0,-0.385335186837355,1088000.0,-49504000.0,-0.34237262346895725,-0.0179,-0.0179,2818250000,2818250000,https://www1.hkexnews.hk/search/titlesearch.xhtml,https://www1.hkexnews.hk/search/titlesearch.xhtml,1620585816,14:43:36,20210509
1,2019-03-31,8143.HK,HKD,2019-03-31,2019-03-31,FY,326926000,184123000,142803000,0.4368052709175777,0.0,85005000,67016000.0,0.0,151744000,335867000,1536000.0,23496000.0,14555000.0,0.04452077840245193,-8941000.0,-0.027348696646947626,0.0,-46065000.0,-0.1409034460397766,4252000.0,-50356000.0,-0.15402874044890894,-0.0179,-0.0179,2818250000,2818250000,https://www1.hkexnews.hk/search/titlesearch.xhtml,https://www1.hkexnews.hk/search/titlesearch.xhtml,1620585816,14:43:36,20210509
2,2018-03-31,8143.HK,HKD,2018-03-31,2018-03-31,FY,330455000,175000000,155455000,0.4704271383395621,0.0,79091000,66431000.0,0.0,144909000,319909000,2231000.0,19984000.0,30530000.0,0.09238776837996096,10546000.0,0.03191357370897702,0.0,-90847000.0,-0.27491489007580455,6176000.0,-102735000.0,-0.31088953110105766,-0.0433,-0.0433,2372112000,2372112000,https://www1.hkexnews.hk/search/titlesearch.xhtml,https://www1.hkexnews.hk/search/titlesearch.xhtml,1620585816,14:43:36,20210509
3,2017-03-31,8143.HK,HKD,2017-03-31,2017-03-31,FY,269515000,140153000,129362000,0.47998070608314936,0.0,74329000,49956000.0,0.0,123669000,263822000,3115000.0,21038000.0,26731000.0,0.0991818637181604,5693000.0,0.021123128582824703,0.0,-29785000.0,-0.11051332949928576,3577000.0,10208000.0,0.037875442925254625,0.0017,0.0017,2075214000,2075214000,https://www1.hkexnews.hk/search/titlesearch.xhtml,https://www1.hkexnews.hk/search/titlesearch.xhtml,1620585816,14:43:36,20210509
4,2016-03-31,8143.HK,HKD,2016-03-31,2016-03-31,FY,1574607000,1295227000,279380000,0.17742839959431148,0.0,158443000,152022000.0,2289000.0,306367000,1601594000,19464000.0,18679000.0,-8308000.0,-0.005276237181722169,-26987000.0,-0.017138879733165163,0.0,-41154000.0,-0.0261360453751317,3942000.0,-43372000.0,-0.027544650823983382,-0.02565675483341625,-0.02424410457184605,1690471000,1788971000,https://www1.hkexnews.hk/search/titlesearch.xhtml,https://www1.hkexnews.hk/search/titlesearch.xhtml,1620585816,14:43:36,20210509
5,2015-03-31,8143.HK,HKD,2015-03-31,2015-03-31,FY,1780309000,1502581000,277728000,0.15599988541315019,0.0,120667000,141745000.0,2511000.0,259560000,1762141000,11520000.0,14678000.0,32846000.0,0.018449606220043824,18168000.0,0.010204970036100474,0.0,-771395000.0,-0.4332927598523627,10789000.0,-505581000.0,-0.283984971148267,-0.255209,-0.255209,1981663886,1981663886,https://www1.hkexnews.hk/search/titlesearch.xhtml,https://www1.hkexnews.hk/search/titlesearch.xhtml,1620585816,14:43:36,20210509
6,2014-03-31,8143.HK,HKD,2014-03-31,2014-03-31,FY,2243159000,1974156000,269003000,0.11992150355815169,0.0,92316000,94873000.0,2373000.0,181259000,2155415000,10493000.0,10551000.0,98295000.0,0.04381989863402461,87744000.0,0.03911626416139025,0.0,66670000.0,0.029721477612599016,29216000.0,21913000.0,0.009768812643241071,0.014325,0.014325,1527727746,1527727746,https://www1.hkexnews.hk/search/titlesearch.xhtml,https://www1.hkexnews.hk/search/titlesearch.xhtml,1620585816,14:43:36,20210509
7,2013-03-31,8143.HK,HKD,2013-03-31,2013-03-31,FY,2020589000,1781727000,238862000,0.11821404550851261,0.0,86354000,79677000.0,1410000.0,158952000,1940679000,10288000.0,10545000.0,90455000.0,0.04476664972441204,79910000.0,0.03954787440691798,0.0,72683000.0,0.035971194537830306,22141000.0,42740000.0,0.02115224818109967,0.034022,0.03355,1254676684,1272185780,https://www1.hkexnews.hk/search/titlesearch.xhtml,https://www1.hkexnews.hk/search/titlesearch.xhtml,1620585816,14:43:36,20210509
8,2012-03-31,8143.HK,HKD,2012-03-31,2012-03-31,FY,1835776000,1600563000,235213000,0.12812728786082833,0.0,74049000,78500000.0,0.0,139583000,1740146000,11223000.0,11172000.0,106802000.0,0.05817812194951889,95630000.0,0.05209241214614419,0.0,84407000.0,0.04597892117556826,26378000.0,49666000.0,0.027054499023846046,0.039582,0.039488,1254676965,1258937119,https://www1.hkexnews.hk/search/titlesearch.xhtml,https://www1.hkexnews.hk/search/titlesearch.xhtml,1620585816,14:43:36,20210509
9,2011-03-31,8143.HK,HKD,2011-03-31,2011-03-31,FY,1490868000,1301278000,189590000,0.12716752925141594,0.0,61451000,60498000.0,0.0,119331000,1420609000,11508000.0,12331000.0,82590000.0,0.05539725850980771,70259000.0,0.047126237869482744,0.0,58751000.0,0.0394072446386937,21541000.0,31456000.0,0.02109911809764513,0.028555,0.028367,1102750098,1108995233,https://www1.hkexnews.hk/search/titlesearch.xhtml,https://www1.hkexnews.hk/search/titlesearch.xhtml,1620585816,14:43:36,20210509
10,2010-03-31,8143.HK,HKD,2010-03-31,2010-03-31,FY,179765000,115381000,64384000,0.3581564820738186,0.0,52914000,22277000.0,0.0,96578000,211959000,1297000.0,12177000.0,-20017000.0,-0.11135093038133118,-32194000.0,-0.1790893666731566,0.0,-204913000.0,-1.139893750173838,1723000.0,-211283000.0,-1.1753289016215616,-0.414667,-0.414667,509379277,509379277,https://www1.hkexnews.hk/search/titlesearch.xhtml,https://www1.hkexnews.hk/search/titlesearch.xhtml,1620585816,14:43:36,20210509
11,2009-03-31,8143.HK,HKD,2009-03-31,2009-03-31,FY,170087000,72750000,97337000,0.5722777166979252,0.0,50416000,19426000.0,0.0,71200000,143950000,1822000.0,11591000.0,37728000.0,0.22181589421884096,26137000.0,0.1536684167514272,0.0,-178232000.0,-1.0478872576975313,12228000.0,-200548000.0,-1.1790907006414364,-0.975409,-0.975409,205686519,205686519,https://www1.hkexnews.hk/search/titlesearch.xhtml,https://www1.hkexnews.hk/search/titlesearch.xhtml,1620585816,14:43:36,20210509
12,2008-03-31,8143.HK,HKD,2008-03-31,2008-03-31,FY,114165000,39574000,74591000,0.653361362939605,0.0,35602000,5692000.0,0.0,75940000,115514000,0.0,6329000.0,4980000.0,0.04362107476021548,-1349000.0,-0.011816230893881662,0.0,-4754000.0,-0.041641483817282006,6176000.0,-7773000.0,-0.06808566548416765,-0.099897,-0.099897,179094480,179094480,https://www1.hkexnews.hk/search/titlesearch.xhtml,https://www1.hkexnews.hk/search/titlesearch.xhtml,1620585816,14:43:36,20210509
13,2007-03-31,8143.HK,HKD,2007-03-31,2007-03-31,FY,77521000,35831000,41690000,0.5377897601940119,0.0,30069000,1202000.0,0.0,33231000,69062000,0.0,2262000.0,10721000.0,0.13829800957159996,8459000.0,0.10911881941667419,0.0,8096000.0,0.10443621728305878,1227000.0,6869000.0,0.08860824808761497,0.087645,0.066912,114820576,114820576,https://www1.hkexnews.hk/search/titlesearch.xhtml,https://www1.hkexnews.hk/search/titlesearch.xhtml,1620585816,14:43:36,20210509
14,2006-03-31,8143.HK,HKD,2006-03-31,2006-03-31,FY,41088000,19281000,21807000,0.5307389018691588,0.0,18408000,1986000.0,0.0,21358000,40639000,0.0,1627000.0,2076000.0,0.05052570093457944,449000.0,0.010927764797507789,0.0,3655000.0,0.08895541277258567,561000.0,3094000.0,0.07530179127725857,0.068797,0.059373,46382846,46382846,https://www1.hkexnews.hk/search/titlesearch.xhtml,https://www1.hkexnews.hk/search/titlesearch.xhtml,1620585816,14:43:36,20210509
