,date,symbol,reportedCurrency,fillingDate,acceptedDate,period,revenue,costOfRevenue,grossProfit,grossProfitRatio,researchAndDevelopmentExpenses,generalAndAdministrativeExpenses,sellingAndMarketingExpenses,otherExpenses,operatingExpenses,costAndExpenses,interestExpense,depreciationAndAmortization,ebitda,ebitdaratio,operatingIncome,operatingIncomeRatio,totalOtherIncomeExpensesNet,incomeBeforeTax,incomeBeforeTaxRatio,incomeTaxExpense,netIncome,netIncomeRatio,eps,epsdiluted,weightedAverageShsOut,weightedAverageShsOutDil,link,finalLink,timestamp,est_time,est_date
0,2019-12-31,WPX,USD,2020-02-28 00:00:00,2020-02-27 17:34:57,FY,2445000000,1091000000,1354000000,0.5537832310838445,0.0,763000000,0.0,-17000000.0,1036000000,2127000000,159000000,0.0,1238000000,0.5063394683026585,318000000,0.13006134969325153,169000000.0,328000000,0.1341513292433538,70000000,256000000,0.10470347648261759,0.6089438629876308,0.6066350710900474,420400000,422000000,https://www.sec.gov/Archives/edgar/data/1518832/000151883220000006/0001518832-20-000006-index.html,https://www.sec.gov/Archives/edgar/data/1518832/000151883220000006/wpx-20191231.htm,1620599915,18:38:35,20210509
1,2018-12-31,WPX,USD,2019-02-21 00:00:00,2019-02-21 15:23:40,FY,2229000000,959000000,1270000000,0.5697622252131,0.0,561000000,0.0,-7000000.0,793000000,1752000000,163000000,0.0,1255000000,0.5630327501121579,477000000,0.21399730820995963,2000000.0,316000000,0.1417676087931808,74000000,151000000,0.0677433826828174,0.3697355533790402,0.3667719213019189,408400000,411700000,https://www.sec.gov/Archives/edgar/data/1518832/000151883219000005/0001518832-19-000005-index.html,https://www.sec.gov/Archives/edgar/data/1518832/000151883219000005/wpx-20181231.htm,1620599915,18:38:35,20210509
2,2017-12-31,WPX,USD,2018-02-22 00:00:00,2018-02-22 17:19:35,FY,1333000000,700000000,633000000,0.4748687171792948,0.0,486000000,0.0,-15000000.0,689000000,1389000000,188000000,0.0,602000000,0.45161290322580644,-56000000,-0.042010502625656414,85000000.0,-159000000,-0.11927981995498875,-148000000,-16000000,-0.012003000750187547,-0.08,-0.08,395100000,395100000,https://www.sec.gov/Archives/edgar/data/1518832/000151883218000003/0001518832-18-000003-index.html,https://www.sec.gov/Archives/edgar/data/1518832/000151883218000003/wpx20171231-10xk.htm,1620599915,18:38:35,20210509
3,2016-12-31,WPX,USD,2017-02-23 00:00:00,2017-02-23 16:18:41,FY,900000000,831000000,69000000,0.07666666666666666,0.0,453000000,0.0,-16000000.0,555000000,1386000000,207000000,0.0,129000000,0.14333333333333334,-486000000,-0.54,-244000000.0,-937000000,-1.041111111111111,-325000000,-601000000,-0.6677777777777778,-2.05,-2.05,313300000,313300000,https://www.sec.gov/Archives/edgar/data/1518832/000151883217000004/0001518832-17-000004-index.html,https://www.sec.gov/Archives/edgar/data/1518832/000151883217000004/wpx20161231-10xk.htm,1620599915,18:38:35,20210509
4,2015-12-31,WPX,USD,2016-02-25 00:00:00,2016-02-25 16:51:14,FY,1470000000,1202000000,268000000,0.18231292517006803,0.0,751000000,0.0,-67000000.0,937000000,2139000000,187000000,0.0,204000000,0.13877551020408163,-669000000,-0.45510204081632655,-1698000000.0,-2554000000,-1.7374149659863947,-915000000,-1727000000,-1.174829931972789,-7.42,-7.42,234200000,234200000,https://www.sec.gov/Archives/edgar/data/1518832/000151883216000018/0001518832-16-000018-index.html,https://www.sec.gov/Archives/edgar/data/1518832/000151883216000018/wpx20151231-10xk.htm,1620599915,18:38:35,20210509
5,2014-12-31,WPX,USD,2015-02-26,2015-02-26 17:19:11,FY,3059000000,1797000000,1262000000,0.41255312193527294,0.0,843000000,0.0,-12000000.0,1142000000,2939000000,123000000,0.0,971000000,0.31742399476953254,120000000,0.03922850604772801,207000000.0,204000000,0.06668846028113763,75000000,164000000,0.05361229159856162,0.81,0.8,202700000,206300000,https://www.sec.gov/Archives/edgar/data/1518832/000151883215000002/wpx20141231-10xk.htm,https://www.sec.gov/Archives/edgar/data/1518832/000151883215000002/wpx20141231-10xk.htm,1620599915,18:38:35,20210509
6,2013-12-31,WPX,USD,2014-02-27,2014-02-27 16:04:27,FY,2885000000,1871000000,1014000000,0.351473136915078,0.0,1030000000,0.0,-17000000.0,1602000000,3473000000,103000000,0.0,335000000,0.11611785095320624,-588000000,-0.20381282495667244,-1155000000.0,-1846000000,-0.6398613518197573,-655000000,-1185000000,-0.41074523396880414,-5.91,-5.91,200500000,200500000,https://www.sec.gov/Archives/edgar/data/1518832/000151883214000011/0001518832-14-000011-index.htm,https://www.sec.gov/Archives/edgar/data/1518832/000151883214000011/wpx20131231-10xk.htm,1620599915,18:38:35,20210509
7,2012-12-31,WPX,USD,2013-02-28 00:00:00,2013-02-28 17:21:09,FY,3111000000,1962000000,1149000000,0.36933461909353904,0.0,1076000000,0.0,-12000000.0,1270000000,3232000000,94000000,0.0,840000000,0.2700096432015429,-121000000,-0.038894246223079396,-129000000.0,-344000000,-0.11057537769206043,-111000000,-223000000,-0.07168113146898103,-1.12,-1.12,198800000,198800000,https://www.sec.gov/Archives/edgar/data/1518832/000119312513084857/0001193125-13-084857-index.html,https://www.sec.gov/Archives/edgar/data/1518832/000119312513084857/d448908d10k.htm,1620599915,18:38:35,20210509
