,date,symbol,reportedCurrency,fillingDate,acceptedDate,period,revenue,costOfRevenue,grossProfit,grossProfitRatio,researchAndDevelopmentExpenses,generalAndAdministrativeExpenses,sellingAndMarketingExpenses,otherExpenses,operatingExpenses,costAndExpenses,interestExpense,depreciationAndAmortization,ebitda,ebitdaratio,operatingIncome,operatingIncomeRatio,totalOtherIncomeExpensesNet,incomeBeforeTax,incomeBeforeTaxRatio,incomeTaxExpense,netIncome,netIncomeRatio,eps,epsdiluted,weightedAverageShsOut,weightedAverageShsOutDil,link,finalLink,timestamp,est_time,est_date
0,2020-12-31,RE.L,USD,2020-12-31,2020-12-31,FY,139088000.0,110961000.0,28127000.0,0.20222449096974576,0.0,15949000.0,2835000.0,0.0,0.0,135948000.0,20354000.0,0.0,921000.0,0.006621707120671805,3140000.0,-0.1671603589094674,0.0,-23250000.0,-0.1671603589094674,-7336000.0,-13183000.0,-0.09478172092488209,-0.3,-0.3,43951000.0,43951000.0,https://find-and-update.company-information.service.gov.uk/search/companies?q=R.E.A.+Holdings+plc,https://find-and-update.company-information.service.gov.uk/search/companies?q=R.E.A.+Holdings+plc,1620597152,17:52:32,20210509
1,2019-12-31,RE.L,USD,2019-12-31,2019-12-31,FY,124986000.0,116655000.0,8331000.0,0.06665546541212616,0.0,16804000.0,1348000.0,0.0,18152000.0,134807000.0,21799000.0,27287000.0,17466000.0,0.13974365128894436,-9821000.0,-0.07857680060166738,0.0,-43676000.0,-0.3494471380794649,-22303000.0,-17814000.0,-0.14252796313187077,-0.431,-0.431,41358000.0,41358000.0,https://find-and-update.company-information.service.gov.uk/,https://find-and-update.company-information.service.gov.uk/,1620597152,17:52:32,20210509
2,2018-12-31,RE.L,USD,2018-12-31,2018-12-31,FY,105479000.0,99280000.0,6199000.0,0.05876999213113511,0.0,15658000.0,1258000.0,0.0,16916000.0,116196000.0,19234000.0,22940000.0,12223000.0,0.11588088624275922,-10717000.0,-0.10160316271485319,0.0,-5474000.0,-0.05189658605030385,12734000.0,-13668000.0,-0.12958029560386428,-0.544,-0.544,40510000.0,40510000.0,https://find-and-update.company-information.service.gov.uk/,https://find-and-update.company-information.service.gov.uk/,1620597152,17:52:32,20210509
3,2017-12-31,RE.L,USD,2017-12-31,2017-12-31,FY,100241000.0,87346000.0,12895000.0,0.1286399776538542,0.0,13681000.0,1378000.0,0.0,15059000.0,102405000.0,16343000.0,22230000.0,20066000.0,0.20017757205135622,-2164000.0,-0.021587972985105893,0.0,-21862000.0,-0.21809439251404117,3039000.0,-19631000.0,-0.19583803034686406,-0.67,-0.67,40510000.0,40510000.0,https://find-and-update.company-information.service.gov.uk/,https://find-and-update.company-information.service.gov.uk/,1620597152,17:52:32,20210509
4,2016-12-31,RE.L,USD,2016-12-31,2016-12-31,FY,79265000.0,71195000.0,8070000.0,0.10181038289282786,0.0,10685000.0,1110000.0,0.0,11794000.0,82989000.0,14846000.0,20840000.0,17116000.0,0.2159338926386173,-3724000.0,-0.046981643852898505,0.0,-9289000.0,-0.11718917555036902,2019000.0,-10398000.0,-0.13118021825521983,-0.482,-0.482,36950000.0,36950000.0,https://find-and-update.company-information.service.gov.uk/,https://find-and-update.company-information.service.gov.uk/,1620597152,17:52:32,20210509
5,2015-12-31,RE.L,USD,2015-12-31,2015-12-31,FY,90515000.0,73553000.0,16962000.0,0.187394354526874,0.0,13102000.0,1097000.0,0.0,-1130000.0,72423000.0,11019000.0,9076000.0,27168000.0,0.3001491465502955,18092000.0,0.1998784731812407,0.0,11533000.0,0.1274153455228415,6631000.0,4497000.0,0.049682373087333594,-0.112,-0.112,35455000.0,35455000.0,https://find-and-update.company-information.service.gov.uk/,https://find-and-update.company-information.service.gov.uk/,1620597152,17:52:32,20210509
6,2014-12-31,RE.L,USD,2014-12-31,2014-12-31,FY,125865000.0,79606000.0,46259000.0,0.3675287013864061,0.0,15984000.0,1325000.0,0.0,14050000.0,93656000.0,10472000.0,9705000.0,41914000.0,0.3330075874945378,32209000.0,0.25590116394549717,0.0,23744000.0,0.18864656576490685,1763000.0,22293000.0,0.1771183410797283,0.403,0.403,35085000.0,35085000.0,https://find-and-update.company-information.service.gov.uk/,https://find-and-update.company-information.service.gov.uk/,1620597152,17:52:32,20210509
7,2013-12-31,RE.L,USD,2013-12-31,2013-12-31,FY,110547000.0,69353000.0,41194000.0,0.3726378825296028,0.0,18651000.0,1290000.0,0.0,13080000.0,82433000.0,11244000.0,9482000.0,37596000.0,0.34009064018019486,28114000.0,0.2543171682632726,0.0,25216000.0,0.22810207423087012,12544000.0,12748000.0,0.11531746677883616,0.158,0.158,34494000.0,34494000.0,https://find-and-update.company-information.service.gov.uk/,https://find-and-update.company-information.service.gov.uk/,1620597152,17:52:32,20210509
8,2012-12-31,RE.L,USD,2012-12-31,2012-12-31,FY,124600000.0,69243000.0,55357000.0,0.4442776886035313,0.0,18443000.0,1601000.0,0.0,15125000.0,84368000.0,8408000.0,6162000.0,46394000.0,0.37234349919743176,40232000.0,0.3228892455858748,0.0,30558000.0,0.24524879614767256,12855000.0,18055000.0,0.14490369181380416,0.339,0.339,33415000.0,33415000.0,https://find-and-update.company-information.service.gov.uk/,https://find-and-update.company-information.service.gov.uk/,1620597152,17:52:32,20210509
9,2011-12-31,RE.L,USD,2011-12-31,2011-12-31,FY,147757611.6,68055593.1,79702018.5,0.5394105768017166,0.0,0.0,1718834.6,-10784000.0,6014367.0,74069960.1,11859337.1,5444012.3,79131663.8,0.5355505069628508,73687651.5,0.49870629811939926,0.0,64173451.3,0.4343157053304725,18559062.2,45458979.1,0.3076591358492154,1.21,1.21,33415000.0,33415000.0,https://find-and-update.company-information.service.gov.uk/,https://find-and-update.company-information.service.gov.uk/,1620597152,17:52:32,20210509
10,2010-12-31,RE.L,USD,2010-12-31,2010-12-31,FY,114039325.2,48580539.6,65458785.6,0.5740018672085233,0.0,0.0,1454535.3,-6148000.0,9317480.7,57898020.3,5804049.9,3713840.4,59855145.3,0.5248640782030863,56141304.9,0.49229776484156185,0.0,50446854.0,0.4423636663188533,15473813.1,34684952.1,0.30414904717447416,0.97,0.968,33343000.0,33409000.0,https://find-and-update.company-information.service.gov.uk/,https://find-and-update.company-information.service.gov.uk/,1620597152,17:52:32,20210509
11,2009-12-31,RE.L,USD,2009-12-31,2009-12-31,FY,78885317.2,33951666.2,44933651.0,0.5696072804788063,0.0,0.0,1303221.4,-3873000.0,-1925727.9,32025938.3,5361640.4,3337281.6,50196660.5,0.6363245060260719,46859378.9,0.5940190210707551,0.0,41717636.9,0.5288390587849471,11863195.3,29337033.6,0.3718947282118554,0.833,0.814,32574000.0,33310000.0,https://find-and-update.company-information.service.gov.uk/,https://find-and-update.company-information.service.gov.uk/,1620597152,17:52:32,20210509
12,2008-12-31,RE.L,USD,2008-12-31,2008-12-31,FY,79629385.6,27682468.8,51946916.8,0.6523586287723411,0.0,0.0,1048445.8,-4730000.0,14318065.8,42000534.6,4290024.4,2477481.8,40106332.8,0.5036624670377967,37628851.0,0.47254980955171405,0.0,36309180.0,0.4559771462056842,10535495.0,26193646.6,0.328944476999707,0.732,0.715,32574000.0,33335000.0,https://find-and-update.company-information.service.gov.uk/,https://find-and-update.company-information.service.gov.uk/,1620597152,17:52:32,20210509
13,2007-12-31,RE.L,USD,2007-12-31,2007-12-31,FY,57600913.0,14875049.3,42725863.7,0.7417567096549321,0.0,0.0,1027942.4,-5548000.0,-6432670.8,8442378.5,3575713.7,1989630.7,51148165.2,0.8879749041477868,49158534.5,0.8534332520041826,0.0,47010295.5,0.8161380271871732,15013580.6,31719652.3,0.5506796793307773,0.919,0.896,32044000.0,32881000.0,https://find-and-update.company-information.service.gov.uk/,https://find-and-update.company-information.service.gov.uk/,1620597152,17:52:32,20210509
14,2006-12-31,RE.L,USD,2006-12-31,2006-12-31,FY,33095348.1,14938749.7,18156598.4,0.5486148187696506,0.0,0.0,449595.7,0.0,-573283.6,14365466.1,2756473.2,1660951.8,20390833.8,0.6161238654564869,18729882.0,0.5659369994660971,0.0,19762577.8,0.5971406537343537,5897753.2,13342586.8,0.4031559589488047,0.42123,0.397719,28857000.0,30523000.0,https://find-and-update.company-information.service.gov.uk/,https://find-and-update.company-information.service.gov.uk/,1620597152,17:52:32,20210509
15,2005-12-31,RE.L,USD,2005-12-31,2005-12-31,FY,25714089.063253,11427145.708583,14286943.35467,0.555607601713059,0.0,0.0,326932.342212,-1653589.372978,-4308624.131048,7118521.577535,1300846.582697,1419574.643816,20015142.129534002,0.7783725910064168,18595567.485718,0.7231664882226841,0.0,16556542.088237,0.6438704496787836,5717874.595636,9093881.203111,0.3536536402569559,0.344139,0.287356,22631000.0,27415000.0,https://find-and-update.company-information.service.gov.uk/,https://find-and-update.company-information.service.gov.uk/,1620597152,17:52:32,20210509
16,2004-12-31,RE.L,USD,2004-12-31,2004-12-31,FY,30788706.460028,11646463.096517,19142243.363511,0.6217293795165694,0.0,0.0,61377.934632,-602270.983581,-2957649.225104,8688813.871413,1900797.91315,1242903.176308,23342795.764921997,0.7581609768252917,22099892.588614,0.7177921754298313,0.0,17628893.662728,0.5725766259655967,5090532.453583,10399723.799294,0.33777722402191956,0.464171,0.345251,19755000.0,27411000.0,https://find-and-update.company-information.service.gov.uk/,https://find-and-update.company-information.service.gov.uk/,1620597152,17:52:32,20210509
17,2003-12-31,RE.L,USD,2003-12-31,2003-12-31,FY,24608928.571429,13337500.0,11271428.571429,0.45802191422974603,0.0,3992857.142857,0.0,3123214.285714,3533928.571429,16871428.571429,3417857.142857,3673214.285714,11410714.285714,0.4636818808504266,7737500.0,0.3144184021478793,0.0,3696428.571429,0.15020680647269458,616071.428571,2396428.571429,0.09738045134607187,0.091071,0.066071,18682000.0,18682000.0,https://find-and-update.company-information.service.gov.uk/,https://find-and-update.company-information.service.gov.uk/,1620597152,17:52:32,20210509
18,2002-12-31,RE.L,USD,2002-12-31,2002-12-31,FY,20666827.736168,12719658.532657,7947169.203511,0.38453744836722326,0.0,0.0,0.0,935813.803656,3616010.308448,16335668.841105,1077554.964967,2602883.144077,6934042.03914,0.33551554828151364,4331158.895063,0.20957057127268985,0.0,2345171.941693,0.11347517730497311,78924.05573,1098494.000161,0.053152521237624664,0.02255,0.020939,12143000.0,12143000.0,https://find-and-update.company-information.service.gov.uk/,https://find-and-update.company-information.service.gov.uk/,1620597152,17:52:32,20210509
19,2001-12-31,RE.L,USD,2001-12-31,2001-12-31,FY,2079246.763437,585560.059864,1493686.703573,0.7183787561145133,0.0,0.0,0.0,0.0,2494805.515598,3080365.575462,395216.715342,199061.360301,-802057.451724,-0.3857442348007781,-1001118.812025,-0.4814814814813746,0.0,620432.122982,0.2983927323548765,213591.3866,321113.581216,0.1544374563244232,-0.037778,-0.037778,11346000.0,11346000.0,https://find-and-update.company-information.service.gov.uk/,https://find-and-update.company-information.service.gov.uk/,1620597152,17:52:32,20210509
20,2000-12-31,RE.L,USD,2000-12-31,2000-12-31,FY,20832835.464213,17154080.535309,3678754.928904,0.17658445655289834,0.0,0.0,0.0,0.0,5215676.902856,22369757.438165,955908.710718,218066.674633,-1318855.299318,-0.0633065672497415,-1536921.973951,-0.07377401778030412,0.0,932010.99295,0.04473759678806202,-22404.110407,923049.348787,0.044307427588175886,0.10049530199096353,0.09315262375486931,9185000.0,9909000.0,https://find-and-update.company-information.service.gov.uk/,https://find-and-update.company-information.service.gov.uk/,1620597152,17:52:32,20210509
21,1999-12-31,RE.L,USD,1999-12-31,1999-12-31,FY,38661511.582762,33617510.029766,5044001.552996,0.13046570986233677,0.0,0.0,0.0,0.0,3788663.129287,37406173.159053,1384754.75605,372071.955481,1627410.37919,0.0420938114565498,1255338.423709,0.032469977823337805,0.0,990034.94241,0.025607766015321207,346188.689013,383395.884561,0.009916732917704764,-0.048531,-0.051767,9185000.0,9623000.0,https://find-and-update.company-information.service.gov.uk/,https://find-and-update.company-information.service.gov.uk/,1620597152,17:52:32,20210509
22,1998-12-31,RE.L,USD,1998-12-31,1998-12-31,FY,116967383.185327,102503112.291476,14464270.89385,0.12366072062099852,0.0,0.0,0.0,0.0,12884056.768197,115387169.059673,2572827.620549,1663208.565026,3243422.69068,0.027729291725206964,1580214.125654,0.013509869868168774,0.0,2239189.974272,0.01914371265982888,429911.19595,735330.732841,0.006286630621426467,0.0852557371409855,0.07173958369180487,8625000.0,10250000.0,https://find-and-update.company-information.service.gov.uk/,https://find-and-update.company-information.service.gov.uk/,1620597152,17:52:32,20210509
23,1997-12-31,RE.L,USD,1997-12-31,1997-12-31,FY,147928651.722542,0.0,0.0,0.0,0.0,0.0,0.0,0.0,143215631.819084,143215631.819084,2883025.854658,1410103.815381,6123123.718839,0.04139241213611313,4713019.903458,0.03186008828295033,0.0,2816901.408451,0.019042297591777137,348806.453746,1348938.702638,0.009118846734087032,0.16213205560552885,0.13551724961201528,8320000.0,9954000.0,https://find-and-update.company-information.service.gov.uk/,https://find-and-update.company-information.service.gov.uk/,1620597152,17:52:32,20210509
24,1996-12-31,RE.L,USD,1996-12-31,1996-12-31,FY,185279309.518101,0.0,0.0,0.0,0.0,0.0,0.0,0.0,179194780.285646,179194780.285646,3044833.373292,1488166.592458,7572695.824913001,0.040871783496004344,6084529.232455,0.032839766341317064,0.0,3039695.859164,0.01640601892931296,1006952.76912,1705654.69055,0.009205856255543552,0.138713,0.131863,8430000.0,10082000.0,https://find-and-update.company-information.service.gov.uk/,https://find-and-update.company-information.service.gov.uk/,1620597152,17:52:32,20210509
25,1995-12-31,RE.L,USD,1995-12-31,1995-12-31,FY,154817973.916806,0.0,0.0,0.0,0.0,0.0,0.0,0.0,149871747.326782,149871747.326782,2558872.612646,1356696.95284,6302923.542864,0.0407118332801008,4946226.590024,0.031948658575534236,0.0,2461524.198034,0.015899473011814123,795784.659126,1364423.017492,0.008813078888535223,0.125162,0.125162,8660000.0,8660000.0,https://find-and-update.company-information.service.gov.uk/,https://find-and-update.company-information.service.gov.uk/,1620597152,17:52:32,20210509
26,1994-12-31,RE.L,USD,1994-12-31,1994-12-31,FY,138650469.802855,0.0,0.0,0.0,0.0,0.0,0.0,0.0,133835185.966887,133835185.966887,2392007.879555,1472726.419962,6288010.25593,0.04535152506061339,4815283.835968,0.034729661160288736,0.0,2207526.226099,0.01592151998646559,698841.517752,1302315.401091,0.00939279472289378,0.121945,0.121945,8270000.0,8270000.0,https://find-and-update.company-information.service.gov.uk/,https://find-and-update.company-information.service.gov.uk/,1620597152,17:52:32,20210509
27,1993-12-31,RE.L,USD,1993-12-31,1993-12-31,FY,133956570.617123,0.0,0.0,0.0,0.0,0.0,0.0,0.0,129959765.694338,129959765.694338,2215845.216259,1127152.239512,5123957.162298,0.038250883392225564,3996804.922786,0.029836572438165336,0.0,1547245.725105,0.011550353356890307,584284.953553,655286.669428,0.00489178445229799,0.047334,0.047334,8050000.0,8050000.0,https://find-and-update.company-information.service.gov.uk/,https://find-and-update.company-information.service.gov.uk/,1620597152,17:52:32,20210509
28,1992-12-31,RE.L,USD,1992-12-31,1992-12-31,FY,133094201.689594,0.0,0.0,0.0,0.0,0.0,0.0,0.0,127483960.990703,127483960.990703,3238135.683194,902431.255972,6512671.954863,0.04893280001823096,5610240.698891,0.042152405045979086,0.0,-494441.326801,-0.0037149727074824025,47017.426782,-633976.91596,-0.004763369913278255,-0.115269,-0.115269,7960000.0,7960000.0,https://find-and-update.company-information.service.gov.uk/,https://find-and-update.company-information.service.gov.uk/,1620597152,17:52:32,20210509
29,1991-12-31,RE.L,USD,1991-12-31,1991-12-31,FY,143896186.519966,0.0,0.0,0.0,0.0,0.0,0.0,0.0,143896186.519966,143896186.519966,4135324.276786,1038509.037835,6826091.83788,0.047437614595386514,0.0,0.011482295418786129,0.0,1652258.523259,0.011482295418786129,258223.868867,950563.227424,0.006605895892120162,0.120324,0.120324,7900000.0,7900000.0,https://find-and-update.company-information.service.gov.uk/,https://find-and-update.company-information.service.gov.uk/,1620597152,17:52:32,20210509
30,1990-12-31,RE.L,USD,1990-12-31,1990-12-31,FY,128093051.965588,0.0,0.0,0.0,0.0,0.0,0.0,0.0,128093051.965588,128093051.965588,3597469.23344,524671.116083,6487018.247753,0.050643014185466725,0.0,0.018462187151761525,0.0,2364877.898229,0.018462187151761525,420508.468037,1739902.009953,0.013583109959940855,0.262905,0.262905,6618000.0,6618000.0,https://find-and-update.company-information.service.gov.uk/,https://find-and-update.company-information.service.gov.uk/,1620597152,17:52:32,20210509
31,1989-12-31,RE.L,USD,1989-12-31,1989-12-31,FY,79499358.151476,0.0,0.0,0.0,0.0,0.0,0.0,0.0,79499358.151476,79499358.151476,2665275.994865,367458.279846,4722400.513479,0.05940174390441067,0.0,0.021253834974976203,0.0,1689666.238768,0.021253834974976203,622593.068036,1185815.147625,0.014916034232195672,0.211677,0.211677,5602000.0,5602000.0,https://find-and-update.company-information.service.gov.uk/,https://find-and-update.company-information.service.gov.uk/,1620597152,17:52:32,20210509
32,1988-12-31,RE.L,USD,1988-12-31,1988-12-31,FY,48407092.403056,0.0,0.0,0.0,0.0,0.0,0.0,0.0,48407092.403056,48407092.403056,1639757.820383,279299.408966,3193022.920571,0.06596188207266546,0.0,0.026317748659916883,0.0,1273965.691221,0.026317748659916883,482917.687761,791048.00346,0.01634157236450872,0.172192,0.172192,4594000.0,4594000.0,https://find-and-update.company-information.service.gov.uk/,https://find-and-update.company-information.service.gov.uk/,1620597152,17:52:32,20210509
33,1987-12-31,RE.L,USD,1987-12-31,1987-12-31,FY,80231577.764038,0.0,0.0,0.0,0.0,0.0,0.0,0.0,80231577.764038,80231577.764038,2617428.287711,657635.883312,2370112.22903,0.029540890196632152,0.0,-0.01127924898416524,0.0,-904951.941993,-0.01127924898416524,367226.875012,4423584.958687,0.055135210872916084,1.034515,1.034515,4276000.0,4276000.0,https://find-and-update.company-information.service.gov.uk/,https://find-and-update.company-information.service.gov.uk/,1620597152,17:52:32,20210509
34,1986-12-31,RE.L,USD,1986-12-31,1986-12-31,FY,51589249.28299,0.0,0.0,0.0,0.0,0.0,0.0,0.0,51589249.28299,51589249.28299,2130333.224919,753969.427279,1731172.939889,0.03355685465382033,0.0,-0.02235213204952005,0.0,-1153129.712309,-0.02235213204952005,322284.970876,-1515330.711688,-0.029372994039431284,-0.358913,-0.358913,4222000.0,4222000.0,https://find-and-update.company-information.service.gov.uk/,https://find-and-update.company-information.service.gov.uk/,1620597152,17:52:32,20210509
35,1985-12-31,RE.L,USD,1985-12-31,1985-12-31,FY,42875253.914973,0.0,0.0,0.0,0.0,0.0,0.0,0.0,42875253.914973,42875253.914973,1421923.847118,785155.518419,2911558.353623,0.06790766439300826,0.0,0.016430899499349207,0.0,704478.988086,0.016430899499349207,636768.328699,-662700.070592,-0.015456469876684984,-0.159035,-0.159035,4167000.0,4167000.0,https://find-and-update.company-information.service.gov.uk/,https://find-and-update.company-information.service.gov.uk/,1620597152,17:52:32,20210509
