,date,symbol,reportedCurrency,fillingDate,acceptedDate,period,revenue,costOfRevenue,grossProfit,grossProfitRatio,researchAndDevelopmentExpenses,generalAndAdministrativeExpenses,sellingAndMarketingExpenses,otherExpenses,operatingExpenses,costAndExpenses,interestExpense,depreciationAndAmortization,ebitda,ebitdaratio,operatingIncome,operatingIncomeRatio,totalOtherIncomeExpensesNet,incomeBeforeTax,incomeBeforeTaxRatio,incomeTaxExpense,netIncome,netIncomeRatio,eps,epsdiluted,weightedAverageShsOut,weightedAverageShsOutDil,link,finalLink,timestamp,est_time,est_date
0,2020-06-30,GNE.AX,NZD,2020-06-30,2020-06-30,FY,2588100000.0,0.0,2588100000.0,1.0,0.0,0.0,0.0,-6000000.0,2445700000.0,0.0,67200000.0,209800000.0,352200000.0,0.13608438622928018,142400000.0,0.055021057918936675,-10200000.0,61600000.0,0.023801244155944517,15600000.0,46000000.0,0.017773656350218308,0.0447,0.0447,1028500000,1028500000,,,1620592671,16:37:51,20210509
1,2019-06-30,GNE.AX,NZD,2019-06-30,2019-06-30,FY,2682800000.0,1978400000.0,704400000.0,0.26256150290741015,0.0,98900000.0,0.0,14600000.0,555400000.0,0.0,73900000.0,196500000.0,345500000.0,0.12878336066795884,149000000.0,0.05553898911584911,7400000.0,83100000.0,0.030975100641121217,23900000.0,59200000.0,0.02206649768898166,0.0584,0.0584,1014200000,1014200000,,,1620592671,16:37:51,20210509
2,2018-06-30,GNE.AX,NZD,2018-06-30,2018-06-30,FY,2274100000.0,1597300000.0,676800000.0,0.29761224220570776,0.0,296200000.0,0.0,-21500000.0,553100000.0,0.0,75300000.0,205700000.0,329400000.0,0.14484851149905456,123700000.0,0.05439514533221934,-21900000.0,27500000.0,0.012092696011608988,7700000.0,19800000.0,0.008706741128358472,0.0198,0.0198,1001700000,1001700000,,,1620592671,16:37:51,20210509
3,2017-06-30,GNE.AX,NZD,2017-06-30,2017-06-30,FY,1933900000.0,1318500000.0,615400000.0,0.3182170743058069,0.0,264200000.0,0.0,84400000.0,469400000.0,0.0,62100000.0,174600000.0,320600000.0,0.16577899581157246,146000000.0,0.07549511350121516,82000000.0,167500000.0,0.08661254459899685,48800000.0,118700000.0,0.06137856145612493,0.1188,0.1188,999500000,999500000,,,1620592671,16:37:51,20210509
4,2016-06-30,GNE.AX,NZD,2016-06-30,2016-06-30,FY,1993900000.0,1382200000.0,611700000.0,0.30678569637394054,0.0,274400000.0,0.0,128800000.0,431200000.0,0.0,65200000.0,127500000.0,308000000.0,0.15447113696775164,180500000.0,0.09052610461908822,135700000.0,253000000.0,0.12688700536636743,68800000.0,184200000.0,0.09238176438136315,0.1843,0.1843,999500000,999500000,,,1620592671,16:37:51,20210509
5,2015-06-30,GNE.AX,NZD,2015-06-30,2015-06-30,FY,2078000000.0,1464300000.0,613700000.0,0.2953320500481232,0.0,89400000.0,0.0,51700000.0,444200000.0,0.0,68000000.0,155700000.0,325200000.0,0.1564966313763234,169500000.0,0.08156881616939365,37700000.0,140300000.0,0.06751684311838306,35500000.0,104800000.0,0.05043310875842156,0.1049,0.1049,999500000,999500000,,,1620592671,16:37:51,20210509
6,2014-06-30,GNE.AX,NZD,2014-06-30,2014-06-30,FY,1996800000.0,1338800000.0,658000000.0,0.3295272435897436,0.0,100600000.0,0.0,8600000.0,516400000.0,0.0,69100000.0,156700000.0,298300000.0,0.14938902243589744,141600000.0,0.07091346153846154,-1500000.0,71600000.0,0.03585737179487179,22400000.0,49200000.0,0.024639423076923076,0.046125,0.046125,1066667000,1066667000,,,1620592671,16:37:51,20210509
7,2013-12-31,GNE.AX,NZD,2013-12-31,2013-12-31,FY,0.0,0.0,0.0,0.0,0.0,0.0,0.0,0.0,0.0,0.0,0.0,0.0,0.0,0.0,0.0,0.0,0.0,0.0,0.0,0.0,0.0,0.0,0.0,0.0,1066667000,1066667000,,,1620592671,16:37:51,20210509
