,date,symbol,reportedCurrency,fillingDate,acceptedDate,period,revenue,costOfRevenue,grossProfit,grossProfitRatio,researchAndDevelopmentExpenses,generalAndAdministrativeExpenses,sellingAndMarketingExpenses,otherExpenses,operatingExpenses,costAndExpenses,interestExpense,depreciationAndAmortization,ebitda,ebitdaratio,operatingIncome,operatingIncomeRatio,totalOtherIncomeExpensesNet,incomeBeforeTax,incomeBeforeTaxRatio,incomeTaxExpense,netIncome,netIncomeRatio,eps,epsdiluted,weightedAverageShsOut,weightedAverageShsOutDil,link,finalLink,timestamp,est_time,est_date
0,2020-12-31,INGR.ME,RUB,2020-12-31,2020-12-31,FY,70609936000.0,51262580000.0,19347356000.0,0.27400330740988066,0.0,2467120000.0,2151291000.0,-437761000.0,0.0,61450050000.0,6275783000.0,481098000.0,9640984000.0,0.1365386310504516,9159886000.0,0.041364730878668404,0.0,2920761000.0,0.041364730878668404,1847144000.0,1054117000.0,0.014928734675527819,25.58,25.58,41213486,41213486,http://www.cbr.ru/eng/search/?text=INGR&category=Any&time=Any&dateFrom=&dateTo=,http://www.cbr.ru/eng/search/?text=INGR&category=Any&time=Any&dateFrom=&dateTo=,1620593627,16:53:47,20210509
1,2019-12-31,INGR.ME,RUB,2019-12-31,2019-12-31,FY,56808827000.0,43479464000.0,13329363000.0,0.2346354203018485,0.0,2081411000.0,2155137000.0,-195922000.0,7034854000.0,50514318000.0,4388197000.0,261950000.0,6556459000.0,0.11541268049769801,6294509000.0,0.11080160130748695,0.0,-918267000.0,-0.016164160544980096,524494000.0,-1253339000.0,-0.0220623988592477,-30.408641035646344,-30.408641035646344,41216541,41216541,http://www.cbr.ru/eng/search/?text=INGR&category=Any&time=Any&dateFrom=&dateTo=,http://www.cbr.ru/eng/search/?text=INGR&category=Any&time=Any&dateFrom=&dateTo=,1620593627,16:53:47,20210509
2,2018-12-31,INGR.ME,RUB,2018-12-31,2018-12-31,FY,24544234000.0,19105341000.0,5438893000.0,0.22159554867346848,0.0,1198530000.0,1591173000.0,97791000.0,5090372000.0,24195713000.0,4822207000.0,71374000.0,419895000.0,0.017107684028762112,348521000.0,0.01419970979742126,0.0,-5450653000.0,-0.22207468361000796,-437263000.0,-4916385000.0,-0.20030712712403248,-119.28,-119.28,41216541,41216541,http://www.cbr.ru/eng/search/?text=INGR&category=Any&time=Any&dateFrom=&dateTo=,http://www.cbr.ru/eng/search/?text=INGR&category=Any&time=Any&dateFrom=&dateTo=,1620593627,16:53:47,20210509
3,2017-12-31,INGR.ME,RUB,2017-12-31,2017-12-31,FY,8238630000.0,7308662000.0,929968000.0,0.11287896167202557,0.0,382326000.0,592972000.0,-156448000.0,1840109000.0,9148771000.0,2273521000.0,28578000.0,-881563000.0,-0.10700359161656732,-910141000.0,-0.11047237222693579,0.0,-2989829000.0,-0.3629036623807599,-283979000.0,-2679544000.0,-0.32524145397960585,-119.54,-119.54,22415046,22415046,http://www.cbr.ru/eng/search/?text=INGR&category=Any&time=Any&dateFrom=&dateTo=,http://www.cbr.ru/eng/search/?text=INGR&category=Any&time=Any&dateFrom=&dateTo=,1620593627,16:53:47,20210509
4,2016-12-31,INGR.ME,RUB,2016-12-31,2016-12-31,FY,6175189000.0,7868838000.0,-1693649000.0,-0.2742667471392374,0.0,246621000.0,251998000.0,-64787000.0,1258337000.0,9127175000.0,1336361000.0,22085000.0,-2929901000.0,-0.47446337270000966,-2951986000.0,-0.47803978145446235,0.0,-3827133000.0,-0.6197596543198921,3179313000.0,-6986251000.0,-1.1313420528505282,-458.99,-458.99,15220793,15220793,http://www.cbr.ru/eng/search/?text=INGR&category=Any&time=Any&dateFrom=&dateTo=,http://www.cbr.ru/eng/search/?text=INGR&category=Any&time=Any&dateFrom=&dateTo=,1620593627,16:53:47,20210509
5,2015-12-31,INGR.ME,RUB,2015-12-31,2015-12-31,FY,2023065000.0,652489000.0,1370576000.0,0.6774750193394676,0.0,375707000.0,69154000.0,0.0,-713075000.0,-60586000.0,2066784000.0,0.0,2813809000.0,1.3908643568051446,2083651000.0,1.029947628968916,0.0,747025000.0,0.36925407735292737,-214964000.0,961989000.0,0.475510673161762,63.202292,63.202292,15220793,15220793,http://www.cbr.ru/eng/search/?text=INGR&category=Any&time=Any&dateFrom=&dateTo=,http://www.cbr.ru/eng/search/?text=INGR&category=Any&time=Any&dateFrom=&dateTo=,1620593627,16:53:47,20210509
6,2014-12-31,INGR.ME,RUB,2014-12-31,2014-12-31,FY,1001370000.0,644953000.0,356417000.0,0.3559293767538472,0.0,524072000.0,0.0,0.0,-1550041000.0,-905088000.0,1567465000.0,0.0,2407765000.0,2.404470874901385,1906458000.0,1.9038497258755505,0.0,840300000.0,0.8391503640013181,-523119000.0,1363419000.0,1.361553671470086,89.576082,89.576082,15220793,15220793,http://www.cbr.ru/eng/search/?text=INGR&category=Any&time=Any&dateFrom=&dateTo=,http://www.cbr.ru/eng/search/?text=INGR&category=Any&time=Any&dateFrom=&dateTo=,1620593627,16:53:47,20210509
7,2013-12-31,INGR.ME,RUB,2013-12-31,2013-12-31,FY,2480443000.0,3004994000.0,-524551000.0,-0.21147472447462007,0.0,262558000.0,237299000.0,18460000.0,1079319000.0,4084313000.0,1679255000.0,15774000.0,-1588096000.0,-0.6402469236342057,-1603870000.0,-0.646606271541011,0.0,-1694210000.0,-0.6830271850633133,614816000.0,-2309026000.0,-0.9308925865258746,-151.7,-151.7,15220793,15220793,http://www.cbr.ru/eng/search/?text=INGR&category=Any&time=Any&dateFrom=&dateTo=,http://www.cbr.ru/eng/search/?text=INGR&category=Any&time=Any&dateFrom=&dateTo=,1620593627,16:53:47,20210509
8,2012-12-31,INGR.ME,RUB,2012-12-31,2012-12-31,FY,4334244000.0,4836018000.0,-501774000.0,-0.11576967055846417,0.0,264169000.0,311958000.0,-22715000.0,1068215000.0,5904233000.0,1083743000.0,12070000.0,-1557919000.0,-0.35944423064322173,-1569989000.0,-0.3622290300223061,0.0,-3201348000.0,-0.7386173920988297,-516599000.0,-2830939000.0,-0.653156352065089,-185.99,-185.99,15220793,15220793,http://www.cbr.ru/eng/search/?text=INGR&category=Any&time=Any&dateFrom=&dateTo=,http://www.cbr.ru/eng/search/?text=INGR&category=Any&time=Any&dateFrom=&dateTo=,1620593627,16:53:47,20210509
9,2011-12-31,INGR.ME,RUB,2011-12-31,2011-12-31,FY,8642301919.58,7898595703.32,743706216.26,0.08605418130267575,0.0,1093727009.34,0.0,0.0,1374748090.24,9273343793.56,0.0,61386392.06,-569655481.9200001,-0.06591478603974579,-631041873.98,-0.07301780010141876,0.0,2084770163.28,0.24122857343791063,1047183392.64,1037586770.64,0.1200590745723941,67.816129,67.816129,15274284,15274284,http://www.cbr.ru/eng/search/?text=INGR&category=Any&time=Any&dateFrom=&dateTo=,http://www.cbr.ru/eng/search/?text=INGR&category=Any&time=Any&dateFrom=&dateTo=,1620593627,16:53:47,20210509
10,2010-12-31,INGR.ME,RUB,2010-12-31,2010-12-31,FY,4627134494.4,5472836692.8,-845702198.4,-0.18277017869774762,0.0,803609808.0,0.0,0.0,1752279292.8,7225115985.6,0.0,128846764.8,-2469134726.3999996,-0.5336206953543874,-2597981491.2,-0.5614666040816866,0.0,-18158155536.0,-3.924276581537872,-2564576774.4,-15593578761.6,-3.370029287126226,-1020.495744,-1020.495744,15280221,15280221,http://www.cbr.ru/eng/search/?text=INGR&category=Any&time=Any&dateFrom=&dateTo=,http://www.cbr.ru/eng/search/?text=INGR&category=Any&time=Any&dateFrom=&dateTo=,1620593627,16:53:47,20210509
11,2009-12-31,INGR.ME,RUB,2009-12-31,2009-12-31,FY,9726443725.2,13358265725.4,-3631822000.2,-0.37339670107692113,0.0,903450452.1,0.0,0.0,1348561243.2,14706826968.6,0.0,243995807.7,-4736387435.7,-0.4869598354256255,-4980383243.4,-0.51204565451774,0.0,-30630860638.5,-3.1492353735763943,-4937924296.5,-27254636074.5,-2.8021172840271147,-1783.637379,-1783.637379,15280221,15280221,http://www.cbr.ru/eng/search/?text=INGR&category=Any&time=Any&dateFrom=&dateTo=,http://www.cbr.ru/eng/search/?text=INGR&category=Any&time=Any&dateFrom=&dateTo=,1620593627,16:53:47,20210509
12,2008-12-31,INGR.ME,RUB,2008-12-31,2008-12-31,FY,7515394810.88,5320105010.44,2195289800.44,0.2921057184197282,0.0,1443561205.24,0.0,0.0,1568583362.72,6888688373.16,0.0,301430165.08,928136602.8,0.12349804982385505,626706437.72,0.08338968922999497,0.0,-3228916618.84,-0.429640318319074,-1159062663.0,-1804650962.84,-0.24012723326623048,-123.810645,-123.810645,14587083,14587083,http://www.cbr.ru/eng/search/?text=INGR&category=Any&time=Any&dateFrom=&dateTo=,http://www.cbr.ru/eng/search/?text=INGR&category=Any&time=Any&dateFrom=&dateTo=,1620593627,16:53:47,20210509
