,date,symbol,reportedCurrency,fillingDate,acceptedDate,period,revenue,costOfRevenue,grossProfit,grossProfitRatio,researchAndDevelopmentExpenses,generalAndAdministrativeExpenses,sellingAndMarketingExpenses,otherExpenses,operatingExpenses,costAndExpenses,interestExpense,depreciationAndAmortization,ebitda,ebitdaratio,operatingIncome,operatingIncomeRatio,totalOtherIncomeExpensesNet,incomeBeforeTax,incomeBeforeTaxRatio,incomeTaxExpense,netIncome,netIncomeRatio,eps,epsdiluted,weightedAverageShsOut,weightedAverageShsOutDil,link,finalLink,timestamp,est_time,est_date
0,2020-03-31,WIZZ.L,EUR,2020-03-31,2020-03-31,FY,2761300000,2278500000,482800000,0.17484518161735416,0.0,0.0,44100000,0.0,144500000,2423000000,91500000.0,381500000,719800000,0.26067432006663527,338300000,0.12251475754173759,0.0,294100000,0.1065078042950784,13100000.0,281100000,0.10179987686959041,3.76,2.22,74685880,127258007,https://find-and-update.company-information.service.gov.uk/search/companies?q=Wizz+Air+Holdings+PLC,https://find-and-update.company-information.service.gov.uk/search/companies?q=Wizz+Air+Holdings+PLC,1620599851,18:37:31,20210509
1,2019-03-31,WIZZ.L,EUR,2019-03-31,2019-03-31,FY,2319100000,1926900000,392200000,0.1691173299987064,0.0,0.0,37800000,0.0,92400000,2019300000,4100000.0,94200000,394000000,0.1698934931654521,299800000,0.12927428743909275,0.0,300200000,0.12944676814281403,4900000.0,291600000,0.12573843301280668,4.01,2.31,72753686,127126418,https://find-and-update.company-information.service.gov.uk/search/companies?q=Wizz+Air+Holdings+PLC,https://find-and-update.company-information.service.gov.uk/search/companies?q=Wizz+Air+Holdings+PLC,1620599851,18:37:31,20210509
2,2018-03-31,WIZZ.L,EUR,2018-03-31,2018-03-31,FY,1948000000,1537400000,410600000,0.21078028747433264,0.0,0.0,34000000,0.0,118700000,1656100000,5000000.0,90700000,382600000,0.19640657084188912,291900000,0.1498459958932238,0.0,286100000,0.14686858316221765,11000000.0,275100000,0.1412217659137577,4.0,2.18,68739736,126851711,https://find-and-update.company-information.service.gov.uk/search/companies?q=Wizz+Air+Holdings+PLC,https://find-and-update.company-information.service.gov.uk/search/companies?q=Wizz+Air+Holdings+PLC,1620599851,18:37:31,20210509
3,2017-03-31,WIZZ.L,EUR,2017-03-31,2017-03-31,FY,1571200000,1228300000,342900000,0.2182408350305499,0.0,0.0,27900000,0.0,96300000,1324600000,4000000.0,57600000,304200000,0.19360997963340124,246600000,0.15695010183299388,0.0,255800000,0.16280549898167007,9800000.0,246000000,0.15656822810590632,4.3,1.95,57254581,126769366,https://find-and-update.company-information.service.gov.uk/search/companies?q=Wizz+Air+Holdings+PLC,https://find-and-update.company-information.service.gov.uk/search/companies?q=Wizz+Air+Holdings+PLC,1620599851,18:37:31,20210509
4,2016-03-31,WIZZ.L,EUR,2016-03-31,2016-03-31,FY,1429100000,1114700000,314400000,0.21999860051780842,0.0,0.0,23500000,0.0,79000000,1193700000,2700000.0,28800000,264200000,0.1848715975089217,235400000,0.1647190539500385,0.0,201400000,0.14092785669302357,8500000.0,192900000,0.13498005737876986,3.62,1.54,53344145,126552801,https://find-and-update.company-information.service.gov.uk/search/companies?q=Wizz+Air+Holdings+PLC,https://find-and-update.company-information.service.gov.uk/search/companies?q=Wizz+Air+Holdings+PLC,1620599851,18:37:31,20210509
5,2015-03-31,WIZZ.L,EUR,2015-03-31,2015-03-31,FY,1227300000,997800000,229500000,0.18699584453678808,0.0,0.0,18800000,0.0,62300000,1060100000,5600000.0,33900000,201100000,0.16385561802330317,167200000,0.13623400961460116,0.0,191700000,0.15619652896602298,8500000.0,183200000,0.14927075694614195,14.43,6.91,12693000000,26634000000,https://find-and-update.company-information.service.gov.uk/search/companies?q=Wizz+Air+Holdings+PLC,https://find-and-update.company-information.service.gov.uk/search/companies?q=Wizz+Air+Holdings+PLC,1620599851,18:37:31,20210509
6,2014-03-31,WIZZ.L,EUR,2014-03-31,2014-03-31,FY,1011816000,856950000,154866000,0.1530574729002111,0.0,0.0,10862000,0.0,45082000,902032000,7770000.0,25386000,135170000,0.13359148303644142,109784000,0.10850194106438325,0.0,95362000,0.0942483613621449,7648000.0,87714000,0.08668967480253327,1.6783,1.6783,52263615,52263615,https://find-and-update.company-information.service.gov.uk/search/companies?q=Wizz+Air+Holdings+PLC,https://find-and-update.company-information.service.gov.uk/search/companies?q=Wizz+Air+Holdings+PLC,1620599851,18:37:31,20210509
7,2013-03-31,WIZZ.L,EUR,2013-03-31,2013-03-31,FY,851311000,766952000,84359000,0.09909304590214386,0.0,0.0,15258000,0.0,46369000,813321000,6960000.0,19130000,57120000,0.06709651349506819,37990000,0.04462528970023881,0.0,33697000,0.03958247925846136,4439000.0,29258000,0.034368168624627195,0.559816,0.559816,52263615,52263615,https://find-and-update.company-information.service.gov.uk/search/companies?q=Wizz+Air+Holdings+PLC,https://find-and-update.company-information.service.gov.uk/search/companies?q=Wizz+Air+Holdings+PLC,1620599851,18:37:31,20210509
8,2012-03-31,WIZZ.L,EUR,2012-03-31,2012-03-31,FY,766120000,682601000,83519000,0.10901555892027359,0.0,0.0,13141000,0.0,39317000,721918000,7115000.0,17174000,61376000,0.08011277606641257,44202000,0.057695922309820916,0.0,41916000,0.05471205555265494,918000.0,40998000,0.05351380984702135,0.784446,0.784446,52263615,52263615,https://find-and-update.company-information.service.gov.uk/search/companies?q=Wizz+Air+Holdings+PLC,https://find-and-update.company-information.service.gov.uk/search/companies?q=Wizz+Air+Holdings+PLC,1620599851,18:37:31,20210509
