,date,symbol,reportedCurrency,fillingDate,acceptedDate,period,revenue,costOfRevenue,grossProfit,grossProfitRatio,researchAndDevelopmentExpenses,generalAndAdministrativeExpenses,sellingAndMarketingExpenses,otherExpenses,operatingExpenses,costAndExpenses,interestExpense,depreciationAndAmortization,ebitda,ebitdaratio,operatingIncome,operatingIncomeRatio,totalOtherIncomeExpensesNet,incomeBeforeTax,incomeBeforeTaxRatio,incomeTaxExpense,netIncome,netIncomeRatio,eps,epsdiluted,weightedAverageShsOut,weightedAverageShsOutDil,link,finalLink,timestamp,est_time,est_date
0,2020-03-31,0057.HK,HKD,2020-03-31,2020-03-31,FY,1513363000,1174483000.0,338880000.0,0.22392512569687512,0.0,125463000.0,174757000.0,228500000.0,0.0,1591008000.0,2583000.0,55550000.0,-22095000,-0.014599934054156207,-77645000,-0.05130626293889833,0.0,149010000,0.09846282749082672,55962000,93651000,0.0618827075856883,0.149,0.149,630531600,630531600,https://www1.hkexnews.hk/search/titlesearch.xhtml,https://www1.hkexnews.hk/search/titlesearch.xhtml,1620584496,14:21:36,20210509
1,2019-03-31,0057.HK,HKD,2019-03-31,2019-03-31,FY,1635938000,1282334000.0,353604000.0,0.2161475557142141,0.0,122738000.0,178032000.0,140019000.0,0.0,1651039000.0,1954000.0,58420000.0,43319000,0.026479609862965468,-15101000,-0.00923078991991139,0.0,124007000,0.07580177243880881,34778000,90279000,0.05518485419374084,0.143,0.143,630531600,630531600,https://www1.hkexnews.hk/search/titlesearch.xhtml,https://www1.hkexnews.hk/search/titlesearch.xhtml,1620584496,14:21:36,20210509
2,2018-03-31,0057.HK,HKD,2018-03-31,2018-03-31,FY,1667879000,1244913000.0,422966000.0,0.2535951348988746,0.0,127129000.0,183798000.0,65203000.0,0.0,1606057000.0,1248000.0,55334000.0,117156000,0.07024250560142552,61822000,0.03706623801846537,0.0,129143000,0.07742947779784984,26312000,101877000,0.06108176912114128,0.162,0.162,630531600,630531600,https://www1.hkexnews.hk/search/titlesearch.xhtml,https://www1.hkexnews.hk/search/titlesearch.xhtml,1620584496,14:21:36,20210509
3,2017-03-31,0057.HK,HKD,2017-03-31,2017-03-31,FY,1450877000,1071246000.0,379631000.0,0.2616562258551207,0.0,112790000.0,162696000.0,53798000.0,0.0,1427638000.0,1385000.0,54103000.0,77342000,0.05330706875910225,23239000,0.016017208901926216,0.0,78759000,0.05428371943314285,27406000,51485000,0.03548543398234309,0.082,0.082,630531600,630531600,https://www1.hkexnews.hk/search/titlesearch.xhtml,https://www1.hkexnews.hk/search/titlesearch.xhtml,1620584496,14:21:36,20210509
4,2016-03-31,0057.HK,HKD,2016-03-31,2016-03-31,FY,1247942000,1006118000.0,241824000.0,0.19377823648855474,0.0,121093000.0,129757000.0,45577000.0,0.0,1432659000.0,3266000.0,64389000.0,-120328000,-0.09642114777770121,-184717000,-0.14801729567560032,0.0,-140167000,-0.11231852121332563,34071000,-173087000,-0.138697952308681,-0.275,-0.275,630531600,630531600,https://www1.hkexnews.hk/search/titlesearch.xhtml,https://www1.hkexnews.hk/search/titlesearch.xhtml,1620584496,14:21:36,20210509
5,2015-03-31,0057.HK,HKD,2015-03-31,2015-03-31,FY,1567788000,1238122000.0,329666000.0,0.21027460345403842,0.0,125410000.0,144975000.0,33446000.0,0.0,1557326000.0,4966000.0,69781000.0,80243000,0.05118230270929488,10462000,0.0066730961073818654,0.0,42503000,0.027110170507747222,23703000,20356000,0.012983898333193009,0.032,0.032,630531600,630531600,https://www1.hkexnews.hk/search/titlesearch.xhtml,https://www1.hkexnews.hk/search/titlesearch.xhtml,1620584496,14:21:36,20210509
6,2014-03-31,0057.HK,HKD,2014-03-31,2014-03-31,FY,1846175000,1429321000.0,416854000.0,0.22579332945143338,0.0,131504000.0,188187000.0,36115000.0,0.0,1777528000.0,5469000.0,74201000.0,142848000,0.07737511341015885,68647000,0.037183365607269085,0.0,105931000,0.05737863420314976,24334000,81368000,0.04407382832071716,0.129,0.129,630531600,630531600,https://www1.hkexnews.hk/search/titlesearch.xhtml,https://www1.hkexnews.hk/search/titlesearch.xhtml,1620584496,14:21:36,20210509
7,2013-03-31,0057.HK,HKD,2013-03-31,2013-03-31,FY,1793552000,1371194000.0,422358000.0,0.23548689973861922,0.0,125409000.0,179982000.0,32687000.0,0.0,1703225000.0,5610000.0,68282000.0,158609000,0.08843289740135775,90327000,0.05036207481020902,0.0,121135000,0.06753916251103954,16325000,103933000,0.05794813866561995,0.165141042427499,0.16509702312973507,629358992,629526796,https://www1.hkexnews.hk/search/titlesearch.xhtml,https://www1.hkexnews.hk/search/titlesearch.xhtml,1620584496,14:21:36,20210509
8,2012-03-31,0057.HK,HKD,2012-03-31,2012-03-31,FY,1838394000,1400911000.0,437483000.0,0.23797020660424262,0.0,135390000.0,151029000.0,27163000.0,0.0,1659970000.0,4607000.0,60747000.0,239171000,0.13009779187704051,178424000,0.09705427672196493,0.0,201732000,0.10973273411466748,41928000,160334000,0.08721416627774024,0.2547994805290569,0.2546049426394917,629255600,629736400,https://www1.hkexnews.hk/search/titlesearch.xhtml,https://www1.hkexnews.hk/search/titlesearch.xhtml,1620584496,14:21:36,20210509
9,2011-03-31,0057.HK,HKD,2011-03-31,2011-03-31,FY,2423528000,1778291000.0,645237000.0,0.26623872305168333,0.0,136514000.0,196051000.0,0.0,0.0,2006188000.0,2091000.0,46925000.0,464265000,0.19156576693151472,417340000,0.17220349837096993,0.0,421574000,0.1739505382236145,75101000,343263000,0.1416377281384824,0.546,0.545,629211447,629802582,https://www1.hkexnews.hk/search/titlesearch.xhtml,https://www1.hkexnews.hk/search/titlesearch.xhtml,1620584496,14:21:36,20210509
10,2010-03-31,0057.HK,HKD,2010-03-31,2010-03-31,FY,1806334000,1355571000.0,450763000.0,0.2495457650689186,0.0,116536000.0,157549000.0,0.0,0.0,1601919000.0,1856000.0,51488000.0,255903000,0.14166981300246798,204415000,0.11316567146496717,0.0,208696000,0.11553566505419263,54778000,153500000,0.08497874700913563,0.24403093652199237,0.24396260613011087,629018608,629194787,https://www1.hkexnews.hk/search/titlesearch.xhtml,https://www1.hkexnews.hk/search/titlesearch.xhtml,1620584496,14:21:36,20210509
11,2009-03-31,0057.HK,HKD,2009-03-31,2009-03-31,FY,1603107000,1234089000.0,369018000.0,0.23018925124773332,0.0,115325000.0,191628000.0,0.0,0.0,1495973000.0,4668000.0,60378000.0,167512000,0.10449208942385006,107134000,0.06682897648129539,0.0,103852000,0.0647817020323659,16700000,85786000,0.05351233573304839,0.13647246256833548,0.13642482987818466,628595677,628815151,https://www1.hkexnews.hk/search/titlesearch.xhtml,https://www1.hkexnews.hk/search/titlesearch.xhtml,1620584496,14:21:36,20210509
12,2008-03-31,0057.HK,HKD,2008-03-31,2008-03-31,FY,2316136000,1688250000.0,627886000.0,0.2710920256841567,0.0,144199000.0,204087000.0,0.0,0.0,2058053000.0,0.0,55794000.0,313877000,0.13551751710607668,258083000,0.11142825809883357,0.0,338974000,0.1463532365975055,18129000,320845000,0.13852597602213343,0.508,0.506,625647638,628120553,https://www1.hkexnews.hk/search/titlesearch.xhtml,https://www1.hkexnews.hk/search/titlesearch.xhtml,1620584496,14:21:36,20210509
13,2007-03-31,0057.HK,HKD,2007-03-31,2007-03-31,FY,2155014000,1488339000.0,666675000.0,0.30935993919297045,0.0,140395000.0,180768000.0,0.0,0.0,1839164000.0,0.0,56749000.0,372599000,0.1728986447419831,315850000,0.14656517312648548,0.0,337124000,0.1564370347478021,24833000,312291000,0.14491367573482122,0.502,0.498,622063745,627060241,https://www1.hkexnews.hk/search/titlesearch.xhtml,https://www1.hkexnews.hk/search/titlesearch.xhtml,1620584496,14:21:36,20210509
14,2006-03-31,0057.HK,HKD,2006-03-31,2006-03-31,FY,1955334000,1371498000.0,583836000.0,0.2985863284738055,0.0,130660000.0,164507000.0,0.0,0.0,1676038000.0,0.0,56517000.0,335813000,0.1717420144077687,279296000,0.14283800107807668,0.0,299094000,0.15296312548137556,26826000,272268000,0.13924373022716324,0.44,0.435,619204545,626321839,https://www1.hkexnews.hk/search/titlesearch.xhtml,https://www1.hkexnews.hk/search/titlesearch.xhtml,1620584496,14:21:36,20210509
15,2005-03-31,0057.HK,HKD,2005-03-31,2005-03-31,FY,1867483000,1267060000.0,600423000.0,0.3215145733589007,0.0,118286000.0,148622000.0,0.0,0.0,1575302000.0,0.0,63129000.0,355310000,0.19026143745351362,292181000,0.1564571136658272,0.0,285546000,0.1529042031440179,22342000,260626000,0.13956003883301749,0.422,0.415,617597156,628014458,https://www1.hkexnews.hk/search/titlesearch.xhtml,https://www1.hkexnews.hk/search/titlesearch.xhtml,1620584496,14:21:36,20210509
16,2004-03-31,0057.HK,HKD,2004-03-31,2004-03-31,FY,1634334000,1073773000.0,560561000.0,0.3429904780785323,0.0,126287000.0,141155000.0,0.0,0.0,1345706000.0,0.0,49362000.0,337990000,0.2068059527611859,288628000,0.1766028241473285,0.0,292425000,0.17892609466608417,38835000,213597000,0.1306936036330395,0.35,0.342,610277143,624552632,https://www1.hkexnews.hk/search/titlesearch.xhtml,https://www1.hkexnews.hk/search/titlesearch.xhtml,1620584496,14:21:36,20210509
17,2003-03-31,0057.HK,HKD,2003-03-31,2003-03-31,FY,1436609000,927797000.0,508812000.0,0.3541757012520456,0.0,114192000.0,129777000.0,0.0,0.0,1200770000.0,0.0,46667000.0,282506000,0.19664780048015848,235839000,0.16416366596617452,0.0,236335000,0.16450892344402687,34906000,145519000,0.10129339298305941,0.239,0.237,608866109,614004219,https://www1.hkexnews.hk/search/titlesearch.xhtml,https://www1.hkexnews.hk/search/titlesearch.xhtml,1620584496,14:21:36,20210509
18,2002-03-31,0057.HK,HKD,2002-03-31,2002-03-31,FY,1132818000,730778000.0,402040000.0,0.3549025527489853,0.0,116574000.0,113392000.0,0.0,0.0,980877000.0,0.0,0.0,151941000,0.1341265763785533,151941000,0.1341265763785533,0.0,143922000,0.1270477693680715,30043000,73875000,0.06521347648077626,0.121,0.121,610537190,610537190,https://www1.hkexnews.hk/search/titlesearch.xhtml,https://www1.hkexnews.hk/search/titlesearch.xhtml,1620584496,14:21:36,20210509
19,2001-03-31,0057.HK,HKD,2001-03-31,2001-03-31,FY,1239274000,789624000.0,449650000.0,0.3628334008459792,0.0,127420000.0,105465000.0,0.0,0.0,1037784000.0,0.0,0.0,201490000,0.16258712762472222,201490000,0.16258712762472222,0.0,196626000,0.15866224902644613,39175000,121226000,0.0978201753607354,0.199,0.199,609175879,609175879,https://www1.hkexnews.hk/search/titlesearch.xhtml,https://www1.hkexnews.hk/search/titlesearch.xhtml,1620584496,14:21:36,20210509
20,2000-03-31,0057.HK,HKD,2000-03-31,2000-03-31,FY,1102196000,735573000.0,366623000.0,0.3326295867522655,0.0,102341000.0,98582000.0,0.0,0.0,983243000.0,0.0,0.0,118953000,0.10792363608650367,118953000,0.10792363608650367,0.0,115941000,0.10519090978374082,31831000,54058000,0.049045723265190584,0.0888,0.0888,608761261,608761261,https://www1.hkexnews.hk/search/titlesearch.xhtml,https://www1.hkexnews.hk/search/titlesearch.xhtml,1620584496,14:21:36,20210509
21,1999-03-31,0057.HK,HKD,1999-03-31,1999-03-31,FY,774787000,0.0,0.0,0.0,0.0,0.0,0.0,0.0,0.0,0.0,0.0,0.0,774787000,1.0,774787000,1.0,0.0,114068000,0.14722497925236228,13290000,74478000,0.09612706459968998,0.1223,0.1223,608977923,608977923,https://www1.hkexnews.hk/search/titlesearch.xhtml,https://www1.hkexnews.hk/search/titlesearch.xhtml,1620584496,14:21:36,20210509
22,1998-03-31,0057.HK,HKD,1998-03-31,1998-03-31,FY,940653000,0.0,0.0,0.0,0.0,0.0,0.0,0.0,0.0,0.0,0.0,0.0,940653000,1.0,940653000,1.0,0.0,183525000,0.1951038268096737,30266000,138058000,0.14676825566920002,0.227,0.227,608185022,608185022,https://www1.hkexnews.hk/search/titlesearch.xhtml,https://www1.hkexnews.hk/search/titlesearch.xhtml,1620584496,14:21:36,20210509
23,1997-03-31,0057.HK,HKD,1997-03-31,1997-03-31,FY,1101500000,0.0,0.0,0.0,0.0,0.0,0.0,0.0,0.0,0.0,0.0,0.0,1101500000,1.0,1101500000,1.0,0.0,294079000,0.26698048116205175,49823000,231091000,0.20979664094416706,0.379,0.379,609738786,609738786,https://www1.hkexnews.hk/search/titlesearch.xhtml,https://www1.hkexnews.hk/search/titlesearch.xhtml,1620584496,14:21:36,20210509
24,1996-03-31,0057.HK,HKD,1996-03-31,1996-03-31,FY,1100961000,0.0,0.0,0.0,0.0,0.0,0.0,0.0,0.0,0.0,0.0,0.0,1100961000,1.0,1100961000,1.0,0.0,252059000,0.22894453118684494,48322000,195490000,0.17756305627538124,0.32,0.32,610906250,610906250,https://www1.hkexnews.hk/search/titlesearch.xhtml,https://www1.hkexnews.hk/search/titlesearch.xhtml,1620584496,14:21:36,20210509
