,date,symbol,reportedCurrency,fillingDate,acceptedDate,period,revenue,costOfRevenue,grossProfit,grossProfitRatio,researchAndDevelopmentExpenses,generalAndAdministrativeExpenses,sellingAndMarketingExpenses,otherExpenses,operatingExpenses,costAndExpenses,interestExpense,depreciationAndAmortization,ebitda,ebitdaratio,operatingIncome,operatingIncomeRatio,totalOtherIncomeExpensesNet,incomeBeforeTax,incomeBeforeTaxRatio,incomeTaxExpense,netIncome,netIncomeRatio,eps,epsdiluted,weightedAverageShsOut,weightedAverageShsOutDil,link,finalLink,timestamp,est_time,est_date
0,2020-12-31,MOLN.SW,CHF,2020-12-31,2020-12-31,FY,9344000.0,0.0,0.0,0.0,56075000,2587000.0,57000.0,0.0,0.0,67670000,271000.0,568000.0,-57758000.0,-6.181292808219178,-58326000.0,-6.242080479452055,0.0,-62775000.0,-6.718214897260274,-11000.0,-62764000.0,-6.717037671232877,-2.931065280461394,-2.931065280461394,21413375,21413375,https://www.six-group.com/en/products-services/the-swiss-stock-exchange.html,https://www.six-group.com/en/products-services/the-swiss-stock-exchange.html,1620595221,17:20:21,20210509
1,2019-12-31,MOLN.SW,CHF,2019-12-31,2019-12-31,FY,20383000.0,0.0,0.0,0.0,43498000,63000.0,5231000.0,0.0,57043000.0,57043000,27000.0,381000.0,-36279000.0,-1.779865574253054,-36660000.0,-1.798557621547368,0.0,-36271000.0,-1.779473090320365,17000.0,-36288000.0,-1.7803071186773292,-1.69,-1.69,21413375,21413375,https://www.six-group.com/en/products-services/the-swiss-stock-exchange.html,https://www.six-group.com/en/products-services/the-swiss-stock-exchange.html,1620595221,17:20:21,20210509
2,2018-12-31,MOLN.SW,CHF,2018-12-31,2018-12-31,FY,10355000.0,15602000.0,-5247000.0,-0.5067117334620956,38203000,3717000.0,0.0,0.0,47765000.0,47765000,0.0,100000.0,-37310000.0,-3.6030902945436987,-37410000.0,-3.6127474649927573,0.0,-37036000.0,-3.5766296475132786,0.0,-37036000.0,-3.5766296475132786,-1.75,-1.75,21168159,21168159,https://www.six-group.com/en/products-services/the-swiss-stock-exchange.html,https://www.six-group.com/en/products-services/the-swiss-stock-exchange.html,1620595221,17:20:21,20210509
3,2017-12-31,MOLN.SW,CHF,2017-12-31,2017-12-31,FY,20016000.0,17822000.0,2194000.0,0.1096123101518785,37453000,2701000.0,0.0,0.0,45860000.0,45860000,197000.0,126000.0,-25718000.0,-1.2848721023181455,-25844000.0,-1.2911670663469224,0.0,-25430000.0,-1.2704836131095123,0.0,-25430000.0,-1.2704836131095123,-1.22,-1.22,20861797,20861797,https://www.six-group.com/en/products-services/the-swiss-stock-exchange.html,https://www.six-group.com/en/products-services/the-swiss-stock-exchange.html,1620595221,17:20:21,20210509
4,2016-12-31,MOLN.SW,CHF,2016-12-31,2016-12-31,FY,23040000.0,14571000.0,8469000.0,0.367578125,35185000,2146000.0,0.0,0.0,42526000.0,42526000,89000.0,103000.0,-19383000.0,-0.8412760416666667,-19486000.0,-0.8457465277777778,0.0,-18612000.0,-0.8078125,0.0,-18612000.0,-0.8078125,-0.91,-0.91,20427716,20427716,https://www.six-group.com/en/products-services/the-swiss-stock-exchange.html,https://www.six-group.com/en/products-services/the-swiss-stock-exchange.html,1620595221,17:20:21,20210509
5,2015-12-31,MOLN.SW,CHF,2015-12-31,2015-12-31,FY,29119209.0,1165451.0,27953758.0,0.9599765570555162,23917839,2095440.0,0.0,0.0,31337299.0,31337299,216.0,909386.0,-1308704.0,-0.04494297904864105,-2218090.0,-0.07617274219227589,0.0,-148823.0,-0.005110818772584104,0.0,-148823.0,-0.005110818772584104,-0.01,-0.01,19539934,19539934,https://www.six-group.com/en/products-services/the-swiss-stock-exchange.html,https://www.six-group.com/en/products-services/the-swiss-stock-exchange.html,1620595221,17:20:21,20210509
6,2014-12-31,MOLN.SW,CHF,2014-12-31,2014-12-31,FY,26625061.0,170750.0,26454311.0,0.9935868691530885,18793420,1528538.0,0.0,0.0,24784307.0,24784307,853.0,809532.0,2650286.0,0.09954103015951776,1840754.0,0.06913614207306418,0.0,-2282756.0,-0.08573711812341012,0.0,-2282756.0,-0.08573711812341012,-0.15,-0.15,15294682,15294682,https://www.six-group.com/en/products-services/the-swiss-stock-exchange.html,https://www.six-group.com/en/products-services/the-swiss-stock-exchange.html,1620595221,17:20:21,20210509
7,2013-12-31,MOLN.SW,CHF,2013-12-31,2013-12-31,FY,32417679.0,1220939.0,31196740.0,0.9623372481416699,20820848,969938.0,0.0,0.0,25301098.0,25301098,0.0,793021.0,7909602.0,0.24399038561644096,7116581.0,0.21952777680351515,0.0,7141512.0,0.22029683247835233,0.0,7141512.0,0.22029683247835233,0.366475,0.366475,19487061,19487061,https://www.six-group.com/en/products-services/the-swiss-stock-exchange.html,https://www.six-group.com/en/products-services/the-swiss-stock-exchange.html,1620595221,17:20:21,20210509
