,date,symbol,reportedCurrency,fillingDate,acceptedDate,period,revenue,costOfRevenue,grossProfit,grossProfitRatio,researchAndDevelopmentExpenses,generalAndAdministrativeExpenses,sellingAndMarketingExpenses,otherExpenses,operatingExpenses,costAndExpenses,interestExpense,depreciationAndAmortization,ebitda,ebitdaratio,operatingIncome,operatingIncomeRatio,totalOtherIncomeExpensesNet,incomeBeforeTax,incomeBeforeTaxRatio,incomeTaxExpense,netIncome,netIncomeRatio,eps,epsdiluted,weightedAverageShsOut,weightedAverageShsOutDil,link,finalLink,timestamp,est_time,est_date
0,2019-12-31,0829.HK,CNY,2019-12-31,2019-12-31,FY,997500000,765312000,232188000,0.23276992481203007,0.0,103116000,35425000.0,2313000.0,0.0,946148000,1678000.0,51705000,103057000,0.10331528822055137,51352000,0.05148070175438597,0.0,83855000,0.08406516290726818,17262000.0,75444000,0.07563308270676691,0.023,0.023,3230539000,3230539000,https://www1.hkexnews.hk/search/titlesearch.xhtml,https://www1.hkexnews.hk/search/titlesearch.xhtml,1620584931,14:28:51,20210509
1,2018-12-31,0829.HK,CNY,2018-12-31,2018-12-31,FY,899016000,586470000,312546000,0.3476534344216343,0.0,202630000,39686000.0,1031000.0,0.0,819914000,3545000.0,149394000,228496000,0.2541623285903699,79102000,0.08798731057066837,0.0,96091000,0.10688463831566958,24907000.0,80259000,0.08927427320537121,0.025,0.025,3254294000,3254294000,https://www1.hkexnews.hk/search/titlesearch.xhtml,https://www1.hkexnews.hk/search/titlesearch.xhtml,1620584931,14:28:51,20210509
2,2017-12-31,0829.HK,CNY,2017-12-31,2017-12-31,FY,1007991000,767303000,240688000,0.23877990974125762,0.0,98885000,43621000.0,1292000.0,0.0,951837000,11170000.0,54844000,110998000,0.11011804668890893,56154000,0.05570883073360774,0.0,65331000,0.06481307868820257,8965000.0,68794000,0.0682486252357412,0.021,0.021,3259276000,3259276000,https://www1.hkexnews.hk/search/titlesearch.xhtml,https://www1.hkexnews.hk/search/titlesearch.xhtml,1620584931,14:28:51,20210509
3,2016-12-31,0829.HK,CNY,2016-12-31,2016-12-31,FY,980617000,687542000,293075000,0.2988679576225988,0.0,91854000,32506000.0,26700000.0,0.0,858653000,17826000.0,54709000,176673000,0.1801651409265799,121964000,0.12437475589348339,0.0,155217000,0.15828503890917656,21565000.0,154163000,0.15721020541149092,0.047,0.047,3259850000,3259850000,https://www1.hkexnews.hk/search/titlesearch.xhtml,https://www1.hkexnews.hk/search/titlesearch.xhtml,1620584931,14:28:51,20210509
4,2015-12-31,0829.HK,CNY,2015-12-31,2015-12-31,FY,1054565000,588713000,465852000,0.4417480193255039,0.0,91336000,11660000.0,1773000.0,0.0,698130000,20299000.0,18588000,375023000,0.3556186674126299,356435000,0.33799244238145587,0.0,337136000,0.31969200570851486,51558000.0,291390000,0.2763129821300726,0.08874388075629193,0.08873647590207347,3283494000,3283768000,https://www1.hkexnews.hk/search/titlesearch.xhtml,https://www1.hkexnews.hk/search/titlesearch.xhtml,1620584931,14:28:51,20210509
5,2014-12-31,0829.HK,CNY,2014-12-31,2014-12-31,FY,1403008000,633214000,769794000,0.5486739918803029,0.0,99663000,17743000.0,1392000.0,0.0,736504000,17702000.0,92523000,759027000,0.5409997662165861,666504000,0.4750535991241675,0.0,676137000,0.48191956139950737,128661000.0,547476000,0.39021587902563637,0.165,0.165,3318848000,3318848000,https://www1.hkexnews.hk/search/titlesearch.xhtml,https://www1.hkexnews.hk/search/titlesearch.xhtml,1620584931,14:28:51,20210509
6,2013-12-31,0829.HK,CNY,2013-12-31,2013-12-31,FY,1654492000,687010000,967482000,0.5847607604025888,0.0,77860000,22039000.0,2232000.0,0.0,761469000,9535000.0,75332000,968355000,0.5852884148125225,893023000,0.5397566141147857,0.0,933820000,0.5644149382408619,162543000.0,771277000,0.46617148949647386,0.23202441548439887,0.2318213350517819,3324120000,3327032000,https://www1.hkexnews.hk/search/titlesearch.xhtml,https://www1.hkexnews.hk/search/titlesearch.xhtml,1620584931,14:28:51,20210509
7,2012-12-31,0829.HK,CNY,2012-12-31,2012-12-31,FY,1648477000,689255000,959222000,0.5818837630127688,0.0,81201000,20385000.0,1326000.0,0.0,751689000,3761000.0,55342000,952130000,0.5775816101771514,896788000,0.5440100165182772,0.0,930201000,0.5642790284608157,182018000.0,748183000,0.45386317188532205,0.2251332941552781,0.2248683879918394,3323289000,3327204000,https://www1.hkexnews.hk/search/titlesearch.xhtml,https://www1.hkexnews.hk/search/titlesearch.xhtml,1620584931,14:28:51,20210509
8,2011-12-31,0829.HK,CNY,2011-12-31,2011-12-31,FY,1501985000,571709000,930276000,0.6193643744777744,0.0,101911000,22533000.0,0.0,0.0,656229000,0.0,45632000,891388000,0.593473303661488,845756000,0.5630921746888284,0.0,868121000,0.5779824698648788,163490000.0,689319000,0.45893867115850023,0.207,0.207,4527000000,4527000000,https://www1.hkexnews.hk/search/titlesearch.xhtml,https://www1.hkexnews.hk/search/titlesearch.xhtml,1620584931,14:28:51,20210509
9,2010-12-31,0829.HK,CNY,2010-12-31,2010-12-31,FY,1152689000,454616000,698073000,0.6056039400046327,0.0,68026000,14595000.0,0.0,0.0,488119000,0.0,33883000,698453000,0.605933603946945,664570000,0.5765388582696633,0.0,664822000,0.5767574775156178,134520000.0,513458000,0.44544365392573365,0.155,0.155,3320372000,3320372000,https://www1.hkexnews.hk/search/titlesearch.xhtml,https://www1.hkexnews.hk/search/titlesearch.xhtml,1620584931,14:28:51,20210509
10,2009-12-31,0829.HK,CNY,2009-12-31,2009-12-31,FY,794418000,308641000,485777000,0.6114879068701867,0.0,79587000,11191000.0,0.0,0.0,395871000,11448000.0,21498000,420045000,0.5287455722302364,398547000,0.5016842518674048,0.0,387099000,0.4872737022575017,35998000.0,376141000,0.47347995639575136,0.125,0.125,2601316000,2601316000,https://www1.hkexnews.hk/search/titlesearch.xhtml,https://www1.hkexnews.hk/search/titlesearch.xhtml,1620584931,14:28:51,20210509
11,2008-12-31,0829.HK,CNY,2008-12-31,2008-12-31,FY,454053000,203971000,250082000,0.5507771119230574,0.0,23109000,7153000.0,0.0,0.0,231591000,8836000.0,13407000,235869000,0.5194745987803187,222462000,0.48994720880602044,0.0,213626000,0.4704869255351248,16812000.0,220775000,0.48623178351425933,0.066498,0.066498,3320000000,3320000000,https://www1.hkexnews.hk/search/titlesearch.xhtml,https://www1.hkexnews.hk/search/titlesearch.xhtml,1620584931,14:28:51,20210509
