,date,symbol,reportedCurrency,fillingDate,acceptedDate,period,revenue,costOfRevenue,grossProfit,grossProfitRatio,researchAndDevelopmentExpenses,generalAndAdministrativeExpenses,sellingAndMarketingExpenses,otherExpenses,operatingExpenses,costAndExpenses,interestExpense,depreciationAndAmortization,ebitda,ebitdaratio,operatingIncome,operatingIncomeRatio,totalOtherIncomeExpensesNet,incomeBeforeTax,incomeBeforeTaxRatio,incomeTaxExpense,netIncome,netIncomeRatio,eps,epsdiluted,weightedAverageShsOut,weightedAverageShsOutDil,link,finalLink,timestamp,est_time,est_date
0,2020-12-31,CLMT,USD,2021-03-03,2021-03-03 17:23:04,FY,2268200000,2058100000,210100000,0.09262851600387972,0.0,202100000.0,47800000.0,-2500000.0,276200000,2334300000.0,125900000.0,105100000.0,39000000.0,0.017194250947888193,-66100000.0,-0.029142050965523324,44100000.0,-147900000.0,-0.06520589013314522,1100000.0,-149000000.0,-0.06569085618552156,-1.86,-1.86,78429721.0,78429721.0,https://www.sec.gov/Archives/edgar/data/1340122/000134012221000035/0001340122-21-000035-index.htm,https://www.sec.gov/Archives/edgar/data/1340122/000134012221000035/clmt-20201231.htm,1620590372,15:59:32,20210509
1,2019-12-31,CLMT,USD,2020-03-05,2020-03-05 17:25:49,FY,3452600000,3000900000,451700000,0.13082894050860222,0.0,280200000.0,53000000.0,-3500000.0,329700000,3373500000.0,134600000.0,110100000.0,189200000.0,0.054799281700747264,79100000.0,0.022910270520766957,3400000.0,-43100000.0,-0.012483345884261136,500000.0,-43600000.0,-0.012628164281990385,-0.55746,-0.55746,78174976000000.0,78174976000000.0,https://www.sec.gov/Archives/edgar/data/1340122/000134012220000034/0001340122-20-000034-index.htm,https://www.sec.gov/Archives/edgar/data/1340122/000134012220000034/clmt-20191231x10k.htm,1620590372,15:59:32,20210509
2,2018-12-31,CLMT,USD,2019-03-07,2019-03-07 15:28:09,FY,3497500000,3060800000,436700000,0.12486061472480343,0.0,278000000.0,58000000.0,-17400000.0,318600000,3436900000.0,155500000.0,118100000.0,178700000.0,0.05109363831308077,60600000.0,0.017326661901358113,10800000.0,-50300000.0,-0.014381701215153682,700000.0,-55100000.0,-0.015754110078627592,-0.70692,-0.70692,77643006000000.0,77643006000000.0,https://www.sec.gov/Archives/edgar/data/1340122/000134012219000040/0001340122-19-000040-index.htm,https://www.sec.gov/Archives/edgar/data/1340122/000134012219000040/clmt-20181231x10k.htm,1620590372,15:59:32,20210509
3,2017-12-31,CLMT,USD,2018-04-02,2018-04-02 16:11:37,FY,3763800000,3265600000,498200000,0.13236622562304054,0.0,300600000.0,65000000.0,3300000.0,368900000,3605800000.0000005,183100000.0,154800000.0,312800000.0,0.08310749774164408,158000000.0,0.04197885116106063,3300000.0,-31400000.0,-0.008342632445932302,-100000.0,-103800000.0,-0.02757851107922844,-1.33765,-1.33765,77537531000000.0,77537531000000.0,https://www.sec.gov/Archives/edgar/data/1340122/000134012218000067/0001340122-18-000067-index.htm,https://www.sec.gov/Archives/edgar/data/1340122/000134012218000067/clmt-20171231x10k.htm,1620590372,15:59:32,20210509
4,2016-12-31,CLMT,USD,2017-03-06,2017-03-06 17:23:14,FY,3474300000,3088000000,386300000,0.1111878651814754,0.0,349200000.0,0.0,1700000.0,412300000,3606300000.0,161700000.0,152000000.0,20000000.0,0.005756555277322051,-132000000.0,-0.037993264830325536,1200000.0,-296600000.0,-0.08536971476268601,-7700000.0,-328600000.0,-0.09458020320640129,-4.2651,-4.2651,76767975000000.0,76767975000000.0,https://www.sec.gov/Archives/edgar/data/1340122/000134012217000074/0001340122-17-000074-index.htm,https://www.sec.gov/Archives/edgar/data/1340122/000134012217000074/clmt-20161231x10k.htm,1620590372,15:59:32,20210509
5,2015-12-31,CLMT,USD,2016-02-29,2016-02-29 13:05:18,FY,3930300000,3393900000,536400000,0.13647813144034807,0.0,222400000.0,146000000.0,10800000.0,485800000,3880800000.0,104900000.0,122600000.0,172100000.0,0.04378800600463069,49500000.0,0.012594458438287154,1600000.0,-85200000.0,-0.021677734524082132,-28400000.0,-139400000.0,-0.03546803043024706,-1.86125,-1.86125,74499196000000.0,74499196000000.0,https://www.sec.gov/Archives/edgar/data/1340122/000134012216000150/0001340122-16-000150-index.htm,https://www.sec.gov/Archives/edgar/data/1340122/000134012216000150/clmt-20151231x10k.htm,1620590372,15:59:32,20210509
6,2014-12-31,CLMT,USD,2015-03-02,2015-03-02 16:02:19,FY,5791100000,5261400000,529700000,0.09146794218714925,0.0,283700000.0,149000000.0,14200000.0,446900000,5834200000.0,110800000.0,138600000.0,95500000.0,0.01649082212360346,-43100000.0,-0.00744245480133308,-2300000.0,-113000000.0,-0.01951270052321666,-800000.0,-112200000.0,-0.019374557510662915,-1.61041,-1.61041,69637991000000.0,69637991000000.0,https://www.sec.gov/Archives/edgar/data/1340122/000134012215000007/0001340122-15-000007-index.htm,https://www.sec.gov/Archives/edgar/data/1340122/000134012215000007/clmt-20141231x10k.htm,1620590372,15:59:32,20210509
7,2013-12-31,CLMT,USD,2014-03-03,2014-03-03 16:03:04,FY,5421400000,5011400000,410000000,0.07562622200907515,0.0,239600000.0,62000000.0,16800000.0,318400000,5344400000.0,96800000.0,117800000.0,194800000.0,0.0359316781643118,77000000.0,0.014202973401704356,2700000.0,3900000.0,0.0007193713800863246,400000.0,3500000.0,0.0006455897000774707,5.195396949553854e-08,5.181062671185086e-08,67367326000000.0,67553709000000.0,https://www.sec.gov/Archives/edgar/data/1340122/000134012214000008/0001340122-14-000008-index.htm,https://www.sec.gov/Archives/edgar/data/1340122/000134012214000008/clmt-20131231x10k.htm,1620590372,15:59:32,20210509
8,2012-12-31,CLMT,USD,2013-03-01,2013-03-01 16:07:00,FY,4657300000,4144100000,513200000,0.11019260086316106,0.0,177844000.0,41556000.0,7800000.0,227249000,4371399999.999999,85573000.0,91700000.0,377600000.0,0.0810770188735963,285900000.0,0.06138749919481244,500000.0,206500000.0,0.04433899469649797,753000.0,205700000.0,0.04416722135142679,3.7518011198861876,3.7490659230502854,54827000.0,54867000.0,https://www.sec.gov/Archives/edgar/data/1340122/000134012213000022/0001340122-13-000022-index.htm,https://www.sec.gov/Archives/edgar/data/1340122/000134012213000022/clmt-20121231x10k.htm,1620590372,15:59:32,20210509
9,2011-12-31,CLMT,USD,2012-02-29,2012-02-29 16:04:05,FY,3134900000,2860800000,274100000,0.08743500590130467,0.0,142000000.0,0.0,6800000.0,148838000,3024699999.9999995,-67000000.0,63000000.0,173200000.0,0.05524897125905132,110200000.0,0.03515263644773358,800000.0,44000000.0,0.014035535423777473,929000.0,43000000.0,0.013716545982327985,1.00939,1.00939,39352000.0,39352000.0,https://www.sec.gov/Archives/edgar/data/1340122/000119312512089069/0001193125-12-089069-index.htm,https://www.sec.gov/Archives/edgar/data/1340122/000119312512089069/d270930d10k.htm,1620590372,15:59:32,20210509
10,2010-12-31,CLMT,USD,2011-02-22,2011-02-22 07:03:50,FY,2190800000,1992000000,198800000,0.09074310754062442,0.0,125300000.0,0.0,2000000.0,127259000,2119300000.0000002,30497000.0,60300000.0,131800000.0,0.060160671900675554,71500000.0,0.032636479824721565,-200000.0,17300000.0,0.007896658754792769,598000.0,16700000.0,0.007622786196823078,0.0004726229612120883,0.0004724050395151257,35334720000.0,35351020000.0,https://www.sec.gov/Archives/edgar/data/1340122/000095012311016186/0000950123-11-016186-index.htm,https://www.sec.gov/Archives/edgar/data/1340122/000095012311016186/h79852e10vk.htm,1620590372,15:59:32,20210509
11,2009-12-31,CLMT,USD,2010-02-26,2010-02-26 13:52:47,FY,1846600000,1673500000,173100000,0.09373984620383408,0.0,104400000.0,0.0,1400000.0,105742000,1779200000.0,33000.0,61700000.0,129100000.0,0.06991227120112639,67400000.0,0.03649951261778404,-4100000.0,61900000.0,0.03352106574244557,200000.0,61800000.0,0.03346691216289397,1.90741,1.90741,19166000.0,19166000.0,https://www.sec.gov/Archives/edgar/data/1340122/000095012310017905/0000950123-10-017905-index.htm,https://www.sec.gov/Archives/edgar/data/1340122/000095012310017905/h69803e10vk.htm,1620590372,15:59:32,20210509
12,2008-12-31,CLMT,USD,2009-03-04,2009-03-03 18:42:41,FY,2489000000,2235100000,253900000,0.10200883889112093,0.0,123600000.0,0.0,1600000.0,125143000,2361200000.0,33938000.0,59300000.0,187100000.0,0.07517075130574528,127800000.0,0.051345922057051026,4598000.0,44700000.0,0.017959019686621135,257000.0,44400000.0,0.017838489353153877,1.37888,1.37888,19166000.0,19166000.0,https://www.sec.gov/Archives/edgar/data/1340122/000095013409004364/0000950134-09-004364-index.htm,https://www.sec.gov/Archives/edgar/data/1340122/000095013409004364/h65930e10vk.htm,1620590372,15:59:32,20210509
13,2007-12-31,CLMT,USD,2008-03-04,2008-03-04 16:55:11,FY,1637800000,1456500000,181300000,0.11069727683477835,0.0,77300000.0,0.0,2900000.0,-81586000,1537000000.0,4717000.0,14600000.0,115400000.0,0.07046037367199902,100800000.0,0.061545976309683725,-900000.0,83400000.0,0.05092196849432165,501000.0,82900000.0,0.05061668091342044,2.79125,2.79125,16366000.0,16366000.0,https://www.sec.gov/Archives/edgar/data/1340122/000095012908001492/0000950129-08-001492-index.htm,https://www.sec.gov/Archives/edgar/data/1340122/000095012908001492/h54539e10vk.htm,1620590372,15:59:32,20210509
14,2006-12-31,CLMT,USD,2007-02-23,2007-02-23 17:06:14,FY,1641000000,1436100000,204900000,0.12486288848263254,0.0,80900000.0,0.0,900000.0,81807000,1520900000.0000002,9030000.0,11800000.0,132000000.0,0.08043875685557587,120200000.0,0.0732480195003047,-300000.0,95800000.0,0.05837903717245582,190000.0,95600000.0,0.05825716026812919,3.45126,3.45126,14068000.0,14068000.0,https://www.sec.gov/Archives/edgar/data/1340122/000095013407003992/0000950134-07-003992-index.htm,https://www.sec.gov/Archives/edgar/data/1340122/000095013407003992/h43776e10vk.htm,1620590372,15:59:32,20210509
15,2005-12-31,CLMT,USD,2005-12-31,2005-12-31,FY,1289072000,1148715000,140357000,0.1088822036317599,0.0,69846000.0,0.0,0.0,72339000,1221054000.0,22961000.0,10386000.0,78404000.0,0.06082204872962876,68018000.0,0.05276508992515546,-33729000.0,0.0,0.0,0.0,11328000.0,0.008787717055370065,10195.0,10195.0,1000.0,1000.0,,,1620590372,15:59:32,20210509
16,2004-12-31,CLMT,USD,2004-12-31,2004-12-31,FY,539616000,501284000,38332000,0.071035699460357,0.0,47056000.0,0.0,0.0,50204000,551488000.0,9869000.0,6927000.0,-4945000.0,-0.009163923975567811,-11872000.0,-0.022000830220008302,29872000.0,0.0,0.0,0.0,8970000.0,0.01662293186265789,0.3548,0.3548,25277015.0,25277015.0,,,1620590372,15:59:32,20210509
17,2003-12-31,CLMT,USD,2003-12-31,2003-12-31,FY,430381000,385396000,44985000,0.10452366623991301,0.0,9432000.0,0.0,0.0,47589000,432985000.0,9493000.0,0.0,-9770000.0,-0.022700816253505614,-2604000.0,-0.0060504529707398795,7166000.0,-4931000.0,-0.011457290168478627,0.0,-4931000.0,-0.011457290168478627,-4931.0,-4931.0,1000.0,1000.0,,,1620590372,15:59:32,20210509
18,2002-12-31,CLMT,USD,2002-12-31,2002-12-31,FY,316350000,268911000,47439000,0.14995732574679943,0.0,9066000.0,0.0,0.0,38311000,307222000.0,7435000.0,0.0,5540000.0,0.01751224909119646,9128000.0,0.028854117275169906,3588000.0,5281000.0,0.01669353564090406,0.0,5281000.0,0.01669353564090406,5281.0,5281.0,1000.0,1000.0,,,1620590372,15:59:32,20210509
19,2001-12-31,CLMT,USD,2001-12-31,2001-12-31,FY,306760000,272523000,34237000,0.11160842352327552,0.0,7844000.0,0.0,0.0,43393000,315916000.0,6235000.0,0.0,-11263000.0,-0.03671599947841961,-9156000.0,-0.029847437736341114,2107000.0,0.0,0.0,0.0,-13284000.0,-0.04330421176163776,-13284.0,-13284.0,1000.0,1000.0,,,1620590372,15:59:32,20210509
