,date,symbol,reportedCurrency,fillingDate,acceptedDate,period,revenue,costOfRevenue,grossProfit,grossProfitRatio,researchAndDevelopmentExpenses,generalAndAdministrativeExpenses,sellingAndMarketingExpenses,otherExpenses,operatingExpenses,costAndExpenses,interestExpense,depreciationAndAmortization,ebitda,ebitdaratio,operatingIncome,operatingIncomeRatio,totalOtherIncomeExpensesNet,incomeBeforeTax,incomeBeforeTaxRatio,incomeTaxExpense,netIncome,netIncomeRatio,eps,epsdiluted,weightedAverageShsOut,weightedAverageShsOutDil,link,finalLink,timestamp,est_time,est_date
0,2020-12-31,SIS.L,GBP,2020-12-31,2020-12-31,FY,50351000.0,25755000.0,24596000.0,0.48849079462175526,0.0,0.0,14372000.0,0.0,0.0,52588000.0,79000.0,3168000.0,931000.0,0.01849019880439316,-2237000.0,-0.044428114635260474,0.0,-2273000.0,-0.04514309546980199,-545000.0,-1728000.0,-0.03431908005799289,-0.01408125690342176,-0.01408125690342176,122716318,122716318,https://find-and-update.company-information.service.gov.uk/search/companies?q=Science+in+Sport+PLC,https://find-and-update.company-information.service.gov.uk/search/companies?q=Science+in+Sport+PLC,1620597948,18:05:48,20210509
1,2019-12-31,SIS.L,GBP,2019-12-31,2019-12-31,FY,50573000.0,28366000.0,22207000.0,0.4391078243331422,0.0,5149000.0,17527000.0,0.0,26615000.0,54981000.0,23000.0,2774000.0,-1634000.0,-0.032309730488600634,-4408000.0,-0.08716113341110869,0.0,-5064000.0,-0.10013248175904138,554000.0,-5618000.0,-0.11108694362604551,-0.046,-0.046,122716318,122716318,https://find-and-update.company-information.service.gov.uk/search/companies?q=Science+in+Sport+PLC,https://find-and-update.company-information.service.gov.uk/search/companies?q=Science+in+Sport+PLC,1620597948,18:05:48,20210509
2,2018-12-31,SIS.L,GBP,2018-12-31,2018-12-31,FY,21318000.0,9363000.0,11955000.0,0.560793695468618,0.0,3750000.0,10753000.0,0.0,17351000.0,26714000.0,0.0,926000.0,-4470000.0,-0.2096819589079651,-5396000.0,-0.2531194295900178,0.0,-5990000.0,-0.2809832066798011,-115000.0,-5875000.0,-0.27558870438127403,-0.082,-0.082,71422400,71422400,https://find-and-update.company-information.service.gov.uk/search/companies?q=Science+in+Sport+PLC,https://find-and-update.company-information.service.gov.uk/search/companies?q=Science+in+Sport+PLC,1620597948,18:05:48,20210509
3,2017-12-31,SIS.L,GBP,2017-12-31,2017-12-31,FY,15615000.0,6300000.0,9315000.0,0.5965417867435159,0.0,3037000.0,7982000.0,0.0,13167000.0,19467000.0,0.0,567000.0,-3285000.0,-0.21037463976945245,-3852000.0,-0.24668587896253602,0.0,-3852000.0,-0.24668587896253602,-246000.0,-3606000.0,-0.2309317963496638,-0.077,-0.077,46695814,46695814,https://find-and-update.company-information.service.gov.uk/search/companies?q=Science+in+Sport+PLC,https://find-and-update.company-information.service.gov.uk/search/companies?q=Science+in+Sport+PLC,1620597948,18:05:48,20210509
4,2016-12-31,SIS.L,GBP,2016-12-31,2016-12-31,FY,12243000.0,4865000.0,7378000.0,0.6026300743281875,0.0,2246000.0,5931000.0,0.0,10168000.0,15033000.0,4000.0,419000.0,-2371000.0,-0.19366168422772195,-2790000.0,-0.22788532222494487,0.0,-2793000.0,-0.2281303602058319,-149000.0,-2644000.0,-0.21596014048844236,-0.062,-0.062,42527844,42527844,https://find-and-update.company-information.service.gov.uk/search/companies?q=Science+in+Sport+PLC,https://find-and-update.company-information.service.gov.uk/search/companies?q=Science+in+Sport+PLC,1620597948,18:05:48,20210509
5,2015-12-31,SIS.L,GBP,2015-12-31,2015-12-31,FY,9446000.0,3927000.0,5519000.0,0.584268473427906,0.0,2085000.0,3685000.0,0.0,7127000.0,11054000.0,5000.0,362000.0,-1246000.0,-0.13190768579292822,-1608000.0,-0.17023078551767945,0.0,-1736000.0,-0.1837814948126191,-227000.0,-1509000.0,-0.15975015879737456,-0.055,-0.055,27403716,27403716,https://find-and-update.company-information.service.gov.uk/search/companies?q=Science+in+Sport+PLC,https://find-and-update.company-information.service.gov.uk/search/companies?q=Science+in+Sport+PLC,1620597948,18:05:48,20210509
6,2014-03-31,SIS.L,GBP,2014-03-31,2014-03-31,FY,6846809.0,2950365.0,3896444.0,0.5690890457145803,0.0,2308953.0,2760347.0,0.0,5069300.0,8019665.0,5842.0,263064.0,-909792.0,-0.13287825029148614,-1172856.0,-0.17129965214452456,0.0,-1176882.0,-0.17188766328957036,-218310.0,-958572.0,-0.14000273704144514,-0.05,-0.05,17941824,17941824,https://find-and-update.company-information.service.gov.uk/search/companies?q=Science+in+Sport+PLC,https://find-and-update.company-information.service.gov.uk/search/companies?q=Science+in+Sport+PLC,1620597948,18:05:48,20210509
7,2013-03-31,SIS.L,GBP,2013-03-31,2013-03-31,FY,5522240.0,2441621.0,3080619.0,0.5578567755113867,0.0,1470967.0,1792232.0,0.0,3263199.0,5704820.0,3275.0,169908.0,-12672.0,-0.0022947209827895924,-182580.0,-0.03306267022077997,0.0,-185855.0,-0.03365572666164455,-88617.0,-97238.0,-0.017608434258561744,-0.005017,-0.005017,19380225,19380225,https://find-and-update.company-information.service.gov.uk/search/companies?q=Science+in+Sport+PLC,https://find-and-update.company-information.service.gov.uk/search/companies?q=Science+in+Sport+PLC,1620597948,18:05:48,20210509
8,2010-12-31,SIS.L,GBP,2010-12-31,2010-12-31,FY,4633318.0,2115551.0,2517767.0,0.5434047479581587,0.0,1071551.0,1320415.0,0.0,2385398.0,4500949.0,5879.0,75930.0,208299.0,0.04495676748282764,132369.0,0.028568943465568302,0.0,126490.0,0.027300090345622727,16817.0,109673.0,0.02367050998873809,0.005659,0.005659,19380225,19380225,https://find-and-update.company-information.service.gov.uk/search/companies?q=Science+in+Sport+PLC,https://find-and-update.company-information.service.gov.uk/search/companies?q=Science+in+Sport+PLC,1620597948,18:05:48,20210509
