,date,symbol,reportedCurrency,fillingDate,acceptedDate,period,revenue,costOfRevenue,grossProfit,grossProfitRatio,researchAndDevelopmentExpenses,generalAndAdministrativeExpenses,sellingAndMarketingExpenses,otherExpenses,operatingExpenses,costAndExpenses,interestExpense,depreciationAndAmortization,ebitda,ebitdaratio,operatingIncome,operatingIncomeRatio,totalOtherIncomeExpensesNet,incomeBeforeTax,incomeBeforeTaxRatio,incomeTaxExpense,netIncome,netIncomeRatio,eps,epsdiluted,weightedAverageShsOut,weightedAverageShsOutDil,link,finalLink,timestamp,est_time,est_date
0,2020-12-31,0201.HK,HKD,2020-12-31,2020-12-31,FY,223410000,214632000,8778000.0,0.03929098966026588,0.0,30061000,0.0,11662000.0,0.0,250363000,8324000.0,5670000.0,-21283000,-0.09526431225101831,-26953000,-0.12064365963922832,0.0,-203925000,-0.9127836712770243,-2215000.0,-201710000.0,-0.9028691643167271,-0.022544858635543712,-0.022544858635543712,8947051000,8947051000,https://www1.hkexnews.hk/search/titlesearch.xhtml,https://www1.hkexnews.hk/search/titlesearch.xhtml,1620584589,14:23:09,20210509
1,2019-12-31,0201.HK,HKD,2019-12-31,2019-12-31,FY,427593000,341881000,85712000.0,0.2004522992658907,0.0,32340000,0.0,1177000.0,0.0,382285000,8025000.0,8064000.0,53372000,0.12481962988168656,45308000,0.10596057465861228,0.0,46133000,0.10788997948984197,14302000.0,31831000.0,0.07444228507014848,0.0036,0.0036,8947051000,8947051000,https://www1.hkexnews.hk/search/titlesearch.xhtml,https://www1.hkexnews.hk/search/titlesearch.xhtml,1620584589,14:23:09,20210509
2,2018-12-31,0201.HK,HKD,2018-12-31,2018-12-31,FY,579673000,336432000,243241000.0,0.4196176119984888,0.0,32306000,0.0,1029000.0,0.0,375948000,13759000.0,7210000.0,210935000,0.3638861910076888,203725000,0.3514481440398293,0.0,297812000,0.5137586190835178,37463000.0,260349000.0,0.44913080305620584,0.0291,0.0291,8947051000,8947051000,https://www1.hkexnews.hk/search/titlesearch.xhtml,https://www1.hkexnews.hk/search/titlesearch.xhtml,1620584589,14:23:09,20210509
3,2017-12-31,0201.HK,HKD,2017-12-31,2017-12-31,FY,522432000,321778000,200654000.0,0.3840767793703295,0.0,32496000,0.0,366000.0,0.0,360767000,11085000.0,6493000.0,168158000,0.3218753828249418,161665000,0.3094469710890604,0.0,182660000,0.34963401935562904,30486000.0,152174000.0,0.29128001347543797,0.017,0.017,8947051000,8947051000,https://www1.hkexnews.hk/search/titlesearch.xhtml,https://www1.hkexnews.hk/search/titlesearch.xhtml,1620584589,14:23:09,20210509
4,2016-12-31,0201.HK,HKD,2016-12-31,2016-12-31,FY,476333000,316809000,159524000.0,0.33490016438080084,0.0,27969000,0.0,0.0,0.0,350492000,9123000.0,5714000.0,131555000,0.276182838476444,125841000,0.2641870288222735,0.0,153227000,0.32168042104997974,20003000.0,133224000.0,0.2796866897737507,0.0149,0.0149,8947051000,8947051000,https://www1.hkexnews.hk/search/titlesearch.xhtml,https://www1.hkexnews.hk/search/titlesearch.xhtml,1620584589,14:23:09,20210509
5,2015-12-31,0201.HK,HKD,2015-12-31,2015-12-31,FY,444506000,298648000,145858000.0,0.3281350532951186,0.0,26294000,0.0,-5145000.0,0.0,328563000,9328000.0,3680000.0,119623000,0.2691144776448462,115943000,0.2608356242660392,0.0,116256000,0.2615397767409214,21926000.0,144056000.0,0.32408111476560497,0.0161,0.0161,8947051000,8947051000,https://www1.hkexnews.hk/search/titlesearch.xhtml,https://www1.hkexnews.hk/search/titlesearch.xhtml,1620584589,14:23:09,20210509
6,2014-12-31,0201.HK,HKD,2014-12-31,2014-12-31,FY,648423000,290834000,357589000.0,0.5514748859926314,0.0,27463000,0.0,-14906000.0,0.0,305563000,11161000.0,2895000.0,345755000,0.5332244537901956,342860000,0.5287597756402842,0.0,969124000,1.4945860958047448,54240000.0,905672000.0,1.3967302208589145,0.1012,0.1012,8947051000,8947051000,https://www1.hkexnews.hk/search/titlesearch.xhtml,https://www1.hkexnews.hk/search/titlesearch.xhtml,1620584589,14:23:09,20210509
7,2013-12-31,0201.HK,HKD,2013-12-31,2013-12-31,FY,688736000,297467000,391269000.0,0.5680972099614366,0.0,24409000,0.0,0.0,0.0,324512000,19435000.0,3065000.0,367289000,0.5332798053245366,364224000,0.5288296241230311,0.0,688645000,0.999867873902337,62514000.0,622770000.0,0.9042216466106026,0.0696,0.0696,8947051000,8947051000,https://www1.hkexnews.hk/search/titlesearch.xhtml,https://www1.hkexnews.hk/search/titlesearch.xhtml,1620584589,14:23:09,20210509
8,2012-12-31,0201.HK,HKD,2012-12-31,2012-12-31,FY,520503000,190590000,329913000.0,0.6338349634872421,0.0,19967000,0.0,-21823000.0,0.0,-101582000,15533000.0,2820000.0,624905000,1.2005790552600082,622085000,1.1951612190515712,0.0,584729000,1.1233921802564057,48382000.0,536347000.0,1.030439786129955,0.0599,0.0599,8947051000,8947051000,https://www1.hkexnews.hk/search/titlesearch.xhtml,https://www1.hkexnews.hk/search/titlesearch.xhtml,1620584589,14:23:09,20210509
9,2011-12-31,0201.HK,HKD,2011-12-31,2011-12-31,FY,401648000,143223000,258425000.0,0.6434116440266103,0.0,20746000,0.0,0.0,0.0,-131863000,8179000.0,26658000.0,560169000,1.394676433095646,533511000,1.3283048838784208,0.0,525332000,1.307941281918496,84617000.0,419551000.0,1.0445738557144564,0.05170878294170078,0.04689265770363889,8113728000,8947051000,https://www1.hkexnews.hk/search/titlesearch.xhtml,https://www1.hkexnews.hk/search/titlesearch.xhtml,1620584589,14:23:09,20210509
10,2010-12-31,0201.HK,HKD,2010-12-31,2010-12-31,FY,304595000,117018000,187577000.0,0.615824291272017,0.0,17009000,0.0,-12606000.0,0.0,122692000,12783000.0,4020000.0,185923000,0.6103941299102086,181903000,0.5971962770235887,0.0,497845000,1.6344490224724635,79425000.0,418420000.0,1.3736929365222672,0.0476,0.0476,8947052000,8947052000,https://www1.hkexnews.hk/search/titlesearch.xhtml,https://www1.hkexnews.hk/search/titlesearch.xhtml,1620584589,14:23:09,20210509
11,2009-12-31,0201.HK,HKD,2009-12-31,2009-12-31,FY,249506000,117978000,131528000.0,0.527153655623512,0.0,15346000,0.0,0.0,0.0,60718000,21358000.0,4099000.0,192887000,0.7730755973804238,188788000,0.7566471347382427,0.0,167430000,0.6710459868700552,23870000.0,143560000.0,0.5753769448430098,0.0174,0.0174,8947051000,8947051000,https://www1.hkexnews.hk/search/titlesearch.xhtml,https://www1.hkexnews.hk/search/titlesearch.xhtml,1620584589,14:23:09,20210509
12,2008-12-31,0201.HK,HKD,2008-12-31,2008-12-31,FY,286191000,132687000,153504000.0,0.5363690682096921,0.0,20152000,0.0,0.0,0.0,123968000,33878000.0,20464000.0,182687000,0.6383394306599439,162223000,0.5668347362425793,0.0,128345000,0.4484592457484687,5230000.0,123115000.0,0.43018473676670477,0.0191,0.01863,5964701000,6608432000,https://www1.hkexnews.hk/search/titlesearch.xhtml,https://www1.hkexnews.hk/search/titlesearch.xhtml,1620584589,14:23:09,20210509
13,2007-12-31,0201.HK,HKD,2007-12-31,2007-12-31,FY,231427000,120656000,110771000.0,0.478643373504388,0.0,15768000,0.0,922619000.0,0.0,139031000,44335000.0,3181000.0,95577000,0.4129898412890458,92396000,0.39924468622935094,0.0,978225000,4.226926849503299,171387000.0,806838000.0,3.486360709856672,0.1408,0.1408,5729084000,5729084000,https://www1.hkexnews.hk/search/titlesearch.xhtml,https://www1.hkexnews.hk/search/titlesearch.xhtml,1620584589,14:23:09,20210509
14,2006-12-31,0201.HK,HKD,2006-12-31,2006-12-31,FY,188771000,93530000,95241000.0,0.5045319461146045,0.0,15351000,0.0,0.0,0.0,108881000,0.0,16395000.0,96285000,0.5100624566273422,79890000,0.4232111923971373,0.0,132833000,0.7036727039640622,22377000.0,110456000.0,0.5851322501867342,0.0202,0.0202,5468118812,5468118812,https://www1.hkexnews.hk/search/titlesearch.xhtml,https://www1.hkexnews.hk/search/titlesearch.xhtml,1620584589,14:23:09,20210509
15,2005-12-31,0201.HK,HKD,2005-12-31,2005-12-31,FY,232738000,138935000,93803000.0,0.40304118794524313,0.0,21681000,3873000.0,0.0,0.0,184495000,0.0,20006000.0,68249000,0.2932439051637464,48243000,0.2072845861011094,0.0,58953000,0.253301996236111,-8919000.0,67872000.0,0.2916240579535787,0.0124,0.0124,5473548387,5473548387,https://www1.hkexnews.hk/search/titlesearch.xhtml,https://www1.hkexnews.hk/search/titlesearch.xhtml,1620584589,14:23:09,20210509
16,2004-12-31,0201.HK,HKD,2004-12-31,2004-12-31,FY,186243000,124747000,61496000.0,0.3301922756828445,0.0,18081000,2459000.0,0.0,0.0,145287000,0.0,5347000.0,46303000,0.2486160553685239,40956000,0.21990625151012386,0.0,112959000,0.6065140703274754,10724000.0,102235000.0,0.5489333827311631,0.0187,0.0187,5467112299,5467112299,https://www1.hkexnews.hk/search/titlesearch.xhtml,https://www1.hkexnews.hk/search/titlesearch.xhtml,1620584589,14:23:09,20210509
17,2003-12-31,0201.HK,HKD,2003-12-31,2003-12-31,FY,67061000,36175000,30886000.0,0.46056575356764734,0.0,18360000,0.0,0.0,0.0,54728000,0.0,737000.0,13070000,0.19489718316159915,12333000,0.18390718897719988,0.0,12959000,0.19324197372541418,7974000.0,4985000.0,0.0743353066610996,0.09,0.09,5464701000,5464701000,https://www1.hkexnews.hk/search/titlesearch.xhtml,https://www1.hkexnews.hk/search/titlesearch.xhtml,1620584589,14:23:09,20210509
18,2002-12-31,0201.HK,HKD,2002-12-31,2002-12-31,FY,190624000,118951000,71673000.0,0.3759914806110458,0.0,22823000,0.0,0.0,0.0,168513000,0.0,2280000.0,24391000,0.1279534581165016,22111000,0.11599273963404398,0.0,16728000,0.08775390297129428,7999000.0,8729000.0,0.04579171562867215,0.25,0.25,34916000,34916000,https://www1.hkexnews.hk/search/titlesearch.xhtml,https://www1.hkexnews.hk/search/titlesearch.xhtml,1620584589,14:23:09,20210509
