,date,symbol,reportedCurrency,fillingDate,acceptedDate,period,revenue,costOfRevenue,grossProfit,grossProfitRatio,researchAndDevelopmentExpenses,generalAndAdministrativeExpenses,sellingAndMarketingExpenses,otherExpenses,operatingExpenses,costAndExpenses,interestExpense,depreciationAndAmortization,ebitda,ebitdaratio,operatingIncome,operatingIncomeRatio,totalOtherIncomeExpensesNet,incomeBeforeTax,incomeBeforeTaxRatio,incomeTaxExpense,netIncome,netIncomeRatio,eps,epsdiluted,weightedAverageShsOut,weightedAverageShsOutDil,link,finalLink,timestamp,est_time,est_date
0,2020-12-31,VET,CAD,2020-12-31,2020-12-31,FY,1247398000.0,814868000.0,432530000.0,0.3467457860281963,0.0,171457000.0,0.0,3258000.0,624026000.0,1438894000.0,75077000.0,0.0,392223000.0,0.31443292357371105,-191496000.0,-0.1535163596542563,-1610826000.0,-1877399000.0,-1.5050521164856765,-359972000.0,-1517427000.0,-1.2164738118868237,-9.721176206797143,-9.721176206797143,156095000,156095000,,,1620599477,18:31:17,20210509
1,2019-12-31,VET,CAD,2020-03-06 00:00:00,2020-03-06 15:30:30,FY,1747471000.0,661352000.0,1086119000.0,0.621537639251238,0.0,195655000.0,0.0,25792000.0,668400000.0,1604032000.0,-2314000.0,675177000.0,818616000.0,0.46845755952459295,143439000.0,0.08208376562472282,0.0,141125000.0,0.08075956625317388,108326000.0,32799000.0,0.018769410193359433,0.21012,0.21012,156095000,156095000,https://www.sec.gov/Archives/edgar/data/1293135/000110465920030132/0001104659-20-030132-index.html,https://www.sec.gov/Archives/edgar/data/1293135/000110465920030132/tm206498-1_40f.htm,1620599477,18:31:17,20210509
2,2018-12-31,VET,CAD,2019-02-28 00:00:00,2019-02-28 07:15:07,FY,1525950000.0,357014000.0,1168936000.0,0.7660382057079197,0.0,164562000.0,0.0,31137000.0,552795000.0,1033560999.9999999,-137691000.0,609056000.0,1101445000.0,0.7218093646580819,492389000.0,0.32267702087224354,0.0,354698000.0,0.23244405124676432,83048000.0,271650000.0,0.17802024968052688,1.90853,1.90853,142335000,142335000,https://www.sec.gov/Archives/edgar/data/1293135/000127956919000430/0001279569-19-000430-index.html,https://www.sec.gov/Archives/edgar/data/1293135/000127956919000430/tv512530_40f.htm,1620599477,18:31:17,20210509
3,2017-12-31,VET,CAD,2018-03-01 00:00:00,2018-03-01 17:19:28,FY,1024362000.0,242267000.0,782095000.0,0.7634947411169098,0.0,159400000.0,0.0,26934000.0,428638000.0,920284000.0,20404000.0,491683000.0,595761000.0,0.5815922496148822,104078000.0,0.10160275371401907,0.0,124482000.0,0.12152149337831743,62224000.0,62258000.0,0.06077734238482099,0.50861,0.50861,122408000,122408000,https://www.sec.gov/Archives/edgar/data/1293135/000127956918000371/0001279569-18-000371-index.html,https://www.sec.gov/Archives/edgar/data/1293135/000127956918000371/tv484609_40f.htm,1620599477,18:31:17,20210509
4,2016-12-31,VET,CAD,2017-02-27 00:00:00,2017-02-27 06:17:03,FY,828507000.0,222185000.0,606322000.0,0.7318248367243729,0.0,161575000.0,0.0,20887000.0,408543000.0,925409999.9999999,-126325000.0,528002000.0,431099000.0,0.5203323568780952,-96903000.0,-0.11696099127708035,0.0,-223228000.0,-0.2694340542687026,-63177000.0,-160051000.0,-0.1931800214120098,-1.38339,-1.38339,115695000,115695000,https://www.sec.gov/Archives/edgar/data/1293135/000127956917000330/0001279569-17-000330-index.html,https://www.sec.gov/Archives/edgar/data/1293135/000127956917000330/v460356_40f.htm,1620599477,18:31:17,20210509
5,2015-12-31,VET,CAD,2016-03-04 00:00:00,2016-03-04 17:01:09,FY,873666000.0,225938000.0,647728000.0,0.741390874773655,0.0,170476000.0,0.0,-7752000.0,420325000.0,1122043000.0,34462000.0,458758000.0,210381000.0,0.2408025492579544,-248377000.0,-0.28429285333296705,0.0,-213915000.0,-0.24484757332893806,3387000.0,-217302000.0,-0.24872434088084006,-1.98192,-1.98192,109642000,109642000,https://www.sec.gov/Archives/edgar/data/1293135/000127956916002843/0001279569-16-002843-index.html,https://www.sec.gov/Archives/edgar/data/1293135/000127956916002843/v433169_40f.htm,1620599477,18:31:17,20210509
6,2014-12-31,VET,CAD,2014-12-31,2014-12-31,FY,1311628000.0,232307000.0,1079321000.0,0.8228865196534383,0.0,171890000.0,0.0,24673000.0,428110000.0,854564000.0,-3992000.0,425694000.0,882758000.0,0.6730246685798107,457064000.0,0.34847075542760597,0.0,453072000.0,0.34542720954416956,183746000.0,269326000.0,0.20533718401863943,2.51267,2.51267,107187000,107187000,,,1620599477,18:31:17,20210509
7,2013-12-31,VET,CAD,2013-12-31,2013-12-31,FY,1205900000.0,195000000.0,1010900000.0,0.8382950493407414,0.0,139700000.0,0.0,25000000.0,359287000.0,634700000.0,10000000.0,322400000.0,893600000.0,0.741023302098018,571200000.0,0.47367111700804376,500000.0,581200000.0,0.48196367858031347,253500000.0,327600000.0,0.2716643171075545,3.1961,3.1961,102500000,102500000,,,1620599477,18:31:17,20210509
8,2012-12-31,VET,CAD,2013-03-08 00:00:00,2013-03-08 11:13:57,FY,1031000000.0,178400000.0,852600000.0,0.8269641125121242,0.0,115000000.0,0.0,31800000.0,316472000.0,641700000.0000001,-36100000.0,295900000.0,685300000.0,0.6646944713870029,389400000.0,0.3776915615906887,8800000.0,353200000.0,0.3425800193986421,162600000.0,190600000.0,0.18486905916585838,1.91944,1.91944,99300000,99300000,https://www.sec.gov/Archives/edgar/data/1293135/000127956913000291/0001279569-13-000291-index.html,https://www.sec.gov/Archives/edgar/data/1293135/000127956913000291/v336790_40f.htm,1620599477,18:31:17,20210509
9,2011-12-31,VET,CAD,2012-03-12 00:00:00,2012-03-12 11:27:27,FY,977300000.0,162400000.0,815000000.0,0.8339302159009516,0.0,108800000.0,0.0,23000000.0,341847000.0,595300000.0,-66300000.0,236700000.0,618700000.0,0.6330707050035813,382000000.0,0.39087281285173436,23000000.0,315700000.0,0.32303284559500667,172900000.0,142800000.0,0.146116852552952,1.54713,1.54713,92300000,92300000,https://www.sec.gov/Archives/edgar/data/1293135/000127956912000311/0001279569-12-000311-index.html,https://www.sec.gov/Archives/edgar/data/1293135/000127956912000311/v305078_40-f.htm,1620599477,18:31:17,20210509
10,2010-12-31,VET,CAD,2010-12-31,2010-12-31,FY,644300000.0,144600000.0,499700000.0,0.775570386465932,0.0,97700000.0,0.0,2500000.0,342568000.0,516299999.99999994,8900000.0,271600000.0,399600000.0,0.620207977650163,128000000.0,0.19866521806611825,2500000.0,136800000.0,0.2123234518081639,17300000.0,111300000.0,0.1727456153965544,1.31716,1.31716,84500000,84500000,,,1620599477,18:31:17,20210509
11,2009-12-31,VET,CAD,2010-03-24 00:00:00,2010-03-24 14:20:37,FY,542100000.0,139600000.0,402500000.0,0.7424829367275411,0.0,68300000.0,0.0,-8000000.0,245673000.0,448600000.0,31200000.0,248700000.0,342200000.0,0.6312488470761852,93500000.0,0.17247740269323003,-8000000.0,124600000.0,0.2298468917173953,-1500000.0,185500000.0,0.3421877882309537,2.30149,2.30149,80600000,80600000,https://www.sec.gov/Archives/edgar/data/1293135/000115752310001702/0001157523-10-001702-index.html,https://www.sec.gov/Archives/edgar/data/1293135/000115752310001702/a6225862.htm,1620599477,18:31:17,20210509
12,2008-12-31,VET,CAD,2009-03-27 00:00:00,2009-03-27 09:41:22,FY,871100000.0,143500000.0,727500000.0,0.8351509585581449,0.0,66800000.0,0.0,5300000.0,322243000.0,471000000.0,-61000000.0,255500000.0,655500000.0,0.752496843071978,400000000.0,0.4591895304787051,5300000.0,339100000.0,0.3892779244633222,87800000.0,229200000.0,0.26311560096429804,2.93846,2.93846,78000000,78000000,https://www.sec.gov/Archives/edgar/data/1293135/000115752309002374/0001157523-09-002374-index.html,https://www.sec.gov/Archives/edgar/data/1293135/000115752309002374/a5924576.htm,1620599477,18:31:17,20210509
13,2007-12-31,VET,CAD,2007-12-31,2007-12-31,FY,609800000.0,119500000.0,490300000.0,0.8040341095441128,0.0,55600000.0,0.0,-1100000.0,244108000.0,385400000.0,-17800000.0,211400000.0,435800000.0,0.7146605444408003,224400000.0,0.3679895047556576,-1100000.0,206600000.0,0.3387996064283372,24700000.0,164300000.0,0.2694326008527386,2.16755,2.16755,75800000,75800000,,,1620599477,18:31:17,20210509
14,2006-12-31,VET,CAD,2006-12-31,2006-12-31,FY,525900000.0,96500000.0,429400000.0,0.8165050389807949,0.0,50700000.0,0.0,-1300000.0,202476000.0,308100000.0,-29400000.0,162300000.0,380000000.0,0.7225708309564556,217700000.0,0.41395702605057993,-1300000.0,188300000.0,0.35805286176079104,26500000.0,146900000.0,0.2793306712302719,2.00958,2.00958,73100000,73100000,,,1620599477,18:31:17,20210509
15,2005-12-31,VET,CAD,2005-12-31,2005-12-31,FY,441900000.0,72900000.0,369100000.0,0.8352568454401448,0.0,36400000.0,0.0,0.0,149339000.0,231300000.0,-26200000.0,122100000.0,332700000.0,0.7528852681602173,210600000.0,0.47657841140529533,0.0,184400000.0,0.4172889794071057,13000000.0,158500000.0,0.3586784340348495,2.28386,2.28386,69400000,69400000,,,1620599477,18:31:17,20210509
16,2004-12-31,VET,CAD,2004-12-31,2004-12-31,FY,291000000.0,55900000.0,235100000.0,0.8079037800687285,0.0,50000000.0,0.0,2300000.0,108689000.0,203500000.0,-40400000.0,95300000.0,182800000.0,0.6281786941580756,87500000.0,0.3006872852233677,0.0,47100000.0,0.1618556701030928,-3900000.0,108900000.0,0.37422680412371134,1.76786,1.76786,61600000,61600000,,,1620599477,18:31:17,20210509
17,2003-12-31,VET,CAD,2003-12-31,2003-12-31,FY,315572000.0,53493000.0,262079000.0,0.8304887632616328,0.0,11931000.0,0.0,0.0,0.0,161583000.0,0.0,95398000.0,249387000.0,0.7902697324223948,153989000.0,0.4879678805470701,-80632000.0,38309000.0,0.12139543432243671,-18433000.0,56742000.0,0.17980682696817207,0.97,0.96,58600290,59093044,,,1620599477,18:31:17,20210509
18,2002-12-31,VET,CAD,2002-12-31,2002-12-31,FY,287540000.0,42976000.0,244564000.0,0.8505390554357655,0.0,9392000.0,0.0,0.0,0.0,147956000.0,0.0,94737000.0,234321000.0,0.814916185574181,139584000.0,0.4854420254573277,-60591000.0,72569000.0,0.25237879947137787,31247000.0,41322000.0,0.14370870139806635,0.74,0.73,55791000,56847000,,,1620599477,18:31:17,20210509
19,2001-12-31,VET,CAD,2001-12-31,2001-12-31,FY,274899000.0,33213000.0,241686000.0,0.8791810810515862,0.0,7295000.0,0.0,-64705000.0,0.0,94292000.0,0.0,53271000.0,233878000.0,0.8507779220731978,180607000.0,0.6569940232594517,-64655000.0,110343000.0,0.40139469405126976,44137000.0,65743000.0,0.23915328902615143,1.21,1.17,54000000,56000000,,,1620599477,18:31:17,20210509
20,2000-12-31,VET,CAD,2000-12-31,2000-12-31,FY,234653000.0,25201000.0,209452000.0,0.8926031203521796,0.0,6617000.0,0.0,0.0,0.0,63615000.0,0.0,31797000.0,202835000.0,0.8644040348940777,171038000.0,0.7288975636365186,-53360000.0,107706000.0,0.4590011634200287,46257000.0,61449000.0,0.26187178514657816,1.17,1.17,53000000,53000000,,,1620599477,18:31:17,20210509
21,1999-12-31,VET,CAD,1999-12-31,1999-12-31,FY,108400000.0,20000000.0,88400000.0,0.8154981549815498,0.0,5100000.0,0.0,0.0,0.0,45400000.0,0.0,20300000.0,83300000.0,0.768450184501845,63000000.0,0.5811808118081181,-22200000.0,33600000.0,0.30996309963099633,13600000.0,20000000.0,0.18450184501845018,0.4,0.37,50000000,54054054,,,1620599477,18:31:17,20210509
22,1998-12-31,VET,CAD,1998-12-31,1998-12-31,FY,55700000.0,19300000.0,36400000.0,0.6535008976660682,0.0,4500000.0,0.0,0.0,0.0,37300000.0,0.0,13500000.0,31900000.0,0.5727109515260324,18400000.0,0.3303411131059246,-10400000.0,5200000.0,0.0933572710951526,1800000.0,3400000.0,0.06104129263913824,0.07,0.07,48571429,48571429,,,1620599477,18:31:17,20210509
23,1997-12-31,VET,CAD,1997-12-31,1997-12-31,FY,53700000.0,14100000.0,39600000.0,0.7374301675977654,0.0,3300000.0,0.0,0.0,0.0,24800000.0,0.0,7400000.0,36300000.0,0.6759776536312849,28900000.0,0.5381750465549349,-9100000.0,19300000.0,0.35940409683426444,7900000.0,11400000.0,0.2122905027932961,0.3,0.29,38000000,39310345,,,1620599477,18:31:17,20210509
24,1996-12-31,VET,CAD,1996-12-31,1996-12-31,FY,9300000.0,1500000.0,7800000.0,0.8387096774193549,0.0,700000.0,0.0,0.0,0.0,4000000.0,0.0,1800000.0,7100000.0,0.7634408602150538,5300000.0,0.5698924731182796,-1400000.0,3400000.0,0.3655913978494624,1500000.0,1900000.0,0.20430107526881722,0.09,0.08,21111111,23750000,,,1620599477,18:31:17,20210509
25,1995-12-31,VET,CAD,1995-12-31,1995-12-31,FY,2100000.0,500000.0,1600000.0,0.7619047619047619,0.0,300000.0,0.0,0.0,0.0,1400000.0,0.0,600000.0,1300000.0,0.6190476190476191,700000.0,0.3333333333333333,300000.0,500000.0,0.23809523809523808,300000.0,200000.0,0.09523809523809523,0.02,0.02,10000000,10000000,,,1620599477,18:31:17,20210509
