,date,symbol,reportedCurrency,fillingDate,acceptedDate,period,revenue,costOfRevenue,grossProfit,grossProfitRatio,researchAndDevelopmentExpenses,generalAndAdministrativeExpenses,sellingAndMarketingExpenses,otherExpenses,operatingExpenses,costAndExpenses,interestExpense,depreciationAndAmortization,ebitda,ebitdaratio,operatingIncome,operatingIncomeRatio,totalOtherIncomeExpensesNet,incomeBeforeTax,incomeBeforeTaxRatio,incomeTaxExpense,netIncome,netIncomeRatio,eps,epsdiluted,weightedAverageShsOut,weightedAverageShsOutDil,link,finalLink,timestamp,est_time,est_date
0,2020-12-31,0950.HK,HKD,2020-12-31,2020-12-31,FY,1216716000,435650000.0,781066000.0,0.6419460252022657,203294000.0,237721000.0,279947000.0,3431000.0,0.0,1059736000,6472000.0,127504000.0,284484000.0,0.2338129851173158,156980000.0,0.11016293037980926,0.0,134037000.0,0.11016293037980926,55503000.0,129316000.0,0.1062828137379635,0.21855993247621003,0.21855993247621003,591672950,591672950,https://www1.hkexnews.hk/search/titlesearch.xhtml,https://www1.hkexnews.hk/search/titlesearch.xhtml,1620584998,14:29:58,20210509
1,2019-12-31,0950.HK,HKD,2019-12-31,2019-12-31,FY,1218913000,420657000.0,798256000.0,0.6548916944851684,149945000.0,239088000.0,251759000.0,22704000.0,0.0,997348000,5759000.0,94142000.0,315707000.0,0.2590070004996255,221565000.0,0.18177261215525636,0.0,122886000.0,0.10081605496044427,59541000.0,125553000.0,0.10300407001976351,0.2122,0.2121,591672950,591951909,https://www1.hkexnews.hk/search/titlesearch.xhtml,https://www1.hkexnews.hk/search/titlesearch.xhtml,1620584998,14:29:58,20210509
2,2018-12-31,0950.HK,HKD,2018-12-31,2018-12-31,FY,1137626000,391255000.0,746371000.0,0.6560776564529995,153171000.0,188926000.0,221740000.0,239156000.0,0.0,919744000,4161000.0,68105000.0,285987000.0,0.2513892966581284,217882000.0,0.19152340048486938,0.0,446384000.0,0.39238203064979177,56621000.0,418269000.0,0.3676682846559414,0.7067,0.7028,591841000,595154000,https://www1.hkexnews.hk/search/titlesearch.xhtml,https://www1.hkexnews.hk/search/titlesearch.xhtml,1620584998,14:29:58,20210509
3,2017-12-31,0950.HK,HKD,2017-12-31,2017-12-31,FY,1008522000,326118000.0,682404000.0,0.6766376935753509,85057000.0,159218000.0,214150000.0,0.0,0.0,759300000,3857000.0,61070000.0,310292000.0,0.30767003595360337,249222000.0,0.24711607679356523,0.0,257628000.0,0.2554510461844164,54689000.0,232559000.0,0.23059387896347328,0.3938,0.3926,590505000,592329000,https://www1.hkexnews.hk/search/titlesearch.xhtml,https://www1.hkexnews.hk/search/titlesearch.xhtml,1620584998,14:29:58,20210509
4,2016-12-31,0950.HK,HKD,2016-12-31,2016-12-31,FY,929821000,261586000.0,668235000.0,0.7186705828326098,67886000.0,146511000.0,204225000.0,0.0,0.0,610707000,3395000.0,49151000.0,368265000.0,0.39606010189057894,319114000.0,0.3431993899901164,0.0,282604000.0,0.30393376789726195,50198000.0,252002000.0,0.2710220569335388,0.4279,0.426,588923000,591611000,https://www1.hkexnews.hk/search/titlesearch.xhtml,https://www1.hkexnews.hk/search/titlesearch.xhtml,1620584998,14:29:58,20210509
5,2015-12-31,0950.HK,HKD,2015-12-31,2015-12-31,FY,922150000,273986000.0,648164000.0,0.7028834788266551,47075000.0,112310000.0,256465000.0,0.0,0.0,682507000,2609000.0,44502000.0,284145000.0,0.3081331670552513,239643000.0,0.2598742070162121,0.0,253935000.0,0.27537277015669903,40938000.0,229052000.0,0.24838909071192322,0.3977,0.3929,575986000,583012000,https://www1.hkexnews.hk/search/titlesearch.xhtml,https://www1.hkexnews.hk/search/titlesearch.xhtml,1620584998,14:29:58,20210509
6,2014-12-31,0950.HK,HKD,2014-12-31,2014-12-31,FY,955208000,284685000.0,670523000.0,0.7019654358003702,37964000.0,99345000.0,309202000.0,0.0,0.0,717126000,2452000.0,28887000.0,266969000.0,0.2794878183599802,238082000.0,0.24924623746869792,0.0,228153000.0,0.23885164278356127,41368000.0,192830000.0,0.201872262376362,0.3552,0.3447,542871000,559556000,https://www1.hkexnews.hk/search/titlesearch.xhtml,https://www1.hkexnews.hk/search/titlesearch.xhtml,1620584998,14:29:58,20210509
7,2013-12-31,0950.HK,HKD,2013-12-31,2013-12-31,FY,696953000,193700000.0,503253000.0,0.7220759506021209,32262000.0,78511000.0,222850000.0,0.0,0.0,519937000,1555000.0,16503000.0,193519000.0,0.27766434752415153,177016000.0,0.2539855628715279,0.0,176090000.0,0.25265692234627013,27087000.0,150467000.0,0.21589260681853725,0.2841,0.2705,529656459,546358061,https://www1.hkexnews.hk/search/titlesearch.xhtml,https://www1.hkexnews.hk/search/titlesearch.xhtml,1620584998,14:29:58,20210509
8,2012-12-31,0950.HK,HKD,2012-12-31,2012-12-31,FY,534333000,153498000.0,380835000.0,0.7127297022643183,16304000.0,63042000.0,179512000.0,0.0,0.0,401952000,1034000.0,14515000.0,146896000.0,0.27491470674654195,132381000.0,0.24774999859638092,0.0,133170000.0,0.24922660588060255,20104000.0,113807000.0,0.21298890392320893,0.2282,0.2238,498634617,508450903,https://www1.hkexnews.hk/search/titlesearch.xhtml,https://www1.hkexnews.hk/search/titlesearch.xhtml,1620584998,14:29:58,20210509
9,2011-12-31,0950.HK,HKD,2011-12-31,2011-12-31,FY,399685000,107852000.0,291833000.0,0.7301574990304865,11835000.0,37090000.0,156437000.0,0.0,0.0,307723000,648000.0,10993000.0,102955000.0,0.257590352402517,91962000.0,0.23008619287689056,0.0,97752000.0,0.24457260092322705,13728000.0,83906000.0,0.20993032012710008,0.179,0.1753,468729725,478630376,https://www1.hkexnews.hk/search/titlesearch.xhtml,https://www1.hkexnews.hk/search/titlesearch.xhtml,1620584998,14:29:58,20210509
10,2010-12-31,0950.HK,HKD,2010-12-31,2010-12-31,FY,255810000,77320000.0,178490000.0,0.697744419686486,5590000.0,29299000.0,79193000.0,0.0,0.0,186030000,904000.0,7554000.0,77334000.0,0.30231030843203943,69780000.0,0.2727805793362261,0.0,67961000.0,0.26566983307923847,10039000.0,58026000.0,0.22683241468277238,0.128,0.1243,453409615,466720710,https://www1.hkexnews.hk/search/titlesearch.xhtml,https://www1.hkexnews.hk/search/titlesearch.xhtml,1620584998,14:29:58,20210509
11,2009-12-31,0950.HK,HKD,2009-12-31,2009-12-31,FY,173837000,49262000.0,124575000.0,0.7166195919165655,5686000.0,22486000.0,47842000.0,0.0,0.0,120444000,601000.0,5157000.0,58550000.0,0.33680977007196394,53393000.0,0.30714404873530954,0.0,52783000.0,0.3036350144100508,6414000.0,46369000.0,0.2667383813572485,0.1085,0.1064,427386717,435672343,https://www1.hkexnews.hk/search/titlesearch.xhtml,https://www1.hkexnews.hk/search/titlesearch.xhtml,1620584998,14:29:58,20210509
12,2008-12-31,0950.HK,HKD,2008-12-31,2008-12-31,FY,125421000,36779000.0,88642000.0,0.706755646980968,2101000.0,19954000.0,36983000.0,0.0,0.0,94571000,428000.0,3350000.0,34200000.0,0.27268160834310046,30850000.0,0.24597156775978504,0.0,30581000.0,0.24382679136667704,2521000.0,28060000.0,0.22372648918442686,0.0677,0.0666,414718852,421066352,https://www1.hkexnews.hk/search/titlesearch.xhtml,https://www1.hkexnews.hk/search/titlesearch.xhtml,1620584998,14:29:58,20210509
13,2007-12-31,0950.HK,HKD,2007-12-31,2007-12-31,FY,76712000,25719000.0,50993000.0,0.6647330274272604,1499000.0,14192000.0,22597000.0,0.0,0.0,63261000,755000.0,2726000.0,16177000.0,0.21087965376994472,13451000.0,0.17534414433204715,0.0,12788000.0,0.1667014287204088,1418000.0,11370000.0,0.14821670664302847,0.0311,0.0306,365519795,371568627,https://www1.hkexnews.hk/search/titlesearch.xhtml,https://www1.hkexnews.hk/search/titlesearch.xhtml,1620584998,14:29:58,20210509
14,2006-12-31,0950.HK,HKD,2006-12-31,2006-12-31,FY,43531000,16860000.0,26671000.0,0.6126898072637891,1113000.0,14737000.0,14420000.0,0.0,0.0,47130000,0.0,2383000.0,-1216000.0,-0.027934115917392203,-3599000.0,-0.08267671314695274,0.0,-3381000.0,-0.07766878776044658,88000.0,-3469000.0,-0.07969033562288944,-0.01,-0.01,346900000,346900000,https://www1.hkexnews.hk/search/titlesearch.xhtml,https://www1.hkexnews.hk/search/titlesearch.xhtml,1620584998,14:29:58,20210509
15,2005-12-31,0950.HK,HKD,2005-12-31,2005-12-31,FY,38528000,13216000.0,25312000.0,0.6569767441860465,878000.0,11035000.0,14614000.0,0.0,0.0,39743000,0.0,2051000.0,836000.0,0.021698504983388704,-1215000.0,-0.03153550664451827,0.0,109000.0,0.002829111295681063,-44000.0,153000.0,0.003971137873754153,0.0004,0.0004,382500000,382500000,https://www1.hkexnews.hk/search/titlesearch.xhtml,https://www1.hkexnews.hk/search/titlesearch.xhtml,1620584998,14:29:58,20210509
16,2004-12-31,0950.HK,HKD,2004-12-31,2004-12-31,FY,30395000,10381000.0,20014000.0,0.6584635630860339,0.0,10173000.0,13207000.0,0.0,0.0,33761000,0.0,2031000.0,-1335000.0,-0.04392169764763942,-3366000.0,-0.11074189833854252,0.0,-3308000.0,-0.10883368975160389,-40000.0,-3268000.0,-0.10751768382957723,-0.0105,-0.0105,311238095,311238095,https://www1.hkexnews.hk/search/titlesearch.xhtml,https://www1.hkexnews.hk/search/titlesearch.xhtml,1620584998,14:29:58,20210509
17,2003-12-31,0950.HK,HKD,2003-12-31,2003-12-31,FY,18498000,5134000.0,13364000.0,0.7224564817818142,0.0,12054000.0,6850000.0,0.0,0.0,24038000,0.0,2048000.0,-3492000.0,-0.1887771650989296,-5540000.0,-0.29949183695534654,0.0,-5419000.0,-0.2929505892528922,-56000.0,-5363000.0,-0.2899232349443183,-0.0185,-0.0185,289891892,289891892,https://www1.hkexnews.hk/search/titlesearch.xhtml,https://www1.hkexnews.hk/search/titlesearch.xhtml,1620584998,14:29:58,20210509
18,2002-12-31,0950.HK,HKD,2002-12-31,2002-12-31,FY,11644000,3200000.0,8444000.0,0.7251803503950532,0.0,8415000.0,5030000.0,0.0,0.0,16645000,0.0,1952000.0,-3049000.0,-0.2618515973892133,-5001000.0,-0.42949158364823087,0.0,-5381000.0,-0.4621264170388183,0.0,-3467000.0,-0.2977499141188595,-0.01419999997542544,-0.014099999989832709,244154930,245886525,https://www1.hkexnews.hk/search/titlesearch.xhtml,https://www1.hkexnews.hk/search/titlesearch.xhtml,1620584998,14:29:58,20210509
19,2001-12-31,0950.HK,HKD,2001-12-31,2001-12-31,FY,10346000,2466000.0,7880000.0,0.7616470133384883,0.0,5232000.0,5383000.0,0.0,0.0,13081000,0.0,1459000.0,-1276000.0,-0.12333268896191765,-2735000.0,-0.2643533732843611,0.0,-1317000.0,-0.12729557316837425,0.0,-1317000.0,-0.12729557316837425,-0.007199999986879271,-0.007099999990296127,182916667,185492958,https://www1.hkexnews.hk/search/titlesearch.xhtml,https://www1.hkexnews.hk/search/titlesearch.xhtml,1620584998,14:29:58,20210509
