,date,symbol,reportedCurrency,fillingDate,acceptedDate,period,revenue,costOfRevenue,grossProfit,grossProfitRatio,researchAndDevelopmentExpenses,generalAndAdministrativeExpenses,sellingAndMarketingExpenses,otherExpenses,operatingExpenses,costAndExpenses,interestExpense,depreciationAndAmortization,ebitda,ebitdaratio,operatingIncome,operatingIncomeRatio,totalOtherIncomeExpensesNet,incomeBeforeTax,incomeBeforeTaxRatio,incomeTaxExpense,netIncome,netIncomeRatio,eps,epsdiluted,weightedAverageShsOut,weightedAverageShsOutDil,link,finalLink,timestamp,est_time,est_date
0,2020-12-31,0418.HK,HKD,2020-12-31,2020-12-31,FY,936545000,492689000.0,443856000.0,0.47392917585380306,0.0,81824000.0,203556000.0,-165554000.0,0.0,727612000.0,1594000.0,21609000.0,230542000.0,0.24616222391876524,208933000.0,0.055767742073258623,0.0,52229000.0,0.055767742073258623,-1668000.0,53897000.0,0.057548756333118005,0.045,0.045,1199746993,1199746993,https://www1.hkexnews.hk/search/titlesearch.xhtml,https://www1.hkexnews.hk/search/titlesearch.xhtml,1620584724,14:25:24,20210509
1,2019-12-31,0418.HK,HKD,2019-12-31,2019-12-31,FY,1058424000,536786000.0,521638000.0,0.4928440776097292,0.0,96167000.0,235855000.0,-618289000.0,0.0,813448000.0,9538000.0,21367000.0,266343000.0,0.2516411192489966,244976000.0,0.23145355736453443,0.0,-349529000.0,-0.3302353310204606,-110739000.0,-238790000.0,-0.22560901869194197,-0.199,-0.199,1199746993,1199746993,https://www1.hkexnews.hk/search/titlesearch.xhtml,https://www1.hkexnews.hk/search/titlesearch.xhtml,1620584724,14:25:24,20210509
2,2018-12-31,0418.HK,HKD,2018-12-31,2018-12-31,FY,1058857000,542733000.0,516124000.0,0.4874350360813594,0.0,97383000.0,246806000.0,-168222000.0,0.0,828820000.0,7882000.0,17878000.0,247915000.0,0.23413454319138466,230037000.0,0.21725029914332153,0.0,88477000.0,0.08355896971923499,966000.0,87336000.0,0.08248139267153166,0.073,0.073,1199746993,1199746993,https://www1.hkexnews.hk/search/titlesearch.xhtml,https://www1.hkexnews.hk/search/titlesearch.xhtml,1620584724,14:25:24,20210509
3,2017-12-31,0418.HK,HKD,2017-12-31,2017-12-31,FY,993493000,554710000.0,438783000.0,0.44165686119580105,0.0,92987000.0,232624000.0,-128711000.0,0.0,825605000.0,6571000.0,17360000.0,185248000.0,0.1864613037031967,167888000.0,0.16898760232835058,0.0,91226000.0,0.09182349548512168,1397000.0,89836000.0,0.09042439151559195,0.075,0.075,1199746993,1199746993,https://www1.hkexnews.hk/search/titlesearch.xhtml,https://www1.hkexnews.hk/search/titlesearch.xhtml,1620584724,14:25:24,20210509
4,2016-12-31,0418.HK,HKD,2016-12-31,2016-12-31,FY,1035410000,611551000.0,423859000.0,0.40936344056943624,0.0,92113000.0,246751000.0,-104759000.0,0.0,895953000.0,7570000.0,21116000.0,160573000.0,0.15508156189335626,139457000.0,0.13468770825083784,0.0,44156000.0,0.042645908384118365,3976000.0,40235000.0,0.038859002713900775,0.034,0.034,1199746993,1199746993,https://www1.hkexnews.hk/search/titlesearch.xhtml,https://www1.hkexnews.hk/search/titlesearch.xhtml,1620584724,14:25:24,20210509
5,2015-12-31,0418.HK,HKD,2015-12-31,2015-12-31,FY,963628000,565653000.0,397975000.0,0.41299650902630475,0.0,90563000.0,239544000.0,-117452000.0,0.0,836617000.0,8150000.0,24346000.0,151357000.0,0.157069948154267,127011000.0,0.13180501189255606,0.0,25530000.0,0.02649362617109507,18268000.0,7382000.0,0.007660632526244568,0.006,0.006,1199746993,1199746993,https://www1.hkexnews.hk/search/titlesearch.xhtml,https://www1.hkexnews.hk/search/titlesearch.xhtml,1620584724,14:25:24,20210509
6,2014-12-31,0418.HK,HKD,2014-12-31,2014-12-31,FY,1079869000,716389000.0,363480000.0,0.3365963834502148,0.0,76915000.0,237297000.0,-91705000.0,0.0,989944000.0,8599000.0,20267000.0,110192000.0,0.10204200694713896,89925000.0,0.08327398971541919,0.0,10790000.0,0.009991952727599366,4404000.0,6381000.0,0.005909050079222572,0.005,0.005,1173368846,1173368846,https://www1.hkexnews.hk/search/titlesearch.xhtml,https://www1.hkexnews.hk/search/titlesearch.xhtml,1620584724,14:25:24,20210509
7,2013-12-31,0418.HK,HKD,2013-12-31,2013-12-31,FY,1291015000,924408000.0,366607000.0,0.2839680406501861,0.0,64872000.0,237964000.0,-52764000.0,0.0,1170655000.0,7778000.0,15300000.0,135660000.0,0.10508011138522791,120360000.0,0.09322897100343529,0.0,94674000.0,0.0733329976801199,8187000.0,86241000.0,0.06680092795203774,0.076,0.075,1134348107,1149547536,https://www1.hkexnews.hk/search/titlesearch.xhtml,https://www1.hkexnews.hk/search/titlesearch.xhtml,1620584724,14:25:24,20210509
8,2012-12-31,0418.HK,HKD,2012-12-31,2012-12-31,FY,2130753000,1707999000.0,422754000.0,0.1984059156551698,0.0,68233000.0,261839000.0,-110643000.0,0.0,1984690000.0,9396000.0,11333000.0,157396000.0,0.07386872152708455,146063000.0,0.06854994455011913,0.0,47733000.0,0.022401939596001976,3322000.0,44523000.0,0.02089542992547705,0.039,0.039,1130300000,1130300000,https://www1.hkexnews.hk/search/titlesearch.xhtml,https://www1.hkexnews.hk/search/titlesearch.xhtml,1620584724,14:25:24,20210509
9,2011-12-31,0418.HK,HKD,2011-12-31,2011-12-31,FY,1647234000,1298706000.0,348528000.0,0.2115837822677288,0.0,57788000.0,211282000.0,0.0,0.0,1594294000.0,4122000.0,7799000.0,60739000.0,0.03687332825815883,52940000.0,0.03213872467421144,0.0,53595000.0,0.03253636095418137,3661000.0,49913000.0,0.030301098690289296,0.044,0.044,1130300000,1130300000,https://www1.hkexnews.hk/search/titlesearch.xhtml,https://www1.hkexnews.hk/search/titlesearch.xhtml,1620584724,14:25:24,20210509
10,2010-12-31,0418.HK,HKD,2010-12-31,2010-12-31,FY,2240732000,1934117000.0,306615000.0,0.1368369800583024,0.0,67115000.0,169435000.0,0.0,0.0,2174953000.0,6339000.0,8067000.0,73846000.0,0.032956194672098225,65779000.0,0.02935603186815737,0.0,65560000.0,0.02925829594971643,2616000.0,62823000.0,0.02803682011057101,0.056,0.056,1130300000,1130300000,https://www1.hkexnews.hk/search/titlesearch.xhtml,https://www1.hkexnews.hk/search/titlesearch.xhtml,1620584724,14:25:24,20210509
11,2009-12-31,0418.HK,HKD,2009-12-31,2009-12-31,FY,1912093000,1633203000.0,278890000.0,0.1458558762570649,0.0,67269000.0,138514000.0,-113472000.0,0.0,1784469000.0,2902000.0,7647000.0,135271000.0,0.0707449899141935,127624000.0,0.06674570745251408,0.0,23545000.0,0.01231373160196706,179000.0,23155000.0,0.012109766627460066,0.02,0.02,1130300000,1130300000,https://www1.hkexnews.hk/search/titlesearch.xhtml,https://www1.hkexnews.hk/search/titlesearch.xhtml,1620584724,14:25:24,20210509
12,2008-12-31,0418.HK,HKD,2008-12-31,2008-12-31,FY,1285617000,1032081000.0,253536000.0,0.1972095888588903,0.0,76427000.0,122829000.0,0.0,0.0,1266424000.0,2168000.0,7929000.0,27122000.0,0.02109648518960157,19193000.0,0.014929018517956747,0.0,23778000.0,0.018495399485227715,424000.0,23173000.0,0.018024808321607445,0.020502,0.020502,1130299893,1130299893,https://www1.hkexnews.hk/search/titlesearch.xhtml,https://www1.hkexnews.hk/search/titlesearch.xhtml,1620584724,14:25:24,20210509
13,2007-12-31,0418.HK,HKD,2007-12-31,2007-12-31,FY,784211000,578108000.0,206103000.0,0.2628157472925016,0.0,93662000.0,140228000.0,0.0,0.0,894050000.0,681000.0,15454000.0,-94385000.0,-0.12035663871075514,-109839000.0,-0.14006306976056188,4454000.0,-50448000.0,-0.06432962557270938,69000.0,-50517000.0,-0.06441761209674438,-0.045057,-0.045057,1130299893,1130299893,https://www1.hkexnews.hk/search/titlesearch.xhtml,https://www1.hkexnews.hk/search/titlesearch.xhtml,1620584724,14:25:24,20210509
14,2006-12-31,0418.HK,HKD,2006-12-31,2006-12-31,FY,2115920000,1816879000.0,299041000.0,0.14132906726152217,0.0,94621000.0,178547000.0,0.0,0.0,2151330000.0,0.0,13070000.0,-22340000.0,-0.010558055124957465,-35410000.0,-0.01673503724148361,0.0,37282000.0,0.017619758781050324,1027000.0,36255000.0,0.017134390714204695,0.023057,0.023057,1123799893,1123799893,https://www1.hkexnews.hk/search/titlesearch.xhtml,https://www1.hkexnews.hk/search/titlesearch.xhtml,1620584724,14:25:24,20210509
15,2005-12-31,0418.HK,HKD,2005-12-31,2005-12-31,FY,2593915000,2284040000.0,309875000.0,0.11946227998989943,0.0,107374000.0,186765000.0,0.0,0.0,2625420000.0,0.0,12692000.0,-18813000.0,-0.0072527434399353875,-31505000.0,-0.012145733379852463,0.0,66296000.0,0.025558277738476395,5052000.0,61244000.0,0.023610642600085198,0.042649,0.042649,1123799893,1123799893,https://www1.hkexnews.hk/search/titlesearch.xhtml,https://www1.hkexnews.hk/search/titlesearch.xhtml,1620584724,14:25:24,20210509
16,2004-12-31,0418.HK,HKD,2004-12-31,2004-12-31,FY,2013831000,1737534000.0,276297000.0,0.13719969550573013,0.0,138947000.0,192039000.0,0.0,0.0,2097283000.0,0.0,20692000.0,-62760000.0,-0.03116448202455916,-83452000.0,-0.041439425651904255,0.0,-18560000.0,-0.009216264919946112,7232000.0,-27183000.0,-0.013498153519337025,-0.024188,-0.024188,1123799893,1123799893,https://www1.hkexnews.hk/search/titlesearch.xhtml,https://www1.hkexnews.hk/search/titlesearch.xhtml,1620584724,14:25:24,20210509
17,2003-12-31,0418.HK,HKD,2003-12-31,2003-12-31,FY,1553796000,1276880000.0,276916000.0,0.17821901974261745,0.0,128564000.0,161552000.0,0.0,0.0,1560414000.0,0.0,17894000.0,11276000.0,0.007257065921137652,-6618000.0,-0.004259246387556668,0.0,-3825000.0,-0.0024617131206413198,3790000.0,7215000.0,0.004643466709915587,0.00642,0.00642,1123799893,1123799893,https://www1.hkexnews.hk/search/titlesearch.xhtml,https://www1.hkexnews.hk/search/titlesearch.xhtml,1620584724,14:25:24,20210509
18,2002-12-31,0418.HK,HKD,2002-12-31,2002-12-31,FY,1442015000,1184551000.0,257464000.0,0.17854460598537464,0.0,132674000.0,174160000.0,0.0,0.0,1554964000.0,0.0,23185000.0,-89764000.0,-0.062249005731563126,-112949000.0,-0.07832720186683217,0.0,-278463000.0,-0.19310686782037634,1187000.0,-274493000.0,-0.19035377579290091,-0.244254,-0.244254,1123799893,1123799893,https://www1.hkexnews.hk/search/titlesearch.xhtml,https://www1.hkexnews.hk/search/titlesearch.xhtml,1620584724,14:25:24,20210509
19,2001-12-31,0418.HK,HKD,2001-12-31,2001-12-31,FY,1669883000,1583284000.0,86599000.0,0.05185932188063475,0.0,186397000.0,196154000.0,0.0,0.0,2062082000.0,0.0,0.0,-392199000.0,-0.23486615529351457,-392199000.0,-0.23486615529351457,0.0,-391751000.0,-0.23459787302463705,1539000.0,-383966000.0,-0.22993586975853997,-0.342,-0.342,1122707602,1122707602,https://www1.hkexnews.hk/search/titlesearch.xhtml,https://www1.hkexnews.hk/search/titlesearch.xhtml,1620584724,14:25:24,20210509
20,2000-12-31,0418.HK,HKD,2000-12-31,2000-12-31,FY,2087853000,1653433000.0,434420000.0,0.20807020417625188,0.0,186843000.0,178078000.0,0.0,0.0,2087722000.0,0.0,0.0,131000.0,6.274388091498778e-05,131000.0,6.274388091498778e-05,0.0,179620000.0,0.08603096099198555,1315000.0,181006000.0,0.08669480083128457,0.162,0.159,1117320988,1138402516,https://www1.hkexnews.hk/search/titlesearch.xhtml,https://www1.hkexnews.hk/search/titlesearch.xhtml,1620584724,14:25:24,20210509
21,1999-12-31,0418.HK,HKD,1999-12-31,1999-12-31,FY,1583073000,1382910000.0,200163000.0,0.12643952616209106,0.0,171088000.0,132792000.0,0.0,0.0,1807593000.0,0.0,0.0,-224520000.0,-0.14182542434871923,-224520000.0,-0.14182542434871923,0.0,-222451000.0,-0.14051847261623437,879000.0,-223071000.0,-0.1409101159580133,-0.234,-0.234,953294872,953294872,https://www1.hkexnews.hk/search/titlesearch.xhtml,https://www1.hkexnews.hk/search/titlesearch.xhtml,1620584724,14:25:24,20210509
22,1998-12-31,0418.HK,HKD,1998-12-31,1998-12-31,FY,2159674000,0.0,0.0,0.0,0.0,0.0,0.0,0.0,0.0,0.0,0.0,0.0,2159674000.0,1.0,2159674000.0,1.0,0.0,-165650000.0,-0.07670139104327783,46000.0,-165696000.0,-0.07672269055422254,-0.208,-0.208,796615385,796615385,https://www1.hkexnews.hk/search/titlesearch.xhtml,https://www1.hkexnews.hk/search/titlesearch.xhtml,1620584724,14:25:24,20210509
23,1997-12-31,0418.HK,HKD,1997-12-31,1997-12-31,FY,1973409000,0.0,0.0,0.0,0.0,0.0,0.0,0.0,0.0,0.0,0.0,0.0,1973409000.0,1.0,1973409000.0,1.0,0.0,142534000.0,0.07222729804110552,-757000.0,143291000.0,0.07261089819697791,0.181,0.172,791662983,833087209,https://www1.hkexnews.hk/search/titlesearch.xhtml,https://www1.hkexnews.hk/search/titlesearch.xhtml,1620584724,14:25:24,20210509
