,date,symbol,reportedCurrency,fillingDate,acceptedDate,period,revenue,costOfRevenue,grossProfit,grossProfitRatio,researchAndDevelopmentExpenses,generalAndAdministrativeExpenses,sellingAndMarketingExpenses,otherExpenses,operatingExpenses,costAndExpenses,interestExpense,depreciationAndAmortization,ebitda,ebitdaratio,operatingIncome,operatingIncomeRatio,totalOtherIncomeExpensesNet,incomeBeforeTax,incomeBeforeTaxRatio,incomeTaxExpense,netIncome,netIncomeRatio,eps,epsdiluted,weightedAverageShsOut,weightedAverageShsOutDil,link,finalLink,timestamp,est_time,est_date
0,2020-12-31,CPIX,USD,2021-03-12,2021-03-12 17:17:56,FY,37441134,8653020.0,28788114,0.7688900127864717,5773825.0,10196299.0,14765465.0,0.0,35169709.0,43822729.0,263627.0,4434120.0,-1947475.0,-0.05201431666038748,-6381595.0,-0.17044342193267972,0.0,-6569877.0,-0.17547216919231132,55902.0,-3339408.0,-0.08919088828880023,-0.21689963262120052,-0.21689963262120052,15396098.0,15396098,https://www.sec.gov/Archives/edgar/data/1087294/000162828021004654/0001628280-21-004654-index.htm,https://www.sec.gov/Archives/edgar/data/1087294/000162828021004654/cpix-20201231.htm,1620590614,16:03:34,20210509
1,2019-12-31,CPIX,USD,2020-03-20 00:00:00,2020-03-20 17:12:17,FY,47533637,8752020.0,38781617,0.8158773333502757,6478592.0,10362433.0,21429040.0,0.0,42404622.0,51156642.0,246186.0,4134557.0,511552.0,0.010761894782004584,-3623005.0,-0.07621981461254479,0.0,-3625827.0,-0.0762791830972244,-79316.0,-3537759.0,-0.0744264319601717,-0.23,-0.23,15396098.0,15396098,https://www.sec.gov/Archives/edgar/data/1087294/000162828020003880/0001628280-20-003880-index.html,https://www.sec.gov/Archives/edgar/data/1087294/000162828020003880/cpix-20191231.htm,1620590614,16:03:34,20210509
2,2018-12-31,CPIX,USD,2019-03-12 00:00:00,2019-03-11 19:12:54,FY,40741765,7378095.0,33363670,0.8189058574168301,7320797.0,10405872.0,20258307.0,0.0,40754442.0,48132537.0,195848.0,2769466.0,-4621306.0,-0.113429204650314,-7390772.0,-0.18140529748772544,0.0,-7022136.0,-0.1723571867836359,16636.0,-6963068.0,-0.17090737232419853,-0.45,-0.45,15614052.0,15614052,https://www.sec.gov/Archives/edgar/data/1087294/000162828019002785/0001628280-19-002785-index.html,https://www.sec.gov/Archives/edgar/data/1087294/000162828019002785/cpix-20181231.htm,1620590614,16:03:34,20210509
3,2017-12-31,CPIX,USD,2018-03-09 00:00:00,2018-03-09 16:58:15,FY,41150131,7370585.0,33779546,0.8208855033778629,3901365.0,10030370.0,21492937.0,0.0,37860894.0,45231479.0,92904.0,2436222.0,-1645126.0,-0.03997863336085127,-4081348.0,-0.0991818956785338,0.0,-3874926.0,-0.09416558114966876,4174889.0,-7978633.0,-0.1938908286829026,-0.5,-0.5,15911577.0,15911577,https://www.sec.gov/Archives/edgar/data/1087294/000162828018003034/0001628280-18-003034-index.html,https://www.sec.gov/Archives/edgar/data/1087294/000162828018003034/a2017-10k.htm,1620590614,16:03:34,20210509
4,2016-12-31,CPIX,USD,2017-03-13 00:00:00,2017-03-10 18:02:45,FY,33025560,5958660.0,27066900,0.8195742933655024,3190700.0,8561811.0,14553481.0,0.0,28500031.0,34458691.0,106392.0,2194039.0,760908.0,0.02303997267570936,-1433131.0,-0.04339460103023234,0.0,-1334862.0,-0.04041905723930192,-330924.0,-944683.0,-0.02860460201129065,-0.06,-0.06,16236525.0,16236525,https://www.sec.gov/Archives/edgar/data/1087294/000162828017002485/0001628280-17-002485-index.html,https://www.sec.gov/Archives/edgar/data/1087294/000162828017002485/a2016-10k.htm,1620590614,16:03:34,20210509
5,2015-12-31,CPIX,USD,2016-03-14 00:00:00,2016-03-14 17:24:12,FY,33519051,4968170.0,28550881,0.8517807082306715,3847651.0,7607588.0,13994768.0,0.0,27439271.0,32407441.0,73856.0,1989264.0,3100874.0,0.0925107933395847,1111610.0,0.0331635284065769,0.0,1246937.0,0.03720084437951421,575829.0,731351.0,0.02181896498203365,0.043751633916548065,0.04278218920260567,16715970.0,17094754,https://www.sec.gov/Archives/edgar/data/1087294/000162828016012682/0001628280-16-012682-index.html,https://www.sec.gov/Archives/edgar/data/1087294/000162828016012682/a2015-10k.htm,1620590614,16:03:34,20210509
6,2014-12-31,CPIX,USD,2015-03-09,2015-03-09 17:18:52,FY,36901871,5053165.0,31848706,0.8630648023239798,3389419.0,8401560.0,14902202.0,0.0,28289870.0,33343035.0,67074.0,1596689.0,5155525.0,0.13970904076923363,3558836.0,0.09644053007501978,0.0,3743209.0,0.10143683500492427,1380744.0,2423723.0,0.06568021984576337,0.1375726716754367,0.13540630332511863,17617765.0,17899632,https://www.sec.gov/Archives/edgar/data/1087294/000162828015001629/a2014-10k.htm,https://www.sec.gov/Archives/edgar/data/1087294/000162828015001629/a2014-10k.htm,1620590614,16:03:34,20210509
7,2013-12-31,CPIX,USD,2014-03-11,2014-03-11 17:18:17,FY,32027462,5439422.0,26588040,0.8301638137920513,5615501.0,9489976.0,14387745.0,0.0,30389378.0,35828800.0,103422.0,896156.0,-2905182.0,-0.09070909209103113,-3801338.0,-0.11868995426487432,0.0,-3674469.0,-0.11472869751590058,-1523051.0,-2104614.0,-0.06571279360194074,-0.11,-0.11,18332997.0,18332997,https://www.sec.gov/Archives/edgar/data/1087294/000108729414000010/cpix2013-10k.htm,https://www.sec.gov/Archives/edgar/data/1087294/000108729414000010/cpix2013-10k.htm,1620590614,16:03:34,20210509
8,2012-12-31,CPIX,USD,2013-03-12 00:00:00,2013-03-12 17:04:32,FY,48851237,5046179.0,43805058,0.8967031479673687,5095172.0,9096165.0,20329493.0,0.0,34986956.0,40033135.0,71985.0,466126.0,9284228.0,0.19005103187049285,8818102.0,0.1805092878200812,0.0,9050982.0,0.18527641377842693,3244776.0,5842492.0,0.11959762656573057,0.2986252994882345,0.295261204059909,19564625.0,19787537,https://www.sec.gov/Archives/edgar/data/1087294/000144530513000573/0001445305-13-000573-index.html,https://www.sec.gov/Archives/edgar/data/1087294/000144530513000573/cpix20121231-10k.htm,1620590614,16:03:34,20210509
9,2011-12-31,CPIX,USD,2012-03-07 00:00:00,2012-03-07 17:29:06,FY,51142776,5362554.0,45780222,0.8951454258173236,5028072.0,9197955.0,20940060.0,0.0,35821389.0,41183943.0,353497.0,655302.0,10614135.0,0.20753928179416775,9958833.0,0.19472609386709866,-109346.0,9706717.0,0.18979644358765352,4080204.0,5657856.0,0.1106286447962856,0.27812418015060086,0.2750252623306131,20342913.0,20572132,https://www.sec.gov/Archives/edgar/data/1087294/000119312512101478/0001193125-12-101478-index.html,https://www.sec.gov/Archives/edgar/data/1087294/000119312512101478/d294938d10k.htm,1620590614,16:03:34,20210509
10,2010-12-31,CPIX,USD,2011-03-11,2011-03-11 17:19:33,FY,45876371,3586646.0,42289725,0.9218193173998004,4327485.0,7990222.0,22674505.0,0.0,35679123.0,39265769.0,1423523.0,686911.0,7297513.0,0.15906909899215874,6610602.0,0.1440960096865552,-108855.0,5278431.0,0.115057727648074,2851420.0,2456680.0,0.05355000725754877,0.12081677070622641,0.11665935452333745,20333932.0,21058577,https://www.sec.gov/Archives/edgar/data/1087294/000095012311024871/g26446e10vk.htm,https://www.sec.gov/Archives/edgar/data/1087294/000095012311024871/g26446e10vk.htm,1620590614,16:03:34,20210509
11,2009-12-31,CPIX,USD,2010-03-19 00:00:00,2010-03-19 14:36:08,FY,43537278,4136541.0,39400737,0.9049885250060878,4993278.0,7643070.0,20194074.0,0.0,33624102.0,37760643.0,772927.0,686904.0,6463539.0,0.14845987845174888,5776635.0,0.13268250256711042,0.0,5083071.0,0.1167521543262305,2024192.0,3091415.0,0.0710061616621967,0.22,0.17,14199479.0,18234171,https://www.sec.gov/Archives/edgar/data/1087294/000095012310026333/0000950123-10-026333-index.html,https://www.sec.gov/Archives/edgar/data/1087294/000095012310026333/g22569e10vk.htm,1620590614,16:03:34,20210509
12,2008-12-31,CPIX,USD,2008-12-31,2008-12-31,FY,35075160,3045672.0,32029488,0.9131672670915828,4429064.0,5139937.0,14387153.0,0.0,24747267.0,27792939.0,213303.0,686904.0,7969125.0,0.22720138696445005,7282221.0,0.20761761314845037,0.0,7310200.0,0.20841530017254375,2543951.0,4766249.0,0.13588673579821162,0.47,0.29,10142807.0,16539662,,,1620590614,16:03:34,20210509
13,2007-12-31,CPIX,USD,2007-12-31,2007-12-31,FY,28063589,2669628.0,25393961,0.9048721815303096,3693917.0,4137942.0,10053355.0,0.0,18668643.0,21338271.0,639590.0,686905.0,7412223.0,0.2641224185545192,6725318.0,0.23964568466278494,0.0,6468647.0,0.23049963424136521,2424261.0,4044386.0,0.14411506667946142,0.4,0.24,10032083.0,16581902,,,1620590614,16:03:34,20210509
14,2006-12-31,CPIX,USD,2006-12-31,2006-12-31,FY,17815480,2399133.0,15416347,0.8653343609041126,2232984.0,2999347.0,7348540.0,0.0,13192485.0,15591618.0,721804.0,515181.0,2739043.0,0.15374511379990885,2223862.0,0.12482750955910253,2800.0,1707935.0,0.09586803162193777,-2696516.0,4404451.0,0.24722606407461375,0.45,0.275,9797190.0,16032852,,,1620590614,16:03:34,20210509
15,2005-12-31,CPIX,USD,2005-12-31,2005-12-31,FY,10689664,533263.0,10156401,0.9501141476476717,1157881.0,2587861.0,5647254.0,0.0,9406485.0,9939748.0,63204.0,53537.0,803453.0,0.07516167018907235,749916.0,0.0701533743249554,5632.0,770319.0,0.07206204049070204,-1184000.0,1954319.0,0.18282323934597008,0.205,0.12,9495732.0,16090090,,,1620590614,16:03:34,20210509
