,date,symbol,reportedCurrency,fillingDate,acceptedDate,period,revenue,costOfRevenue,grossProfit,grossProfitRatio,researchAndDevelopmentExpenses,generalAndAdministrativeExpenses,sellingAndMarketingExpenses,otherExpenses,operatingExpenses,costAndExpenses,interestExpense,depreciationAndAmortization,ebitda,ebitdaratio,operatingIncome,operatingIncomeRatio,totalOtherIncomeExpensesNet,incomeBeforeTax,incomeBeforeTaxRatio,incomeTaxExpense,netIncome,netIncomeRatio,eps,epsdiluted,weightedAverageShsOut,weightedAverageShsOutDil,link,finalLink,timestamp,est_time,est_date
0,2020-12-31,POM.TO,USD,2020-12-31,2020-12-31,FY,0.0,0.0,0.0,0.0,0.0,9042000.0,0.0,24000.0,0.0,22160000.0,1963000.0,224000.0,-21936000.0,0.0,-22160000.0,0.0,291000.0,-20830000.0,0.0,0.0,-20830000.0,0.0,-0.3099282455851778,-0.3099282455851778,67209105.0,67209105.0,https://www.sedar.com/ModifyCompanyDocumentSearchForm.do?lang=EN&company_search=Polymet Mining Corp&document_selection=0&industry_group=A&FromDate=13&FromMonth=05&FromYear=2000&ToDate=13&ToMonth=11&ToYear=2020&Variable=Issuer,https://www.sedar.com/ModifyCompanyDocumentSearchForm.do?lang=EN&company_search=Polymet Mining Corp&document_selection=0&industry_group=A&FromDate=13&FromMonth=05&FromYear=2000&ToDate=13&ToMonth=11&ToYear=2020&Variable=Issuer,1620596710,17:45:10,20210509
1,2019-12-31,POM.TO,USD,2019-12-31,2019-12-31,FY,0.0,122000.0,-122000.0,0.0,0.0,7748000.0,0.0,-1968000.0,9820000.0,9942000.0,160000.0,122000.0,-9820000.0,0.0,-9942000.0,0.0,-48501000.0,-57903000.0,0.0,0.0,-57903000.0,0.0,-0.9,-0.9,67209105.0,67209105.0,https://www.sedar.com/ModifyCompanyDocumentSearchForm.do?lang=EN&company_search=Polymet Mining Corp&document_selection=0&industry_group=A&FromDate=13&FromMonth=05&FromYear=2000&ToDate=13&ToMonth=11&ToYear=2020&Variable=Issuer,https://www.sedar.com/ModifyCompanyDocumentSearchForm.do?lang=EN&company_search=Polymet Mining Corp&document_selection=0&industry_group=A&FromDate=13&FromMonth=05&FromYear=2000&ToDate=13&ToMonth=11&ToYear=2020&Variable=Issuer,1620596710,17:45:10,20210509
2,2018-12-31,POM.TO,USD,2018-12-31,2018-12-31,FY,0.0,0.0,0.0,0.0,0.0,6940000.0,0.0,38000.0,8866000.0,8866000.0,0.0,130000.0,-8736000.0,0.0,-8866000.0,0.0,-5592000.0,-15043000.0,0.0,0.0,-15043000.0,0.0,-0.467351,-0.467351,34288583.0,34288583.0,https://www.sedar.com/ModifyCompanyDocumentSearchForm.do?lang=EN&company_search=Polymet Mining Corp&document_selection=0&industry_group=A&FromDate=13&FromMonth=05&FromYear=2000&ToDate=13&ToMonth=11&ToYear=2020&Variable=Issuer,https://www.sedar.com/ModifyCompanyDocumentSearchForm.do?lang=EN&company_search=Polymet Mining Corp&document_selection=0&industry_group=A&FromDate=13&FromMonth=05&FromYear=2000&ToDate=13&ToMonth=11&ToYear=2020&Variable=Issuer,1620596710,17:45:10,20210509
3,2017-01-31,POM.TO,USD,2017-01-31,2017-01-31,FY,0.0,0.0,0.0,0.0,0.0,6576000.0,0.0,22000.0,8059000.0,8059000.0,0.0,18000.0,-8041000.0,0.0,-8059000.0,0.0,37000.0,-9229000.0,0.0,0.0,-9229000.0,0.0,-0.280411,-0.280411,30918741.0,30918741.0,https://www.sedar.com/ModifyCompanyDocumentSearchForm.do?lang=EN&company_search=Polymet Mining Corp&document_selection=0&industry_group=A&FromDate=13&FromMonth=05&FromYear=2000&ToDate=13&ToMonth=11&ToYear=2020&Variable=Issuer,https://www.sedar.com/ModifyCompanyDocumentSearchForm.do?lang=EN&company_search=Polymet Mining Corp&document_selection=0&industry_group=A&FromDate=13&FromMonth=05&FromYear=2000&ToDate=13&ToMonth=11&ToYear=2020&Variable=Issuer,1620596710,17:45:10,20210509
4,2016-01-31,POM.TO,USD,2016-01-31,2016-01-31,FY,0.0,0.0,0.0,0.0,0.0,5476000.0,0.0,32000.0,7171000.0,7171000.0,0.0,32000.0,-7139000.0,0.0,-7171000.0,0.0,-1821000.0,-9346000.0,0.0,0.0,-9346000.0,0.0,-0.280411,-0.280411,29615111.0,29615111.0,https://www.sedar.com/ModifyCompanyDocumentSearchForm.do?lang=EN&company_search=Polymet Mining Corp&document_selection=0&industry_group=A&FromDate=13&FromMonth=05&FromYear=2000&ToDate=13&ToMonth=11&ToYear=2020&Variable=Issuer,https://www.sedar.com/ModifyCompanyDocumentSearchForm.do?lang=EN&company_search=Polymet Mining Corp&document_selection=0&industry_group=A&FromDate=13&FromMonth=05&FromYear=2000&ToDate=13&ToMonth=11&ToYear=2020&Variable=Issuer,1620596710,17:45:10,20210509
5,2015-01-31,POM.TO,USD,2015-01-31,2015-01-31,FY,0.0,0.0,0.0,0.0,0.0,5457000.0,0.0,40000.0,7128000.0,7128000.0,0.0,32000.0,-7096000.0,0.0,-7128000.0,0.0,29000.0,-7276000.0,0.0,0.0,-7276000.0,0.0,-0.280411,-0.280411,29498923.0,29498923.0,https://www.sedar.com/ModifyCompanyDocumentSearchForm.do?lang=EN&company_search=Polymet Mining Corp&document_selection=0&industry_group=A&FromDate=13&FromMonth=05&FromYear=2000&ToDate=13&ToMonth=11&ToYear=2020&Variable=Issuer,https://www.sedar.com/ModifyCompanyDocumentSearchForm.do?lang=EN&company_search=Polymet Mining Corp&document_selection=0&industry_group=A&FromDate=13&FromMonth=05&FromYear=2000&ToDate=13&ToMonth=11&ToYear=2020&Variable=Issuer,1620596710,17:45:10,20210509
6,2014-01-31,POM.TO,USD,2014-01-31,2014-01-31,FY,0.0,0.0,0.0,0.0,0.0,6628000.0,0.0,53000.0,8175000.0,8175000.0,0.0,26000.0,-8149000.0,0.0,-8175000.0,0.0,-13000.0,-8132000.0,0.0,0.0,-8132000.0,0.0,-0.373881,-0.373881,25281145.0,25281145.0,https://www.sedar.com/ModifyCompanyDocumentSearchForm.do?lang=EN&company_search=Polymet Mining Corp&document_selection=0&industry_group=A&FromDate=13&FromMonth=05&FromYear=2000&ToDate=13&ToMonth=11&ToYear=2020&Variable=Issuer,https://www.sedar.com/ModifyCompanyDocumentSearchForm.do?lang=EN&company_search=Polymet Mining Corp&document_selection=0&industry_group=A&FromDate=13&FromMonth=05&FromYear=2000&ToDate=13&ToMonth=11&ToYear=2020&Variable=Issuer,1620596710,17:45:10,20210509
7,2013-01-31,POM.TO,USD,2013-01-31,2013-01-31,FY,0.0,0.0,0.0,0.0,0.0,5870000.0,0.0,59000.0,6700000.0,6700000.0,0.0,38000.0,-6662000.0,0.0,-6700000.0,0.0,103000.0,-6626000.0,0.0,0.0,-6626000.0,0.0,-0.319876,-0.319876,22377351.0,22377351.0,https://www.sedar.com/ModifyCompanyDocumentSearchForm.do?lang=EN&company_search=Polymet Mining Corp&document_selection=0&industry_group=A&FromDate=13&FromMonth=05&FromYear=2000&ToDate=13&ToMonth=11&ToYear=2020&Variable=Issuer,https://www.sedar.com/ModifyCompanyDocumentSearchForm.do?lang=EN&company_search=Polymet Mining Corp&document_selection=0&industry_group=A&FromDate=13&FromMonth=05&FromYear=2000&ToDate=13&ToMonth=11&ToYear=2020&Variable=Issuer,1620596710,17:45:10,20210509
8,2012-01-31,POM.TO,USD,2012-01-31,2012-01-31,FY,0.0,0.0,0.0,0.0,0.0,2713000.0,0.0,0.0,3369000.0,3369000.0,351000.0,31000.0,-3338000.0,0.0,-3369000.0,0.0,18000.0,-3702000.0,0.0,-657000.0,-3045000.0,0.0,-0.159938,-0.159938,20052598.0,20052598.0,https://www.sedar.com/ModifyCompanyDocumentSearchForm.do?lang=EN&company_search=Polymet Mining Corp&document_selection=0&industry_group=A&FromDate=13&FromMonth=05&FromYear=2000&ToDate=13&ToMonth=11&ToYear=2020&Variable=Issuer,https://www.sedar.com/ModifyCompanyDocumentSearchForm.do?lang=EN&company_search=Polymet Mining Corp&document_selection=0&industry_group=A&FromDate=13&FromMonth=05&FromYear=2000&ToDate=13&ToMonth=11&ToYear=2020&Variable=Issuer,1620596710,17:45:10,20210509
9,2011-01-31,POM.TO,USD,2011-01-31,2011-01-31,FY,0.0,0.0,0.0,0.0,0.0,2294000.0,0.0,0.0,2901000.0,2901000.0,0.0,31000.0,-2870000.0,0.0,-2901000.0,0.0,-5753000.0,-8673000.0,0.0,-1390000.0,-7283000.0,0.0,-0.399845,-0.399845,18687875.0,18687875.0,https://www.sedar.com/ModifyCompanyDocumentSearchForm.do?lang=EN&company_search=Polymet Mining Corp&document_selection=0&industry_group=A&FromDate=13&FromMonth=05&FromYear=2000&ToDate=13&ToMonth=11&ToYear=2020&Variable=Issuer,https://www.sedar.com/ModifyCompanyDocumentSearchForm.do?lang=EN&company_search=Polymet Mining Corp&document_selection=0&industry_group=A&FromDate=13&FromMonth=05&FromYear=2000&ToDate=13&ToMonth=11&ToYear=2020&Variable=Issuer,1620596710,17:45:10,20210509
10,2010-01-31,POM.TO,USD,2010-01-31,2010-01-31,FY,0.0,0.0,0.0,0.0,0.0,8719000.0,0.0,0.0,9158000.0,9158000.0,0.0,31000.0,-9127000.0,0.0,-9158000.0,0.0,130000.0,0.0,0.0,0.0,-9023000.0,0.0,-0.479814,-0.479814,17438874.0,17438874.0,https://www.sedar.com/ModifyCompanyDocumentSearchForm.do?lang=EN&company_search=Polymet Mining Corp&document_selection=0&industry_group=A&FromDate=13&FromMonth=05&FromYear=2000&ToDate=13&ToMonth=11&ToYear=2020&Variable=Issuer,https://www.sedar.com/ModifyCompanyDocumentSearchForm.do?lang=EN&company_search=Polymet Mining Corp&document_selection=0&industry_group=A&FromDate=13&FromMonth=05&FromYear=2000&ToDate=13&ToMonth=11&ToYear=2020&Variable=Issuer,1620596710,17:45:10,20210509
11,2009-01-31,POM.TO,USD,2009-01-31,2009-01-31,FY,0.0,0.0,0.0,0.0,0.0,3353000.0,0.0,0.0,3384000.0,3384000.0,0.0,31000.0,-3353000.0,0.0,-3384000.0,0.0,1306000.0,0.0,0.0,0.0,-4536000.0,0.0,-0.239907,-0.239907,17155151.0,17155151.0,https://www.sedar.com/ModifyCompanyDocumentSearchForm.do?lang=EN&company_search=Polymet Mining Corp&document_selection=0&industry_group=A&FromDate=13&FromMonth=05&FromYear=2000&ToDate=13&ToMonth=11&ToYear=2020&Variable=Issuer,https://www.sedar.com/ModifyCompanyDocumentSearchForm.do?lang=EN&company_search=Polymet Mining Corp&document_selection=0&industry_group=A&FromDate=13&FromMonth=05&FromYear=2000&ToDate=13&ToMonth=11&ToYear=2020&Variable=Issuer,1620596710,17:45:10,20210509
12,2008-01-31,POM.TO,USD,2008-01-31,2008-01-31,FY,0.0,0.0,0.0,0.0,0.0,4343000.0,0.0,0.0,4399000.0,4399000.0,0.0,56000.0,-4343000.0,0.0,-4399000.0,0.0,-459000.0,0.0,0.0,0.0,-3690000.0,0.0,-0.239907,-0.239907,16718687.0,16718687.0,https://www.sedar.com/ModifyCompanyDocumentSearchForm.do?lang=EN&company_search=Polymet Mining Corp&document_selection=0&industry_group=A&FromDate=13&FromMonth=05&FromYear=2000&ToDate=13&ToMonth=11&ToYear=2020&Variable=Issuer,https://www.sedar.com/ModifyCompanyDocumentSearchForm.do?lang=EN&company_search=Polymet Mining Corp&document_selection=0&industry_group=A&FromDate=13&FromMonth=05&FromYear=2000&ToDate=13&ToMonth=11&ToYear=2020&Variable=Issuer,1620596710,17:45:10,20210509
13,2007-01-31,POM.TO,USD,2007-01-31,2007-01-31,FY,0.0,0.0,0.0,0.0,0.0,8967000.0,0.0,0.0,17818000.0,17818000.0,0.0,7000.0,-17811000.0,0.0,-17818000.0,0.0,-503000.0,0.0,0.0,0.0,-17893000.0,0.0,-1.279503,-1.279503,14349848.0,14349848.0,https://www.sedar.com/ModifyCompanyDocumentSearchForm.do?lang=EN&company_search=Polymet Mining Corp&document_selection=0&industry_group=A&FromDate=13&FromMonth=05&FromYear=2000&ToDate=13&ToMonth=11&ToYear=2020&Variable=Issuer,https://www.sedar.com/ModifyCompanyDocumentSearchForm.do?lang=EN&company_search=Polymet Mining Corp&document_selection=0&industry_group=A&FromDate=13&FromMonth=05&FromYear=2000&ToDate=13&ToMonth=11&ToYear=2020&Variable=Issuer,1620596710,17:45:10,20210509
14,2006-01-31,POM.TO,USD,2006-01-31,2006-01-31,FY,0.0,0.0,0.0,0.0,0.0,5174666.0,0.0,0.0,16299031.0,16299031.0,0.0,4220.0,-16294811.0,0.0,-16299031.0,0.0,221458.0,0.0,0.0,0.0,-15929537.0,0.0,-1.759317,-1.759317,9189129.0,9189129.0,https://www.sedar.com/ModifyCompanyDocumentSearchForm.do?lang=EN&company_search=Polymet Mining Corp&document_selection=0&industry_group=A&FromDate=13&FromMonth=05&FromYear=2000&ToDate=13&ToMonth=11&ToYear=2020&Variable=Issuer,https://www.sedar.com/ModifyCompanyDocumentSearchForm.do?lang=EN&company_search=Polymet Mining Corp&document_selection=0&industry_group=A&FromDate=13&FromMonth=05&FromYear=2000&ToDate=13&ToMonth=11&ToYear=2020&Variable=Issuer,1620596710,17:45:10,20210509
15,2005-01-31,POM.TO,USD,2005-01-31,2005-01-31,FY,0.0,0.0,0.0,0.0,0.0,2222144.0,0.0,0.0,3846832.0,3846832.0,0.0,1705.0,-3845127.0,0.0,-3846832.0,0.0,68274.0,0.0,0.0,0.0,-3776337.0,0.0,-0.559783,-0.559783,6495808.0,6495808.0,https://www.sedar.com/ModifyCompanyDocumentSearchForm.do?lang=EN&company_search=Polymet Mining Corp&document_selection=0&industry_group=A&FromDate=13&FromMonth=05&FromYear=2000&ToDate=13&ToMonth=11&ToYear=2020&Variable=Issuer,https://www.sedar.com/ModifyCompanyDocumentSearchForm.do?lang=EN&company_search=Polymet Mining Corp&document_selection=0&industry_group=A&FromDate=13&FromMonth=05&FromYear=2000&ToDate=13&ToMonth=11&ToYear=2020&Variable=Issuer,1620596710,17:45:10,20210509
16,2004-01-31,POM.TO,USD,2004-01-31,2004-01-31,FY,0.0,0.0,0.0,0.0,0.0,288054.0,0.0,0.0,379949.0,379949.0,0.0,275.0,-379674.0,0.0,-379949.0,0.0,233523.0,0.0,0.0,0.0,-146806.0,0.0,-0.0331147353873104,-0.0331147353873104,4433253.0,4433253.0,https://www.sedar.com/ModifyCompanyDocumentSearchForm.do?lang=EN&company_search=Polymet Mining Corp&document_selection=0&industry_group=A&FromDate=13&FromMonth=05&FromYear=2000&ToDate=13&ToMonth=11&ToYear=2020&Variable=Issuer,https://www.sedar.com/ModifyCompanyDocumentSearchForm.do?lang=EN&company_search=Polymet Mining Corp&document_selection=0&industry_group=A&FromDate=13&FromMonth=05&FromYear=2000&ToDate=13&ToMonth=11&ToYear=2020&Variable=Issuer,1620596710,17:45:10,20210509
17,2003-01-31,POM.TO,USD,2003-01-31,2003-01-31,FY,0.0,0.0,0.0,0.0,0.0,310867.0,0.0,0.0,428791.0,428791.0,0.0,5606.0,-423185.0,0.0,-428791.0,0.0,-27475.0,0.0,0.0,0.0,-471679.0,0.0,-0.079969,-0.079969,4083776.0,4083776.0,https://www.sedar.com/ModifyCompanyDocumentSearchForm.do?lang=EN&company_search=Polymet Mining Corp&document_selection=0&industry_group=A&FromDate=13&FromMonth=05&FromYear=2000&ToDate=13&ToMonth=11&ToYear=2020&Variable=Issuer,https://www.sedar.com/ModifyCompanyDocumentSearchForm.do?lang=EN&company_search=Polymet Mining Corp&document_selection=0&industry_group=A&FromDate=13&FromMonth=05&FromYear=2000&ToDate=13&ToMonth=11&ToYear=2020&Variable=Issuer,1620596710,17:45:10,20210509
18,2002-01-31,POM.TO,USD,2002-01-31,2002-01-31,FY,0.0,0.0,0.0,0.0,0.0,600532.0,0.0,0.0,621049.0,621049.0,0.0,20517.0,-600532.0,0.0,-621049.0,0.0,45476.0,0.0,0.0,0.0,-549600.0,0.0,-0.160034,-0.160034,3654994.0,3654994.0,https://www.sedar.com/ModifyCompanyDocumentSearchForm.do?lang=EN&company_search=Polymet Mining Corp&document_selection=0&industry_group=A&FromDate=13&FromMonth=05&FromYear=2000&ToDate=13&ToMonth=11&ToYear=2020&Variable=Issuer,https://www.sedar.com/ModifyCompanyDocumentSearchForm.do?lang=EN&company_search=Polymet Mining Corp&document_selection=0&industry_group=A&FromDate=13&FromMonth=05&FromYear=2000&ToDate=13&ToMonth=11&ToYear=2020&Variable=Issuer,1620596710,17:45:10,20210509
19,2001-01-31,POM.TO,USD,2001-01-31,2001-01-31,FY,1.33413,0.0,0.0,0.0,0.0,740184.0,0.0,0.0,756507.0,756507.0,0.0,16322.0,-740183.66587,-554806.2526665317,-756505.66587,-567040.4427379641,75524.0,0.0,0.0,0.0,-610930.0,-457923.8904754409,-0.160018,-0.160018,3817887.0,3817887.0,https://www.sedar.com/ModifyCompanyDocumentSearchForm.do?lang=EN&company_search=Polymet Mining Corp&document_selection=0&industry_group=A&FromDate=13&FromMonth=05&FromYear=2000&ToDate=13&ToMonth=11&ToYear=2020&Variable=Issuer,https://www.sedar.com/ModifyCompanyDocumentSearchForm.do?lang=EN&company_search=Polymet Mining Corp&document_selection=0&industry_group=A&FromDate=13&FromMonth=05&FromYear=2000&ToDate=13&ToMonth=11&ToYear=2020&Variable=Issuer,1620596710,17:45:10,20210509
20,2000-01-31,POM.TO,USD,2000-01-31,2000-01-31,FY,69123.0,0.0,0.0,0.0,0.0,967720.0,0.0,0.0,967720.0,967720.0,0.0,0.0,-691229.0,-9.999985533035314,-898597.0,-12.999971066070628,-207368.0,0.0,0.0,0.0,-1105965.0,-15.999956599105941,-0.38697,-0.38697,2858015.0,2858015.0,https://www.sedar.com/ModifyCompanyDocumentSearchForm.do?lang=EN&company_search=Polymet Mining Corp&document_selection=0&industry_group=A&FromDate=13&FromMonth=05&FromYear=2000&ToDate=13&ToMonth=11&ToYear=2020&Variable=Issuer,https://www.sedar.com/ModifyCompanyDocumentSearchForm.do?lang=EN&company_search=Polymet Mining Corp&document_selection=0&industry_group=A&FromDate=13&FromMonth=05&FromYear=2000&ToDate=13&ToMonth=11&ToYear=2020&Variable=Issuer,1620596710,17:45:10,20210509
21,1999-01-31,POM.TO,USD,1999-01-31,1999-01-31,FY,66190.0,0.0,0.0,0.0,0.0,728091.0,0.0,0.0,728091.0,728091.0,0.0,0.0,-661901.0,-10.00001510802236,-661901.0,-10.00001510802236,0.0,0.0,0.0,0.0,-728091.0,-11.00001510802236,-0.423436,-0.423436,1719485.0,1719485.0,https://www.sedar.com/ModifyCompanyDocumentSearchForm.do?lang=EN&company_search=Polymet Mining Corp&document_selection=0&industry_group=A&FromDate=13&FromMonth=05&FromYear=2000&ToDate=13&ToMonth=11&ToYear=2020&Variable=Issuer,https://www.sedar.com/ModifyCompanyDocumentSearchForm.do?lang=EN&company_search=Polymet Mining Corp&document_selection=0&industry_group=A&FromDate=13&FromMonth=05&FromYear=2000&ToDate=13&ToMonth=11&ToYear=2020&Variable=Issuer,1620596710,17:45:10,20210509
22,1998-01-31,POM.TO,USD,1998-01-31,1998-01-31,FY,68667.0,0.0,0.0,0.0,0.0,206002.0,0.0,0.0,206002.0,206002.0,0.0,0.0,-68668.0,-1.0000145630361017,-137335.0,-2.000014563036102,-68667.0,0.0,0.0,0.0,-274669.0,-4.0000145630361015,-0.219675,-0.219675,1250344.0,1250344.0,https://www.sedar.com/ModifyCompanyDocumentSearchForm.do?lang=EN&company_search=Polymet Mining Corp&document_selection=0&industry_group=A&FromDate=13&FromMonth=05&FromYear=2000&ToDate=13&ToMonth=11&ToYear=2020&Variable=Issuer,https://www.sedar.com/ModifyCompanyDocumentSearchForm.do?lang=EN&company_search=Polymet Mining Corp&document_selection=0&industry_group=A&FromDate=13&FromMonth=05&FromYear=2000&ToDate=13&ToMonth=11&ToYear=2020&Variable=Issuer,1620596710,17:45:10,20210509
