,date,symbol,reportedCurrency,fillingDate,acceptedDate,period,revenue,costOfRevenue,grossProfit,grossProfitRatio,researchAndDevelopmentExpenses,generalAndAdministrativeExpenses,sellingAndMarketingExpenses,otherExpenses,operatingExpenses,costAndExpenses,interestExpense,depreciationAndAmortization,ebitda,ebitdaratio,operatingIncome,operatingIncomeRatio,totalOtherIncomeExpensesNet,incomeBeforeTax,incomeBeforeTaxRatio,incomeTaxExpense,netIncome,netIncomeRatio,eps,epsdiluted,weightedAverageShsOut,weightedAverageShsOutDil,link,finalLink,timestamp,est_time,est_date
0,2020-12-31,ACH,CNY,2020-12-31,2020-12-31,FY,185994253000.0,172571364000.0,13422889000.0,0.07216829973773436,1434056000.0,4156940000.0,1457056000.0,-68856000.0,0.0,179479865000.0,3862693000.0,8403610000.0,14917998000.0,0.08020676853924083,6514388000.0,0.011587546202301208,-241887000.0,2155217000.0,0.011587546202301208,582188000.0,741004000.0,0.003984015570631637,0.7,0.7,680906920,680906920,,,1620586117,14:48:37,20210509
1,2019-12-31,ACH,CNY,2020-04-22,2020-04-22,FY,27302445000.0,25560383000.0,1742062000.0,0.0638060803711902,-135141000.0,-328002000.0,-240331000.0,0.0,26351000000.0,24616578000.0,0.0,0.0,927194000.0,0.0339601087008874,927194000.0,0.03396010870088741,11415000.0,303628000.0,0.01112090876842715,-89879000.0,393507000.0,0.014412884999859902,0.0388,0.0388,17022672951,17022672951,https://www.sec.gov/Archives/edgar/data/1161611/000138713120004040/0001387131-20-004040-index.htm,https://www.sec.gov/Archives/edgar/data/1161611/000138713120004040/ach-20f_123119.htm,1620586117,14:48:37,20210509
2,2019-04-24,ACH,CNY,2019-04-24,2019-04-24,FY,26214843000.0,24293421000.0,1921422000.0,0.07329519387165508,-91175000.0,-212513000.0,-363164000.0,0.0,26351000000.0,23263405000.0,0.0,0.0,996855000.0,0.0380263578156848,996855000.0,0.0380263578156848,19688000.0,335029000.0,0.012780126129307736,-119628000.0,454657000.0,0.017343495057361207,-0.029009,-0.029009,17022672951,17022672951,https://www.sec.gov/Archives/edgar/data/1161611/000116161119000052/0001161611-19-000052-index.htm,https://www.sec.gov/Archives/edgar/data/1161611/000116161119000052/ach-20f_123118.htm,1620586117,14:48:37,20210509
3,2018-12-31,ACH,CNY,2018-12-31,2018-12-31,FY,180240154000.0,167029416000.0,13210738000.0,0.07329519924844272,626873000.0,3958067000.0,2496933000.0,-180266000.0,25201000000.0,173975922000.0,4685050000.0,7924989000.0,14189221000.0,0.0787239729056157,6264232000.0,0.034754919261775596,437432000.0,2303511000.0,0.012780232089681858,822499000.0,746477000.0,0.0041415688093564326,0.925,0.925,596151929,596151929,,,1620586117,14:48:37,20210509
4,2018-04-19,ACH,CNY,2018-04-19,2018-04-19,FY,27677904000.0,25463784000.0,2214120000.0,0.07999594188924132,-76017000.0,-342094000.0,-360033000.0,0.0,25201000000.0,24325607000.0,0.0,0.0,1175313000.0,0.042463945246721,1175313000.0,0.042463945246720994,52591000.0,462047000.0,0.016693713512410478,-98715000.0,560762000.0,0.020260276934264965,1.253,1.253,16842713738,16842713738,https://www.sec.gov/Archives/edgar/data/1161611/000116161118000020/0001161611-18-000020-index.htm,https://www.sec.gov/Archives/edgar/data/1161611/000116161118000020/chalco_2017_20-f_mainbody.htm,1620586117,14:48:37,20210509
5,2017-12-31,ACH,CNY,2017-12-31,2017-12-31,FY,180080750000.0,165675021000.0,14405729000.0,0.07999594070993152,494590000.0,4568246000.0,2342484000.0,-124141000.0,26500000000.0,172738170000.0,4817211000.0,6993339000.0,14335919000.0,0.07960828128492357,7342580000.0,0.040773819522630816,15645000.0,3006216000.0,0.016693711015752656,642267000.0,1378435000.0,0.007654538311285354,2.25,2.25,596151929,596151929,,,1620586117,14:48:37,20210509
6,2016-12-31,ACH,CNY,2017-04-18,2017-04-18,FY,20749751000.0,19229229000.0,1520522000.0,0.07327904802327508,-24321000.0,-184775000.0,-297487000.0,0.0,4837454000.0,18425159000.0,0.0,0.0,239036000.0,0.0115199454682613,239036000.0,0.011519945468261282,107331000.0,239036000.0,0.011519945468261282,-58213000.0,297249000.0,0.014325424917147198,0.0199445131565,0.0199445131565,14903798236,14903798236,https://www.sec.gov/Archives/edgar/data/1161611/000116161117000011/0001161611-17-000011-index.htm,https://www.sec.gov/Archives/edgar/data/1161611/000116161117000011/d20f.htm,1620586117,14:48:37,20210509
7,2015-12-31,ACH,CNY,2016-04-15,2016-04-15,FY,19056759000.0,18667926000.0,388833000.0,0.020403941719575717,-26069000.0,-86266000.0,-274052000.0,0.0,19337000000.0,18007487000.0,0.0,0.0,775434000.0,0.0406907596407133,775434000.0,0.0406907596407133,0.0,0.0,0.0,0.0,0.0,0.0,3.587,3.587,14903798236,14903798236,https://www.sec.gov/Archives/edgar/data/1161611/000116161116000148/0001161611-16-000148-index.htm,https://www.sec.gov/Archives/edgar/data/1161611/000116161116000148/d20f_2015.htm,1620586117,14:48:37,20210509
8,2015-04-15,ACH,CNY,2015-04-15,2015-04-15,FY,22849546000.0,22747447000.0,102099000.0,0.00446831635079314,-47346000.0,-496232000.0,-282570000.0,0.0,19337000000.0,21638729000.0,0.0,0.0,-173244000.0,-0.00758194495417983,-173244000.0,-0.007581944954179833,0.0,-2574626000.0,-0.11267733722149227,-173244000.0,-2401382000.0,-0.10509539226731245,-0.161125503846,-0.161125503846,14903798236,14903798236,https://www.sec.gov/Archives/edgar/data/1161611/000116161115000027/0001161611-15-000027-index.htm,https://www.sec.gov/Archives/edgar/data/1161611/000116161115000027/d20f_2014.htm,1620586117,14:48:37,20210509
9,2014-12-31,ACH,CNY,2014-12-31,2014-12-31,FY,141772292000.0,141138806000.0,633486000.0,0.004468334334328177,293766000.0,3615213000.0,1652194000.0,63189000.0,24039000000.0,146915216000.0,6583600000.0,338422000.0,-4804502000.0,-0.03388886454625421,-5142924000.0,-0.036275945937306285,-5171725000.0,-15974523000.0,-0.11267732766851227,1074910000.0,-16216880000.0,-0.11438680838989328,-30.0,-30.0,540979516,540979516,,,1620586117,14:48:37,20210509
10,2014-04-01,ACH,CNY,2014-04-01,2014-04-01,FY,27988046000.0,27533541000.0,454505000.0,0.016239254430266407,-31984000.0,-179669000.0,-307121000.0,0.0,24039000000.0,26707646000.0,0.0,0.0,901215000.0,0.0321999970987614,901215000.0,0.032199997098761375,133122000.0,145901000.0,0.005212975568212229,-56090000.0,201991000.0,0.007217045448617599,0.024572,0.024572,14903798236,14903798236,https://www.sec.gov/Archives/edgar/data/1161611/000116161114000013/0001161611-14-000013-index.htm,https://www.sec.gov/Archives/edgar/data/1161611/000116161114000013/d20f-2013.htm,1620586117,14:48:37,20210509
11,2013-12-31,ACH,CNY,2013-12-31,2013-12-31,FY,169431235000.0,166679798000.0,2751437000.0,0.016239254822170188,193620000.0,2193594000.0,1756690000.0,112208000.0,27004000000.0,170873635000.0,5948919000.0,299853000.0,-1142547000.0,-0.006743426027674295,-1442400000.0,-0.008513188255990697,7657984000.0,883241000.0,0.005212976226018774,339551000.0,975246000.0,0.005755998886509917,1.75,1.75,540979516,540979516,,,1620586117,14:48:37,20210509
12,2013-04-25,ACH,CNY,2013-04-25,2013-04-25,FY,76728147000.0,70960668000.0,5767479000.0,0.07516770866367983,-177507000.0,-944170000.0,-1562841000.0,0.0,27004000000.0,66713309000.0,0.0,0.0,0.0,0.0,0.0,0.0,0.0,0.0,0.0,0.0,0.0,0.0,0.0,0.0,14903798236,14903798236,https://www.sec.gov/Archives/edgar/data/1161611/000116161113000016/0001161611-13-000016-index.htm,https://www.sec.gov/Archives/edgar/data/1161611/000116161113000016/d20f_2012.htm,1620586117,14:48:37,20210509
13,2012-12-31,ACH,CNY,2012-12-31,2012-12-31,FY,149478821000.0,149802658000.0,-323837000.0,-0.0021664406892799885,198946000.0,2066166000.0,1878305000.0,68947000.0,24758000000.0,154210226000.0,4921747000.0,294655000.0,-4436750000.0,-0.02968146236582907,-4731405000.0,-0.03165267807403967,246911000.0,-9092062000.0,-0.06082508504666357,-448479000.0,-8233754000.0,-0.05508308096703546,-15.25,-15.25,540979516,540979516,,,1620586117,14:48:37,20210509
14,2012-10-09,ACH,CNY,2012-10-09,2012-10-09,FY,85198835000.0,64936133000.0,20262702000.0,0.2378283928412871,-229803000.0,-1673580000.0,-1355534000.0,0.0,24758000000.0,60321682000.0,0.0,0.0,0.0,0.0,0.0,0.0,47067000.0,0.0,0.0,0.0,0.0,0.0,0.0,0.0,14903798236,14903798236,https://www.sec.gov/Archives/edgar/data/1161611/000116161112000087/0001161611-12-000087-index.htm,https://www.sec.gov/Archives/edgar/data/1161611/000116161112000087/d20f_sep.htm,1620586117,14:48:37,20210509
15,2012-04-27,ACH,CNY,2012-04-27,2012-04-27,FY,85198835000.0,64936133000.0,20262702000.0,0.2378283928412871,-229803000.0,-1673580000.0,-1355534000.0,0.0,24758000000.0,60321682000.0,0.0,0.0,0.0,0.0,0.0,0.0,47067000.0,0.0,0.0,0.0,0.0,0.0,0.0,0.0,14903798236,14903798236,https://www.sec.gov/Archives/edgar/data/1161611/000116161112000038/0001161611-12-000038-index.htm,https://www.sec.gov/Archives/edgar/data/1161611/000116161112000038/d20f_2011.htm,1620586117,14:48:37,20210509
16,2011-12-31,ACH,CNY,2011-12-31,2011-12-31,FY,145874433000.0,138111367000.0,7763066000.0,0.05321745449389339,218026000.0,2374784000.0,1107264000.0,0.0,22123000000.0,142731610000.0,3432352000.0,254852000.0,3397675000.0,0.02329177862168623,3142823000.0,0.02154471441887284,968747000.0,817996000.0,0.005607535077788443,127492000.0,237974000.0,0.001631361953605674,0.5,0.5,540979516,540979516,,,1620586117,14:48:37,20210509
17,2011-04-15,ACH,CNY,2011-04-15,2011-04-15,FY,74287003000.0,52358293000.0,21928710000.0,0.29518905211454016,-126294000.0,-1623846000.0,-1185088000.0,0.0,22123000000.0,48237977000.0,0.0,0.0,17462371000.0,0.235066300897884,17462371000.0,0.23506630089788386,59832000.0,17462371000.0,0.23506630089788386,-4465282000.0,21927653000.0,0.2951748235152251,-0.011419,-0.011419,14903798236,14903798236,https://www.sec.gov/Archives/edgar/data/1161611/000116161111000051/0001161611-11-000051-index.htm,https://www.sec.gov/Archives/edgar/data/1161611/000116161111000051/d20f_full.htm,1620586117,14:48:37,20210509
18,2010-12-31,ACH,CNY,2010-12-31,2010-12-31,FY,120994847000.0,113393852000.0,7644906000.0,0.06318373211381473,164235000.0,3257613000.0,0.0,0.0,17409000000.0,116891340000.0,2575661000.0,280813000.0,4384320000.0,0.03623559274387941,4103507000.0,0.03391472531057459,-238601000.0,1380354000.0,0.011408370143234281,411216000.0,778008000.0,0.006430092018712169,1.5,1.5,540979516,540979516,,,1620586117,14:48:37,20210509
19,2010-06-25,ACH,CNY,2010-06-25,2010-06-25,FY,76728147000.0,70960668000.0,5767479000.0,0.07516770866367983,-177507000.0,-944170000.0,-1562841000.0,0.0,17409000000.0,66713309000.0,0.0,0.0,134457000.0,0.00175238169116739,134457000.0,0.0017523816911673886,100781000.0,134457000.0,0.0017523816911673886,0.0,134457000.0,0.0017523816911673886,1.672,1.672,14903798236,14903798236,https://www.sec.gov/Archives/edgar/data/1161611/000116161110000029/0001161611-10-000029-index.htm,https://www.sec.gov/Archives/edgar/data/1161611/000116161110000029/d20f.htm,1620586117,14:48:37,20210509
20,2009-12-31,ACH,CNY,2009-12-31,2009-12-31,FY,70268005000.0,69128090000.0,1188559000.0,0.016914654116051822,177756000.0,3173998000.0,166278000.0,0.0,10772000000.0,72923650000.0,2299780000.0,285696000.0,-2369949000.0,-0.033727284558598185,-2655645000.0,-0.03779308947222851,-560311000.0,-5390597000.0,-0.0767148149431594,-711003000.0,-4642894000.0,-0.06607408307664349,-8.5825,-8.5825,540979516,540979516,,,1620586117,14:48:37,20210509
21,2008-12-31,ACH,CNY,2008-12-31,2008-12-31,FY,76725941000.0,70073660000.0,6652281000.0,0.08670184963909403,177507000.0,3236990000.0,1557149000.0,0.0,11033000000.0,74903277000.0,1902612000.0,230742000.0,2053406000.0,0.02676286498721469,1822664000.0,0.023755511841816315,11717000.0,124815000.0,0.0016267640171399136,-33557000.0,158372000.0,0.002064125873672895,0.017,0.017,540960000,540960000,,,1620586117,14:48:37,20210509
22,2008-06-23,ACH,CNY,2008-06-25,2008-06-25,FY,40761845000.0,27876729000.0,12795116000.0,0.31389933404633674,-114609000.0,-927927000.0,-785642000.0,0.0,11033000000.0,25262909000.0,0.0,4466446000.0,4466446000.0,0.109574186350005,0.0,0.0,0.0,0.0,0.0,0.0,0.0,0.0,0.0,0.0,14903798236,14903798236,https://www.sec.gov/Archives/edgar/data/1161611/000116161108000038/0001161611-08-000038-index.htm,https://www.sec.gov/Archives/edgar/data/1161611/000116161108000038/d20f.htm,1620586117,14:48:37,20210509
23,2007-12-31,ACH,CNY,2007-12-31,2007-12-31,FY,76289894387.24,57279680161.0,19010214226.24,0.2491839106467499,228312970.32,2858594685.28,11644297.52,0.0,0.0,61359231307.32,0.0,242316808.68,15172979888.6,0.198885842095723,14930663079.92,0.19570957857319113,208691525.44,14430060557.68,0.189147732784036,2784426208.04,10259268962.16,0.13447743039313909,20.502803,20.502803,500383731,500383731,,,1620586117,14:48:37,20210509
24,2007-06-20,ACH,CNY,2007-06-20,2007-06-20,FY,17273542000.0,13828477000.0,3445065000.0,0.19944172422772352,131941000.0,231974000.0,501829000.0,0.0,1367573000.0,15196050000.0,0.0,26000.0,26000.0,1.50519216035715e-06,0.0,0.0,-54286000.0,0.0,0.0,0.0,0.0,0.0,0.0,0.0,14903798236,14903798236,https://www.sec.gov/Archives/edgar/data/1161611/000116161107000063/0001161611-07-000063-index.htm,https://www.sec.gov/Archives/edgar/data/1161611/000116161107000063/d20f_2006ar.htm,1620586117,14:48:37,20210509
25,2006-12-31,ACH,CNY,2006-12-31,2006-12-31,FY,61843921875.0,41858882590.0,19985039285.0,0.3231528447596533,113430232.5,2274928422.5,38995297.5,0.0,0.0,44456401385.0,0.0,136159945.0,17523680435.0,0.28335331757289206,17387520490.0,0.28115164696611505,474618230.0,16766051942.5,0.2711026635145784,4389844347.5,11734746257.5,0.18974776989755712,25.724927205595808,25.6153324613527,456162467,458114150,,,1620586117,14:48:37,20210509
26,2006-05-30,ACH,CNY,2006-05-31,2006-05-31,FY,0.0,0.0,0.0,0.0,144048000.0,739184000.0,335227000.0,0.0,1553686000.0,1553686000.0,0.0,0.0,2932490000.0,0.0,2932490000.0,0.0,0.0,2487817000.0,0.0,0.0,1727763000.0,0.0,-0.125,-0.125,14903798236,14903798236,https://www.sec.gov/Archives/edgar/data/1161611/000116161106000031/0001161611-06-000031-index.htm,https://www.sec.gov/Archives/edgar/data/1161611/000116161106000031/ar.htm,1620586117,14:48:37,20210509
27,2005-12-31,ACH,CNY,2005-12-31,2005-12-31,FY,37121702721.5,24829718236.5,12291984485.0,0.33112663439009704,113416528.0,2210709990.5,0.0,0.0,0.0,27037368370.5,0.0,2525721813.5,12610056164.5,0.33969498271954424,10084334351.0,0.2716560289988906,143805182.0,9744633765.0,0.2625050321130917,2495979039.5,7024574733.0,0.18923094087846176,16.006521114246365,15.608119432659194,438857056,450059007,,,1620586117,14:48:37,20210509
28,2005-05-24,ACH,CNY,2005-05-24,2005-05-24,FY,13959000.0,2593390000.0,1310806000.0,93.90400458485564,16025000.0,69278000.0,78237000.0,71603000.0,241777000.0,2835167000.0,0.0,0.0,1082579000.0,77.5541944265348,1082579000.0,77.55419442653485,409000.0,1032685000.0,73.97986961816748,0.0,800207000.0,57.32552475105667,-0.478,-0.478,14903798236,14903798236,https://www.sec.gov/Archives/edgar/data/1161611/000116161105000014/0001161611-05-000014-index.htm,https://www.sec.gov/Archives/edgar/data/1161611/000116161105000014/chalco2004ar.htm,1620586117,14:48:37,20210509
29,2004-12-31,ACH,CNY,2004-12-31,2004-12-31,FY,32313096273.0,21464199903.1,10848896369.9,0.3357430150995793,132632519.3,1772500921.7,0.0,0.0,0.0,23353124726.4,0.0,95935480.35,9055907026.95,0.2802550071475783,8959971546.6,0.2772860722135973,374627678.25,8547024312.0,0.26450650967613015,2079537505.2,6223943633.8,0.19261365674203648,14.002698,14.002698,444481755,444481755,,,1620586117,14:48:37,20210509
30,2003-12-31,ACH,CNY,2004-06-30,2004-06-30,FY,8210000.0,1986243000.0,822347000.0,100.16406820950061,20945000.0,60172000.0,66383000.0,61887000.0,1727848580.6,2200126000.0,0.0,0.0,613588000.0,74.7366626065773,613588000.0,74.73666260657734,3086000.0,559192000.0,68.11108404384896,0.0,559192000.0,68.11108404384896,0.144,0.144,14903798236,14903798236,https://www.sec.gov/Archives/edgar/data/1161611/000119312504111869/0001193125-04-111869-index.htm,https://www.sec.gov/Archives/edgar/data/1161611/000119312504111869/d20f.htm,1620586117,14:48:37,20210509
31,2003-06-23,ACH,CNY,2003-06-23,2003-06-23,FY,7621000.0,1613329000.0,414783000.0,54.426322004986226,15935000.0,26948000.0,60607000.0,55529000.0,164097000.0,1777426000.0,0.0,0.0,256363000.0,33.639023750164,256363000.0,33.63902375016402,1943000.0,197080000.0,25.860123343393255,0.0,202883000.0,26.621571972182128,-0.031,-0.031,14903798236,14903798236,https://www.sec.gov/Archives/edgar/data/1161611/000116161103000004/0001161611-03-000004-index.htm,https://www.sec.gov/Archives/edgar/data/1161611/000116161103000004/chalco2002fr.htm,1620586117,14:48:37,20210509
32,2002-12-31,ACH,CNY,2002-12-31,2002-12-31,FY,16788873384.96,13355266528.32,3433606856.64,0.20451681169481764,131911204.8,1226496888.96,0.0,0.0,0.0,14666679961.92,0.0,2025182603.52,4147376026.56,0.24703122904454983,2122193423.04,0.12640475476699511,46738039.68,1631435728.32,0.09717362749197284,183351193.92,1401271992.0,0.08346432544159298,3.250388,3.250388,431109130,431109130,,,1620586117,14:48:37,20210509
33,2001-12-31,ACH,CNY,2001-12-31,2001-12-31,FY,15987787027.2,11646157575.36,4341629451.84,0.27155912475276234,144046870.08,1409624574.72,0.0,0.0,0.0,13029664807.68,0.0,1814290237.44,4772412456.96,0.29850362960431615,2958122219.52,0.18502386943779967,170040041.28,2344882053.12,0.14666708088684538,756815185.92,1588066867.2,0.09932999886089451,4.13904,4.13904,324899276,324899276,,,1620586117,14:48:37,20210509
34,2000-12-31,ACH,CNY,2000-12-31,2000-12-31,FY,18270938000.0,11486889000.0,6784049000.0,0.3713027212943309,309477000.0,0.0,259101000.0,0.0,0.0,13316574000.0,0.0,0.0,4954364000.0,0.2711609004420025,4954364000.0,0.2711609004420025,-707226000.0,4247138000.0,0.23245319972078063,1589475000.0,2522997000.0,0.13808798431695188,8.0,8.0,315374625,315374625,,,1620586117,14:48:37,20210509
