,date,symbol,reportedCurrency,fillingDate,acceptedDate,period,revenue,costOfRevenue,grossProfit,grossProfitRatio,researchAndDevelopmentExpenses,generalAndAdministrativeExpenses,sellingAndMarketingExpenses,otherExpenses,operatingExpenses,costAndExpenses,interestExpense,depreciationAndAmortization,ebitda,ebitdaratio,operatingIncome,operatingIncomeRatio,totalOtherIncomeExpensesNet,incomeBeforeTax,incomeBeforeTaxRatio,incomeTaxExpense,netIncome,netIncomeRatio,eps,epsdiluted,weightedAverageShsOut,weightedAverageShsOutDil,link,finalLink,timestamp,est_time,est_date
0,2020-12-31,GIL.TO,USD,2020-12-31,2020-12-31,FY,1981276000.0,1732217000.0,249059000.0,0.12570636297012633,0.0,101492000.0,170814000.0,0.0,0.0,2004523000.0,33674000.0,147190000.0,123943000.0,0.0625571601331667,-23247000.0,-0.011733347600233385,-157825000.0,-229373000.0,-0.11577034194125402,-4091000.0,-225282000.0,-0.11370551099392513,-1.1034526672577034,-1.1034526672577034,204161000,204161000,https://www.sedar.com/ModifyCompanyDocumentSearchForm.do?lang=EN&company_search=Gildan Activewear Inc&document_selection=0&industry_group=A&FromDate=13&FromMonth=05&FromYear=2000&ToDate=13&ToMonth=11&ToYear=2020&Variable=Issuer,https://www.sedar.com/ModifyCompanyDocumentSearchForm.do?lang=EN&company_search=Gildan Activewear Inc&document_selection=0&industry_group=A&FromDate=13&FromMonth=05&FromYear=2000&ToDate=13&ToMonth=11&ToYear=2020&Variable=Issuer,1620592555,16:35:55,20210509
1,2019-12-31,GIL.TO,USD,2019-12-31,2019-12-31,FY,2823901000.0,2119440000.0,704461000.0,0.24946377369461606,0.0,121273000.0,219214000.0,0.0,340487000.0,2459927000.0,32087000.0,156794000.0,520768000.0,0.18441439696363293,363974000.0,0.1288904958070414,-74052000.0,249825000.0,0.0884680447366958,-9984000.0,259809000.0,0.09200357944559671,1.2725691978389604,1.2697828541266514,204161000,204609000,https://www.sedar.com/ModifyCompanyDocumentSearchForm.do?lang=EN&company_search=Gildan Activewear Inc&document_selection=0&industry_group=A&FromDate=13&FromMonth=05&FromYear=2000&ToDate=13&ToMonth=11&ToYear=2020&Variable=Issuer,https://www.sedar.com/ModifyCompanyDocumentSearchForm.do?lang=EN&company_search=Gildan Activewear Inc&document_selection=0&industry_group=A&FromDate=13&FromMonth=05&FromYear=2000&ToDate=13&ToMonth=11&ToYear=2020&Variable=Issuer,1620592555,16:35:55,20210509
2,2018-12-31,GIL.TO,USD,2018-12-31,2018-12-31,FY,2908565000.0,2102612000.0,805953000.0,0.2770964375903581,0.0,135735000.0,232811000.0,0.0,368546000.0,2471158000.0,25056000.0,158076000.0,595483000.0,0.20473429337147356,437407000.0,0.15038584319071432,-32745000.0,372134000.0,0.1279441924110343,21360000.0,350774000.0,0.12060036478469624,1.66,1.66,211309639,211309639,https://www.sedar.com/ModifyCompanyDocumentSearchForm.do?lang=EN&company_search=Gildan Activewear Inc&document_selection=0&industry_group=A&FromDate=13&FromMonth=05&FromYear=2000&ToDate=13&ToMonth=11&ToYear=2020&Variable=Issuer,https://www.sedar.com/ModifyCompanyDocumentSearchForm.do?lang=EN&company_search=Gildan Activewear Inc&document_selection=0&industry_group=A&FromDate=13&FromMonth=05&FromYear=2000&ToDate=13&ToMonth=11&ToYear=2020&Variable=Issuer,1620592555,16:35:55,20210509
3,2017-12-31,GIL.TO,USD,2017-12-31,2017-12-31,FY,2750816000.0,1949597000.0,801219000.0,0.2912659370892128,0.0,141325000.0,235998000.0,0.0,377323000.0,2326920000.0,17437000.0,162150000.0,586046000.0,0.21304442027383874,423896000.0,0.154098274839175,-21618000.0,376816000.0,0.13698335330316533,14482000.0,362334000.0,0.13171873364121772,1.62,1.61,224184000,224535000,https://www.sedar.com/ModifyCompanyDocumentSearchForm.do?lang=EN&company_search=Gildan Activewear Inc&document_selection=0&industry_group=A&FromDate=13&FromMonth=05&FromYear=2000&ToDate=13&ToMonth=11&ToYear=2020&Variable=Issuer,https://www.sedar.com/ModifyCompanyDocumentSearchForm.do?lang=EN&company_search=Gildan Activewear Inc&document_selection=0&industry_group=A&FromDate=13&FromMonth=05&FromYear=2000&ToDate=13&ToMonth=11&ToYear=2020&Variable=Issuer,1620592555,16:35:55,20210509
4,2016-12-31,GIL.TO,USD,2016-12-31,2016-12-31,FY,2585070000.0,1865367000.0,719703000.0,0.27840754795808237,0.0,121702000.0,214731000.0,0.0,336433000.0,2201800000.0,12904000.0,140597000.0,523867000.0,0.20265099204276868,383270000.0,0.14826290970844117,-12180000.0,351838000.0,0.13610385792260946,5200000.0,346638000.0,0.13409230697814759,1.47,1.47,235808163,235808163,https://www.sedar.com/ModifyCompanyDocumentSearchForm.do?lang=EN&company_search=Gildan Activewear Inc&document_selection=0&industry_group=A&FromDate=13&FromMonth=05&FromYear=2000&ToDate=13&ToMonth=11&ToYear=2020&Variable=Issuer,https://www.sedar.com/ModifyCompanyDocumentSearchForm.do?lang=EN&company_search=Gildan Activewear Inc&document_selection=0&industry_group=A&FromDate=13&FromMonth=05&FromYear=2000&ToDate=13&ToMonth=11&ToYear=2020&Variable=Issuer,1620592555,16:35:55,20210509
5,2015-12-31,GIL.TO,USD,2015-12-31,2015-12-31,FY,0.0,0.0,0.0,0.0,0.0,0.0,0.0,0.0,0.0,0.0,0.0,0.0,0.0,0.0,0.0,0.0,0.0,0.0,0.0,0.0,0.0,0.0,1.26,1.25,242502000,244321000,https://www.sedar.com/ModifyCompanyDocumentSearchForm.do?lang=EN&company_search=Gildan Activewear Inc&document_selection=0&industry_group=A&FromDate=13&FromMonth=05&FromYear=2000&ToDate=13&ToMonth=11&ToYear=2020&Variable=Issuer,https://www.sedar.com/ModifyCompanyDocumentSearchForm.do?lang=EN&company_search=Gildan Activewear Inc&document_selection=0&industry_group=A&FromDate=13&FromMonth=05&FromYear=2000&ToDate=13&ToMonth=11&ToYear=2020&Variable=Issuer,1620592555,16:35:55,20210509
6,2015-09-30,GIL.TO,USD,2015-09-30,2015-09-30,FY,2415472000.0,1830135000.0,585337000.0,0.2423282074890539,0.0,315168000.0,0.0,0.0,315168000.0,2145303000.0,7035000.0,116631000.0,386800000.0,0.16013433399352175,270169000.0,0.11184936111865507,-18183000.0,241196000.0,0.09985460398630164,3896000.0,237300000.0,0.09824166870905562,0.98,0.97,242331000,244233000,https://www.sedar.com/ModifyCompanyDocumentSearchForm.do?lang=EN&company_search=Gildan Activewear Inc&document_selection=0&industry_group=A&FromDate=13&FromMonth=05&FromYear=2000&ToDate=13&ToMonth=11&ToYear=2020&Variable=Issuer,https://www.sedar.com/ModifyCompanyDocumentSearchForm.do?lang=EN&company_search=Gildan Activewear Inc&document_selection=0&industry_group=A&FromDate=13&FromMonth=05&FromYear=2000&ToDate=13&ToMonth=11&ToYear=2020&Variable=Issuer,1620592555,16:35:55,20210509
7,2014-09-30,GIL.TO,USD,2014-09-30,2014-09-30,FY,2359994000.0,1701311000.0,658683000.0,0.2791036756873111,0.0,107543000.0,178472000.0,0.0,286015000.0,1987326000.0,2384000.0,95618000.0,468286000.0,0.19842677566129405,372668000.0,0.1579105709590787,-461000.0,366524000.0,0.1553071745097657,6972000.0,359552000.0,0.15235292971083825,1.475,1.46,243530000,246358000,https://www.sedar.com/ModifyCompanyDocumentSearchForm.do?lang=EN&company_search=Gildan Activewear Inc&document_selection=0&industry_group=A&FromDate=13&FromMonth=05&FromYear=2000&ToDate=13&ToMonth=11&ToYear=2020&Variable=Issuer,https://www.sedar.com/ModifyCompanyDocumentSearchForm.do?lang=EN&company_search=Gildan Activewear Inc&document_selection=0&industry_group=A&FromDate=13&FromMonth=05&FromYear=2000&ToDate=13&ToMonth=11&ToYear=2020&Variable=Issuer,1620592555,16:35:55,20210509
8,2013-09-30,GIL.TO,USD,2013-09-30,2013-09-30,FY,2184303000.0,1550266000.0,634037000.0,0.29026971074983643,0.0,115526000.0,167037000.0,0.0,282563000.0,1832829000.0,4211000.0,95278000.0,446752000.0,0.20452840105058684,351474000.0,0.16090899476858292,-12870000.0,330719000.0,0.15140710789666087,10541000.0,320178000.0,0.14658131220805903,1.32,1.305,242910000,245416000,https://www.sedar.com/ModifyCompanyDocumentSearchForm.do?lang=EN&company_search=Gildan Activewear Inc&document_selection=0&industry_group=A&FromDate=13&FromMonth=05&FromYear=2000&ToDate=13&ToMonth=11&ToYear=2020&Variable=Issuer,https://www.sedar.com/ModifyCompanyDocumentSearchForm.do?lang=EN&company_search=Gildan Activewear Inc&document_selection=0&industry_group=A&FromDate=13&FromMonth=05&FromYear=2000&ToDate=13&ToMonth=11&ToYear=2020&Variable=Issuer,1620592555,16:35:55,20210509
9,2012-09-30,GIL.TO,USD,2012-09-30,2012-09-30,FY,1948253000.0,1552128000.0,396125000.0,0.20332318235875935,0.0,89601000.0,136434000.0,0.0,226035000.0,1778163000.0,7639000.0,94573000.0,264663000.0,0.13584631975415923,170090000.0,0.08730385632666804,-14648000.0,144127000.0,0.07397755835612727,-4337000.0,148464000.0,0.07620365527475127,0.6110233109442907,0.6081200642264967,242976000,244136000,https://www.sedar.com/ModifyCompanyDocumentSearchForm.do?lang=EN&company_search=Gildan Activewear Inc&document_selection=0&industry_group=A&FromDate=13&FromMonth=05&FromYear=2000&ToDate=13&ToMonth=11&ToYear=2020&Variable=Issuer,https://www.sedar.com/ModifyCompanyDocumentSearchForm.do?lang=EN&company_search=Gildan Activewear Inc&document_selection=0&industry_group=A&FromDate=13&FromMonth=05&FromYear=2000&ToDate=13&ToMonth=11&ToYear=2020&Variable=Issuer,1620592555,16:35:55,20210509
10,2011-09-30,GIL.TO,USD,2011-09-30,2011-09-30,FY,1726041000.0,1288293000.0,437748000.0,0.2536139060427881,0.0,199132000.0,0.0,0.0,199132000.0,1487425000.0,5072000.0,79808000.0,318424000.0,0.1844822921355866,238616000.0,0.13824468827797254,-9382000.0,224162000.0,0.12987061141653067,-15742000.0,239904000.0,0.1389909046192993,0.985,0.98,243052000,244566000,https://www.sedar.com/ModifyCompanyDocumentSearchForm.do?lang=EN&company_search=Gildan Activewear Inc&document_selection=0&industry_group=A&FromDate=13&FromMonth=05&FromYear=2000&ToDate=13&ToMonth=11&ToYear=2020&Variable=Issuer,https://www.sedar.com/ModifyCompanyDocumentSearchForm.do?lang=EN&company_search=Gildan Activewear Inc&document_selection=0&industry_group=A&FromDate=13&FromMonth=05&FromYear=2000&ToDate=13&ToMonth=11&ToYear=2020&Variable=Issuer,1620592555,16:35:55,20210509
11,2010-09-30,GIL.TO,USD,2010-09-30,2010-09-30,FY,1311463000.0,947206000.0,364257000.0,0.27774859069603947,0.0,154674000.0,0.0,0.0,154674000.0,1101880000.0,2040000.0,69197000.0,278780000.0,0.21257176146029283,209583000.0,0.1598085496884014,-11414000.0,196341000.0,0.14971142914439828,-1904000.0,198245000.0,0.15116324288218577,0.82,0.815,242318000,243960000,https://www.sedar.com/ModifyCompanyDocumentSearchForm.do?lang=EN&company_search=Gildan Activewear Inc&document_selection=0&industry_group=A&FromDate=13&FromMonth=05&FromYear=2000&ToDate=13&ToMonth=11&ToYear=2020&Variable=Issuer,https://www.sedar.com/ModifyCompanyDocumentSearchForm.do?lang=EN&company_search=Gildan Activewear Inc&document_selection=0&industry_group=A&FromDate=13&FromMonth=05&FromYear=2000&ToDate=13&ToMonth=11&ToYear=2020&Variable=Issuer,1620592555,16:35:55,20210509
12,2009-09-30,GIL.TO,USD,2009-09-30,2009-09-30,FY,1038319000.0,807986000.0,230333000.0,0.22183259672605432,0.0,134785000.0,0.0,0.0,134785000.0,942771000.0,1824000.0,62970000.0,158518000.0,0.15266791804830693,95548000.0,0.09202181603148936,-4071000.0,89543000.0,0.0862384296155613,-5786000.0,95329000.0,0.09181089819217408,0.39453774904603056,0.3925103965084201,241622000,242870000,https://www.sedar.com/ModifyCompanyDocumentSearchForm.do?lang=EN&company_search=Gildan Activewear Inc&document_selection=0&industry_group=A&FromDate=13&FromMonth=05&FromYear=2000&ToDate=13&ToMonth=11&ToYear=2020&Variable=Issuer,https://www.sedar.com/ModifyCompanyDocumentSearchForm.do?lang=EN&company_search=Gildan Activewear Inc&document_selection=0&industry_group=A&FromDate=13&FromMonth=05&FromYear=2000&ToDate=13&ToMonth=11&ToYear=2020&Variable=Issuer,1620592555,16:35:55,20210509
13,2008-09-30,GIL.TO,USD,2008-09-30,2008-09-30,FY,1249711000.0,847392000.0,402319000.0,0.32192963013048614,0.0,151453000.0,0.0,0.0,210385000.0,1057777000.0,0.0,58932000.0,250866000.0,0.20073921090556138,191934000.0,0.15358270832216409,-5719000.0,178992000.0,0.14322671401628057,34400000.0,144592000.0,0.11570034992090171,0.6,0.595,240958576,243243474,https://www.sedar.com/ModifyCompanyDocumentSearchForm.do?lang=EN&company_search=Gildan Activewear Inc&document_selection=0&industry_group=A&FromDate=13&FromMonth=05&FromYear=2000&ToDate=13&ToMonth=11&ToYear=2020&Variable=Issuer,https://www.sedar.com/ModifyCompanyDocumentSearchForm.do?lang=EN&company_search=Gildan Activewear Inc&document_selection=0&industry_group=A&FromDate=13&FromMonth=05&FromYear=2000&ToDate=13&ToMonth=11&ToYear=2020&Variable=Issuer,1620592555,16:35:55,20210509
14,2007-09-30,GIL.TO,USD,2007-09-30,2007-09-30,FY,964429000.0,655280000.0,309149000.0,0.3205513314095698,0.0,110979000.0,0.0,0.0,125372000.0,780652000.0,0.0,38777000.0,222554000.0,0.23076245114985136,183777000.0,0.19055524045834374,-28012000.0,125205000.0,0.12982293149625324,-4815000.0,130020000.0,0.1348155229674761,0.54,0.535,240777778,243028037,https://www.sedar.com/ModifyCompanyDocumentSearchForm.do?lang=EN&company_search=Gildan Activewear Inc&document_selection=0&industry_group=A&FromDate=13&FromMonth=05&FromYear=2000&ToDate=13&ToMonth=11&ToYear=2020&Variable=Issuer,https://www.sedar.com/ModifyCompanyDocumentSearchForm.do?lang=EN&company_search=Gildan Activewear Inc&document_selection=0&industry_group=A&FromDate=13&FromMonth=05&FromYear=2000&ToDate=13&ToMonth=11&ToYear=2020&Variable=Issuer,1620592555,16:35:55,20210509
15,2006-09-30,GIL.TO,USD,2006-09-30,2006-09-30,FY,773946904.889844,521605119.111589,252341785.778255,0.3260453452090113,0.0,84470610.782733,0.0,0.0,116885311.660398,638490430.771986,0.0,32414700.877664,167871174.995522,0.21690270215553759,135456474.117858,0.17502037059911435,-20405956.475013,111720260.612574,0.1443513242403562,4786680.99588,106933578.721118,0.13816655644657935,0.444622,0.439625,240504434,243238302,https://www.sedar.com/ModifyCompanyDocumentSearchForm.do?lang=EN&company_search=Gildan Activewear Inc&document_selection=0&industry_group=A&FromDate=13&FromMonth=05&FromYear=2000&ToDate=13&ToMonth=11&ToYear=2020&Variable=Issuer,https://www.sedar.com/ModifyCompanyDocumentSearchForm.do?lang=EN&company_search=Gildan Activewear Inc&document_selection=0&industry_group=A&FromDate=13&FromMonth=05&FromYear=2000&ToDate=13&ToMonth=11&ToYear=2020&Variable=Issuer,1620592555,16:35:55,20210509
16,2005-09-30,GIL.TO,USD,2005-09-30,2005-09-30,FY,653170624.865609,450101152.539457,203069472.326151,0.3108980480681183,0.0,74818065.625941,0.0,0.0,100406412.075861,550507564.615318,0.0,25588345.589816,128251405.84010601,0.1963520724259361,102663060.25029,0.1571764809101957,-10714838.51546,87304059.691223,0.13366195044240692,1350593.041758,85953466.649465,0.1315942012351674,0.359364,0.35687,239181930,240853664,https://www.sedar.com/ModifyCompanyDocumentSearchForm.do?lang=EN&company_search=Gildan Activewear Inc&document_selection=0&industry_group=A&FromDate=13&FromMonth=05&FromYear=2000&ToDate=13&ToMonth=11&ToYear=2020&Variable=Issuer,https://www.sedar.com/ModifyCompanyDocumentSearchForm.do?lang=EN&company_search=Gildan Activewear Inc&document_selection=0&industry_group=A&FromDate=13&FromMonth=05&FromYear=2000&ToDate=13&ToMonth=11&ToYear=2020&Variable=Issuer,1620592555,16:35:55,20210509
17,2004-09-30,GIL.TO,USD,2004-09-30,2004-09-30,FY,532831241.12941,378315043.728542,154516197.400867,0.28999087417124486,0.0,62834631.578113,0.0,0.0,85086758.537572,463401802.266114,0.0,22252126.959459,91681565.82275501,0.1720649217722729,69429438.863296,0.1303028679702238,0.0,63265571.404784,0.11873472597193027,3074905.446443,60190665.958341,0.11296384542084752,0.255881,0.253373,235228812,237557719,https://www.sedar.com/ModifyCompanyDocumentSearchForm.do?lang=EN&company_search=Gildan Activewear Inc&document_selection=0&industry_group=A&FromDate=13&FromMonth=05&FromYear=2000&ToDate=13&ToMonth=11&ToYear=2020&Variable=Issuer,https://www.sedar.com/ModifyCompanyDocumentSearchForm.do?lang=EN&company_search=Gildan Activewear Inc&document_selection=0&industry_group=A&FromDate=13&FromMonth=05&FromYear=2000&ToDate=13&ToMonth=11&ToYear=2020&Variable=Issuer,1620592555,16:35:55,20210509
18,2003-09-30,GIL.TO,USD,2003-09-30,2003-09-30,FY,466020558.065924,325619893.208694,140400664.857229,0.3012756892955948,0.0,52621673.310309,0.0,0.0,52621673.310309,378241566.519003,0.0,17464301.086402,105243292.633323,0.22583401270987516,87778991.546921,0.1883586250169325,0.0,63315958.792164,0.13586516237596374,6169342.612246,57146615.440366,0.12262681216797726,0.244052,0.240354,234157391,237759812,https://www.sedar.com/ModifyCompanyDocumentSearchForm.do?lang=EN&company_search=Gildan Activewear Inc&document_selection=0&industry_group=A&FromDate=13&FromMonth=05&FromYear=2000&ToDate=13&ToMonth=11&ToYear=2020&Variable=Issuer,https://www.sedar.com/ModifyCompanyDocumentSearchForm.do?lang=EN&company_search=Gildan Activewear Inc&document_selection=0&industry_group=A&FromDate=13&FromMonth=05&FromYear=2000&ToDate=13&ToMonth=11&ToYear=2020&Variable=Issuer,1620592555,16:35:55,20210509
19,2002-09-30,GIL.TO,USD,2002-09-30,2002-09-30,FY,378476027.220314,272200913.014713,106275114.205602,0.2807974787363174,0.0,40280188.399861,0.0,0.0,40280188.399861,312481101.414574,0.0,11084645.096248,77079570.901988,0.20365773617973257,65994925.80574,0.17437016101240094,0.0,46503601.020762,0.12287066465557636,4607290.255505,41896310.765256,0.11069739627357643,0.183517,0.178003,228297133,235368283,https://www.sedar.com/ModifyCompanyDocumentSearchForm.do?lang=EN&company_search=Gildan Activewear Inc&document_selection=0&industry_group=A&FromDate=13&FromMonth=05&FromYear=2000&ToDate=13&ToMonth=11&ToYear=2020&Variable=Issuer,https://www.sedar.com/ModifyCompanyDocumentSearchForm.do?lang=EN&company_search=Gildan Activewear Inc&document_selection=0&industry_group=A&FromDate=13&FromMonth=05&FromYear=2000&ToDate=13&ToMonth=11&ToYear=2020&Variable=Issuer,1620592555,16:35:55,20210509
20,2001-09-30,GIL.TO,USD,2001-09-30,2001-09-30,FY,320144168.674699,252737311.350666,67406857.324033,0.2105515699476183,0.0,48240168.040583,0.0,0.0,48240167.406468,300977478.757134,0.0,10278097.019658,29444786.937223,0.09197352261362622,19166689.917565,0.05986893341493414,0.0,246644.261256,0.0007704162230317465,-270767.279645,517412.175016,0.001616184911809987,0.0022978948040163023,0.0022129506756449046,225167912,233810984,https://www.sedar.com/ModifyCompanyDocumentSearchForm.do?lang=EN&company_search=Gildan Activewear Inc&document_selection=0&industry_group=A&FromDate=13&FromMonth=05&FromYear=2000&ToDate=13&ToMonth=11&ToYear=2020&Variable=Issuer,https://www.sedar.com/ModifyCompanyDocumentSearchForm.do?lang=EN&company_search=Gildan Activewear Inc&document_selection=0&industry_group=A&FromDate=13&FromMonth=05&FromYear=2000&ToDate=13&ToMonth=11&ToYear=2020&Variable=Issuer,1620592555,16:35:55,20210509
21,2000-09-30,GIL.TO,USD,2000-09-30,2000-09-30,FY,305649846.246006,218444669.195953,87205177.050053,0.2853107178724535,0.0,32154555.378062,0.0,0.0,38398041.134185,256842710.330138,0.0,6243485.756124,55050621.671992,0.18011009116518198,48807135.915868,0.1596831685515882,-1560623.668797,40435395.367412,0.13229319714712723,4090122.470714,36345272.896699,0.11891147122464463,0.163994,0.155232,222099776,236895856,https://www.sedar.com/ModifyCompanyDocumentSearchForm.do?lang=EN&company_search=Gildan Activewear Inc&document_selection=0&industry_group=A&FromDate=13&FromMonth=05&FromYear=2000&ToDate=13&ToMonth=11&ToYear=2020&Variable=Issuer,https://www.sedar.com/ModifyCompanyDocumentSearchForm.do?lang=EN&company_search=Gildan Activewear Inc&document_selection=0&industry_group=A&FromDate=13&FromMonth=05&FromYear=2000&ToDate=13&ToMonth=11&ToYear=2020&Variable=Issuer,1620592555,16:35:55,20210509
22,1999-09-30,GIL.TO,USD,1999-09-30,1999-09-30,FY,227515710.161112,167864028.218503,59651681.94261,0.2621870898513712,0.0,26378633.200321,0.0,0.0,31074828.741471,198938856.959974,0.0,4696196.222098,33273049.423237,0.14624506325156694,28576853.201139,0.12560386788632183,-399676.549498,21382680.076811,0.09398331245639767,4896034.156373,16486645.920438,0.07246376924372921,0.088806,0.085054,185648116,193837709,https://www.sedar.com/ModifyCompanyDocumentSearchForm.do?lang=EN&company_search=Gildan Activewear Inc&document_selection=0&industry_group=A&FromDate=13&FromMonth=05&FromYear=2000&ToDate=13&ToMonth=11&ToYear=2020&Variable=Issuer,https://www.sedar.com/ModifyCompanyDocumentSearchForm.do?lang=EN&company_search=Gildan Activewear Inc&document_selection=0&industry_group=A&FromDate=13&FromMonth=05&FromYear=2000&ToDate=13&ToMonth=11&ToYear=2020&Variable=Issuer,1620592555,16:35:55,20210509
23,1998-09-30,GIL.TO,USD,1998-09-30,1998-09-30,FY,141143295.774648,107962592.204389,33180703.570259,0.23508522589153596,0.0,13633159.515231,0.0,0.0,16339742.548313,124302334.752702,0.0,2706583.033082,19547544.055028003,0.13849431492826958,16840961.021946,0.11931817894372107,-501219.128726,13031696.036685,0.09232954328551067,4410727.808713,8620968.227972,0.06107954459088441,0.067557,0.066328,127978512,130836848,https://www.sedar.com/ModifyCompanyDocumentSearchForm.do?lang=EN&company_search=Gildan Activewear Inc&document_selection=0&industry_group=A&FromDate=13&FromMonth=05&FromYear=2000&ToDate=13&ToMonth=11&ToYear=2020&Variable=Issuer,https://www.sedar.com/ModifyCompanyDocumentSearchForm.do?lang=EN&company_search=Gildan Activewear Inc&document_selection=0&industry_group=A&FromDate=13&FromMonth=05&FromYear=2000&ToDate=13&ToMonth=11&ToYear=2020&Variable=Issuer,1620592555,16:35:55,20210509
24,1997-09-30,GIL.TO,USD,1997-09-30,1997-09-30,FY,86976365.281598,67581635.297524,19394729.984074,0.22298850867452188,0.0,8997554.654698,0.0,0.0,10697093.528305,78278728.825829,0.0,1699538.149703,10397174.605473,0.11954022879446285,8697636.45577,0.09999999916770724,0.0,6498233.675981,0.07471263779467066,2399347.763139,4098885.912842,0.047126433710713136,0.035522,0.035106,115390279,116758449,https://www.sedar.com/ModifyCompanyDocumentSearchForm.do?lang=EN&company_search=Gildan Activewear Inc&document_selection=0&industry_group=A&FromDate=13&FromMonth=05&FromYear=2000&ToDate=13&ToMonth=11&ToYear=2020&Variable=Issuer,https://www.sedar.com/ModifyCompanyDocumentSearchForm.do?lang=EN&company_search=Gildan Activewear Inc&document_selection=0&industry_group=A&FromDate=13&FromMonth=05&FromYear=2000&ToDate=13&ToMonth=11&ToYear=2020&Variable=Issuer,1620592555,16:35:55,20210509
