,date,symbol,reportedCurrency,fillingDate,acceptedDate,period,revenue,costOfRevenue,grossProfit,grossProfitRatio,researchAndDevelopmentExpenses,generalAndAdministrativeExpenses,sellingAndMarketingExpenses,otherExpenses,operatingExpenses,costAndExpenses,interestExpense,depreciationAndAmortization,ebitda,ebitdaratio,operatingIncome,operatingIncomeRatio,totalOtherIncomeExpensesNet,incomeBeforeTax,incomeBeforeTaxRatio,incomeTaxExpense,netIncome,netIncomeRatio,eps,epsdiluted,weightedAverageShsOut,weightedAverageShsOutDil,link,finalLink,timestamp,est_time,est_date
0,2020-12-31,ABC.AX,AUD,2020-12-31,2020-12-31,FY,1453600000.0,938400000.0,515200000.0,0.35443037974683544,0.0,77800000.0,299100000.0,3800000.0,0.0,0.0,22600000.0,0.0,171200000.0,0.11777655476059438,138300000.0,0.0951430930104568,9300000.0,127200000.0,0.08750687947165657,33600000.0,93700000.0,0.06446064942212439,0.1438125285785193,0.1438125285785193,651542678,651542678,,,1620586041,14:47:21,20210509
1,2019-12-31,ABC.AX,AUD,2019-12-31,2019-12-31,FY,1516400000.0,983700000.0,532700000.0,0.3512925349512002,0.0,83100000.0,307200000.0,3800000.0,390700000.0,0.0,20100000.0,0.0,178900000.0,0.11797678712740702,142000000.0,0.09364283830123978,-60100000.0,63400000.0,0.0418095489316803,16200000.0,47300000.0,0.03119229754682142,0.073,0.072,651542678,656944444,,,1620586041,14:47:21,20210509
2,2018-12-31,ABC.AX,AUD,2018-12-31,2018-12-31,FY,1630200000.0,1052200000.0,578000000.0,0.35455772297877564,0.0,68500000.0,297200000.0,15300000.0,365700000.0,0.0,16300000.0,0.0,266900000.0,0.16372224266961108,212300000.0,0.13022941970310392,53100000.0,251000000.0,0.1539688381793645,65800000.0,185300000.0,0.1136670347196663,0.285,0.284,650498520,652464789,,,1620586041,14:47:21,20210509
3,2017-12-31,ABC.AX,AUD,2017-12-31,2017-12-31,FY,1558100000.0,1009900000.0,548200000.0,0.3518387779988447,0.0,72300000.0,264500000.0,9600000.0,336800000.0,0.0,13600000.0,0.0,257600000.0,0.16532956806366728,211400000.0,0.13567806944355304,55100000.0,254400000.0,0.16327578460946024,72300000.0,182000000.0,0.1168089339580258,0.279,0.279,650067492,650067492,,,1620586041,14:47:21,20210509
4,2016-12-31,ABC.AX,AUD,2016-12-31,2016-12-31,FY,1394300000.0,885800000.0,508500000.0,0.36469913218102273,0.0,68400000.0,217400000.0,6500000.0,285800000.0,0.0,13000000.0,0.0,259200000.0,0.18589973463386644,222700000.0,0.15972172416266225,43400000.0,254600000.0,0.1826005881087284,68400000.0,186300000.0,0.13361543426809153,0.287,0.286,649395882,651398601,,,1620586041,14:47:21,20210509
5,2015-12-31,ABC.AX,AUD,2015-12-31,2015-12-31,FY,1411000000.0,884100000.0,526900000.0,0.3734231041814316,0.0,68100000.0,231900000.0,5900000.0,300000000.0,0.0,14700000.0,0.0,254400000.0,0.18029766123316796,226900000.0,0.16080793763288448,71700000.0,285600000.0,0.20240963855421687,77800000.0,207900000.0,0.14734231041814316,0.32,0.319,648680849,651724138,,,1620586041,14:47:21,20210509
6,2014-12-31,ABC.AX,AUD,2014-12-31,2014-12-31,FY,1335600000.0,821500000.0,514100000.0,0.38492063492063494,0.0,75600000.0,237200000.0,25300000.0,312800000.0,0.0,16800000.0,0.0,250100000.0,0.187256663671758,201300000.0,0.15071877807726863,46200000.0,232500000.0,0.17407906558849956,59900000.0,172700000.0,0.12930518119197365,0.269,0.268,641365689,644402985,,,1620586041,14:47:21,20210509
7,2013-12-31,ABC.AX,AUD,2013-12-31,2013-12-31,FY,1225500000.0,745600000.0,479900000.0,0.3915952672378621,0.0,69400000.0,217400000.0,5000000.0,286800000.0,0.0,15900000.0,0.0,224100000.0,0.1828641370869033,193100000.0,0.15756833945328438,29600000.0,208600000.0,0.17021623827009383,57500000.0,151100000.0,0.12329661362709099,0.237,0.234,638099312,645726496,,,1620586041,14:47:21,20210509
8,2012-12-31,ABC.AX,AUD,2012-12-31,2012-12-31,FY,1173200000.0,716100000.0,457100000.0,0.389618138424821,0.0,62700000.0,209200000.0,10200000.0,271900000.0,0.0,18900000.0,0.0,228100000.0,0.1944255028980566,185200000.0,0.15785884759631777,40400000.0,209200000.0,0.17831571769519264,55100000.0,154200000.0,0.13143539038527105,0.242,0.24,637014563,642500000,,,1620586041,14:47:21,20210509
9,2011-12-31,ABC.AX,AUD,2011-12-31,2011-12-31,FY,1096800000.0,681200000.0,415600000.0,0.37892049598832966,0.0,54700000.0,183500000.0,10300000.0,238200000.0,0.0,19400000.0,0.0,225800000.0,0.20587162654996352,177400000.0,0.16174325309992707,46000000.0,206400000.0,0.18818380743982493,58000000.0,148400000.0,0.13530269876002918,0.233,0.232,635895098,639655172,,,1620586041,14:47:21,20210509
10,2010-12-31,ABC.AX,AUD,2010-12-31,2010-12-31,FY,1069400000.0,667400000.0,402000000.0,0.3759117262016084,0.0,58500000.0,169100000.0,7100000.0,227600000.0,0.0,16300000.0,0.0,215900000.0,0.20188890966897324,174400000.0,0.16308210211333457,41800000.0,202200000.0,0.1890779876566299,50800000.0,151500000.0,0.1416682251729942,0.239,0.237,634851343,639240506,,,1620586041,14:47:21,20210509
11,2009-12-31,ABC.AX,AUD,2009-12-31,2009-12-31,FY,985000000.0,635000000.0,350000000.0,0.3553299492385787,0.0,55000000.0,162000000.0,23300000.0,217000000.0,0.0,18300000.0,0.0,185500000.0,0.1883248730964467,133000000.0,0.1350253807106599,52300000.0,168600000.0,0.17116751269035532,45400000.0,123100000.0,0.1249746192893401,0.204,0.203,603750770,606403941,,,1620586041,14:47:21,20210509
12,2008-12-31,ABC.AX,AUD,2008-12-31,2008-12-31,FY,1018300000.0,658800000.0,359500000.0,0.3530393793577531,0.0,56600000.0,157100000.0,11900000.0,213700000.0,0.0,36900000.0,0.0,191400000.0,0.1879603260335854,145800000.0,0.1431798094863989,43300000.0,155300000.0,0.15250908376706276,34500000.0,120800000.0,0.11862908769517824,0.22,0.218,549351493,554128440,,,1620586041,14:47:21,20210509
13,2007-12-31,ABC.AX,AUD,2007-12-31,2007-12-31,FY,884500000.0,573200000.0,311300000.0,0.35195025438100624,0.0,41100000.0,132900000.0,6900000.0,174000000.0,0.0,24800000.0,0.0,173700000.0,0.19638213680045224,137300000.0,0.15522894290559638,34000000.0,149600000.0,0.1691351045788581,35700000.0,113900000.0,0.12877331825890334,0.21,0.208,542720759,547596154,,,1620586041,14:47:21,20210509
14,2006-12-31,ABC.AX,AUD,2006-12-31,2006-12-31,FY,791250000.0,509132000.0,282118000.0,0.3565472353870458,0.0,40705000.0,119798000.0,4669000.0,160503000.0,0.0,17839000.0,0.0,150507000.0,0.19021421800947869,121615000.0,0.1536998420221169,27109000.0,133568000.0,0.16880631911532384,30974000.0,102116000.0,0.1290565560821485,0.188,0.187,542153567,546074866,,,1620586041,14:47:21,20210509
15,2005-12-31,ABC.AX,AUD,2005-12-31,2005-12-31,FY,717336000.0,464360000.0,252976000.0,0.3526603990319739,0.0,38571000.0,105837000.0,5915000.0,144408000.0,0.0,15942000.0,0.0,136103000.0,0.1897339600968026,108568000.0,0.15134887974394148,25544000.0,120161000.0,0.16751006501834564,29205000.0,90924000.0,0.12675231690588512,0.168,0.167,542063795,544455090,,,1620586041,14:47:21,20210509
16,2004-12-31,ABC.AX,AUD,2004-12-31,2004-12-31,FY,696438000.0,457705000.0,238733000.0,0.3427914616950827,0.0,41265000.0,101940000.0,6351000.0,155040000.0,0.0,13811000.0,0.0,108676000.0,0.1560454771278994,83693000.0,0.1201729371458766,22116000.0,94865000.0,0.13621456612074584,94865000.0,-1170000.0,-0.0016799772556925384,0.15,0.15,541861007,541861007,,,1620586041,14:47:21,20210509
17,2003-12-31,ABC.AX,AUD,2003-12-31,2003-12-31,FY,630626000.0,410069000.0,220557000.0,0.3497429538268324,0.0,45428000.0,86502000.0,6507000.0,142927000.0,0.0,14058000.0,0.0,98477000.0,0.1561575323567376,77630000.0,0.12309990390500868,19437000.0,84419000.0,0.1338653972402026,84419000.0,-885000.0,-0.0014033674475838294,0.107,0.107,541523952,541523952,,,1620586041,14:47:21,20210509
18,2002-12-31,ABC.AX,AUD,2002-12-31,2002-12-31,FY,486831000.0,367599000.0,486831000.0,1.0,0.0,36237000.0,6000000.0,-8174000.0,409836000.0,0.0,14296000.0,0.0,81206000.0,0.16680531847807556,76995000.0,0.15815549954707075,3054000.0,66910000.0,0.1374398918721281,66910000.0,-31000.0,-6.367712820260009e-05,0.099,0.099,510236038,510236038,,,1620586041,14:47:21,20210509
19,2001-12-31,ABC.AX,AUD,2001-12-31,2001-12-31,FY,387801000.0,310032000.0,77769000.0,0.20053842047854442,0.0,27387000.0,5495000.0,5427000.0,41499000.0,0.0,18065000.0,8617000.0,44887000.0,0.11574750967635462,36270000.0,0.0935273503678433,10669000.0,30596000.0,0.07889613487329841,30596000.0,-3000.0,-7.735926415867931e-06,0.064129,0.064129,479988787,479988787,,,1620586041,14:47:21,20210509
20,2000-06-30,ABC.AX,AUD,2000-06-30,2000-06-30,FY,0.0,0.0,0.0,0.0,0.0,0.0,0.0,0.0,0.0,0.0,22225000.0,0.0,45288000.0,0.0,0.0,0.0,7886000.0,23063000.0,0.0,23063000.0,1000.0,0.0,0.04341,0.04341,479835948,479835948,,,1620586041,14:47:21,20210509
21,1999-06-30,ABC.AX,AUD,1999-06-30,1999-06-30,FY,0.0,0.0,0.0,0.0,0.0,0.0,0.0,0.0,0.0,0.0,16814000.0,0.0,-68820000.0,0.0,0.0,0.0,7986000.0,-85634000.0,0.0,-85634000.0,32155000.0,0.0,-0.237771,-0.237771,159578116,159578116,,,1620586041,14:47:21,20210509
22,1998-06-30,ABC.AX,AUD,1998-06-30,1998-06-30,FY,0.0,0.0,0.0,0.0,0.0,0.0,0.0,0.0,0.0,0.0,16887000.0,0.0,44067000.0,0.0,0.0,0.0,7045000.0,27180000.0,0.0,27180000.0,-11242000.0,0.0,0.098552,0.098552,175727471,175727471,,,1620586041,14:47:21,20210509
23,1997-06-30,ABC.AX,AUD,1997-06-30,1997-06-30,FY,0.0,0.0,0.0,0.0,0.0,0.0,0.0,0.0,0.0,0.0,23227000.0,0.0,44072000.0,0.0,0.0,0.0,0.0,20845000.0,0.0,20845000.0,-5209000.0,0.0,0.044796,0.044796,175428585,175428585,,,1620586041,14:47:21,20210509
24,1996-06-30,ABC.AX,AUD,1996-06-30,1996-06-30,FY,0.0,0.0,0.0,0.0,0.0,0.0,0.0,0.0,0.0,0.0,17496000.0,0.0,20587000.0,0.0,0.0,0.0,0.0,3091000.0,0.0,3091000.0,-49694000.0,0.0,-0.008063,-0.008063,184290933,184290933,,,1620586041,14:47:21,20210509
25,1995-06-30,ABC.AX,AUD,1995-06-30,1995-06-30,FY,0.0,0.0,0.0,0.0,0.0,0.0,0.0,0.0,0.0,0.0,14287000.0,0.0,-5806000.0,0.0,0.0,0.0,0.0,-20093000.0,0.0,-20093000.0,-6729000.0,0.0,-0.050172,-0.050172,625848607,625848607,,,1620586041,14:47:21,20210509
26,1994-06-30,ABC.AX,AUD,1994-06-30,1994-06-30,FY,0.0,0.0,0.0,0.0,0.0,0.0,0.0,0.0,0.0,0.0,12539000.0,0.0,48525000.0,0.0,0.0,0.0,0.0,35986000.0,0.0,35986000.0,-8698000.0,0.0,0.104823,0.104823,166995174,166995174,,,1620586041,14:47:21,20210509
27,1993-06-30,ABC.AX,AUD,1993-06-30,1993-06-30,FY,0.0,0.0,0.0,0.0,0.0,0.0,0.0,0.0,0.0,0.0,15080000.0,0.0,38619000.0,0.0,0.0,0.0,0.0,23539000.0,0.0,23539000.0,-4109000.0,0.0,0.091384,0.091384,165231207,165231207,,,1620586041,14:47:21,20210509
28,1992-06-30,ABC.AX,AUD,1992-06-30,1992-06-30,FY,0.0,0.0,0.0,0.0,0.0,0.0,0.0,0.0,0.0,0.0,25739000.0,0.0,16693000.0,0.0,0.0,0.0,0.0,-9046000.0,0.0,-9046000.0,-11566000.0,0.0,-0.07079852645532077,-0.07079852645532077,163364982,163364982,,,1620586041,14:47:21,20210509
29,1991-06-30,ABC.AX,AUD,1991-06-30,1991-06-30,FY,0.0,0.0,0.0,0.0,0.0,0.0,0.0,0.0,0.0,0.0,16731000.0,0.0,33452000.0,0.0,0.0,0.0,0.0,16721000.0,0.0,16721000.0,0.0,0.0,0.0,0.0,160693237,160693237,,,1620586041,14:47:21,20210509
30,1990-06-30,ABC.AX,AUD,1990-06-30,1990-06-30,FY,0.0,0.0,0.0,0.0,0.0,0.0,0.0,0.0,0.0,0.0,11214000.0,0.0,58377000.0,0.0,0.0,0.0,0.0,47163000.0,0.0,47163000.0,0.0,0.0,0.0,0.0,159620325,159620325,,,1620586041,14:47:21,20210509
31,1989-06-30,ABC.AX,AUD,1989-06-30,1989-06-30,FY,0.0,0.0,0.0,0.0,0.0,0.0,0.0,0.0,0.0,0.0,8715000.0,0.0,47014000.0,0.0,0.0,0.0,0.0,38299000.0,0.0,38299000.0,2466000.0,0.0,0.016948670621122798,0.016948670621122798,145498137,145498137,,,1620586041,14:47:21,20210509
