,date,symbol,reportedCurrency,fillingDate,acceptedDate,period,revenue,costOfRevenue,grossProfit,grossProfitRatio,researchAndDevelopmentExpenses,generalAndAdministrativeExpenses,sellingAndMarketingExpenses,otherExpenses,operatingExpenses,costAndExpenses,interestExpense,depreciationAndAmortization,ebitda,ebitdaratio,operatingIncome,operatingIncomeRatio,totalOtherIncomeExpensesNet,incomeBeforeTax,incomeBeforeTaxRatio,incomeTaxExpense,netIncome,netIncomeRatio,eps,epsdiluted,weightedAverageShsOut,weightedAverageShsOutDil,link,finalLink,timestamp,est_time,est_date
0,2020-03-31,1213.HK,HKD,2020-03-31,2020-03-31,FY,461245000,358614000,102631000,0.22250864508016346,0.0,65364000,36104000.0,232000.0,99172000,457403000,3567000.0,10591000.0,14433000.0,0.03129139611269499,3842000.0,0.008329629589480645,0.0,1565000.0,0.003392990709926395,4814000.0,-5729000.0,-0.012420730848030873,-0.028645,-0.028645,200000000.0,200000000.0,https://www1.hkexnews.hk/search/titlesearch.xhtml,https://www1.hkexnews.hk/search/titlesearch.xhtml,1620585132,14:32:12,20210509
1,2019-03-31,1213.HK,HKD,2019-03-31,2019-03-31,FY,479396000,368194000,111202000,0.23196271975569258,0.0,70587000,39463000.0,114000.0,107576000,475148000,3181000.0,3141000.0,7389000.0,0.015413144873966408,4248000.0,0.00886115028076997,0.0,1758000.0,0.0036671144523525434,4672000.0,-7690000.0,-0.01604101828133735,-0.0384,-0.0384,200000000.0,200000000.0,https://www1.hkexnews.hk/search/titlesearch.xhtml,https://www1.hkexnews.hk/search/titlesearch.xhtml,1620585132,14:32:12,20210509
2,2018-03-31,1213.HK,HKD,2018-03-31,2018-03-31,FY,546672000,419909000,126763000,0.23188127432903094,0.0,92012000,44040000.0,0.0,130412000,550321000,2539000.0,4700000.0,1051000.0,0.0019225422191003014,-3649000.0,-0.00667493487868411,0.0,-5929000.0,-0.01084562589633272,5080000.0,-17132000.0,-0.03133871864664735,-0.0857,-0.0857,200000000.0,200000000.0,https://www1.hkexnews.hk/search/titlesearch.xhtml,https://www1.hkexnews.hk/search/titlesearch.xhtml,1620585132,14:32:12,20210509
3,2017-03-31,1213.HK,HKD,2017-03-31,2017-03-31,FY,627771000,477697000,150074000,0.23905851018922505,0.0,104406000,50790000.0,0.0,148109000,625806000,2496000.0,6807000.0,8772000.0,0.013973248206750551,1965000.0,0.003130122289815872,0.0,6493000.0,0.010342943525584966,5241000.0,-3763000.0,-0.005994224008436197,-0.0188,-0.0188,200000000.0,200000000.0,https://www1.hkexnews.hk/search/titlesearch.xhtml,https://www1.hkexnews.hk/search/titlesearch.xhtml,1620585132,14:32:12,20210509
4,2016-03-31,1213.HK,HKD,2016-03-31,2016-03-31,FY,684374000,520084000,164290000,0.24005879825943124,0.0,97661000,50308000.0,0.0,145957000,666041000,2438000.0,7422000.0,25755000.0,0.03763293170108742,18333000.0,0.026787984347739685,0.0,15743000.0,0.02300350393206054,5587000.0,3766000.0,0.005502839090906434,0.0188,0.0188,200000000.0,200000000.0,https://www1.hkexnews.hk/search/titlesearch.xhtml,https://www1.hkexnews.hk/search/titlesearch.xhtml,1620585132,14:32:12,20210509
5,2015-03-31,1213.HK,HKD,2015-03-31,2015-03-31,FY,695057000,546454000,148603000,0.21379973153280954,0.0,84519000,46437000.0,0.0,128949000,675403000,1922000.0,5403000.0,25057000.0,0.03605028076833986,19654000.0,0.02827681758474485,0.0,17940000.0,0.02581083278062087,6159000.0,7789000.0,0.011206275168799105,0.0389,0.0389,200000000.0,200000000.0,https://www1.hkexnews.hk/search/titlesearch.xhtml,https://www1.hkexnews.hk/search/titlesearch.xhtml,1620585132,14:32:12,20210509
6,2014-03-31,1213.HK,HKD,2014-03-31,2014-03-31,FY,603276000,493092000,110184000,0.18264277047321623,0.0,64023000,38463000.0,0.0,99871000,592963000,1175000.0,2706000.0,13019000.0,0.0215805037826799,10313000.0,0.01709499466247621,0.0,9242000.0,0.015319687837739277,3911000.0,1013000.0,0.0016791650919313879,0.0051,0.0051,200000000.0,200000000.0,https://www1.hkexnews.hk/search/titlesearch.xhtml,https://www1.hkexnews.hk/search/titlesearch.xhtml,1620585132,14:32:12,20210509
7,2013-03-31,1213.HK,HKD,2013-03-31,2013-03-31,FY,545887000,444606000,101281000,0.18553473521076708,0.0,57226000,36438000.0,0.0,92434000,537040000,1019000.0,1449000.0,10296000.0,0.018861046333765046,8847000.0,0.016206650827002657,0.0,7803000.0,0.014294167107844664,2667000.0,1134000.0,0.002077353005292304,0.0057,0.0057,200000000.0,200000000.0,https://www1.hkexnews.hk/search/titlesearch.xhtml,https://www1.hkexnews.hk/search/titlesearch.xhtml,1620585132,14:32:12,20210509
8,2012-03-31,1213.HK,HKD,2012-03-31,2012-03-31,FY,588628000,481486000,107142000,0.1820198835257582,0.0,63242000,38472000.0,0.0,99541000,581027000,991000.0,1818000.0,9419000.0,0.016001617320276985,7601000.0,0.012913079228307181,0.0,6557000.0,0.011139463294304722,2593000.0,743000.0,0.0012622573170151608,0.0037,0.0037,200000000.0,200000000.0,https://www1.hkexnews.hk/search/titlesearch.xhtml,https://www1.hkexnews.hk/search/titlesearch.xhtml,1620585132,14:32:12,20210509
9,2011-03-31,1213.HK,HKD,2011-03-31,2011-03-31,FY,739832000,615724000,124108000,0.1677515976600093,0.0,63761000,42555000.0,0.0,103882000,719606000,1200000.0,1988000.0,22214000.0,0.030025735572400222,20226000.0,0.02733863904237719,0.0,18964000.0,0.025632846375933997,4290000.0,11591000.0,0.015667070361920003,0.058,0.058,200000000.0,200000000.0,https://www1.hkexnews.hk/search/titlesearch.xhtml,https://www1.hkexnews.hk/search/titlesearch.xhtml,1620585132,14:32:12,20210509
10,2010-03-31,1213.HK,HKD,2010-03-31,2010-03-31,FY,717197000,603618000,113579000,0.15836513538121325,0.0,64424000,43850000.0,0.0,105683000,709301000,1018000.0,2872000.0,10768000.0,0.015014005914692895,7896000.0,0.011009527368352071,0.0,6827000.0,0.009519002449815043,3331000.0,1843000.0,0.0025697263095077086,0.01,0.01,200000000.0,200000000.0,https://www1.hkexnews.hk/search/titlesearch.xhtml,https://www1.hkexnews.hk/search/titlesearch.xhtml,1620585132,14:32:12,20210509
11,2009-03-31,1213.HK,HKD,2009-03-31,2009-03-31,FY,766795000,644425000,122370000,0.15958633011430695,0.0,73434000,47329000.0,0.0,118550000,762975000,2110000.0,5060000.0,8880000.0,0.011580670192163486,3820000.0,0.00498177478987213,0.0,2078000.0,0.002709981155328347,2469000.0,-1946000.0,-0.0025378360578772684,-0.0097,-0.0097,200000000.0,200000000.0,https://www1.hkexnews.hk/search/titlesearch.xhtml,https://www1.hkexnews.hk/search/titlesearch.xhtml,1620585132,14:32:12,20210509
12,2008-03-31,1213.HK,HKD,2008-03-31,2008-03-31,FY,933364000,794009000,139355000,0.14930402286782005,0.0,69767000,47533000.0,0.0,117300000,911309000,0.0,0.0,22055000.0,0.02362958074234704,22055000.0,0.02362958074234704,0.0,19618000.0,0.02101859510330375,5208000.0,14410000.0,0.015438778440136967,0.052,0.052,200000000.0,200000000.0,https://www1.hkexnews.hk/search/titlesearch.xhtml,https://www1.hkexnews.hk/search/titlesearch.xhtml,1620585132,14:32:12,20210509
13,2007-03-31,1213.HK,HKD,2007-03-31,2007-03-31,FY,1006767000,859680000,147087000,0.14609835244897776,0.0,71235000,47438000.0,0.0,118673000,978353000,0.0,0.0,28414000.0,0.028223014858452848,28414000.0,0.028223014858452848,0.0,24462000.0,0.02429757828772695,6702000.0,17760000.0,0.01764062588463865,0.074,0.07,200027027.0,211457143.0,https://www1.hkexnews.hk/search/titlesearch.xhtml,https://www1.hkexnews.hk/search/titlesearch.xhtml,1620585132,14:32:12,20210509
14,2006-03-31,1213.HK,HKD,2006-03-31,2006-03-31,FY,1088526000,932246000,156280000,0.14357029597823112,0.0,74779000,45765000.0,0.0,120544000,1052790000,0.0,0.0,35736000.0,0.03282971651572861,35736000.0,0.03282971651572861,0.0,31942000.0,0.02934426922278384,8089000.0,23853000.0,0.02191311920891187,0.097,0.097,199835052.0,199835052.0,https://www1.hkexnews.hk/search/titlesearch.xhtml,https://www1.hkexnews.hk/search/titlesearch.xhtml,1620585132,14:32:12,20210509
15,2005-03-31,1213.HK,HKD,2005-03-31,2005-03-31,FY,1280392000,1118280000,162112000,0.1266112253122481,0.0,75845000,39864000.0,0.0,115709000,1233989000,0.0,0.0,46403000.0,0.036241244868758946,46403000.0,0.036241244868758946,0.0,44793000.0,0.03498381745590413,9502000.0,35291000.0,0.027562652687614417,0.162,0.162,200339506.0,200339506.0,https://www1.hkexnews.hk/search/titlesearch.xhtml,https://www1.hkexnews.hk/search/titlesearch.xhtml,1620585132,14:32:12,20210509
16,2004-03-31,1213.HK,HKD,2004-03-31,2004-03-31,FY,1159929000,1032152000,127777000,0.11015932871753358,0.0,54296000,34192000.0,0.0,88161000,1120313000,0.0,1872000.0,41488000.0,0.03576770647168922,39616000.0,0.0341538145869273,0.0,38495000.0,0.03318737612388344,6723000.0,31772000.0,0.02739133171082023,0.143,0.143,200244755.0,200244755.0,https://www1.hkexnews.hk/search/titlesearch.xhtml,https://www1.hkexnews.hk/search/titlesearch.xhtml,1620585132,14:32:12,20210509
17,2003-03-31,1213.HK,HKD,2003-03-31,2003-03-31,FY,655699000,568757000,86942000,0.132594376383066,0.0,41668000,22850000.0,0.0,64518000,633275000,0.0,1380000.0,23804000.0,0.036303242798906205,22424000.0,0.0341986185734613,0.0,22132000.0,0.0337532922880773,2894000.0,19238000.0,0.029339681774716752,0.09,0.09,199211111.0,199211111.0,https://www1.hkexnews.hk/search/titlesearch.xhtml,https://www1.hkexnews.hk/search/titlesearch.xhtml,1620585132,14:32:12,20210509
18,2002-03-31,1213.HK,HKD,2002-03-31,2002-03-31,FY,307233000,259237000,47996000,0.15622019770011686,0.0,42122000,1442000.0,0.0,43426000,302663000,0.0,776000.0,5346000.0,0.017400474558397046,4570000.0,0.014874704214716518,0.0,5584000.0,0.01817513092669082,1538000.0,4046000.0,0.013169158260994098,0.023,0.023,191434783.0,191434783.0,https://www1.hkexnews.hk/search/titlesearch.xhtml,https://www1.hkexnews.hk/search/titlesearch.xhtml,1620585132,14:32:12,20210509
19,2001-03-31,1213.HK,HKD,2001-03-31,2001-03-31,FY,460926000,388830000,72096000,0.15641556345270174,0.0,28139000,1683000.0,0.0,29822000,418652000,0.0,1109000.0,43383000.0,0.0941213990966012,42274000.0,0.09171537296659334,0.0,43097000.0,0.09350090903962892,6101000.0,36996000.0,0.0802645110061051,0.24,0.24,1000000.0,1000000.0,https://www1.hkexnews.hk/search/titlesearch.xhtml,https://www1.hkexnews.hk/search/titlesearch.xhtml,1620585132,14:32:12,20210509
20,2000-03-31,1213.HK,HKD,2000-03-31,2000-03-31,FY,588172000,527298000,60874000,0.10349693627034269,0.0,25390000,1523000.0,0.0,26913000,554211000,0.0,723000.0,34684000.0,0.05896914508001061,33961000.0,0.057739912814618856,0.0,34456000.0,0.05858150336976259,5523000.0,28933000.0,0.04919139299388614,0.19,0.19,146436842.0,146436842.0,https://www1.hkexnews.hk/search/titlesearch.xhtml,https://www1.hkexnews.hk/search/titlesearch.xhtml,1620585132,14:32:12,20210509
