,date,symbol,reportedCurrency,fillingDate,acceptedDate,period,revenue,costOfRevenue,grossProfit,grossProfitRatio,researchAndDevelopmentExpenses,generalAndAdministrativeExpenses,sellingAndMarketingExpenses,otherExpenses,operatingExpenses,costAndExpenses,interestExpense,depreciationAndAmortization,ebitda,ebitdaratio,operatingIncome,operatingIncomeRatio,totalOtherIncomeExpensesNet,incomeBeforeTax,incomeBeforeTaxRatio,incomeTaxExpense,netIncome,netIncomeRatio,eps,epsdiluted,weightedAverageShsOut,weightedAverageShsOutDil,link,finalLink,timestamp,est_time,est_date
0,2020-12-31,VGZ.TO,USD,2020-12-31,2020-12-31,FY,0.0,48000.0,-48000.0,0.0,0.0,3777000.0,0.0,261000.0,0.0,8370000.0,0.0,48000.0,-8322000.0,0.0,-8370000.0,0.0,8774000.0,420000.0,0.0,0.0,420000.0,0.0,0.004177714067859286,0.004177714067859286,100533448.0,100533448.0,https://www.sedar.com/ModifyCompanyDocumentSearchForm.do?lang=EN&company_search=Vista Gold Corp&document_selection=0&industry_group=A&FromDate=13&FromMonth=05&FromYear=2000&ToDate=13&ToMonth=11&ToYear=2020&Variable=Issuer,https://www.sedar.com/ModifyCompanyDocumentSearchForm.do?lang=EN&company_search=Vista Gold Corp&document_selection=0&industry_group=A&FromDate=13&FromMonth=05&FromYear=2000&ToDate=13&ToMonth=11&ToYear=2020&Variable=Issuer,1620599494,18:31:34,20210509
1,2019-12-31,VGZ.TO,USD,2019-12-31,2019-12-31,FY,0.0,52000.0,-52000.0,0.0,0.0,3940000.0,0.0,221000.0,8033000.0,8085000.0,0.0,52000.0,-8033000.0,0.0,-8085000.0,0.0,-1422000.0,-9386000.0,0.0,0.0,-9386000.0,0.0,-0.09,-0.09,100533448.0,100533448.0,https://www.sedar.com/ModifyCompanyDocumentSearchForm.do?lang=EN&company_search=Vista Gold Corp&document_selection=0&industry_group=A&FromDate=13&FromMonth=05&FromYear=2000&ToDate=13&ToMonth=11&ToYear=2020&Variable=Issuer,https://www.sedar.com/ModifyCompanyDocumentSearchForm.do?lang=EN&company_search=Vista Gold Corp&document_selection=0&industry_group=A&FromDate=13&FromMonth=05&FromYear=2000&ToDate=13&ToMonth=11&ToYear=2020&Variable=Issuer,1620599494,18:31:34,20210509
2,2018-12-31,VGZ.TO,USD,2018-12-31,2018-12-31,FY,0.0,983000.0,-983000.0,0.0,0.0,4072000.0,0.0,60000.0,8875000.0,9858000.0,0.0,983000.0,-8875000.0,0.0,-9858000.0,0.0,776000.0,-8714000.0,0.0,0.0,-8714000.0,0.0,-0.09,-0.09,99738461.0,99738461.0,https://www.sedar.com/ModifyCompanyDocumentSearchForm.do?lang=EN&company_search=Vista Gold Corp&document_selection=0&industry_group=A&FromDate=13&FromMonth=05&FromYear=2000&ToDate=13&ToMonth=11&ToYear=2020&Variable=Issuer,https://www.sedar.com/ModifyCompanyDocumentSearchForm.do?lang=EN&company_search=Vista Gold Corp&document_selection=0&industry_group=A&FromDate=13&FromMonth=05&FromYear=2000&ToDate=13&ToMonth=11&ToYear=2020&Variable=Issuer,1620599494,18:31:34,20210509
3,2017-12-31,VGZ.TO,USD,2017-12-31,2017-12-31,FY,0.0,655000.0,-655000.0,0.0,0.0,3527000.0,0.0,-143000.0,10458000.0,11113000.0,0.0,655000.0,-10458000.0,0.0,-11113000.0,0.0,-1033000.0,-12035000.0,0.0,0.0,-12035000.0,0.0,-0.12,-0.12,98627255.0,98627255.0,https://www.sedar.com/ModifyCompanyDocumentSearchForm.do?lang=EN&company_search=Vista Gold Corp&document_selection=0&industry_group=A&FromDate=13&FromMonth=05&FromYear=2000&ToDate=13&ToMonth=11&ToYear=2020&Variable=Issuer,https://www.sedar.com/ModifyCompanyDocumentSearchForm.do?lang=EN&company_search=Vista Gold Corp&document_selection=0&industry_group=A&FromDate=13&FromMonth=05&FromYear=2000&ToDate=13&ToMonth=11&ToYear=2020&Variable=Issuer,1620599494,18:31:34,20210509
4,2016-12-31,VGZ.TO,USD,2016-12-31,2016-12-31,FY,0.0,618000.0,-618000.0,0.0,0.0,2944000.0,0.0,34000.0,5952000.0,6570000.0,0.0,618000.0,-5952000.0,0.0,-6570000.0,0.0,3380000.0,-3133000.0,0.0,0.0,-3133000.0,0.0,-0.04,-0.04,89064260.0,89064260.0,https://www.sedar.com/ModifyCompanyDocumentSearchForm.do?lang=EN&company_search=Vista Gold Corp&document_selection=0&industry_group=A&FromDate=13&FromMonth=05&FromYear=2000&ToDate=13&ToMonth=11&ToYear=2020&Variable=Issuer,https://www.sedar.com/ModifyCompanyDocumentSearchForm.do?lang=EN&company_search=Vista Gold Corp&document_selection=0&industry_group=A&FromDate=13&FromMonth=05&FromYear=2000&ToDate=13&ToMonth=11&ToYear=2020&Variable=Issuer,1620599494,18:31:34,20210509
5,2015-12-31,VGZ.TO,USD,2015-12-31,2015-12-31,FY,0.0,694000.0,-694000.0,0.0,0.0,3888000.0,0.0,-198000.0,-2067000.0,-1373000.0,0.0,694000.0,2067000.0,0.0,1373000.0,0.0,-393000.0,1011000.0,0.0,0.0,1011000.0,0.0,0.01224398119915493,0.012070909609303699,82571182.0,83755080.0,https://www.sedar.com/ModifyCompanyDocumentSearchForm.do?lang=EN&company_search=Vista Gold Corp&document_selection=0&industry_group=A&FromDate=13&FromMonth=05&FromYear=2000&ToDate=13&ToMonth=11&ToYear=2020&Variable=Issuer,https://www.sedar.com/ModifyCompanyDocumentSearchForm.do?lang=EN&company_search=Vista Gold Corp&document_selection=0&industry_group=A&FromDate=13&FromMonth=05&FromYear=2000&ToDate=13&ToMonth=11&ToYear=2020&Variable=Issuer,1620599494,18:31:34,20210509
6,2014-12-31,VGZ.TO,USD,2014-12-31,2014-12-31,FY,0.0,863000.0,-863000.0,0.0,0.0,3798000.0,0.0,-417000.0,7789000.0,8652000.0,78000.0,863000.0,-7789000.0,0.0,-8652000.0,0.0,-10206000.0,-18926000.0,0.0,0.0,-18926000.0,0.0,-0.23,-0.23,82294331.0,82294331.0,https://www.sedar.com/ModifyCompanyDocumentSearchForm.do?lang=EN&company_search=Vista Gold Corp&document_selection=0&industry_group=A&FromDate=13&FromMonth=05&FromYear=2000&ToDate=13&ToMonth=11&ToYear=2020&Variable=Issuer,https://www.sedar.com/ModifyCompanyDocumentSearchForm.do?lang=EN&company_search=Vista Gold Corp&document_selection=0&industry_group=A&FromDate=13&FromMonth=05&FromYear=2000&ToDate=13&ToMonth=11&ToYear=2020&Variable=Issuer,1620599494,18:31:34,20210509
7,2013-12-31,VGZ.TO,USD,2013-12-31,2013-12-31,FY,0.0,1021000.0,-1021000.0,0.0,0.0,5528000.0,0.0,127000.0,21128000.0,22149000.0,547000.0,1021000.0,-21128000.0,0.0,-22149000.0,0.0,-52201000.0,-74861000.0,0.0,-15373000.0,-59488000.0,0.0,-0.73,-0.73,81813386.0,81813386.0,https://www.sedar.com/ModifyCompanyDocumentSearchForm.do?lang=EN&company_search=Vista Gold Corp&document_selection=0&industry_group=A&FromDate=13&FromMonth=05&FromYear=2000&ToDate=13&ToMonth=11&ToYear=2020&Variable=Issuer,https://www.sedar.com/ModifyCompanyDocumentSearchForm.do?lang=EN&company_search=Vista Gold Corp&document_selection=0&industry_group=A&FromDate=13&FromMonth=05&FromYear=2000&ToDate=13&ToMonth=11&ToYear=2020&Variable=Issuer,1620599494,18:31:34,20210509
8,2012-12-31,VGZ.TO,USD,2012-12-31,2012-12-31,FY,0.0,589000.0,-589000.0,0.0,0.0,8096000.0,0.0,192000.0,35632000.0,36221000.0,0.0,589000.0,-35632000.0,0.0,-36221000.0,0.0,-54627000.0,-90803000.0,0.0,-20147000.0,-70656000.0,0.0,-0.95,-0.95,74351065.0,74351065.0,https://www.sedar.com/ModifyCompanyDocumentSearchForm.do?lang=EN&company_search=Vista Gold Corp&document_selection=0&industry_group=A&FromDate=13&FromMonth=05&FromYear=2000&ToDate=13&ToMonth=11&ToYear=2020&Variable=Issuer,https://www.sedar.com/ModifyCompanyDocumentSearchForm.do?lang=EN&company_search=Vista Gold Corp&document_selection=0&industry_group=A&FromDate=13&FromMonth=05&FromYear=2000&ToDate=13&ToMonth=11&ToYear=2020&Variable=Issuer,1620599494,18:31:34,20210509
9,2011-12-31,VGZ.TO,USD,2011-12-31,2011-12-31,FY,568000.0,0.0,568000.0,1.0,0.0,6375000.0,0.0,0.0,127037000.0,127037000.0,120000.0,420000.0,-126049000.0,-221.91725352112675,-126469000.0,-222.65669014084506,115140000.0,87068000.0,153.2887323943662,35522000.0,51546000.0,90.75,0.75,0.74,68457885.0,69295947.0,https://www.sedar.com/ModifyCompanyDocumentSearchForm.do?lang=EN&company_search=Vista Gold Corp&document_selection=0&industry_group=A&FromDate=13&FromMonth=05&FromYear=2000&ToDate=13&ToMonth=11&ToYear=2020&Variable=Issuer,https://www.sedar.com/ModifyCompanyDocumentSearchForm.do?lang=EN&company_search=Vista Gold Corp&document_selection=0&industry_group=A&FromDate=13&FromMonth=05&FromYear=2000&ToDate=13&ToMonth=11&ToYear=2020&Variable=Issuer,1620599494,18:31:34,20210509
10,2010-12-31,VGZ.TO,USD,2010-12-31,2010-12-31,FY,524000.0,0.0,524000.0,1.0,0.0,4283000.0,0.0,0.0,8482000.0,8482000.0,1688000.0,288000.0,-7670000.0,-14.63740458015267,-7958000.0,-15.187022900763358,0.0,-9646000.0,-18.408396946564885,-32000.0,-9614000.0,-18.34732824427481,-0.2,-0.2,47335571.0,47335571.0,https://www.sedar.com/ModifyCompanyDocumentSearchForm.do?lang=EN&company_search=Vista Gold Corp&document_selection=0&industry_group=A&FromDate=13&FromMonth=05&FromYear=2000&ToDate=13&ToMonth=11&ToYear=2020&Variable=Issuer,https://www.sedar.com/ModifyCompanyDocumentSearchForm.do?lang=EN&company_search=Vista Gold Corp&document_selection=0&industry_group=A&FromDate=13&FromMonth=05&FromYear=2000&ToDate=13&ToMonth=11&ToYear=2020&Variable=Issuer,1620599494,18:31:34,20210509
11,2009-12-31,VGZ.TO,USD,2009-12-31,2009-12-31,FY,7588000.0,0.0,7588000.0,1.0,0.0,4595000.0,0.0,0.0,6344000.0,6344000.0,2320000.0,262000.0,1506000.0,0.19847127042698998,1244000.0,0.1639430680021086,7329000.0,-1231000.0,-0.16222983658408013,711000.0,-1942000.0,-0.25593041644702164,-0.05,-0.05,37268400.0,37268400.0,https://www.sedar.com/ModifyCompanyDocumentSearchForm.do?lang=EN&company_search=Vista Gold Corp&document_selection=0&industry_group=A&FromDate=13&FromMonth=05&FromYear=2000&ToDate=13&ToMonth=11&ToYear=2020&Variable=Issuer,https://www.sedar.com/ModifyCompanyDocumentSearchForm.do?lang=EN&company_search=Vista Gold Corp&document_selection=0&industry_group=A&FromDate=13&FromMonth=05&FromYear=2000&ToDate=13&ToMonth=11&ToYear=2020&Variable=Issuer,1620599494,18:31:34,20210509
12,2008-12-31,VGZ.TO,USD,2008-12-31,2008-12-31,FY,0.0,0.0,0.0,0.0,0.0,5476000.0,0.0,0.0,6689000.0,6689000.0,0.0,170000.0,-6519000.0,0.0,-6689000.0,0.0,-1175000.0,-9359000.0,0.0,320000.0,-9973000.0,0.0,-0.29,-0.29,34338352.0,34338352.0,https://www.sedar.com/ModifyCompanyDocumentSearchForm.do?lang=EN&company_search=Vista Gold Corp&document_selection=0&industry_group=A&FromDate=13&FromMonth=05&FromYear=2000&ToDate=13&ToMonth=11&ToYear=2020&Variable=Issuer,https://www.sedar.com/ModifyCompanyDocumentSearchForm.do?lang=EN&company_search=Vista Gold Corp&document_selection=0&industry_group=A&FromDate=13&FromMonth=05&FromYear=2000&ToDate=13&ToMonth=11&ToYear=2020&Variable=Issuer,1620599494,18:31:34,20210509
13,2007-12-31,VGZ.TO,USD,2007-12-31,2007-12-31,FY,0.0,0.0,0.0,0.0,0.0,8063000.0,0.0,0.0,8909000.0,8909000.0,0.0,112000.0,-8797000.0,0.0,-8909000.0,0.0,-201000.0,0.0,0.0,0.0,-14201000.0,0.0,-0.44,-0.44,32371609.0,32371609.0,https://www.sedar.com/ModifyCompanyDocumentSearchForm.do?lang=EN&company_search=Vista Gold Corp&document_selection=0&industry_group=A&FromDate=13&FromMonth=05&FromYear=2000&ToDate=13&ToMonth=11&ToYear=2020&Variable=Issuer,https://www.sedar.com/ModifyCompanyDocumentSearchForm.do?lang=EN&company_search=Vista Gold Corp&document_selection=0&industry_group=A&FromDate=13&FromMonth=05&FromYear=2000&ToDate=13&ToMonth=11&ToYear=2020&Variable=Issuer,1620599494,18:31:34,20210509
14,2006-12-31,VGZ.TO,USD,2006-12-31,2006-12-31,FY,0.0,0.0,0.0,0.0,0.0,3683000.0,0.0,0.0,5832000.0,5832000.0,0.0,241000.0,-5591000.0,0.0,-5832000.0,0.0,449000.0,0.0,0.0,0.0,-4171000.0,0.0,-0.16,-0.16,26142324.0,26142324.0,https://www.sedar.com/ModifyCompanyDocumentSearchForm.do?lang=EN&company_search=Vista Gold Corp&document_selection=0&industry_group=A&FromDate=13&FromMonth=05&FromYear=2000&ToDate=13&ToMonth=11&ToYear=2020&Variable=Issuer,https://www.sedar.com/ModifyCompanyDocumentSearchForm.do?lang=EN&company_search=Vista Gold Corp&document_selection=0&industry_group=A&FromDate=13&FromMonth=05&FromYear=2000&ToDate=13&ToMonth=11&ToYear=2020&Variable=Issuer,1620599494,18:31:34,20210509
15,2005-12-31,VGZ.TO,USD,2005-12-31,2005-12-31,FY,0.0,0.0,0.0,0.0,0.0,2760000.0,0.0,0.0,4817000.0,4817000.0,0.0,221000.0,-4596000.0,0.0,-4817000.0,0.0,-20000.0,-4584000.0,0.0,0.0,-4584000.0,0.0,-0.24,-0.24,18813193.0,18813193.0,https://www.sedar.com/ModifyCompanyDocumentSearchForm.do?lang=EN&company_search=Vista Gold Corp&document_selection=0&industry_group=A&FromDate=13&FromMonth=05&FromYear=2000&ToDate=13&ToMonth=11&ToYear=2020&Variable=Issuer,https://www.sedar.com/ModifyCompanyDocumentSearchForm.do?lang=EN&company_search=Vista Gold Corp&document_selection=0&industry_group=A&FromDate=13&FromMonth=05&FromYear=2000&ToDate=13&ToMonth=11&ToYear=2020&Variable=Issuer,1620599494,18:31:34,20210509
16,2004-12-31,VGZ.TO,USD,2004-12-31,2004-12-31,FY,0.0,0.0,0.0,0.0,0.0,3135000.0,0.0,0.0,5049000.0,5049000.0,0.0,207000.0,-4842000.0,0.0,-5049000.0,0.0,45000.0,-4924000.0,0.0,0.0,-4924000.0,0.0,-0.31,-0.31,15955318.0,15955318.0,https://www.sedar.com/ModifyCompanyDocumentSearchForm.do?lang=EN&company_search=Vista Gold Corp&document_selection=0&industry_group=A&FromDate=13&FromMonth=05&FromYear=2000&ToDate=13&ToMonth=11&ToYear=2020&Variable=Issuer,https://www.sedar.com/ModifyCompanyDocumentSearchForm.do?lang=EN&company_search=Vista Gold Corp&document_selection=0&industry_group=A&FromDate=13&FromMonth=05&FromYear=2000&ToDate=13&ToMonth=11&ToYear=2020&Variable=Issuer,1620599494,18:31:34,20210509
17,2003-12-31,VGZ.TO,USD,2003-12-31,2003-12-31,FY,0.0,0.0,0.0,0.0,0.0,1626000.0,0.0,0.0,2828000.0,2828000.0,0.0,212000.0,-2616000.0,0.0,-2828000.0,0.0,83000.0,-2745000.0,0.0,0.0,-2745000.0,0.0,-0.22,-0.22,12755672.0,12755672.0,https://www.sedar.com/ModifyCompanyDocumentSearchForm.do?lang=EN&company_search=Vista Gold Corp&document_selection=0&industry_group=A&FromDate=13&FromMonth=05&FromYear=2000&ToDate=13&ToMonth=11&ToYear=2020&Variable=Issuer,https://www.sedar.com/ModifyCompanyDocumentSearchForm.do?lang=EN&company_search=Vista Gold Corp&document_selection=0&industry_group=A&FromDate=13&FromMonth=05&FromYear=2000&ToDate=13&ToMonth=11&ToYear=2020&Variable=Issuer,1620599494,18:31:34,20210509
18,2002-12-31,VGZ.TO,USD,2002-12-31,2002-12-31,FY,0.0,0.0,0.0,0.0,0.0,2305000.0,0.0,0.0,3021000.0,3021000.0,0.0,74000.0,-2947000.0,0.0,-3021000.0,0.0,260000.0,-2775000.0,0.0,0.0,-2775000.0,0.0,-0.41,-0.41,6760755.0,6760755.0,https://www.sedar.com/ModifyCompanyDocumentSearchForm.do?lang=EN&company_search=Vista Gold Corp&document_selection=0&industry_group=A&FromDate=13&FromMonth=05&FromYear=2000&ToDate=13&ToMonth=11&ToYear=2020&Variable=Issuer,https://www.sedar.com/ModifyCompanyDocumentSearchForm.do?lang=EN&company_search=Vista Gold Corp&document_selection=0&industry_group=A&FromDate=13&FromMonth=05&FromYear=2000&ToDate=13&ToMonth=11&ToYear=2020&Variable=Issuer,1620599494,18:31:34,20210509
19,2001-12-31,VGZ.TO,USD,2001-12-31,2001-12-31,FY,915000.0,746000.0,169000.0,0.18469945355191256,0.0,1158000.0,0.0,0.0,2705000.0,3451000.0,0.0,301000.0,-2235000.0,-2.442622950819672,-2536000.0,-2.771584699453552,-693000.0,-3275000.0,-3.579234972677596,0.0,-3275000.0,-3.579234972677596,-0.8,-0.8,4535752.0,4535752.0,https://www.sedar.com/ModifyCompanyDocumentSearchForm.do?lang=EN&company_search=Vista Gold Corp&document_selection=0&industry_group=A&FromDate=13&FromMonth=05&FromYear=2000&ToDate=13&ToMonth=11&ToYear=2020&Variable=Issuer,https://www.sedar.com/ModifyCompanyDocumentSearchForm.do?lang=EN&company_search=Vista Gold Corp&document_selection=0&industry_group=A&FromDate=13&FromMonth=05&FromYear=2000&ToDate=13&ToMonth=11&ToYear=2020&Variable=Issuer,1620599494,18:31:34,20210509
20,2000-12-31,VGZ.TO,USD,2000-12-31,2000-12-31,FY,3757000.0,2560000.0,1197000.0,0.31860527016236356,0.0,1244000.0,0.0,0.0,3986000.0,6546000.0,114000.0,867000.0,-1922000.0,-0.511578387010913,-2789000.0,-0.7423476177801437,-10339000.0,-13242000.0,-3.5246207080117116,-33000.0,-13209000.0,-3.515837104072398,-3.0,-3.0,4535752.0,4535752.0,https://www.sedar.com/ModifyCompanyDocumentSearchForm.do?lang=EN&company_search=Vista Gold Corp&document_selection=0&industry_group=A&FromDate=13&FromMonth=05&FromYear=2000&ToDate=13&ToMonth=11&ToYear=2020&Variable=Issuer,https://www.sedar.com/ModifyCompanyDocumentSearchForm.do?lang=EN&company_search=Vista Gold Corp&document_selection=0&industry_group=A&FromDate=13&FromMonth=05&FromYear=2000&ToDate=13&ToMonth=11&ToYear=2020&Variable=Issuer,1620599494,18:31:34,20210509
21,1999-12-31,VGZ.TO,USD,1999-12-31,1999-12-31,FY,19500000.0,0.0,0.0,0.0,0.0,0.0,0.0,0.0,0.0,0.0,0.0,4409748.299835,23909748.299835,1.226140938453077,19500000.0,1.0,0.0,0.0,0.0,0.0,-27700000.0,-1.4205128205128206,-6.107035834410699,-5.956989247311828,4535752.0,4650000.0,https://www.sedar.com/ModifyCompanyDocumentSearchForm.do?lang=EN&company_search=Vista Gold Corp&document_selection=0&industry_group=A&FromDate=13&FromMonth=05&FromYear=2000&ToDate=13&ToMonth=11&ToYear=2020&Variable=Issuer,https://www.sedar.com/ModifyCompanyDocumentSearchForm.do?lang=EN&company_search=Vista Gold Corp&document_selection=0&industry_group=A&FromDate=13&FromMonth=05&FromYear=2000&ToDate=13&ToMonth=11&ToYear=2020&Variable=Issuer,1620599494,18:31:34,20210509
22,1998-12-31,VGZ.TO,USD,1998-12-31,1998-12-31,FY,37100000.0,0.0,0.0,0.0,0.0,0.0,0.0,0.0,0.0,0.0,0.0,7747698.477805,44847698.477805,1.2088328430675204,37100000.0,1.0,0.0,0.0,0.0,0.0,-1600000.0,-0.0431266846361186,-0.4,-0.4,4472823.0,4472823.0,https://www.sedar.com/ModifyCompanyDocumentSearchForm.do?lang=EN&company_search=Vista Gold Corp&document_selection=0&industry_group=A&FromDate=13&FromMonth=05&FromYear=2000&ToDate=13&ToMonth=11&ToYear=2020&Variable=Issuer,https://www.sedar.com/ModifyCompanyDocumentSearchForm.do?lang=EN&company_search=Vista Gold Corp&document_selection=0&industry_group=A&FromDate=13&FromMonth=05&FromYear=2000&ToDate=13&ToMonth=11&ToYear=2020&Variable=Issuer,1620599494,18:31:34,20210509
23,1997-12-31,VGZ.TO,USD,1997-12-31,1997-12-31,FY,40100000.0,0.0,0.0,0.0,0.0,0.0,0.0,0.0,0.0,0.0,0.0,7407303.881147,47507303.881147,1.1847207950410723,40100000.0,1.0,0.0,0.0,0.0,0.0,-54000000.0,-1.346633416458853,-12.121070640701836,-12.063831070620326,4455052.0,4476190.0,https://www.sedar.com/ModifyCompanyDocumentSearchForm.do?lang=EN&company_search=Vista Gold Corp&document_selection=0&industry_group=A&FromDate=13&FromMonth=05&FromYear=2000&ToDate=13&ToMonth=11&ToYear=2020&Variable=Issuer,https://www.sedar.com/ModifyCompanyDocumentSearchForm.do?lang=EN&company_search=Vista Gold Corp&document_selection=0&industry_group=A&FromDate=13&FromMonth=05&FromYear=2000&ToDate=13&ToMonth=11&ToYear=2020&Variable=Issuer,1620599494,18:31:34,20210509
24,1996-12-31,VGZ.TO,USD,1996-12-31,1996-12-31,FY,36400000.0,0.0,0.0,0.0,0.0,0.0,0.0,0.0,0.0,0.0,0.0,10870754.751395,47270754.751395,1.2986471085548077,36400000.0,1.0,0.0,0.0,0.0,0.0,-11800000.0,-0.3241758241758242,-4.2,-4.2,2500000.0,2500000.0,https://www.sedar.com/ModifyCompanyDocumentSearchForm.do?lang=EN&company_search=Vista Gold Corp&document_selection=0&industry_group=A&FromDate=13&FromMonth=05&FromYear=2000&ToDate=13&ToMonth=11&ToYear=2020&Variable=Issuer,https://www.sedar.com/ModifyCompanyDocumentSearchForm.do?lang=EN&company_search=Vista Gold Corp&document_selection=0&industry_group=A&FromDate=13&FromMonth=05&FromYear=2000&ToDate=13&ToMonth=11&ToYear=2020&Variable=Issuer,1620599494,18:31:34,20210509
25,1995-12-31,VGZ.TO,USD,1995-12-31,1995-12-31,FY,41300000.0,0.0,0.0,0.0,0.0,0.0,0.0,0.0,0.0,0.0,0.0,0.0,41300000.0,1.0,41300000.0,1.0,0.0,0.0,0.0,0.0,2200000.0,0.053268765133171914,1.0,1.0,2200000.0,2200000.0,https://www.sedar.com/ModifyCompanyDocumentSearchForm.do?lang=EN&company_search=Vista Gold Corp&document_selection=0&industry_group=A&FromDate=13&FromMonth=05&FromYear=2000&ToDate=13&ToMonth=11&ToYear=2020&Variable=Issuer,https://www.sedar.com/ModifyCompanyDocumentSearchForm.do?lang=EN&company_search=Vista Gold Corp&document_selection=0&industry_group=A&FromDate=13&FromMonth=05&FromYear=2000&ToDate=13&ToMonth=11&ToYear=2020&Variable=Issuer,1620599494,18:31:34,20210509
26,1994-12-31,VGZ.TO,USD,1994-12-31,1994-12-31,FY,38700000.0,0.0,0.0,0.0,0.0,0.0,0.0,0.0,0.0,0.0,0.0,0.0,38700000.0,1.0,38700000.0,1.0,0.0,0.0,0.0,0.0,5000000.0,0.12919896640826872,2.8,2.8,1785714.0,1785714.0,https://www.sedar.com/ModifyCompanyDocumentSearchForm.do?lang=EN&company_search=Vista Gold Corp&document_selection=0&industry_group=A&FromDate=13&FromMonth=05&FromYear=2000&ToDate=13&ToMonth=11&ToYear=2020&Variable=Issuer,https://www.sedar.com/ModifyCompanyDocumentSearchForm.do?lang=EN&company_search=Vista Gold Corp&document_selection=0&industry_group=A&FromDate=13&FromMonth=05&FromYear=2000&ToDate=13&ToMonth=11&ToYear=2020&Variable=Issuer,1620599494,18:31:34,20210509
27,1993-12-31,VGZ.TO,USD,1993-12-31,1993-12-31,FY,41800000.0,0.0,0.0,0.0,0.0,0.0,0.0,0.0,0.0,0.0,0.0,0.0,41800000.0,1.0,41800000.0,1.0,0.0,0.0,0.0,0.0,2100000.0,0.050239234449760764,1.2,1.2,1750000.0,1750000.0,https://www.sedar.com/ModifyCompanyDocumentSearchForm.do?lang=EN&company_search=Vista Gold Corp&document_selection=0&industry_group=A&FromDate=13&FromMonth=05&FromYear=2000&ToDate=13&ToMonth=11&ToYear=2020&Variable=Issuer,https://www.sedar.com/ModifyCompanyDocumentSearchForm.do?lang=EN&company_search=Vista Gold Corp&document_selection=0&industry_group=A&FromDate=13&FromMonth=05&FromYear=2000&ToDate=13&ToMonth=11&ToYear=2020&Variable=Issuer,1620599494,18:31:34,20210509
28,1992-12-31,VGZ.TO,USD,1992-12-31,1992-12-31,FY,50100000.0,0.0,0.0,0.0,0.0,0.0,0.0,0.0,0.0,0.0,0.0,0.0,50100000.0,1.0,50100000.0,1.0,0.0,0.0,0.0,0.0,0.0,0.0,0.0,0.0,1250000.0,1250000.0,https://www.sedar.com/ModifyCompanyDocumentSearchForm.do?lang=EN&company_search=Vista Gold Corp&document_selection=0&industry_group=A&FromDate=13&FromMonth=05&FromYear=2000&ToDate=13&ToMonth=11&ToYear=2020&Variable=Issuer,https://www.sedar.com/ModifyCompanyDocumentSearchForm.do?lang=EN&company_search=Vista Gold Corp&document_selection=0&industry_group=A&FromDate=13&FromMonth=05&FromYear=2000&ToDate=13&ToMonth=11&ToYear=2020&Variable=Issuer,1620599494,18:31:34,20210509
29,1991-12-31,VGZ.TO,USD,1991-12-31,1991-12-31,FY,49200000.0,0.0,0.0,0.0,0.0,0.0,0.0,0.0,0.0,0.0,0.0,0.0,49200000.0,1.0,49200000.0,1.0,0.0,0.0,0.0,0.0,-23100000.0,-0.4695121951219512,-13.6,-13.6,1698529.0,1698529.0,https://www.sedar.com/ModifyCompanyDocumentSearchForm.do?lang=EN&company_search=Vista Gold Corp&document_selection=0&industry_group=A&FromDate=13&FromMonth=05&FromYear=2000&ToDate=13&ToMonth=11&ToYear=2020&Variable=Issuer,https://www.sedar.com/ModifyCompanyDocumentSearchForm.do?lang=EN&company_search=Vista Gold Corp&document_selection=0&industry_group=A&FromDate=13&FromMonth=05&FromYear=2000&ToDate=13&ToMonth=11&ToYear=2020&Variable=Issuer,1620599494,18:31:34,20210509
30,1990-12-31,VGZ.TO,USD,1990-12-31,1990-12-31,FY,54400000.0,0.0,0.0,0.0,0.0,0.0,0.0,0.0,0.0,0.0,0.0,0.0,54400000.0,1.0,54400000.0,1.0,0.0,0.0,0.0,0.0,1600000.0,0.029411764705882353,1.0,1.0,1600000.0,1600000.0,https://www.sedar.com/ModifyCompanyDocumentSearchForm.do?lang=EN&company_search=Vista Gold Corp&document_selection=0&industry_group=A&FromDate=13&FromMonth=05&FromYear=2000&ToDate=13&ToMonth=11&ToYear=2020&Variable=Issuer,https://www.sedar.com/ModifyCompanyDocumentSearchForm.do?lang=EN&company_search=Vista Gold Corp&document_selection=0&industry_group=A&FromDate=13&FromMonth=05&FromYear=2000&ToDate=13&ToMonth=11&ToYear=2020&Variable=Issuer,1620599494,18:31:34,20210509
31,1989-12-31,VGZ.TO,USD,1989-12-31,1989-12-31,FY,57200000.0,0.0,0.0,0.0,0.0,0.0,0.0,0.0,0.0,0.0,0.0,0.0,57200000.0,1.0,57200000.0,1.0,0.0,0.0,0.0,0.0,-7000000.0,-0.12237762237762238,-4.8,-4.8,1458333.0,1458333.0,https://www.sedar.com/ModifyCompanyDocumentSearchForm.do?lang=EN&company_search=Vista Gold Corp&document_selection=0&industry_group=A&FromDate=13&FromMonth=05&FromYear=2000&ToDate=13&ToMonth=11&ToYear=2020&Variable=Issuer,https://www.sedar.com/ModifyCompanyDocumentSearchForm.do?lang=EN&company_search=Vista Gold Corp&document_selection=0&industry_group=A&FromDate=13&FromMonth=05&FromYear=2000&ToDate=13&ToMonth=11&ToYear=2020&Variable=Issuer,1620599494,18:31:34,20210509
32,1988-12-31,VGZ.TO,USD,1988-12-31,1988-12-31,FY,43100000.0,0.0,0.0,0.0,0.0,0.0,0.0,0.0,0.0,0.0,0.0,0.0,43100000.0,1.0,43100000.0,1.0,0.0,0.0,0.0,0.0,-11300000.0,-0.26218097447795824,-10.2,-10.2,1107843.0,1107843.0,https://www.sedar.com/ModifyCompanyDocumentSearchForm.do?lang=EN&company_search=Vista Gold Corp&document_selection=0&industry_group=A&FromDate=13&FromMonth=05&FromYear=2000&ToDate=13&ToMonth=11&ToYear=2020&Variable=Issuer,https://www.sedar.com/ModifyCompanyDocumentSearchForm.do?lang=EN&company_search=Vista Gold Corp&document_selection=0&industry_group=A&FromDate=13&FromMonth=05&FromYear=2000&ToDate=13&ToMonth=11&ToYear=2020&Variable=Issuer,1620599494,18:31:34,20210509
33,1987-12-31,VGZ.TO,USD,1987-12-31,1987-12-31,FY,16600000.0,0.0,0.0,0.0,0.0,0.0,0.0,0.0,0.0,0.0,0.0,0.0,16600000.0,1.0,16600000.0,1.0,0.0,0.0,0.0,0.0,1200000.0,0.07228915662650602,1.4,1.4,857143.0,857143.0,https://www.sedar.com/ModifyCompanyDocumentSearchForm.do?lang=EN&company_search=Vista Gold Corp&document_selection=0&industry_group=A&FromDate=13&FromMonth=05&FromYear=2000&ToDate=13&ToMonth=11&ToYear=2020&Variable=Issuer,https://www.sedar.com/ModifyCompanyDocumentSearchForm.do?lang=EN&company_search=Vista Gold Corp&document_selection=0&industry_group=A&FromDate=13&FromMonth=05&FromYear=2000&ToDate=13&ToMonth=11&ToYear=2020&Variable=Issuer,1620599494,18:31:34,20210509
34,1986-12-31,VGZ.TO,USD,1986-12-31,1986-12-31,FY,7100000.0,0.0,0.0,0.0,0.0,0.0,0.0,0.0,0.0,0.0,0.0,0.0,7100000.0,1.0,7100000.0,1.0,0.0,0.0,0.0,0.0,700000.0,0.09859154929577464,1.0,1.0,700000.0,700000.0,https://www.sedar.com/ModifyCompanyDocumentSearchForm.do?lang=EN&company_search=Vista Gold Corp&document_selection=0&industry_group=A&FromDate=13&FromMonth=05&FromYear=2000&ToDate=13&ToMonth=11&ToYear=2020&Variable=Issuer,https://www.sedar.com/ModifyCompanyDocumentSearchForm.do?lang=EN&company_search=Vista Gold Corp&document_selection=0&industry_group=A&FromDate=13&FromMonth=05&FromYear=2000&ToDate=13&ToMonth=11&ToYear=2020&Variable=Issuer,1620599494,18:31:34,20210509
35,1985-12-31,VGZ.TO,USD,1985-12-31,1985-12-31,FY,6000000.0,0.0,0.0,0.0,0.0,0.0,0.0,0.0,0.0,0.0,0.0,0.0,6000000.0,1.0,6000000.0,1.0,0.0,0.0,0.0,0.0,400000.0,0.06666666666666667,1.0,1.0,629950.0,629950.0,https://www.sedar.com/ModifyCompanyDocumentSearchForm.do?lang=EN&company_search=Vista Gold Corp&document_selection=0&industry_group=A&FromDate=13&FromMonth=05&FromYear=2000&ToDate=13&ToMonth=11&ToYear=2020&Variable=Issuer,https://www.sedar.com/ModifyCompanyDocumentSearchForm.do?lang=EN&company_search=Vista Gold Corp&document_selection=0&industry_group=A&FromDate=13&FromMonth=05&FromYear=2000&ToDate=13&ToMonth=11&ToYear=2020&Variable=Issuer,1620599494,18:31:34,20210509
