,date,symbol,reportedCurrency,fillingDate,acceptedDate,period,revenue,costOfRevenue,grossProfit,grossProfitRatio,researchAndDevelopmentExpenses,generalAndAdministrativeExpenses,sellingAndMarketingExpenses,otherExpenses,operatingExpenses,costAndExpenses,interestExpense,depreciationAndAmortization,ebitda,ebitdaratio,operatingIncome,operatingIncomeRatio,totalOtherIncomeExpensesNet,incomeBeforeTax,incomeBeforeTaxRatio,incomeTaxExpense,netIncome,netIncomeRatio,eps,epsdiluted,weightedAverageShsOut,weightedAverageShsOutDil,link,finalLink,timestamp,est_time,est_date
0,2020-09-30,IXI.L,GBP,2020-09-30,2020-09-30,FY,9532000.0,3186000.0,6346000.0,0.6657574485942089,1147000.0,2819000.0,1579000.0,0.0,0.0,8690000.0,18000.0,382000.0,1224000.0,0.12840956777171633,842000.0,0.08833403273185061,0.0,858000.0,0.09001258917331095,-94000.0,952000.0,0.09987410826689047,0.020347804248565957,0.020347804248565957,46786375.0,46786375.0,https://find-and-update.company-information.service.gov.uk/search/companies?q=IXICO+PLC,https://find-and-update.company-information.service.gov.uk/search/companies?q=IXICO+PLC,1620593842,16:57:22,20210509
1,2019-09-30,IXI.L,GBP,2019-09-30,2019-09-30,FY,7561000.0,2619000.0,4942000.0,0.6536172463959794,986000.0,2743000.0,1154000.0,0.0,4551000.0,7170000.0,0.0,112000.0,503000.0,0.0665255918529295,391000.0,0.05171273641052771,0.0,366000.0,0.04840629546356302,-66000.0,432000.0,0.0571352995635498,0.00923345739010556,0.00923164564533338,46786375.0,46795557.0,https://find-and-update.company-information.service.gov.uk/search/companies?q=IXICO+PLC,https://find-and-update.company-information.service.gov.uk/search/companies?q=IXICO+PLC,1620593842,16:57:22,20210509
2,2018-09-30,IXI.L,GBP,2018-09-30,2018-09-30,FY,5394000.0,2221000.0,3173000.0,0.5882461994809047,1033000.0,2451000.0,754000.0,0.0,3959000.0,6180000.0,0.0,152000.0,-634000.0,-0.11753800519095291,-786000.0,-0.1457174638487208,0.0,-793000.0,-0.14701520207638116,-125000.0,-668000.0,-0.12384130515387468,-0.02,-0.02,33761428.0,33761428.0,https://find-and-update.company-information.service.gov.uk/search/companies?q=IXICO+PLC,https://find-and-update.company-information.service.gov.uk/search/companies?q=IXICO+PLC,1620593842,16:57:22,20210509
3,2017-09-30,IXI.L,GBP,2017-09-30,2017-09-30,FY,4110000.0,1786000.0,2324000.0,0.5654501216545013,1256000.0,1929000.0,823000.0,0.0,3687000.0,5473000.0,0.0,192000.0,-1171000.0,-0.2849148418491484,-1363000.0,-0.3316301703163017,0.0,-1902000.0,-0.46277372262773725,-375000.0,-1527000.0,-0.3715328467153285,-0.057,-0.057,26929554.0,26929554.0,https://find-and-update.company-information.service.gov.uk/search/companies?q=IXICO+PLC,https://find-and-update.company-information.service.gov.uk/search/companies?q=IXICO+PLC,1620593842,16:57:22,20210509
4,2016-09-30,IXI.L,GBP,2016-09-30,2016-09-30,FY,3111000.0,1680000.0,1431000.0,0.45998071359691417,1583000.0,1890000.0,759000.0,0.0,3958000.0,5638000.0,0.0,347000.0,-2180000.0,-0.70073931211829,-2527000.0,-0.8122790099646416,0.0,-2869000.0,-0.9222115075538412,-750000.0,-2119000.0,-0.681131468981035,-0.087,-0.087,24349116.0,24349116.0,https://find-and-update.company-information.service.gov.uk/search/companies?q=IXICO+PLC,https://find-and-update.company-information.service.gov.uk/search/companies?q=IXICO+PLC,1620593842,16:57:22,20210509
5,2015-09-30,IXI.L,GBP,2015-09-30,2015-09-30,FY,3115000.0,1323000.0,1792000.0,0.5752808988764045,1234000.0,2083000.0,584000.0,0.0,3110000.0,4433000.0,0.0,149000.0,-1169000.0,-0.3752808988764045,-1318000.0,-0.4231139646869984,0.0,-1393000.0,-0.44719101123595506,-199000.0,-1194000.0,-0.38330658105939003,-0.07929739058454396,-0.07745175676671479,15057242.0,15416048.0,https://find-and-update.company-information.service.gov.uk/search/companies?q=IXICO+PLC,https://find-and-update.company-information.service.gov.uk/search/companies?q=IXICO+PLC,1620593842,16:57:22,20210509
6,2013-09-30,IXI.L,GBP,2013-09-30,2013-09-30,FY,10000.0,0.0,10000.0,1.0,2786000.0,2404000.0,0.0,0.0,5190000.0,5190000.0,0.0,27000.0,-5153000.0,-515.3,-5180000.0,-518.0,0.0,-5090000.0,-509.0,-323000.0,-4767000.0,-476.7,-0.687,-0.687,6936294.0,6936294.0,https://find-and-update.company-information.service.gov.uk/search/companies?q=IXICO+PLC,https://find-and-update.company-information.service.gov.uk/search/companies?q=IXICO+PLC,1620593842,16:57:22,20210509
7,2013-05-31,IXI.L,GBP,2013-05-31,2013-05-31,FY,3646000.0,1304000.0,2342000.0,0.6423477783872737,694000.0,687000.0,570000.0,0.0,0.0,3315000.0,114000.0,22000.0,353000.0,0.0968184311574328,331000.0,0.09078442128359847,0.0,476000.0,0.13055403181568842,-64000.0,540000.0,0.14810751508502468,0.104,0.077,5216324.0,8479754.0,,,1620593842,16:57:22,20210509
8,2012-09-30,IXI.L,GBP,2012-09-30,2012-09-30,FY,18717.0,0.0,18717.0,1.0,8290976.0,1101040.0,0.0,0.0,9314616.0,9314616.0,0.0,26905.0,-9268994.0,-495.21793022386066,-9295899.0,-496.65539349254686,0.0,-9084418.0,-485.35652080995885,-1318109.0,-7766309.0,-414.93342950259125,-1.1,-1.1,6933087.0,6933087.0,https://find-and-update.company-information.service.gov.uk/search/companies?q=IXICO+PLC,https://find-and-update.company-information.service.gov.uk/search/companies?q=IXICO+PLC,1620593842,16:57:22,20210509
9,2011-09-30,IXI.L,GBP,2011-09-30,2011-09-30,FY,67000.0,0.0,67000.0,1.0,7461000.0,1153000.0,0.0,0.0,8620000.0,8620000.0,0.0,50000.0,-8503000.0,-126.91044776119404,-8553000.0,-127.65671641791045,0.0,-8171000.0,-121.95522388059702,-513000.0,-7658000.0,-114.29850746268657,-1.1,-1.1,6932384.0,6932384.0,https://find-and-update.company-information.service.gov.uk/search/companies?q=IXICO+PLC,https://find-and-update.company-information.service.gov.uk/search/companies?q=IXICO+PLC,1620593842,16:57:22,20210509
10,2010-09-30,IXI.L,GBP,2010-09-30,2010-09-30,FY,697000.0,87000.0,610000.0,0.8751793400286944,4013000.0,1117000.0,0.0,0.0,4982000.0,5069000.0,0.0,67000.0,-4305000.0,-6.176470588235294,-4372000.0,-6.272596843615495,0.0,-4213000.0,-6.044476327116213,-411000.0,-3802000.0,-5.45480631276901,-0.65,-0.65,5684688.0,5684688.0,https://find-and-update.company-information.service.gov.uk/search/companies?q=IXICO+PLC,https://find-and-update.company-information.service.gov.uk/search/companies?q=IXICO+PLC,1620593842,16:57:22,20210509
11,2009-09-30,IXI.L,GBP,2009-09-30,2009-09-30,FY,867000.0,187000.0,680000.0,0.7843137254901961,3913000.0,739000.0,0.0,0.0,4453000.0,4640000.0,0.0,101000.0,-3672000.0,-4.235294117647059,-3773000.0,-4.351787773933102,0.0,-4205000.0,-4.8500576701268745,-294000.0,-3911000.0,-4.510957324106113,-1.520968,-1.520968,2548695.0,2548695.0,https://find-and-update.company-information.service.gov.uk/search/companies?q=IXICO+PLC,https://find-and-update.company-information.service.gov.uk/search/companies?q=IXICO+PLC,1620593842,16:57:22,20210509
12,2008-09-30,IXI.L,GBP,2008-09-30,2008-09-30,FY,2623000.0,169000.0,2454000.0,0.9355699580632864,4250000.0,1091000.0,0.0,0.0,5179000.0,5348000.0,0.0,90000.0,-2635000.0,-1.0045749142203584,-2725000.0,-1.038886770873046,0.0,-2475000.0,-0.9435760579489134,-200000.0,-2275000.0,-0.8673274876096073,-1.112903,-1.112903,2033927.0,2033927.0,https://find-and-update.company-information.service.gov.uk/search/companies?q=IXICO+PLC,https://find-and-update.company-information.service.gov.uk/search/companies?q=IXICO+PLC,1620593842,16:57:22,20210509
13,2007-09-30,IXI.L,GBP,2007-09-30,2007-09-30,FY,3121000.0,250000.0,2871000.0,0.9198974687600128,7500000.0,0.0,1922000.0,0.0,9427000.0,9677000.0,0.0,97000.0,-6459000.0,-2.0695289971163087,-6556000.0,-2.1006087792374237,0.0,-6334000.0,-2.0294777314963155,-521000.0,-5813000.0,-1.862544056392182,-3.996909,-3.996909,1460836.0,1460836.0,https://find-and-update.company-information.service.gov.uk/search/companies?q=IXICO+PLC,https://find-and-update.company-information.service.gov.uk/search/companies?q=IXICO+PLC,1620593842,16:57:22,20210509
14,2006-08-31,IXI.L,GBP,2006-08-31,2006-08-31,FY,1883000.0,341000.0,1542000.0,0.8189060010621348,6540000.0,0.0,1625000.0,0.0,8156000.0,8497000.0,0.0,108000.0,-6506000.0,-3.455124800849708,-6614000.0,-3.5124800849707913,0.0,-6243000.0,-3.3154540626659585,-604000.0,-5639000.0,-2.994689325544344,-4.033578,-4.033578,1395758.0,1395758.0,https://find-and-update.company-information.service.gov.uk/search/companies?q=IXICO+PLC,https://find-and-update.company-information.service.gov.uk/search/companies?q=IXICO+PLC,1620593842,16:57:22,20210509
15,2005-08-31,IXI.L,GBP,2005-08-31,2005-08-31,FY,7378000.0,400000.0,6978000.0,0.9457847655191108,8910000.0,2007000.0,0.0,0.0,10918000.0,11318000.0,200.0,90000.0,-3850000.0,-0.5218216318785579,-3940000.0,-0.5340200596367579,0.0,-3601000.0,-0.4880726484142044,-274000.0,-3327000.0,-0.4509352127947953,-2.676829,-2.676829,1395760.0,1395760.0,https://find-and-update.company-information.service.gov.uk/search/companies?q=IXICO+PLC,https://find-and-update.company-information.service.gov.uk/search/companies?q=IXICO+PLC,1620593842,16:57:22,20210509
16,2004-08-31,IXI.L,GBP,2004-08-31,2004-08-31,FY,1072000.0,10000.0,1062000.0,0.9906716417910447,6347000.0,1710510.0,0.0,-239000.0,8064000.0,8074000.0,0.0,93000.0,-6909000.0,-6.444962686567164,-7002000.0,-6.531716417910448,0.0,-6757000.0,-6.303171641791045,-531000.0,-6226000.0,-5.807835820895522,-5.61034,-5.61034,1113222.0,1113222.0,https://find-and-update.company-information.service.gov.uk/search/companies?q=IXICO+PLC,https://find-and-update.company-information.service.gov.uk/search/companies?q=IXICO+PLC,1620593842,16:57:22,20210509
17,2003-08-31,IXI.L,GBP,2003-08-31,2003-08-31,FY,2427000.0,0.0,0.0,0.0,7228000.0,0.0,0.0,-273000.0,8380000.0,8380000.0,4000.0,106000.0,-5847000.0,-2.4091470951792338,-5953000.0,-2.4528224145035025,0.0,-5681000.0,-2.3407498969921714,-378000.0,-5303000.0,-2.185002060156572,-5.023638,-5.023638,1057708.0,1057708.0,https://find-and-update.company-information.service.gov.uk/search/companies?q=IXICO+PLC,https://find-and-update.company-information.service.gov.uk/search/companies?q=IXICO+PLC,1620593842,16:57:22,20210509
18,2002-08-31,IXI.L,GBP,2002-08-31,2002-08-31,FY,2714000.0,0.0,0.0,0.0,6002000.0,1024000.0,0.0,-474000.0,6987000.0,6987000.0,4000.0,124000.0,-4149000.0,-1.5287398673544583,-4273000.0,-1.5744288872512897,0.0,-3838000.0,-1.4141488577745025,-554000.0,-3284000.0,-1.2100221075902726,-3.116855,-3.116855,1053945.0,1053945.0,https://find-and-update.company-information.service.gov.uk/search/companies?q=IXICO+PLC,https://find-and-update.company-information.service.gov.uk/search/companies?q=IXICO+PLC,1620593842,16:57:22,20210509
19,2001-08-31,IXI.L,GBP,2001-08-31,2001-08-31,FY,1471000.0,0.0,0.0,0.0,4033000.0,0.0,0.0,0.0,5015000.0,5015000.0,8000.0,132000.0,-3412000.0,-2.3195105370496263,-3544000.0,-2.4092454112848403,0.0,-2877000.0,-1.95581237253569,-224000.0,-2653000.0,-1.8035350101971448,-2.603491,-2.603491,1025637.0,1025637.0,https://find-and-update.company-information.service.gov.uk/search/companies?q=IXICO+PLC,https://find-and-update.company-information.service.gov.uk/search/companies?q=IXICO+PLC,1620593842,16:57:22,20210509
20,2000-08-31,IXI.L,GBP,2000-08-31,2000-08-31,FY,2078000.0,0.0,2078000.0,1.0,3394000.0,0.0,0.0,0.0,4536000.0,4536000.0,9000.0,119000.0,-2339000.0,-1.125601539942252,-2458000.0,-1.1828681424446583,0.0,-2183000.0,-1.0505293551491819,0.0,-2183000.0,-1.0505293551491819,-2.31014,-2.31014,952387.0,952387.0,https://find-and-update.company-information.service.gov.uk/search/companies?q=IXICO+PLC,https://find-and-update.company-information.service.gov.uk/search/companies?q=IXICO+PLC,1620593842,16:57:22,20210509
21,1999-08-31,IXI.L,GBP,1999-08-31,1999-08-31,FY,2447000.0,0.0,0.0,0.0,4871000.0,0.0,0.0,0.0,5667000.0,5667000.0,9000.0,206000.0,-3014000.0,-1.231712300776461,-3220000.0,-1.3158970167552104,0.0,-3221000.0,-1.3163056804250102,0.0,-3221000.0,-1.3163056804250102,-3.63022,-3.63022,889827.0,889827.0,https://find-and-update.company-information.service.gov.uk/search/companies?q=IXICO+PLC,https://find-and-update.company-information.service.gov.uk/search/companies?q=IXICO+PLC,1620593842,16:57:22,20210509
22,1998-08-31,IXI.L,GBP,1998-08-31,1998-08-31,FY,713000.0,0.0,0.0,0.0,3862000.0,0.0,0.0,0.0,4617000.0,4617000.0,12000.0,200000.0,-3704000.0,-5.194950911640953,-3904000.0,-5.475455820476858,0.0,-3634000.0,-5.096774193548387,0.0,-3634000.0,-5.096774193548387,-4.29026,-4.29026,849684.0,849684.0,https://find-and-update.company-information.service.gov.uk/search/companies?q=IXICO+PLC,https://find-and-update.company-information.service.gov.uk/search/companies?q=IXICO+PLC,1620593842,16:57:22,20210509
23,1997-08-31,IXI.L,GBP,1997-08-31,1997-08-31,FY,45000.0,0.0,0.0,0.0,2930000.0,0.0,0.0,0.0,3599000.0,3599000.0,8000.0,116000.0,-3438000.0,-76.4,-3554000.0,-78.97777777777777,0.0,-3065000.0,-68.11111111111111,0.0,-3065000.0,-68.11111111111111,-3.63022,-3.63022,842376.0,842376.0,https://find-and-update.company-information.service.gov.uk/search/companies?q=IXICO+PLC,https://find-and-update.company-information.service.gov.uk/search/companies?q=IXICO+PLC,1620593842,16:57:22,20210509
24,1996-08-31,IXI.L,GBP,1996-08-31,1996-08-31,FY,934000.0,0.0,0.0,0.0,1176000.0,0.0,0.0,0.0,1619000.0,1619000.0,99000.0,56000.0,-629000.0,-0.6734475374732334,-685000.0,-0.7334047109207709,0.0,-565000.0,-0.6049250535331906,0.0,-565000.0,-0.6049250535331906,-0.916722,-0.916722,606345.0,606345.0,https://find-and-update.company-information.service.gov.uk/search/companies?q=IXICO+PLC,https://find-and-update.company-information.service.gov.uk/search/companies?q=IXICO+PLC,1620593842,16:57:22,20210509
25,1995-08-31,IXI.L,GBP,1995-08-31,1995-08-31,FY,1114000.0,0.0,0.0,0.0,474000.0,0.0,0.0,0.0,760000.0,760000.0,164000.0,36000.0,390000.0,0.3500897666068223,354000.0,0.3177737881508079,0.0,189000.0,0.1696588868940754,0.0,189000.0,0.1696588868940754,0.33002,0.33002,561238.0,561238.0,https://find-and-update.company-information.service.gov.uk/search/companies?q=IXICO+PLC,https://find-and-update.company-information.service.gov.uk/search/companies?q=IXICO+PLC,1620593842,16:57:22,20210509
26,1994-08-31,IXI.L,GBP,1994-08-31,1994-08-31,FY,134000.0,0.0,0.0,0.0,593000.0,0.0,0.0,0.0,2168000.0,2168000.0,130000.0,39000.0,-1995000.0,-14.888059701492537,-2034000.0,-15.17910447761194,0.0,-2197000.0,-16.395522388059703,0.0,-2197000.0,-16.395522388059703,-3.923571,-3.923571,561238.0,561238.0,https://find-and-update.company-information.service.gov.uk/search/companies?q=IXICO+PLC,https://find-and-update.company-information.service.gov.uk/search/companies?q=IXICO+PLC,1620593842,16:57:22,20210509
27,1993-08-31,IXI.L,GBP,1993-08-31,1993-08-31,FY,302000.0,0.0,0.0,0.0,558000.0,0.0,0.0,0.0,1010000.0,1010000.0,14000.0,41000.0,-667000.0,-2.2086092715231787,-708000.0,-2.3443708609271523,0.0,-720000.0,-2.384105960264901,0.0,-720000.0,-2.384105960264901,-1.283411,-1.283411,561238.0,561238.0,https://find-and-update.company-information.service.gov.uk/search/companies?q=IXICO+PLC,https://find-and-update.company-information.service.gov.uk/search/companies?q=IXICO+PLC,1620593842,16:57:22,20210509
