,date,symbol,reportedCurrency,fillingDate,acceptedDate,period,revenue,costOfRevenue,grossProfit,grossProfitRatio,researchAndDevelopmentExpenses,generalAndAdministrativeExpenses,sellingAndMarketingExpenses,otherExpenses,operatingExpenses,costAndExpenses,interestExpense,depreciationAndAmortization,ebitda,ebitdaratio,operatingIncome,operatingIncomeRatio,totalOtherIncomeExpensesNet,incomeBeforeTax,incomeBeforeTaxRatio,incomeTaxExpense,netIncome,netIncomeRatio,eps,epsdiluted,weightedAverageShsOut,weightedAverageShsOutDil,link,finalLink,timestamp,est_time,est_date
0,2019-09-30,ISRB,USD,2019-11-12 00:00:00,2019-11-12 15:05:06,FY,0.0,0.0,0.0,0.0,0.0,58207.0,0.0,0.0,58207.0,58210.0,158.0,0.0,-58212.0,0.0,-58210.0,0.0,0.0,-58370.0,0.0,0.0,-58370.0,0.0,-0.05772,-0.05772,1011250.0,1011250.0,https://www.sec.gov/Archives/edgar/data/1509786/000121390019022874/0001213900-19-022874-index.html,https://www.sec.gov/Archives/edgar/data/1509786/000121390019022874/f10k2019_inspiredbuilders.htm,1620593782,16:56:22,20210509
1,2018-09-30,ISRB,USD,2018-12-07 00:00:00,2018-12-07 15:37:55,FY,0.0,0.0,0.0,0.0,0.0,148443.0,0.0,0.0,148443.0,148440.0,126.0,0.0,-148444.0,0.0,-148440.0,0.0,0.0,-148570.0,0.0,0.0,-148570.0,0.0,-0.18204,-0.18204,816150.0,816150.0,https://www.sec.gov/Archives/edgar/data/1509786/000121390018017070/0001213900-18-017070-index.html,https://www.sec.gov/Archives/edgar/data/1509786/000121390018017070/f10k2018_inspiredbuilders.htm,1620593782,16:56:22,20210509
2,2017-09-30,ISRB,USD,2017-11-01 00:00:00,2017-11-01 16:35:21,FY,0.0,0.0,0.0,0.0,0.0,0.0,0.0,0.0,44588.0,44590.0,74298.0,0.0,7018.0,0.0,-44590.0,0.0,0.0,-67280.0,0.0,0.0,-67280.0,0.0,-0.60476,-0.60476,111250.0,111250.0,https://www.sec.gov/Archives/edgar/data/1509786/000121390017011191/0001213900-17-011191-index.html,https://www.sec.gov/Archives/edgar/data/1509786/000121390017011191/f10k2016_inspiredbuilders.htm,1620593782,16:56:22,20210509
3,2016-09-30,ISRB,USD,2016-09-30,2016-09-30,FY,0.0,0.0,0.0,0.0,0.0,0.0,0.0,0.0,139520.0,139520.0,72062.0,0.0,-141758.0,0.0,-139520.0,0.0,0.0,-213820.0,0.0,0.0,-213820.0,0.0,-1.92198,-1.92198,111250.0,111250.0,,,1620593782,16:56:22,20210509
4,2015-09-30,ISRB,USD,2015-09-30,2015-09-30,FY,0.0,0.0,0.0,0.0,0.0,0.0,0.0,0.0,212525.0,212530.0,-72060.0,0.0,-356650.0,0.0,-212530.0,0.0,0.0,-284590.0,0.0,0.0,-284590.0,0.0,-2.55811,-2.55811,111250.0,111250.0,,,1620593782,16:56:22,20210509
5,2014-09-30,ISRB,USD,2014-09-30,2014-09-30,FY,0.0,0.0,0.0,0.0,0.0,0.0,0.0,0.0,189762.0,190000.0,-120000.0,0.0,-430000.0,0.0,-190000.0,0.0,0.0,-310000.0,0.0,0.0,-310000.0,0.0,-2.81818,-2.81818,110000.0,110000.0,,,1620593782,16:56:22,20210509
6,2013-09-30,ISRB,USD,2013-09-30,2013-09-30,FY,0.0,0.0,0.0,0.0,0.0,0.0,0.0,0.0,97748.0,100000.0,-40000.0,0.0,-170000.0,0.0,-100000.0,0.0,0.0,-130000.0,0.0,0.0,-130000.0,0.0,-1.18182,-1.18182,110000.0,110000.0,,,1620593782,16:56:22,20210509
7,2012-09-30,ISRB,USD,2012-09-30,2012-09-30,FY,0.0,0.0,13702.0,0.0,0.0,0.0,0.0,0.0,212539.0,71486.0,0.0,0.0,-57784.0,0.0,-57784.0,0.0,0.0,-58000.0,0.0,0.0,-58000.0,0.0,-0.00531,-0.00531,10929739.0,10929739.0,,,1620593782,16:56:22,20210509
8,2011-09-30,ISRB,USD,2011-09-30,2011-09-30,FY,0.0,0.0,7375.0,0.0,0.0,0.0,0.0,0.0,71486.0,20570.0,0.0,0.0,-13195.0,0.0,-13195.0,0.0,0.0,-13195.0,0.0,0.0,-13195.0,0.0,-0.0012072566417185258,-0.0012072566417185258,10929739.0,10929739.0,,,1620593782,16:56:22,20210509
