,date,symbol,reportedCurrency,fillingDate,acceptedDate,period,revenue,costOfRevenue,grossProfit,grossProfitRatio,researchAndDevelopmentExpenses,generalAndAdministrativeExpenses,sellingAndMarketingExpenses,otherExpenses,operatingExpenses,costAndExpenses,interestExpense,depreciationAndAmortization,ebitda,ebitdaratio,operatingIncome,operatingIncomeRatio,totalOtherIncomeExpensesNet,incomeBeforeTax,incomeBeforeTaxRatio,incomeTaxExpense,netIncome,netIncomeRatio,eps,epsdiluted,weightedAverageShsOut,weightedAverageShsOutDil,link,finalLink,timestamp,est_time,est_date
0,2020-12-31,0688.HK,CNY,2020-12-31,2020-12-31,FY,185789528000.0,129968676000.0,55820852000.0,0.30045209006613116,0.0,2631304000.0,3512875000.0,0.0,0.0,129749555000.0,883890000.0,370848000.0,56410821000.0,0.30362755967602223,56039973000.0,0.3016314945371948,0.0,69203550000.0,0.3724835879878009,21494912000.0,43903954000.0,0.2363101649087563,4.007224219416931,4.007224219416931,10956201000,10956201000,https://www1.hkexnews.hk/search/titlesearch.xhtml,https://www1.hkexnews.hk/search/titlesearch.xhtml,1620584861,14:27:41,20210509
1,2019-12-31,0688.HK,CNY,2019-12-31,2019-12-31,FY,163650953000.0,108570841000.0,55080112000.0,0.33657067673782504,0.0,2729592000.0,2646272000.0,0.0,0.0,111308815000.0,759297000.0,236255000.0,52578393000.0,0.3212837568993564,52342138000.0,0.3198401050557891,0.0,64951720000.0,0.39689179200807956,22204315000.0,41618313000.0,0.25431146129653154,3.8,3.8,10956201000,10956201000,https://www1.hkexnews.hk/search/titlesearch.xhtml,https://www1.hkexnews.hk/search/titlesearch.xhtml,1620584861,14:27:41,20210509
2,2018-12-31,0688.HK,HKD,2018-12-31,2018-12-31,FY,150586668853.39038,93672633430.0236,56914035423.36679,0.37794869796062563,0.0,2605423983.5711656,2302567133.137655,0.0,0.0,97631181727.19809,1229654722.524025,191265668.994979,53146752795.18728,0.3529313265235345,52955487126.1923,0.35166118972821697,0.0,63733624931.79123,0.4232355056199671,22717349095.124588,39433951351.47212,0.261868807190792,3.600849,3.600849,10956201000,10956201000,https://www1.hkexnews.hk/search/titlesearch.xhtml,https://www1.hkexnews.hk/search/titlesearch.xhtml,1620584861,14:27:41,20210509
3,2017-12-31,0688.HK,HKD,2017-12-31,2017-12-31,FY,138748345983.66977,93040801045.20863,45707544938.46113,0.32942767435830017,0.0,2380388027.580566,2464640617.819281,0.0,0.0,93412342868.5709,1075362800.416224,174188979.807017,45510192094.90587,0.32800529456590616,45336003115.098854,0.32674986352943447,0.0,52993614986.64552,0.38194051691890224,17779365503.48837,34065055783.951588,0.24551684232661725,3.108458,3.108458,10956201000,10956201000,https://www1.hkexnews.hk/search/titlesearch.xhtml,https://www1.hkexnews.hk/search/titlesearch.xhtml,1620584861,14:27:41,20210509
4,2016-12-31,0688.HK,HKD,2016-12-31,2016-12-31,FY,146907525361.43414,106038427093.28505,40869098268.14908,0.2781960840167957,0.0,2847151944.386417,3018939572.530542,0.0,0.0,110302208469.93013,1737712153.981849,319632168.140566,36924949059.64456,0.2513482476054152,36605316891.504,0.24917251040370156,0.0,51129149391.71677,0.34803628517956836,16753916264.34247,33148406840.59451,0.22564131251302502,3.259269,3.259269,10183879000,10183879000,https://www1.hkexnews.hk/search/titlesearch.xhtml,https://www1.hkexnews.hk/search/titlesearch.xhtml,1620584861,14:27:41,20210509
5,2015-12-31,0688.HK,HKD,2015-12-31,2015-12-31,FY,123994503081.07794,88563641999.75233,35430861081.32561,0.28574541774773643,0.0,1700658816.436935,1827309991.347352,0.0,0.0,91786981265.9954,349055886.749375,73607354.704394,32281129169.786938,0.2603432278661486,32207521815.082542,0.2597495938511289,0.0,40883495324.845795,0.32972022395309536,12369986347.994335,27894863704.161476,0.22496855111328193,3.022941,3.022941,9227527000,9227527000,https://www1.hkexnews.hk/search/titlesearch.xhtml,https://www1.hkexnews.hk/search/titlesearch.xhtml,1620584861,14:27:41,20210509
6,2014-12-31,0688.HK,HKD,2014-12-31,2014-12-31,FY,95954426017.67355,64578405393.627975,31376020624.04558,0.3269887792176103,0.0,1514653145.61287,1340197211.676668,0.0,0.0,66171814316.79504,178241431.31095,92320076.6602,29874931777.53872,0.311345010516098,29782611700.87852,0.31038288630263866,0.0,34918183444.79623,0.3639038332464701,12364040553.30493,22134172583.98809,0.23067380529076653,2.708040272576931,2.7076970691173115,8173502000,8174538000,https://www1.hkexnews.hk/search/titlesearch.xhtml,https://www1.hkexnews.hk/search/titlesearch.xhtml,1620584861,14:27:41,20210509
7,2013-12-31,0688.HK,HKD,2013-12-31,2013-12-31,FY,64441905917.62544,43482997741.66371,20958908175.96173,0.325237248611998,0.0,1226628270.6655242,974619087.34777,0.0,0.0,44977493066.53429,144078141.707551,85486692.270696,19549899543.361847,0.30337246027999265,19464412851.091152,0.3020458903864831,0.0,26012001465.10821,0.403650405659304,7899829600.799428,18006514716.671288,0.279422441969494,2.203567,2.195753,8172586000,8175200000,https://www1.hkexnews.hk/search/titlesearch.xhtml,https://www1.hkexnews.hk/search/titlesearch.xhtml,1620584861,14:27:41,20210509
8,2012-12-31,0688.HK,HKD,2012-12-31,2012-12-31,FY,51999940868.49744,32091373550.19647,19908567318.30097,0.3828574991776954,0.0,961509478.188686,678327027.350573,0.0,0.0,33142709585.581158,178055610.923201,42276673.200515,18899507956.11679,0.3634524893770884,18857231282.916275,0.36263947550641057,0.0,23690572235.41204,0.45558844567387274,8526793128.180817,15075006548.039589,0.2899043017407029,1.844597308129793,1.8440020843684823,8172519000,8175157000,https://www1.hkexnews.hk/search/titlesearch.xhtml,https://www1.hkexnews.hk/search/titlesearch.xhtml,1620584861,14:27:41,20210509
9,2011-12-31,0688.HK,HKD,2011-12-31,2011-12-31,FY,39319572499.58149,22588965141.584145,16730607357.997347,0.42550328740668336,0.0,999979215.65345,535383553.317795,0.0,0.0,20390731013.302086,478121155.208159,35285090.848217,18964126577.127625,0.48230754740096615,18928841486.279408,0.48141015486577027,0.0,19233928272.403004,0.4891693131355313,6997308363.058063,12160471837.696537,0.3092727378413377,1.4879710695926847,1.4874974740675444,8172519000,8175121000,https://www1.hkexnews.hk/search/titlesearch.xhtml,https://www1.hkexnews.hk/search/titlesearch.xhtml,1620584861,14:27:41,20210509
10,2010-12-31,0688.HK,HKD,2010-12-31,2010-12-31,FY,37764658186.76014,22617267351.552353,15147390835.207788,0.4010996408414016,0.0,1120102322.550885,504896437.860334,0.0,0.0,20641347052.240158,393100710.636783,46226388.242656,17169537522.762638,0.45464564879292574,17123311134.519981,0.45342158400690147,0.0,17527919439.280148,0.46413552461134777,6730717062.634995,10544708563.67769,0.27922160744922475,1.2904933068330469,1.2898661381242846,8171068000,8175041000,https://www1.hkexnews.hk/search/titlesearch.xhtml,https://www1.hkexnews.hk/search/titlesearch.xhtml,1620584861,14:27:41,20210509
11,2009-12-31,0688.HK,HKD,2009-12-31,2009-12-31,FY,32859803126.669865,22490291208.25081,10369511918.419058,0.31556829109553897,0.0,702140710.2920401,466042946.951175,0.0,0.0,23237140253.70852,201106947.13428,35649392.285355,9658312265.246702,0.29392483661619284,9622662872.961348,0.292839942949973,0.0,10612720190.332321,0.3229696827282195,3917728220.721278,6576012453.027161,0.2001233065115323,0.806492,0.805611,8153422000,8162078000,https://www1.hkexnews.hk/search/titlesearch.xhtml,https://www1.hkexnews.hk/search/titlesearch.xhtml,1620584861,14:27:41,20210509
12,2008-12-31,0688.HK,HKD,2008-12-31,2008-12-31,FY,16634818673.425306,8944837883.570234,7689980789.855072,0.4622822130390925,0.0,789821305.044593,596765419.314381,0.0,0.0,8674343391.65273,367770863.573021,64842989.896878,8025318271.669454,0.48244098292998977,7960475281.772575,0.478542954873906,0.0,7559394934.503902,0.4544320610227207,3093228014.632107,4445347391.931438,0.2672314907185032,0.570567,0.568806,7791807000,7812921000,https://www1.hkexnews.hk/search/titlesearch.xhtml,https://www1.hkexnews.hk/search/titlesearch.xhtml,1620584861,14:27:41,20210509
13,2007-12-31,0688.HK,HKD,2007-12-31,2007-12-31,FY,15581311252.617998,7706318212.876734,7874993039.741265,0.5054127288817297,0.0,642062267.1474769,433999847.072432,-142546000.0,0.0,8928528954.26228,0.0,122573215.803148,6775355514.158868,0.434838596335752,6652782298.35572,0.42697191465435286,0.0,6519245757.464151,0.41840161278908905,2568635028.594731,3950610728.869419,0.2535480271729782,0.527024,0.519614,7429286146,7535229620,https://www1.hkexnews.hk/search/titlesearch.xhtml,https://www1.hkexnews.hk/search/titlesearch.xhtml,1620584861,14:27:41,20210509
14,2006-12-31,0688.HK,HKD,2006-12-31,2006-12-31,FY,10939696472.063269,7657713531.151546,3281982940.911721,0.300006764291215,0.0,479829262.20021904,285518951.327718,0.0,0.0,7819930408.924323,362437105.060117,148986245.41889,3268752308.557834,0.2987973493510771,3119766063.138944,0.2851784847144433,0.0,3185197280.588954,0.29115956633010803,866994965.601492,2377152076.769755,0.21729598100279054,0.351943,0.346986,6748333243,6856717855,https://www1.hkexnews.hk/search/titlesearch.xhtml,https://www1.hkexnews.hk/search/titlesearch.xhtml,1620584861,14:27:41,20210509
15,2005-12-31,0688.HK,HKD,2005-12-31,2005-12-31,FY,7256725365.007736,5072587544.739556,2184137820.268179,0.3009811878509544,0.0,452226339.2212479,204771898.723569,0.0,0.0,4905200864.234141,259892585.353275,134774154.074265,2486298654.84786,0.34261991873592273,2351524500.773595,0.3240476085966756,0.0,2132105590.89737,0.29381097997431205,424086714.994843,1597507900.206292,0.22014170577676104,0.247007,0.243919,6478967719,6560485261,https://www1.hkexnews.hk/search/titlesearch.xhtml,https://www1.hkexnews.hk/search/titlesearch.xhtml,1620584861,14:27:41,20210509
16,2004-12-31,0688.HK,HKD,2004-12-31,2004-12-31,FY,9188494959.626822,7080566389.837336,2107928569.789485,0.2294095582629667,0.0,417480310.849021,171021884.218939,-150714000.0,0.0,7563874422.150036,0.0,177111696.896143,1801732234.3729289,0.19608567478020403,1624620537.476786,0.1768102985978857,0.0,1464050203.706302,0.1593351479365411,235636117.817094,1145376997.005152,0.12465338469877878,0.180128,0.178021,6358686980,6433937714,https://www1.hkexnews.hk/search/titlesearch.xhtml,https://www1.hkexnews.hk/search/titlesearch.xhtml,1620584861,14:27:41,20210509
17,2003-12-31,0688.HK,HKD,2003-12-31,2003-12-31,FY,8122470479.766821,6760923475.672271,1361547004.094549,0.1676272025224567,0.0,285784566.304911,120979225.828763,-113583000.0,0.0,7060047583.636228,0.0,116041537.600561,1178464433.731154,0.14508694573488745,1062422896.130593,0.13080046259042766,0.0,941317855.745378,0.11589058502461942,127103622.54282,734541632.216981,0.09043327815677925,0.134305,0.132934,5469214015,5525597664,https://www1.hkexnews.hk/search/titlesearch.xhtml,https://www1.hkexnews.hk/search/titlesearch.xhtml,1620584861,14:27:41,20210509
18,2002-12-31,0688.HK,HKD,2002-12-31,2002-12-31,FY,6784211254.783464,5575677648.216545,1208533606.566918,0.17813914708431222,0.0,273142435.908316,0.0,-69073000.0,0.0,6589092989.668359,0.0,110423076.005954,305541341.121058,0.04503712069780028,195118265.115104,0.02876064111027328,0.0,121814534.899254,0.017955592820516026,94824821.598116,64695930.413022,0.009536249386014576,0.011752,0.011647,5505135309,5554731122,https://www1.hkexnews.hk/search/titlesearch.xhtml,https://www1.hkexnews.hk/search/titlesearch.xhtml,1620584861,14:27:41,20210509
19,2001-12-31,0688.HK,HKD,2001-12-31,2001-12-31,FY,6988950813.575358,6008262303.626394,980688509.948964,0.1403198471570399,0.0,276338921.299282,0.0,135793000.0,0.0,6683445554.958713,0.0,0.0,305505258.616645,0.043712606765414726,305505258.616645,0.043712606765414726,0.0,449615597.49292,0.06433234536714515,84168809.044769,436695938.412704,0.062483761878029606,0.079116,0.078171,5519717669,5586398822,https://www1.hkexnews.hk/search/titlesearch.xhtml,https://www1.hkexnews.hk/search/titlesearch.xhtml,1620584861,14:27:41,20210509
20,2000-12-31,0688.HK,HKD,2000-12-31,2000-12-31,FY,6598039460.014617,5375161557.872062,1222877902.142555,0.18533958603209777,0.0,262232968.496365,0.0,-199532000.0,0.0,6179607743.278071,0.0,0.0,418431716.736547,0.06341758324913382,418431716.736547,0.06341758324913382,0.0,206918740.008463,0.031360639969256046,152166335.577182,284168487.748586,0.043068625077297806,0.051356,0.051356,5533274152,5533274152,https://www1.hkexnews.hk/search/titlesearch.xhtml,https://www1.hkexnews.hk/search/titlesearch.xhtml,1620584861,14:27:41,20210509
21,1999-12-31,0688.HK,HKD,1999-12-31,1999-12-31,FY,3824247931.347648,2927364289.676298,896883641.67135,0.2345254956718489,0.0,264949999.98714,0.0,0.0,0.0,4564269420.181868,0.0,0.0,-740021488.834219,-0.1935077176268325,-740021488.834219,-0.1935077176268325,0.0,-862287269.52581,-0.2254789137643447,69482307.132597,-502294654.226664,-0.13134468874502536,-0.091573,-0.091573,5485196518,5485196518,https://www1.hkexnews.hk/search/titlesearch.xhtml,https://www1.hkexnews.hk/search/titlesearch.xhtml,1620584861,14:27:41,20210509
22,1998-12-31,0688.HK,HKD,1998-12-31,1998-12-31,FY,5799432818.197073,0.0,0.0,0.0,0.0,0.0,0.0,-6804227000.0,0.0,0.0,0.0,0.0,5799432818.197073,1.0,5799432818.197073,1.0,0.0,-675834110.721016,-0.1165345184447053,185650651.160389,-515143903.864522,-0.08882660080967536,-0.099316,-0.099316,5186935739,5186935739,https://www1.hkexnews.hk/search/titlesearch.xhtml,https://www1.hkexnews.hk/search/titlesearch.xhtml,1620584861,14:27:41,20210509
23,1997-12-31,0688.HK,HKD,1997-12-31,1997-12-31,FY,3239588375.401691,0.0,0.0,0.0,0.0,0.0,0.0,0.0,0.0,0.0,0.0,0.0,3239588375.401691,1.0,3239588375.401691,1.0,0.0,1168525801.380912,0.36070193678109536,150372752.042331,1017047108.059624,0.31394331322525376,0.201789,0.201789,5040142290,5040142290,https://www1.hkexnews.hk/search/titlesearch.xhtml,https://www1.hkexnews.hk/search/titlesearch.xhtml,1620584861,14:27:41,20210509
24,1996-12-31,0688.HK,HKD,1996-12-31,1996-12-31,FY,3542674064.823075,0.0,0.0,0.0,0.0,0.0,0.0,-3198330000.0,0.0,0.0,0.0,0.0,3542674064.823075,1.0,3542674064.823075,1.0,0.0,1062616616.116563,0.2999476092559001,127946138.566756,924038517.98989,0.26083080212349075,0.223818,0.223818,4128523604,4128523604,https://www1.hkexnews.hk/search/titlesearch.xhtml,https://www1.hkexnews.hk/search/titlesearch.xhtml,1620584861,14:27:41,20210509
