,date,symbol,reportedCurrency,fillingDate,acceptedDate,period,revenue,costOfRevenue,grossProfit,grossProfitRatio,researchAndDevelopmentExpenses,generalAndAdministrativeExpenses,sellingAndMarketingExpenses,otherExpenses,operatingExpenses,costAndExpenses,interestExpense,depreciationAndAmortization,ebitda,ebitdaratio,operatingIncome,operatingIncomeRatio,totalOtherIncomeExpensesNet,incomeBeforeTax,incomeBeforeTaxRatio,incomeTaxExpense,netIncome,netIncomeRatio,eps,epsdiluted,weightedAverageShsOut,weightedAverageShsOutDil,link,finalLink,timestamp,est_time,est_date
0,2020-03-31,1273.HK,HKD,2020-03-31,2020-03-31,FY,121853000,0.0,0.0,0.0,0.0,8030000.0,10115000.0,0.0,50641000,0.0,35146000.0,3024000.0,0.0,0.0,0.0,0.5434252747162565,0.0,66218000,0.5434252747162565,10723000.0,55495000,0.45542579993927107,0.13372289156626507,0.13372289156626507,415000000,415000000,https://www1.hkexnews.hk/search/titlesearch.xhtml,https://www1.hkexnews.hk/search/titlesearch.xhtml,1620585160,14:32:40,20210509
1,2019-03-31,1273.HK,HKD,2019-03-31,2019-03-31,FY,127185000,0.0,0.0,0.0,0.0,6811000.0,13927000.0,0.0,53951000,0.0,34651000.0,2945000.0,0.0,0.0,0.0,0.3815937414003224,0.0,48533000,0.3815937414003224,6369000.0,42164000,0.3315170814168337,0.102,0.102,415000000,415000000,https://www1.hkexnews.hk/search/titlesearch.xhtml,https://www1.hkexnews.hk/search/titlesearch.xhtml,1620585160,14:32:40,20210509
2,2018-03-31,1273.HK,HKD,2018-03-31,2018-03-31,FY,128211000,0.0,0.0,0.0,0.0,11112000.0,16394000.0,0.0,58861000,0.0,27522000.0,2992000.0,0.0,0.0,0.0,0.4260086888020529,0.0,54619000,0.4260086888020529,4569000.0,50050000,0.3903721209568602,0.121,0.121,415000000,415000000,https://www1.hkexnews.hk/search/titlesearch.xhtml,https://www1.hkexnews.hk/search/titlesearch.xhtml,1620585160,14:32:40,20210509
3,2017-03-31,1273.HK,HKD,2017-03-31,2017-03-31,FY,93483000,0.0,0.0,0.0,0.0,5374000.0,6911000.0,0.0,34955000,0.0,22167000.0,3069000.0,0.0,0.0,0.0,0.5847373319213119,0.0,54663000,0.5847373319213119,8364000.0,46299000,0.4952665190462437,0.112,0.112,415000000,415000000,https://www1.hkexnews.hk/search/titlesearch.xhtml,https://www1.hkexnews.hk/search/titlesearch.xhtml,1620585160,14:32:40,20210509
4,2016-03-31,1273.HK,HKD,2016-03-31,2016-03-31,FY,94091000,0.0,0.0,0.0,0.0,10961000.0,7793000.0,0.0,33480000,0.0,19309000.0,2807000.0,0.0,0.0,0.0,0.6126303259610377,0.0,57643000,0.6126303259610377,9582000.0,48061000,0.5107927431954172,0.11580963855421687,0.11560322412271101,415000000,415741000,https://www1.hkexnews.hk/search/titlesearch.xhtml,https://www1.hkexnews.hk/search/titlesearch.xhtml,1620585160,14:32:40,20210509
5,2015-03-31,1273.HK,HKD,2015-03-31,2015-03-31,FY,95450000,0.0,0.0,0.0,0.0,7434000.0,9944000.0,0.0,32304000,0.0,9556000.0,3152000.0,0.0,0.0,0.0,0.6615610267155578,0.0,63146000,0.6615610267155578,10270000.0,52876000,0.5539654269250917,0.127,0.127,415000000,415000000,https://www1.hkexnews.hk/search/titlesearch.xhtml,https://www1.hkexnews.hk/search/titlesearch.xhtml,1620585160,14:32:40,20210509
6,2014-03-31,1273.HK,HKD,2014-03-31,2014-03-31,FY,79563000,0.0,0.0,0.0,0.0,31808000.0,0.0,0.0,31808000,0.0,6177000.0,2753000.0,0.0,0.0,0.0,0.6002161808881012,0.0,47755000,0.6002161808881012,7223000.0,40532000,0.5094327765418599,0.114,0.114,357027000,357027000,https://www1.hkexnews.hk/search/titlesearch.xhtml,https://www1.hkexnews.hk/search/titlesearch.xhtml,1620585160,14:32:40,20210509
7,2013-03-31,1273.HK,HKD,2013-03-31,2013-03-31,FY,66933000,0.0,0.0,0.0,0.0,24567000.0,0.0,0.0,24567000,0.0,9469000.0,2319000.0,0.0,0.0,0.0,0.6329613195284837,0.0,42366000,0.6329613195284837,6552000.0,35814000,0.5350723858186545,0.119,0.119,357027000,357027000,https://www1.hkexnews.hk/search/titlesearch.xhtml,https://www1.hkexnews.hk/search/titlesearch.xhtml,1620585160,14:32:40,20210509
