,date,symbol,reportedCurrency,fillingDate,acceptedDate,period,revenue,costOfRevenue,grossProfit,grossProfitRatio,researchAndDevelopmentExpenses,generalAndAdministrativeExpenses,sellingAndMarketingExpenses,otherExpenses,operatingExpenses,costAndExpenses,interestExpense,depreciationAndAmortization,ebitda,ebitdaratio,operatingIncome,operatingIncomeRatio,totalOtherIncomeExpensesNet,incomeBeforeTax,incomeBeforeTaxRatio,incomeTaxExpense,netIncome,netIncomeRatio,eps,epsdiluted,weightedAverageShsOut,weightedAverageShsOutDil,link,finalLink,timestamp,est_time,est_date
0,2020-12-31,2348.HK,CNY,2020-12-31,2020-12-31,FY,1024270000,473625000,550645000,0.5375975084694465,55460000.0,109224000,54572000,-1370000.0,0.0,688087000,4828000.0,2484000.0,338667000,0.3306423111093755,336183000,0.3234479190057309,0.0,331298000,0.3234479190057309,66505000.0,268130000,0.2617766799769592,0.1702021503629007,0.1702021503629007,1575362000,1575362000,https://www1.hkexnews.hk/search/titlesearch.xhtml,https://www1.hkexnews.hk/search/titlesearch.xhtml,1620585514,14:38:34,20210509
1,2019-12-31,2348.HK,CNY,2019-12-31,2019-12-31,FY,950007000,414138000,535869000,0.564068475284919,0.0,97087000,84812000,-68965000.0,169358000.0,583496000,5309000.0,53434000.0,419945000,0.44204411125391707,366511000,0.385798209907927,0.0,314094000,0.33062282698969586,58738000.0,255430000,0.2688717030506091,0.1621,0.1621,1575362000,1575362000,https://www1.hkexnews.hk/search/titlesearch.xhtml,https://www1.hkexnews.hk/search/titlesearch.xhtml,1620585514,14:38:34,20210509
2,2018-12-31,2348.HK,CNY,2018-12-31,2018-12-31,FY,948938000,353909000,595029000,0.6270472886532102,0.0,83184000,106854000,-57398000.0,181951000.0,535860000,1152000.0,51630000.0,464708000,0.4897137642290645,413078000,0.43530557317759433,0.0,377777000,0.3981050395283991,73817000.0,303960000,0.32031597427861463,0.1916,0.1916,1586382000,1586382000,https://www1.hkexnews.hk/search/titlesearch.xhtml,https://www1.hkexnews.hk/search/titlesearch.xhtml,1620585514,14:38:34,20210509
3,2017-12-31,2348.HK,CNY,2017-12-31,2017-12-31,FY,882483000,320934000,561549000,0.6363284051930745,0.0,82491000,88086000,-45986000.0,166574000.0,487508000,13000.0,52645000.0,447620000,0.5072279012740188,394975000,0.44757236116729726,0.0,365703000,0.4144023170984597,72725000.0,292978000,0.33199279759496786,0.18370440834185428,0.18370438553479548,1594833802,1594834000,https://www1.hkexnews.hk/search/titlesearch.xhtml,https://www1.hkexnews.hk/search/titlesearch.xhtml,1620585514,14:38:34,20210509
4,2016-12-31,2348.HK,CNY,2016-12-31,2016-12-31,FY,824351000,312872000,511479000,0.6204626427334958,0.0,64625000,98895000,-38104000.0,160940000.0,473812000,157000.0,52816000.0,403355000,0.48930006756830524,350539000,0.425230272056442,0.0,333299000,0.40431685046782256,67382000.0,265917000,0.3225773972494726,0.1657,0.1656,1604847498,1605962000,https://www1.hkexnews.hk/search/titlesearch.xhtml,https://www1.hkexnews.hk/search/titlesearch.xhtml,1620585514,14:38:34,20210509
5,2015-12-31,2348.HK,CNY,2015-12-31,2015-12-31,FY,985000000,415612000,569388000,0.578058883248731,0.0,74940000,94471000,-50121000.0,165722000.0,581334000,1524000.0,54114000.0,457780000,0.464751269035533,403666000,0.40981319796954313,0.0,377189000,0.38293299492385785,74991000.0,302198000,0.3068,0.1879,0.18735,1608160000,1613106000,https://www1.hkexnews.hk/search/titlesearch.xhtml,https://www1.hkexnews.hk/search/titlesearch.xhtml,1620585514,14:38:34,20210509
6,2014-12-31,2348.HK,CNY,2014-12-31,2014-12-31,FY,783803000,323884000,459919000,0.5867788206985683,0.0,61009000,99412000,-54814000.0,157937000.0,481821000,2804000.0,46452000.0,348434000,0.4445428251741828,301982000,0.38527793335825455,0.0,258893000,0.33030366048611703,53748000.0,205145000,0.2617303072328123,0.12735,0.127,1610686000,1615468000,https://www1.hkexnews.hk/search/titlesearch.xhtml,https://www1.hkexnews.hk/search/titlesearch.xhtml,1620585514,14:38:34,20210509
7,2013-12-31,2348.HK,CNY,2013-12-31,2013-12-31,FY,914973000,511725000,403248000,0.4407212016092278,0.0,61609000,112749000,-51848000.0,170432000.0,682157000,3600000.0,35414000.0,268230000,0.2931561914941752,232816000,0.2544512242437755,0.0,188966000,0.20652631279830116,35867000.0,153099000,0.16732624897128112,0.0955,0.0954,1602978000,1604706000,https://www1.hkexnews.hk/search/titlesearch.xhtml,https://www1.hkexnews.hk/search/titlesearch.xhtml,1620585514,14:38:34,20210509
8,2012-12-31,2348.HK,CNY,2012-12-31,2012-12-31,FY,856539000,532144000,324395000,0.3787276469606171,0.0,53070000,104711000,-30553000.0,151996000.0,684140000,3825000.0,29825000.0,202224000,0.23609432845439612,172399000,0.20127396417442756,0.0,144641000,0.16886679999392906,30135000.0,114506000,0.1336845140734981,0.0716,0.07145,1599220000,1602198000,https://www1.hkexnews.hk/search/titlesearch.xhtml,https://www1.hkexnews.hk/search/titlesearch.xhtml,1620585514,14:38:34,20210509
9,2011-12-31,2348.HK,CNY,2011-12-31,2011-12-31,FY,1081044000,718292000,362752000,0.3355571096088596,0.0,55777000,100861000,2696000.0,187903000.0,906195000,2159000.0,28596000.0,203445000,0.1881930800226448,174849000,0.16174087271193402,0.0,179187000,0.16575366035055003,32880000.0,146307000,0.13533861711456702,0.0917,0.0913,1595870000,1602198000,https://www1.hkexnews.hk/search/titlesearch.xhtml,https://www1.hkexnews.hk/search/titlesearch.xhtml,1620585514,14:38:34,20210509
10,2010-12-31,2348.HK,CNY,2010-12-31,2010-12-31,FY,1286683000,910526000,376157000,0.29234628886835373,0.0,48884000,95673000,0.0,166729000.0,1077255000,549000.0,26132000.0,235560000,0.18307539619315713,209428000,0.16276580944956917,0.0,208879000,0.1623391309281307,42041000.0,166840000,0.12966674775372022,0.1052,0.10465,1586066000,1593936000,https://www1.hkexnews.hk/search/titlesearch.xhtml,https://www1.hkexnews.hk/search/titlesearch.xhtml,1620585514,14:38:34,20210509
11,2009-12-31,2348.HK,CNY,2009-12-31,2009-12-31,FY,1082110000,754058000,328052000,0.303159567881269,0.0,47575000,101206000,0.0,176806000.0,930864000,395000.0,26086000.0,177332000,0.16387613089242314,151246000,0.13976952435519494,0.0,151463000,0.13997005849682564,33119000.0,118388000,0.10940477400633947,0.07565,0.0753,1564688000,1572712000,https://www1.hkexnews.hk/search/titlesearch.xhtml,https://www1.hkexnews.hk/search/titlesearch.xhtml,1620585514,14:38:34,20210509
12,2008-12-31,2348.HK,CNY,2008-12-31,2008-12-31,FY,947710000,691047000,256663000,0.27082440831055915,0.0,43796000,79395000,0.0,140604000.0,831651000,343000.0,23958000.0,140017000,0.14774245286005214,116059000,0.12246256766310369,0.0,115716000,0.12210064260163975,13585000.0,102037000,0.1076669023224404,0.0645,0.0642,1582000000,1589490000,https://www1.hkexnews.hk/search/titlesearch.xhtml,https://www1.hkexnews.hk/search/titlesearch.xhtml,1620585514,14:38:34,20210509
13,2007-12-31,2348.HK,CNY,2007-12-31,2007-12-31,FY,919945000,680443000,239502000,0.2603438249025757,0.0,41117000,69218000,0.0,132285000.0,812728000,0.0,24055000.0,131272000,0.14269548723021486,107217000,0.11654718488605297,0.0,111537000,0.12124311779508558,10380000.0,101157000,0.10995983455532668,0.063,0.06265,1604317460,1613280128,https://www1.hkexnews.hk/search/titlesearch.xhtml,https://www1.hkexnews.hk/search/titlesearch.xhtml,1620585514,14:38:34,20210509
14,2006-12-31,2348.HK,CNY,2006-12-31,2006-12-31,FY,788797000,604788000,184009000,0.23327801703099785,0.0,36400000,53669000,0.0,116659000.0,721447000,0.0,23017000.0,90367000,0.11456306248629242,67350000,0.08538318477377577,0.0,69329000,0.08789206855502747,3451000.0,65878000,0.0835170519157654,0.04115,0.0409,1598566221,1608337408,https://www1.hkexnews.hk/search/titlesearch.xhtml,https://www1.hkexnews.hk/search/titlesearch.xhtml,1620585514,14:38:34,20210509
15,2005-12-31,2348.HK,CNY,2005-12-31,2005-12-31,FY,734002000,518769000,215233000,0.2932321710295067,0.0,38597000,54230000,0.0,111041000.0,629810000,0.0,17714000.0,121906000,0.16608401611984708,104192000,0.1419505668921883,0.0,105949000,0.14434429333980017,245000.0,105704000,0.14401050678336028,0.06605,0.06605,1599485238,1599485238,https://www1.hkexnews.hk/search/titlesearch.xhtml,https://www1.hkexnews.hk/search/titlesearch.xhtml,1620585514,14:38:34,20210509
16,2004-12-31,2348.HK,CNY,2004-12-31,2004-12-31,FY,584758000,392081000,192677000,0.3294986986069451,0.0,34375000,58987000,0.0,108221000.0,500302000,0.0,12695000.0,97151000,0.16613881297904431,84456000,0.14442897745734132,0.0,86412000,0.1477739509335486,6225000.0,80171000,0.13710115979601817,0.0501,0.0501,1600219561,1600219561,https://www1.hkexnews.hk/search/titlesearch.xhtml,https://www1.hkexnews.hk/search/titlesearch.xhtml,1620585514,14:38:34,20210509
17,2003-12-31,2348.HK,CNY,2003-12-31,2003-12-31,FY,491388000,285485000,205903000,0.41902325657118206,0.0,26095000,56795000,0.0,93401000.0,378886000,0.0,6097000.0,118599000,0.24135510024664827,112502000,0.2289473898426498,0.0,112424000,0.22878865580763064,3996000.0,108022000,0.2198303580877026,0.07755,0.07755,1392933591,1392933591,https://www1.hkexnews.hk/search/titlesearch.xhtml,https://www1.hkexnews.hk/search/titlesearch.xhtml,1620585514,14:38:34,20210509
18,2002-12-31,2348.HK,CNY,2002-12-31,2002-12-31,FY,327924000,155617000,172307000,0.5254479696515046,0.0,10643000,52305000,0.0,71715000.0,227332000,0.0,5186000.0,105778000,0.3225686439540869,100592000,0.30675400397653113,0.0,100598000,0.30677230089898877,0.0,100119000,0.30531159658945367,0.08345,0.08345,1199748352,1199748352,https://www1.hkexnews.hk/search/titlesearch.xhtml,https://www1.hkexnews.hk/search/titlesearch.xhtml,1620585514,14:38:34,20210509
