,date,symbol,reportedCurrency,fillingDate,acceptedDate,period,revenue,costOfRevenue,grossProfit,grossProfitRatio,researchAndDevelopmentExpenses,generalAndAdministrativeExpenses,sellingAndMarketingExpenses,otherExpenses,operatingExpenses,costAndExpenses,interestExpense,depreciationAndAmortization,ebitda,ebitdaratio,operatingIncome,operatingIncomeRatio,totalOtherIncomeExpensesNet,incomeBeforeTax,incomeBeforeTaxRatio,incomeTaxExpense,netIncome,netIncomeRatio,eps,epsdiluted,weightedAverageShsOut,weightedAverageShsOutDil,link,finalLink,timestamp,est_time,est_date
0,2020-12-31,0990.HK,HKD,2020-12-31,2020-12-31,FY,15997421000,15369869000,627552000,0.039228323115332156,0.0,108381000.0,13446000.0,2534000.0,0.0,15488359000,19503000.0,0.0,555475000.0,0.03472278437880706,509062000.0,0.03327236308902541,0.0,532272000.0,0.03327236308902541,31931000.0,445977000.0,0.02787805609416668,0.0377,0.0377,11841345000,11841345000,https://www1.hkexnews.hk/search/titlesearch.xhtml,https://www1.hkexnews.hk/search/titlesearch.xhtml,1620585017,14:30:17,20210509
1,2019-12-31,0990.HK,HKD,2019-12-31,2019-12-31,FY,11280616000,10770712000,509904000,0.045201786852774706,0.0,90977000.0,92554000.0,-85922000.0,0.0,10952849000,22294000.0,6861000.0,334628000.0,0.0296639828888777,327767000.0,0.029055771422411683,0.0,223194000.0,0.019785621636265252,40284000.0,145745000.0,0.012919950470789893,0.0143,0.0143,10168233000,10168233000,https://www1.hkexnews.hk/search/titlesearch.xhtml,https://www1.hkexnews.hk/search/titlesearch.xhtml,1620585017,14:30:17,20210509
2,2018-12-31,0990.HK,HKD,2018-12-31,2018-12-31,FY,4330171000,4141309000,188862000,0.04361536761481244,0.0,58242000.0,20204000.0,0.0,0.0,4219614000,4774000.0,1435000.0,111992000.0,0.02586318184662915,110557000.0,0.025531786158098608,0.0,84134000.0,0.01942971767165777,16997000.0,61893000.0,0.01429343090607738,0.007585,0.007585,8117652497,8117652497,https://www1.hkexnews.hk/search/titlesearch.xhtml,https://www1.hkexnews.hk/search/titlesearch.xhtml,1620585017,14:30:17,20210509
3,2017-12-31,0990.HK,HKD,2017-12-31,2017-12-31,FY,5389307000,5321420000,67887000,0.012596610287742005,0.0,25691000.0,592000.0,7000.0,0.0,5347703000,8319000.0,900000.0,42504000.0,0.007886728293637754,41604000.0,0.007719730941287998,0.0,27004000.0,0.005010662780947532,5655000.0,21349000.0,0.003961362750349906,0.003015,0.003015,7179395818,7179395818,https://www1.hkexnews.hk/search/titlesearch.xhtml,https://www1.hkexnews.hk/search/titlesearch.xhtml,1620585017,14:30:17,20210509
4,2016-12-31,0990.HK,HKD,2016-12-31,2016-12-31,FY,1581947000,1569092000,12855000,0.00812606237756385,0.0,35506000.0,600000.0,0.0,0.0,1605115000,1643000.0,168000.0,-23000000.0,-0.01453904587195399,-23168000.0,-0.014645244120062177,0.0,-25556000.0,-0.01615477636102853,381000.0,-25937000.0,-0.016395618816559595,-0.004862,-0.004862,5347704088,5347704088,https://www1.hkexnews.hk/search/titlesearch.xhtml,https://www1.hkexnews.hk/search/titlesearch.xhtml,1620585017,14:30:17,20210509
5,2015-12-31,0990.HK,HKD,2015-12-31,2015-12-31,FY,55044000,42418000,12626000,0.2293801322578301,0.0,18215000.0,17665000.0,0.0,0.0,76595000,0.0,1415000.0,-20136000.0,-0.3658164377588838,-21551000.0,-0.3915231451202674,0.0,-23376000.0,-0.42467843906692826,7000.0,-23383000.0,-0.42480561005740863,-0.005349,-0.005349,4398890861,4398890861,https://www1.hkexnews.hk/search/titlesearch.xhtml,https://www1.hkexnews.hk/search/titlesearch.xhtml,1620585017,14:30:17,20210509
6,2014-12-31,0990.HK,HKD,2014-12-31,2014-12-31,FY,77492000,34296000,43196000,0.5574252826098178,0.0,21258000.0,44040000.0,0.0,0.0,99565000,0.0,2582000.0,-19491000.0,-0.25152273783100193,-22073000.0,-0.28484230630258606,0.0,-22253000.0,-0.28716512672275846,0.0,-22253000.0,-0.28716512672275846,-0.005932,-0.005932,3759287017,3759287017,https://www1.hkexnews.hk/search/titlesearch.xhtml,https://www1.hkexnews.hk/search/titlesearch.xhtml,1620585017,14:30:17,20210509
7,2013-12-31,0990.HK,HKD,2013-12-31,2013-12-31,FY,87274000,37880000,49394000,0.565964663015331,0.0,15881000.0,48506000.0,0.0,0.0,102090000,0.0,2839000.0,-11977000.0,-0.1372344569975021,-14816000.0,-0.16976419093888215,0.0,-15289000.0,-0.17518390356807298,52000.0,-15341000.0,-0.1757797282122969,-0.004084,-0.004084,3759287017,3759287017,https://www1.hkexnews.hk/search/titlesearch.xhtml,https://www1.hkexnews.hk/search/titlesearch.xhtml,1620585017,14:30:17,20210509
8,2012-12-31,0990.HK,HKD,2012-12-31,2012-12-31,FY,89762000,45133000,44629000,0.49719257592299637,0.0,31160000.0,48473000.0,0.0,0.0,123791000,0.0,3259000.0,-30770000.0,-0.34279539225953076,-34029000.0,-0.3791025155410976,0.0,-43234000.0,-0.4816514783538691,52000.0,-43286000.0,-0.48223078808404446,-0.011475,-0.011475,3759287017,3759287017,https://www1.hkexnews.hk/search/titlesearch.xhtml,https://www1.hkexnews.hk/search/titlesearch.xhtml,1620585017,14:30:17,20210509
9,2011-12-31,0990.HK,HKD,2011-12-31,2011-12-31,FY,99730000,43212000,56518000,0.5667101173167552,0.0,69142000.0,51341000.0,0.0,0.0,163545000,0.0,2897000.0,-60918000.0,-0.610829238945152,-63815000.0,-0.6398776697082121,0.0,-64602000.0,-0.6477689762358367,79000.0,-64681000.0,-0.6485611150105284,-0.017213,-0.017213,3759287017,3759287017,https://www1.hkexnews.hk/search/titlesearch.xhtml,https://www1.hkexnews.hk/search/titlesearch.xhtml,1620585017,14:30:17,20210509
10,2010-12-31,0990.HK,HKD,2010-12-31,2010-12-31,FY,94620000,41298000,53322000,0.5635383639822448,0.0,53405000.0,47971000.0,0.0,0.0,142118000,0.0,1835000.0,-45663000.0,-0.4825935320228282,-47498000.0,-0.5019868949482139,0.0,-47498000.0,-0.5019868949482139,84000.0,-47582000.0,-0.5028746565208201,-0.012739,-0.012739,3724775145,3724775145,https://www1.hkexnews.hk/search/titlesearch.xhtml,https://www1.hkexnews.hk/search/titlesearch.xhtml,1620585017,14:30:17,20210509
11,2009-12-31,0990.HK,HKD,2009-12-31,2009-12-31,FY,89593000,39944000,49649000,0.5541615974462291,0.0,8668000.0,43714000.0,0.0,0.0,92002000,0.0,13044000.0,10635000.0,0.1187034701371759,-2409000.0,-0.02688826135970444,0.0,-2409000.0,-0.02688826135970444,1795000.0,-22210000.0,-0.24789883138191598,-0.006029,-0.006029,3687305877,3687305877,https://www1.hkexnews.hk/search/titlesearch.xhtml,https://www1.hkexnews.hk/search/titlesearch.xhtml,1620585017,14:30:17,20210509
12,2008-12-31,0990.HK,HKD,2008-12-31,2008-12-31,FY,302793000,141259000,161534000,0.5334799681630685,0.0,59711000.0,129343000.0,0.0,0.0,321202000,1188000.0,18754000.0,345000.0,0.0011393922580773003,-18409000.0,-0.06079731037375369,0.0,-32223000.0,-0.10641923690441984,453000.0,-32676000.0,-0.10791530847806917,-0.008874,-0.008874,3687305877,3687305877,https://www1.hkexnews.hk/search/titlesearch.xhtml,https://www1.hkexnews.hk/search/titlesearch.xhtml,1620585017,14:30:17,20210509
13,2007-12-31,0990.HK,HKD,2007-12-31,2007-12-31,FY,316938000,143523000,173415000,0.5471574882153607,0.0,70478000.0,135925000.0,0.0,0.0,349926000,0.0,13137000.0,-19851000.0,-0.06263370122863146,-32988000.0,-0.10408344849781345,0.0,-25195000.0,-0.07949504319456803,608000.0,-25803000.0,-0.08141339946614164,-0.009482,-0.009482,2721361693,2721361693,https://www1.hkexnews.hk/search/titlesearch.xhtml,https://www1.hkexnews.hk/search/titlesearch.xhtml,1620585017,14:30:17,20210509
14,2006-12-31,0990.HK,HKD,2006-12-31,2006-12-31,FY,287107000,93944000,193163000,0.6727909803662049,0.0,73359000.0,128094000.0,0.0,0.0,295397000,0.0,13089000.0,4799000.0,0.01671502262222795,-8290000.0,-0.02887425245640127,0.0,-6698000.0,-0.02332928141772928,-117000.0,-6581000.0,-0.022921767842650997,-0.002431,-0.002431,2063456193,2063456193,https://www1.hkexnews.hk/search/titlesearch.xhtml,https://www1.hkexnews.hk/search/titlesearch.xhtml,1620585017,14:30:17,20210509
15,2005-12-31,0990.HK,HKD,2005-12-31,2005-12-31,FY,258540000,93174000,165366000,0.6396147598050592,0.0,61041000.0,109480000.0,0.0,0.0,263695000,0.0,10577000.0,5422000.0,0.020971609808927053,-5155000.0,-0.019938887599597742,0.0,-4472000.0,-0.01729713003790516,-441000.0,-4031000.0,-0.015591397849462365,-0.002431,-0.002431,1658034145,1658034145,https://www1.hkexnews.hk/search/titlesearch.xhtml,https://www1.hkexnews.hk/search/titlesearch.xhtml,1620585017,14:30:17,20210509
16,2004-12-31,0990.HK,HKD,2004-12-31,2004-12-31,FY,201265000,76073000,125192000,0.6220256875263955,0.0,51139000.0,83108000.0,0.0,0.0,210320000,0.0,6006000.0,-3049000.0,-0.015149181427471244,-9055000.0,-0.04499043549549102,0.0,-10986000.0,-0.05458475144709711,-1406000.0,-8183000.0,-0.040657839167267035,-0.007294,-0.007294,2063456193,2063456193,https://www1.hkexnews.hk/search/titlesearch.xhtml,https://www1.hkexnews.hk/search/titlesearch.xhtml,1620585017,14:30:17,20210509
17,2003-12-31,0990.HK,HKD,2003-12-31,2003-12-31,FY,172065000,69598000,102467000,0.5955133234533461,0.0,40792000.0,79038000.0,0.0,0.0,189428000,0.0,5973000.0,-11390000.0,-0.0661959143346991,-17363000.0,-0.10090953999941882,0.0,-19674000.0,-0.11434051085345655,215000.0,-19889000.0,-0.11559003864818528,-0.01945,-0.01945,1022594924,1022594924,https://www1.hkexnews.hk/search/titlesearch.xhtml,https://www1.hkexnews.hk/search/titlesearch.xhtml,1620585017,14:30:17,20210509
