,date,symbol,reportedCurrency,fillingDate,acceptedDate,period,revenue,costOfRevenue,grossProfit,grossProfitRatio,researchAndDevelopmentExpenses,generalAndAdministrativeExpenses,sellingAndMarketingExpenses,otherExpenses,operatingExpenses,costAndExpenses,interestExpense,depreciationAndAmortization,ebitda,ebitdaratio,operatingIncome,operatingIncomeRatio,totalOtherIncomeExpensesNet,incomeBeforeTax,incomeBeforeTaxRatio,incomeTaxExpense,netIncome,netIncomeRatio,eps,epsdiluted,weightedAverageShsOut,weightedAverageShsOutDil,link,finalLink,timestamp,est_time,est_date
0,2020-12-31,GIG.OL,EUR,2020-12-31,2020-12-31,FY,63027000.0,2967000.0,60060000.0,0.9529249369317911,0.0,3060000.0,14900000.0,0.0,0.0,71692000.0,6943000.0,19407000.0,10742000.0,0.17043489298237263,-8665000.0,-0.24763990036016312,0.0,-15608000.0,-0.24763990036016312,323000.0,-17684000.0,-0.2805781649134498,-0.19647579050285535,-0.19647579050285535,90006000.0,90006000.0,https://www.oslobors.no/ob_eng/,https://www.oslobors.no/ob_eng/,1620592548,16:35:48,20210509
1,2019-12-31,GIG.OL,EUR,2019-12-31,2019-12-31,FY,44054000.0,906000.0,43148000.0,0.9794343305942707,0.0,3065000.0,5272000.0,-5000.0,63354000.0,64260000.0,8222000.0,23650000.0,3444000.0,0.0781767830389976,-20206000.0,-0.45866436645934533,0.0,-32344000.0,-0.7341898579016661,627000.0,-64691000.0,-1.4684478140463977,-0.72,-0.72,90006000.0,90006000.0,https://www.oslobors.no/ob_eng/,https://www.oslobors.no/ob_eng/,1620592548,16:35:48,20210509
2,2018-12-31,GIG.OL,EUR,2018-12-31,2018-12-31,FY,151372000.0,27358000.0,124014000.0,0.8192664429352853,0.0,7195000.0,47247000.0,-113000.0,127905000.0,155263000.0,4210000.0,19973000.0,16082000.0,0.10624157704198928,-3891000.0,-0.02570488597627038,0.0,-21940000.0,-0.14494094020030124,815000.0,-22755000.0,-0.15032502708559048,-0.25,-0.25,89567000.0,89567000.0,https://www.oslobors.no/ob_eng/,https://www.oslobors.no/ob_eng/,1620592548,16:35:48,20210509
3,2017-12-31,GIG.OL,EUR,2017-12-31,2017-12-31,FY,120422813.0,20521383.0,99901430.0,0.8295889085401119,0.0,5011012.0,47092812.0,519311.0,98292863.0,118814246.0,1572875.0,10911986.0,12520553.0,0.10397160378573785,1608567.0,0.013357660063961468,0.0,555003.0,0.004608786210632698,972504.0,-417501.0,-0.003466959370895945,-0.004687,-0.004687,89067306.0,89067306.0,https://www.oslobors.no/ob_eng/,https://www.oslobors.no/ob_eng/,1620592548,16:35:48,20210509
4,2016-12-31,GIG.OL,EUR,2016-12-31,2016-12-31,FY,53604995.0,9284807.0,44320188.0,0.82679213009907,0.0,1294889.0,19093533.0,-1349374.0,41550581.0,50835388.0,0.0,3046246.0,5815853.0,0.10849460950420758,2769607.0,0.05166695752886461,0.0,2757907.0,0.051448694286791746,363842.0,2394065.0,0.044661229797708216,0.038025,0.037874,62959551.0,63210914.0,https://www.oslobors.no/ob_eng/,https://www.oslobors.no/ob_eng/,1620592548,16:35:48,20210509
5,2015-12-31,GIG.OL,EUR,2015-12-31,2015-12-31,FY,17749037.0,4042188.0,13706849.0,0.7722587428264418,0.0,1924122.0,7670104.0,362519.0,16102077.0,20144265.0,25254.0,333211.0,-2062017.0,-0.11617627480296537,-2395228.0,-0.13494974403400026,0.0,-2058059.0,-0.11595327678904495,31438.0,-2089497.0,-0.11772452781522738,-0.1,-0.1,40505614.0,40505614.0,https://www.oslobors.no/ob_eng/,https://www.oslobors.no/ob_eng/,1620592548,16:35:48,20210509
6,2014-12-31,GIG.OL,EUR,2014-12-31,2014-12-31,FY,4373292.38808,1050318.192,3322974.19608,0.7598335307141173,0.0,3890234.83464,0.0,-3142.23756,5006325.37944,6056643.57144,109854.9606,1116090.5448,-567260.6385599999,-0.12971020188500212,-1683351.18336,-0.384916221917428,0.0,-4349298.39036,-0.9945135162274081,8776.22592,-4358074.61628,-0.996520293991438,-0.328944,-0.328944,14285099.0,14285099.0,https://www.oslobors.no/ob_eng/,https://www.oslobors.no/ob_eng/,1620592548,16:35:48,20210509
7,2013-12-31,GIG.OL,EUR,2013-12-31,2013-12-31,FY,5048050.94034,1986419.22238,3061631.71796,0.6064977858075637,0.0,7443937.46668,0.0,-57150.83724,9772646.88368,11759066.10606,144395.69856,2328709.417,-4382305.74872,-0.8681183689530754,-6711015.16572,-1.329426989749829,0.0,-10951102.10096,-2.169372343976864,52096.78502,-11003198.88598,-2.1796925221279375,-0.72418,-0.72418,15363923.0,15363923.0,https://www.oslobors.no/ob_eng/,https://www.oslobors.no/ob_eng/,1620592548,16:35:48,20210509
8,2012-12-31,GIG.OL,EUR,2012-12-31,2012-12-31,FY,17447798.1755,6301456.77238,11146341.40312,0.6388394278179791,0.0,3997503.48536,0.0,-576515.1623,5665206.55008,11966663.32246,75381.86502,1667703.06472,7148837.917760001,0.40972722436681536,5481134.85304,0.31414478766361176,0.0,4924410.14296,0.2822367666927051,65631.43972,3979951.20754,0.2281062153234098,0.2732490567670203,0.27124048295709724,14565288.0,14673146.0,https://www.oslobors.no/ob_eng/,https://www.oslobors.no/ob_eng/,1620592548,16:35:48,20210509
9,2011-12-31,GIG.OL,EUR,2011-12-31,2011-12-31,FY,4976529.13355,2400213.3519,2576315.78165,0.5176932983836846,0.0,1288682.9306,0.0,-279559.56925,1856283.71825,4256497.07015,2823.10145,567600.78765,1287632.85105,0.2587411459865139,720032.0634,0.14468559192104358,0.0,389866.52965,0.07834105240571337,46119.40125,343747.1284,0.06907366945419416,0.077155,0.077155,6469229.0,6469229.0,https://www.oslobors.no/ob_eng/,https://www.oslobors.no/ob_eng/,1620592548,16:35:48,20210509
10,2010-12-31,GIG.OL,EUR,2010-12-31,2010-12-31,FY,672995.614,287935.5936,385060.0204,0.5721582910642862,387756.3338,1468287.763,0.0,56924.8452,1964613.9454,2252549.539,0.0,37428.0782,-1542125.8468,-2.2914352110473044,-1579553.925,-2.3470493598194535,0.0,0.0,0.0,0.0,-1666257.7697,-2.475882063772261,-0.45114,-0.45114,3779995.0,3779995.0,https://www.oslobors.no/ob_eng/,https://www.oslobors.no/ob_eng/,1620592548,16:35:48,20210509
11,2009-12-31,GIG.OL,EUR,2009-12-31,2009-12-31,FY,627585.39116,423945.09176,203640.2994,0.32448221750923906,68222.79816,1586031.74072,0.0,-1018373.19516,2603584.13492,3027529.22668,0.0,141431.82256,-2258512.01296,-3.5987326103711084,-2399943.83552,-3.8240913018769516,0.0,-3418317.03068,-5.446775974758972,0.0,-3418317.03068,-5.446775974758972,-6.491028,-6.491028,525193.0,525193.0,https://www.oslobors.no/ob_eng/,https://www.oslobors.no/ob_eng/,1620592548,16:35:48,20210509
12,2008-12-31,GIG.OL,EUR,2008-12-31,2008-12-31,FY,1639527.00422,987980.41244,651546.59178,0.39739912188269894,1308273.85164,3425649.96228,0.0,110127.26872,4652302.43142,5640282.84386,0.0,189158.31718,-3811597.5224599997,-2.3248153355506065,-4000755.83964,-2.440189048025682,0.0,-5327308.57092,-3.2492960208694157,10522.24432,-5337830.81524,-3.255713874489952,-23.561552,-23.561552,226535.0,226535.0,https://www.oslobors.no/ob_eng/,https://www.oslobors.no/ob_eng/,1620592548,16:35:48,20210509
