,date,symbol,reportedCurrency,fillingDate,acceptedDate,period,revenue,costOfRevenue,grossProfit,grossProfitRatio,researchAndDevelopmentExpenses,generalAndAdministrativeExpenses,sellingAndMarketingExpenses,otherExpenses,operatingExpenses,costAndExpenses,interestExpense,depreciationAndAmortization,ebitda,ebitdaratio,operatingIncome,operatingIncomeRatio,totalOtherIncomeExpensesNet,incomeBeforeTax,incomeBeforeTaxRatio,incomeTaxExpense,netIncome,netIncomeRatio,eps,epsdiluted,weightedAverageShsOut,weightedAverageShsOutDil,link,finalLink,timestamp,est_time,est_date
0,2019-02-28,NCZ,USD,2019-02-28,2019-02-28,FY,-4578435.0,0.0,0.0,0.0,0.0,843877.0,0.0,0.0,1134609.0,0.0,342944.0,0.0,0.0,0.0,0.0,1.247815902158707,0.0,-5713044.0,1.247815902158707,0.0,-5713044.0,1.247815902158707,-0.07,-0.07,75583392,75583392,,,1620595576,17:26:16,20210509
1,2018-02-28,NCZ,USD,2018-02-28,2018-02-28,FY,37133490.0,0.0,0.0,0.0,0.0,479081.0,0.0,0.0,829938.0,0.0,0.0,0.0,0.0,0.0,0.0,0.9776498788559869,0.0,36303552.0,0.9776498788559869,0.0,36303552.0,0.9776498788559869,0.48,0.48,66026471,66026471,,,1620595576,17:26:16,20210509
2,2017-02-28,NCZ,USD,2017-02-28,2017-02-28,FY,54890000.0,5680000.0,49210000.0,0.8965203133539806,0.0,120000.0,0.0,80000.0,-96690000.0,-91010000.0,0.0,0.0,145900000.0,2.658043,145900000.0,2.658043359446165,80000.0,145900000.0,2.658043359446165,0.0,145900000.0,2.658043359446165,1.96023,1.96023,74430000,74430000,,,1620595576,17:26:16,20210509
3,2016-02-29,NCZ,USD,2016-02-29,2016-02-29,FY,61590000.0,5980000.0,55610000.0,0.9029063159603832,0.0,110000.0,0.0,40000.0,189500000.0,195480000.0,0.0,0.0,-133890000.0,-2.173892,-133890000.0,-2.173891865562591,40000.0,-133890000.0,-2.173891865562591,0.0,-133890000.0,-2.173891865562591,-1.79984,-1.79984,74390000,74390000,,,1620595576,17:26:16,20210509
4,2015-02-28,NCZ,USD,2015-02-28,2015-02-28,FY,65770000.0,6930000.0,58840000.0,0.8946328113121484,0.0,110000.0,0.0,40000.0,55630000.0,62560000.0,0.0,0.0,3200000.0,0.048654,3200000.0,0.04865440170290406,40000.0,3200000.0,0.04865440170290406,0.0,3200000.0,0.04865440170290406,0.04323,0.04323,74030000,74030000,,,1620595576,17:26:16,20210509
5,2014-02-28,NCZ,USD,2014-02-28,2014-02-28,FY,73140000.0,6720000.0,66420000.0,0.9081214109926169,0.0,70000.0,0.0,30000.0,-41589999.99999999,-34869999.99999999,0.0,0.0,108020000.0,1.476894,108020000.0,1.4768936286573695,30000.0,108020000.0,1.4768936286573695,0.0,108020000.0,1.4768936286573695,1.46946,1.46946,73510000,73510000,,,1620595576,17:26:16,20210509
6,2013-02-28,NCZ,USD,2013-02-28,2013-02-28,FY,64930000.0,6180000.0,58750000.0,0.9048205760049284,0.0,90000.0,0.0,30000.0,-11989999.999999998,-5809999.999999998,0.0,0.0,70740000.0,1.089481,70740000.0,1.0894809795164022,30000.0,70740000.0,1.0894809795164022,0.0,70740000.0,1.0894809795164022,1.08714,1.08714,65070000,65070000,,,1620595576,17:26:16,20210509
7,2012-02-29,NCZ,USD,2012-02-29,2012-02-29,FY,66990000.0,6270000.0,60720000.0,0.9064039408866995,0.0,100000.0,0.0,20000.0,60670000.0,66940000.0,0.0,0.0,50000.0,0.000746,50000.0,0.0007463800567248843,20000.0,50000.0,0.0007463800567248843,0.0,50000.0,0.0007463800567248843,0.0008,0.0008,62700000,62700000,,,1620595576,17:26:16,20210509
