,date,symbol,reportedCurrency,fillingDate,acceptedDate,period,revenue,costOfRevenue,grossProfit,grossProfitRatio,researchAndDevelopmentExpenses,generalAndAdministrativeExpenses,sellingAndMarketingExpenses,otherExpenses,operatingExpenses,costAndExpenses,interestExpense,depreciationAndAmortization,ebitda,ebitdaratio,operatingIncome,operatingIncomeRatio,totalOtherIncomeExpensesNet,incomeBeforeTax,incomeBeforeTaxRatio,incomeTaxExpense,netIncome,netIncomeRatio,eps,epsdiluted,weightedAverageShsOut,weightedAverageShsOutDil,link,finalLink,timestamp,est_time,est_date
0,2016-06-30,UNIS,USD,2016-10-24,2016-10-24 06:12:13,FY,14841000.0,0.0,14841000.0,1.0,43191000.0,43196000,0.0,32071000.0,118458000,118458000,10187000.0,5491000.0,-98126000,-6.611818610605754,-103617000,-6.981807155852032,-241000.0,-100783000,-6.790849673202614,0.0,-100783000,-6.790849673202614,-6.96616,-6.96616,14467510,14467510,https://www.sec.gov/Archives/edgar/data/1476170/000156459016025989/0001564590-16-025989-index.htm,https://www.sec.gov/Archives/edgar/data/1476170/000156459016025989/unis-10k_20160630.htm,1620599297,18:28:17,20210509
1,2015-06-30,UNIS,USD,2015-09-14 00:00:00,2015-09-14 17:16:57,FY,13158000.0,0.0,13158000.0,1.0,52487000.0,36176000,0.0,4923000.0,93586000,93586000,6368000.0,4923000.0,-75505000,-5.7383340933272535,-80428000,-6.1124791001671985,-226000.0,-89617000,-6.8108375132998935,0.0,-90849000,-6.904468764249886,-8.09743,-8.09743,11219490,11219490,https://www.sec.gov/Archives/edgar/data/1476170/000119312515319577/0001193125-15-319577-index.html,https://www.sec.gov/Archives/edgar/data/1476170/000119312515319577/d48978d10k.htm,1620599297,18:28:17,20210509
2,2014-06-30,UNIS,USD,2014-09-15 00:00:00,2014-09-15 17:25:27,FY,14689000.0,0.0,14689000.0,1.0,34111000.0,27894000,0.0,4079000.0,66084000,66084000,7332000.0,4079000.0,-47316000,-3.2211859214378107,-51395000,-3.498876710463612,-208000.0,-58784000,-4.001906188304173,-18415000.0,-57899000,-3.9416570222615563,-0.59043,-0.59043,98062664,98062664,https://www.sec.gov/Archives/edgar/data/1476170/000119312514341875/0001193125-14-341875-index.html,https://www.sec.gov/Archives/edgar/data/1476170/000119312514341875/d749518d10k.htm,1620599297,18:28:17,20210509
3,2013-06-30,UNIS,USD,2013-09-13 00:00:00,2013-09-13 17:01:25,FY,2743000.0,128000.0,2615000.0,0.953335763762304,21749000.0,32437000,0.0,9487000.0,63673000,63801000,2392000.0,5435000.0,-55623000,-20.27816259569814,-61058000,-22.259569814072183,-198000.0,-63752000,-23.24170616113744,0.0,-63198000,-23.039737513671163,-0.77863,-0.77863,81165773,81165773,https://www.sec.gov/Archives/edgar/data/1476170/000119312513366717/0001193125-13-366717-index.html,https://www.sec.gov/Archives/edgar/data/1476170/000119312513366717/d584327d10k.htm,1620599297,18:28:17,20210509
4,2012-06-30,UNIS,USD,2012-09-13 00:00:00,2012-09-13 16:41:17,FY,5519000.0,584000.0,4935000.0,0.8941837289364015,23137000.0,27685000,0.0,4582000.0,55404000,55988000,0.0,4582000.0,-47720000,-8.646493930059794,-52302000,-9.476716796521108,-163000.0,-52302000,-9.476716796521108,0.0,-52302000,-9.476716796521108,-0.67704,-0.67704,77250687,77250687,https://www.sec.gov/Archives/edgar/data/1476170/000119312512391039/0001193125-12-391039-index.html,https://www.sec.gov/Archives/edgar/data/1476170/000119312512391039/d370168d10k.htm,1620599297,18:28:17,20210509
5,2011-06-30,UNIS,USD,2011-09-13 00:00:00,2011-09-13 17:30:17,FY,6650000.0,2597000.0,4053000.0,0.6094736842105263,9631000.0,31571000,0.0,4009000.0,45211000,47808000,-511000.0,3482000.0,-37200000,-5.593984962406015,-40682000,-6.117593984962406,-588000.0,-40682000,-6.117593984962406,0.0,-40682000,-6.117593984962406,-0.7,-0.7,58117142,58117142,https://www.sec.gov/Archives/edgar/data/1476170/000095012311084294/0000950123-11-084294-index.html,https://www.sec.gov/Archives/edgar/data/1476170/000095012311084294/y92588e10vk.htm,1620599297,18:28:17,20210509
6,2010-06-30,UNIS,USD,2010-09-28,2010-09-28 17:26:39,FY,11422000.0,2471000.0,8951000.0,0.7836631062861145,8495000.0,28696000,0.0,2314000.0,39505000,41976000,-125000.0,2314000.0,-27434000,-2.401856067238662,-29748000,-2.6044475573454737,135000.0,-29748000,-2.6044475573454737,0.0,-29748000,-2.6044475573454737,-0.64,-0.64,46481250,46481250,https://www.sec.gov/Archives/edgar/data/1476170/000095012310089629/0000950123-10-089629-index.htm,https://www.sec.gov/Archives/edgar/data/1476170/000095012310089629/y86453e10vk.htm,1620599297,18:28:17,20210509
