,date,symbol,reportedCurrency,fillingDate,acceptedDate,period,revenue,costOfRevenue,grossProfit,grossProfitRatio,researchAndDevelopmentExpenses,generalAndAdministrativeExpenses,sellingAndMarketingExpenses,otherExpenses,operatingExpenses,costAndExpenses,interestExpense,depreciationAndAmortization,ebitda,ebitdaratio,operatingIncome,operatingIncomeRatio,totalOtherIncomeExpensesNet,incomeBeforeTax,incomeBeforeTaxRatio,incomeTaxExpense,netIncome,netIncomeRatio,eps,epsdiluted,weightedAverageShsOut,weightedAverageShsOutDil,link,finalLink,timestamp,est_time,est_date
0,2020-07-31,BWY.L,GBP,2020-07-31,2020-07-31,FY,2225400000,1875100000.0,350300000.0,0.15740990383751235,0.0,97400000.0,0.0,0.0,100500000,1975600000,13600000.0,6300000.0,256100000.0,0.11508043497798148,249800000.0,0.11224948323896827,0.0,236700000.0,0.10636290105149636,43800000.0,192900000.0,0.08668104610407118,1.5681304770401676,1.5681304770401676,123012723,123012723,https://find-and-update.company-information.service.gov.uk/search/companies?q=Bellway+PLC,https://find-and-update.company-information.service.gov.uk/search/companies?q=Bellway+PLC,1620589804,15:50:04,20210509
1,2019-07-31,BWY.L,GBP,2019-07-31,2019-07-31,FY,3213243000,2423062000.0,790181000.0,0.2459138633461584,0.0,109685000.0,0.0,0.0,115276000,2538338000,15014000.0,5757000.0,680662000.0,0.21183022883734595,674905000.0,0.2100385809601079,0.0,662591000.0,0.20620631555098695,124037000.0,538554000.0,0.167604504234507,4.378,4.364,123012723,123411666,https://find-and-update.company-information.service.gov.uk/search/companies?q=Bellway+PLC,https://find-and-update.company-information.service.gov.uk/search/companies?q=Bellway+PLC,1620589804,15:50:04,20210509
2,2018-07-31,BWY.L,GBP,2018-07-31,2018-07-31,FY,2957664000,2204216000.0,753448000.0,0.2547442846787194,0.0,100577000.0,0.0,0.0,100577000,2304793000,14261000.0,1855000.0,654726000.0,0.22136591580382356,652871000.0,0.2207387316476787,0.0,641057000.0,0.21674436311900203,121152000.0,519905000.0,0.17578230657708246,4.234,4.216,122779199,123307450,https://find-and-update.company-information.service.gov.uk/search/companies?q=Bellway+PLC,https://find-and-update.company-information.service.gov.uk/search/companies?q=Bellway+PLC,1620589804,15:50:04,20210509
3,2017-07-31,BWY.L,GBP,2017-07-31,2017-07-31,FY,2558561000,1896977000.0,661584000.0,0.25857659833007696,0.0,90029000.0,0.0,-188000.0,90029000,1987006000,12492000.0,2759000.0,574314000.0,0.22446758158199082,571555000.0,0.2233892410616749,0.0,560723000.0,0.21915561129869485,106666000.0,454057000.0,0.17746577079850745,3.706,3.69,122511626,123048203,https://find-and-update.company-information.service.gov.uk/search/companies?q=Bellway+PLC,https://find-and-update.company-information.service.gov.uk/search/companies?q=Bellway+PLC,1620589804,15:50:04,20210509
4,2016-07-31,BWY.L,GBP,2016-07-31,2016-07-31,FY,2240651000,1665892000.0,574759000.0,0.2565142898202353,0.0,82751000.0,0.0,0.0,82751000,1748643000,12326000.0,3044000.0,495052000.0,0.22094114612226537,492008000.0,0.21958261237470716,0.0,497868000.0,0.22219792372841643,94966000.0,402902000.0,0.17981470563688856,3.287,3.28,122558261,122850106,https://find-and-update.company-information.service.gov.uk/search/companies?q=Bellway+PLC,https://find-and-update.company-information.service.gov.uk/search/companies?q=Bellway+PLC,1620589804,15:50:04,20210509
5,2015-07-31,BWY.L,GBP,2015-07-31,2015-07-31,FY,1765405000,1330599000.0,434806000.0,0.2462924937903767,0.0,67489000.0,0.0,-251000.0,67489000,1398088000,13719000.0,2776000.0,370093000.0,0.2096363157462452,367317000.0,0.20806387202936436,0.0,354191000.0,0.20062875090984789,71042000.0,283149000.0,0.1603875597950612,2.315,2.308,122315198,122695744,https://find-and-update.company-information.service.gov.uk/search/companies?q=Bellway+PLC,https://find-and-update.company-information.service.gov.uk/search/companies?q=Bellway+PLC,1620589804,15:50:04,20210509
6,2014-07-31,BWY.L,GBP,2014-07-31,2014-07-31,FY,1486394000,1170027000.0,316367000.0,0.21284195173016038,0.0,60241000.0,0.0,-358000.0,60241000,1230268000,9691000.0,2998000.0,259124000.0,0.17433062835291316,256126000.0,0.17231366649757734,0.0,245937000.0,0.1654588218197867,54513000.0,191424000.0,0.12878415817071381,1.57,1.563,121919049,122454179,https://find-and-update.company-information.service.gov.uk/search/companies?q=Bellway+PLC,https://find-and-update.company-information.service.gov.uk/search/companies?q=Bellway+PLC,1620589804,15:50:04,20210509
7,2013-07-31,BWY.L,GBP,2013-07-31,2013-07-31,FY,1110676000,907380000.0,203296000.0,0.1830380777112317,0.0,52227000.0,0.0,0.0,52227000,959607000,8993000.0,2487000.0,153556000.0,0.1382545404780512,151069000.0,0.1360153636163922,0.0,140927000.0,0.12688398776961057,32355000.0,108572000.0,0.09775308010616958,0.893,0.889,121572688,122171839,https://find-and-update.company-information.service.gov.uk/search/companies?q=Bellway+PLC,https://find-and-update.company-information.service.gov.uk/search/companies?q=Bellway+PLC,1620589804,15:50:04,20210509
8,2012-07-31,BWY.L,GBP,2012-07-31,2012-07-31,FY,1004227000,842124000.0,162103000.0,0.16142067480758832,0.0,47472000.0,0.0,-1900000.0,47472000,889596000,9123000.0,1836000.0,116467000.0,0.11597676620923357,114631000.0,0.11414849431453247,0.0,105284000.0,0.1048408377787094,26026000.0,79258000.0,0.0789243866177667,0.655,0.652,121036846,121501856,https://find-and-update.company-information.service.gov.uk/search/companies?q=Bellway+PLC,https://find-and-update.company-information.service.gov.uk/search/companies?q=Bellway+PLC,1620589804,15:50:04,20210509
9,2011-07-31,BWY.L,GBP,2011-07-31,2011-07-31,FY,886095000,766717000.0,119378000.0,0.13472370344037604,0.0,44200000.0,0.0,0.0,44430000,811147000,7922000.0,1695000.0,76643000.0,0.08649524035233243,74948000.0,0.08458235290798391,0.0,67162000.0,0.07579548468279361,17018000.0,50144000.0,0.056589869032101524,0.415,0.414,120705397,121168119,https://find-and-update.company-information.service.gov.uk/search/companies?q=Bellway+PLC,https://find-and-update.company-information.service.gov.uk/search/companies?q=Bellway+PLC,1620589804,15:50:04,20210509
10,2010-07-31,BWY.L,GBP,2010-07-31,2010-07-31,FY,768341000,678547000.0,89794000.0,0.11686738049902322,0.0,38539000.0,0.0,0.0,38723000,717270000,7204000.0,1659000.0,52730000.0,0.06862838244997989,51071000.0,0.06646918490618098,0.0,44433000.0,0.05782979172008262,8620000.0,35813000.0,0.046610814729397494,0.297,0.296,120619800,121169420,https://find-and-update.company-information.service.gov.uk/search/companies?q=Bellway+PLC,https://find-and-update.company-information.service.gov.uk/search/companies?q=Bellway+PLC,1620589804,15:50:04,20210509
11,2009-07-31,BWY.L,GBP,2009-07-31,2009-07-31,FY,683813000,662992000.0,20821000.0,0.030448382818109628,0.0,41554000.0,0.0,0.0,41550000,704542000,18812000.0,2190000.0,-18539000.0,-0.027111213153303608,-20729000.0,-0.030313843112078888,0.0,-36551000.0,-0.053451747773148504,-9107000.0,-27444000.0,-0.04013377926421405,-0.23874752443201705,-0.23804414313697372,114949883,115289541,https://find-and-update.company-information.service.gov.uk/search/companies?q=Bellway+PLC,https://find-and-update.company-information.service.gov.uk/search/companies?q=Bellway+PLC,1620589804,15:50:04,20210509
12,2008-07-31,BWY.L,GBP,2008-07-31,2008-07-31,FY,1149541000,1036650000.0,112891000.0,0.09820528367409252,0.0,58761000.0,0.0,630000.0,58621000,1095271000,20783000.0,2858000.0,57128000.0,0.04969635706773399,54270000.0,0.047210147354465826,0.0,34763000.0,0.030240765662120795,7760000.0,27003000.0,0.02349024523701199,0.236,0.235,114615661,114861404,https://find-and-update.company-information.service.gov.uk/search/companies?q=Bellway+PLC,https://find-and-update.company-information.service.gov.uk/search/companies?q=Bellway+PLC,1620589804,15:50:04,20210509
13,2007-07-31,BWY.L,GBP,2007-07-31,2007-07-31,FY,1354022000,1042102000.0,311920000.0,0.23036553320403952,0.0,58844000.0,0.0,-1270000.0,59182000,1101284000,21061000.0,3102000.0,255840000.0,0.1889481854799996,252738000.0,0.18665723304348084,0.0,234850000.0,0.1734462217009768,68136000.0,166714000.0,0.12312503046479303,1.461,1.447,114108350,115248726,https://find-and-update.company-information.service.gov.uk/search/companies?q=Bellway+PLC,https://find-and-update.company-information.service.gov.uk/search/companies?q=Bellway+PLC,1620589804,15:50:04,20210509
14,2006-07-31,BWY.L,GBP,2006-07-31,2006-07-31,FY,1240193000,947921000.0,292272000.0,0.23566654544897447,0.0,52932000.0,0.0,-1434000.0,54084000,1002005000,19439000.0,3141000.0,241329000.0,0.1945898743179489,238188000.0,0.19205720399970005,0.0,220709000.0,0.17796342988550976,64967000.0,155742000.0,0.1255788413577564,1.375,1.362,113248814,114370287,https://find-and-update.company-information.service.gov.uk/search/companies?q=Bellway+PLC,https://find-and-update.company-information.service.gov.uk/search/companies?q=Bellway+PLC,1620589804,15:50:04,20210509
15,2005-07-31,BWY.L,GBP,2005-07-31,2005-07-31,FY,1178063000,896167000.0,281896000.0,0.23928771211726368,0.0,51784000.0,0.0,-2088000.0,51973000,948140000,16727000.0,3269000.0,233192000.0,0.19794527117819674,229923000.0,0.19517037713602753,0.0,213829000.0,0.18150896853563858,64667000.0,149162000.0,0.12661631848211852,1.331,1.318,112054913,113189062,https://find-and-update.company-information.service.gov.uk/search/companies?q=Bellway+PLC,https://find-and-update.company-information.service.gov.uk/search/companies?q=Bellway+PLC,1620589804,15:50:04,20210509
16,2004-07-31,BWY.L,GBP,2004-07-31,2004-07-31,FY,1092571000,829598000.0,262973000.0,0.24069190926722384,0.0,49696000.0,0.0,7823000.0,49967000,879565000,9061000.0,3583000.0,216589000.0,0.19823791771884847,213006000.0,0.19495849697639786,0.0,205530000.0,0.18811592107057573,61700000.0,143835000.0,0.13164819494568317,1.275,1.261,111303849,114064235,https://find-and-update.company-information.service.gov.uk/search/companies?q=Bellway+PLC,https://find-and-update.company-information.service.gov.uk/search/companies?q=Bellway+PLC,1620589804,15:50:04,20210509
17,2003-07-31,BWY.L,GBP,2003-07-31,2003-07-31,FY,954197000,739479000.0,214718000.0,0.22502481143830885,0.0,41956000.0,0.0,5219000.0,44251000,783730000,7340000.0,3631000.0,174098000.0,0.18245498571049792,170467000.0,0.1786496918351242,0.0,169251000.0,0.17737532186749697,50687000.0,118564000.0,0.12425526385012739,1.06,1.049,110102928,113025739,https://find-and-update.company-information.service.gov.uk/search/companies?q=Bellway+PLC,https://find-and-update.company-information.service.gov.uk/search/companies?q=Bellway+PLC,1620589804,15:50:04,20210509
18,2002-07-31,BWY.L,GBP,2002-07-31,2002-07-31,FY,772964000,601843000.0,171121000.0,0.22138288458453434,0.0,0.0,0.0,7700000.0,38296000,640139000,8236000.0,3740000.0,136565000.0,0.1766770509363955,132825000.0,0.17183853323052561,0.0,125344000.0,0.16216020409747414,37444000.0,87901000.0,0.11371939702237104,0.786,0.778,111832000,112982005,https://find-and-update.company-information.service.gov.uk/search/companies?q=Bellway+PLC,https://find-and-update.company-information.service.gov.uk/search/companies?q=Bellway+PLC,1620589804,15:50:04,20210509
19,2001-07-31,BWY.L,GBP,2001-07-31,2001-07-31,FY,695720000,555439000.0,140281000.0,0.2016342781578796,0.0,0.0,0.0,0.0,33118000,588557000,6764000.0,3589000.0,110752000.0,0.15919047892830449,107163000.0,0.154031794400046,0.0,101455000.0,0.14582734433392744,30784000.0,70673000.0,0.1015825332030127,0.632,0.627,108849000,109601000,https://find-and-update.company-information.service.gov.uk/search/companies?q=Bellway+PLC,https://find-and-update.company-information.service.gov.uk/search/companies?q=Bellway+PLC,1620589804,15:50:04,20210509
20,2000-07-31,BWY.L,GBP,2000-07-31,2000-07-31,FY,634301000,509332000.0,124969000.0,0.19701845023104173,0.0,0.0,0.0,0.0,29590000,538922000,7107000.0,3368000.0,98747000.0,0.1556784554966806,95379000.0,0.15036867354773206,0.0,89145000.0,0.14054053201871036,27182000.0,61954000.0,0.09767287139701814,0.554,0.553,108328000,108351000,https://find-and-update.company-information.service.gov.uk/search/companies?q=Bellway+PLC,https://find-and-update.company-information.service.gov.uk/search/companies?q=Bellway+PLC,1620589804,15:50:04,20210509
21,1999-07-31,BWY.L,GBP,1999-07-31,1999-07-31,FY,504406000,405521000.0,98885000.0,0.19604247372156555,0.0,0.0,0.0,0.0,26802000,432323000,6582000.0,3212000.0,75295000.0,0.14927459229271658,72083000.0,0.14290670610579573,0.0,68177000.0,0.13516294413627117,21033000.0,47223000.0,0.0936210116453809,0.42,0.418,107918000,108391000,https://find-and-update.company-information.service.gov.uk/search/companies?q=Bellway+PLC,https://find-and-update.company-information.service.gov.uk/search/companies?q=Bellway+PLC,1620589804,15:50:04,20210509
22,1998-07-31,BWY.L,GBP,1998-07-31,1998-07-31,FY,444873000,0.0,0.0,0.0,0.0,0.0,0.0,0.0,380643000,380643000,4423000.0,2578000.0,66808000.0,0.15017319549624275,64230000.0,0.14437828324038546,0.0,60723000.0,0.13649513456649426,18675000.0,42048000.0,0.09451686211570492,0.381,0.375,106092000,107619000,https://find-and-update.company-information.service.gov.uk/search/companies?q=Bellway+PLC,https://find-and-update.company-information.service.gov.uk/search/companies?q=Bellway+PLC,1620589804,15:50:04,20210509
23,1997-07-31,BWY.L,GBP,1997-07-31,1997-07-31,FY,397998000,0.0,397998000.0,1.0,0.0,0.0,0.0,1421000.0,348769000,348769000,2774000.0,2179000.0,51408000.0,0.12916647822350866,49229000.0,0.1236915763395796,0.0,50327000.0,0.12645038417278479,16092000.0,34235000.0,0.08601802019105624,0.314,0.314,102964000,102964000,https://find-and-update.company-information.service.gov.uk/search/companies?q=Bellway+PLC,https://find-and-update.company-information.service.gov.uk/search/companies?q=Bellway+PLC,1620589804,15:50:04,20210509
24,1996-07-31,BWY.L,GBP,1996-07-31,1996-07-31,FY,305634000,0.0,305634000.0,1.0,0.0,0.0,0.0,0.0,270471000,270471000,3160000.0,1938000.0,37101000.0,0.12139029034727812,35163000.0,0.1150493727792065,0.0,32243000.0,0.10549546189232874,10636000.0,21607000.0,0.07069566867560546,0.2,0.2,98755000,98755000,https://find-and-update.company-information.service.gov.uk/search/companies?q=Bellway+PLC,https://find-and-update.company-information.service.gov.uk/search/companies?q=Bellway+PLC,1620589804,15:50:04,20210509
25,1995-07-31,BWY.L,GBP,1995-07-31,1995-07-31,FY,267065000,0.0,267065000.0,1.0,0.0,0.0,0.0,0.0,231888000,231888000,2215000.0,1746000.0,36923000.0,0.13825473199408383,35177000.0,0.13171699773463388,0.0,34008000.0,0.12733978619437217,11132000.0,22876000.0,0.0856570497818883,0.214,0.214,97956000,97956000,https://find-and-update.company-information.service.gov.uk/search/companies?q=Bellway+PLC,https://find-and-update.company-information.service.gov.uk/search/companies?q=Bellway+PLC,1620589804,15:50:04,20210509
26,1994-07-31,BWY.L,GBP,1994-07-31,1994-07-31,FY,201284000,0.0,0.0,0.0,0.0,0.0,0.0,0.0,174629000,174629000,250000.0,1437000.0,28092000.0,0.13956399912561357,26655000.0,0.13242483257486934,0.0,27987000.0,0.13904234812503727,9128000.0,18859000.0,0.0936934878082709,0.173,0.173,97726000,97726000,https://find-and-update.company-information.service.gov.uk/search/companies?q=Bellway+PLC,https://find-and-update.company-information.service.gov.uk/search/companies?q=Bellway+PLC,1620589804,15:50:04,20210509
27,1993-07-31,BWY.L,GBP,1993-07-31,1993-07-31,FY,147165000,0.0,147165000.0,1.0,0.0,0.0,0.0,0.0,132539000,132539000,120000.0,1098000.0,15724000.0,0.10684605714674006,14626000.0,0.09938504399823328,0.0,16732000.0,0.1136955118404512,5533000.0,11200000.0,0.076105052152346,0.1065,0.1065,87420000,87420000,https://find-and-update.company-information.service.gov.uk/search/companies?q=Bellway+PLC,https://find-and-update.company-information.service.gov.uk/search/companies?q=Bellway+PLC,1620589804,15:50:04,20210509
28,1992-07-31,BWY.L,GBP,1992-07-31,1992-07-31,FY,129957000,0.0,0.0,0.0,0.0,0.0,0.0,0.0,119108000,119108000,224000.0,1064000.0,11913000.0,0.09166878275121772,10849000.0,0.0834814592519064,0.0,13024000.0,0.10021776433743469,4336000.0,8687000.0,0.06684518725424564,0.086723,0.086723,81825147,81825147,https://find-and-update.company-information.service.gov.uk/search/companies?q=Bellway+PLC,https://find-and-update.company-information.service.gov.uk/search/companies?q=Bellway+PLC,1620589804,15:50:04,20210509
29,1991-07-31,BWY.L,GBP,1991-07-31,1991-07-31,FY,108243000,0.0,108243000.0,1.0,0.0,0.0,0.0,8367000.0,108243000,108243000,170000.0,989000.0,10472000.0,0.09674528606930702,0.0,0.08603789621499773,0.0,9313000.0,0.08603789621499773,3228000.0,6077000.0,0.056142198571732124,0.09244,0.09244,65739790,65739790,https://find-and-update.company-information.service.gov.uk/search/companies?q=Bellway+PLC,https://find-and-update.company-information.service.gov.uk/search/companies?q=Bellway+PLC,1620589804,15:50:04,20210509
30,1990-07-31,BWY.L,GBP,1990-07-31,1990-07-31,FY,126234000,0.0,126234000.0,1.0,0.0,0.0,0.0,11139000.0,119095000,119095000,327000.0,880000.0,8019000.0,0.06352488236132896,7139000.0,0.05655370185528463,0.0,11107000.0,0.08798738850072088,3947000.0,7155000.0,0.056680450591758164,0.126679,0.126679,56481539,56481539,https://find-and-update.company-information.service.gov.uk/search/companies?q=Bellway+PLC,https://find-and-update.company-information.service.gov.uk/search/companies?q=Bellway+PLC,1620589804,15:50:04,20210509
31,1989-07-31,BWY.L,GBP,1989-07-31,1989-07-31,FY,118132000,0.0,118132000.0,1.0,0.0,0.0,0.0,20137000.0,117102000,117102000,3255000.0,1059000.0,2089000.0,0.01768360816713507,1030000.0,0.008719060034537636,0.0,17017000.0,0.14405072292012325,5936000.0,11081000.0,0.09380184877933159,0.197281,0.197281,56168561,56168561,https://find-and-update.company-information.service.gov.uk/search/companies?q=Bellway+PLC,https://find-and-update.company-information.service.gov.uk/search/companies?q=Bellway+PLC,1620589804,15:50:04,20210509
32,1988-07-31,BWY.L,GBP,1988-07-31,1988-07-31,FY,102485000,0.0,0.0,0.0,0.0,0.0,0.0,0.0,102485000,102485000,1890000.0,1014000.0,16952000.0,0.1654095721325072,0.0,0.13707371810508856,0.0,14048000.0,0.13707371810508856,5178000.0,8870000.0,0.08654925110991853,0.158915,0.158915,55815910,55815910,https://find-and-update.company-information.service.gov.uk/search/companies?q=Bellway+PLC,https://find-and-update.company-information.service.gov.uk/search/companies?q=Bellway+PLC,1620589804,15:50:04,20210509
33,1987-07-31,BWY.L,GBP,1987-07-31,1987-07-31,FY,84282000,0.0,84282000.0,1.0,0.0,0.0,0.0,8506000.0,84282000,84282000,1352000.0,1128000.0,10250000.0,0.1216155288199141,0.0,0.09219050331031536,0.0,7770000.0,0.09219050331031536,2735000.0,4785000.0,0.05677368833202819,0.101981,0.101981,46920277,46920277,https://find-and-update.company-information.service.gov.uk/search/companies?q=Bellway+PLC,https://find-and-update.company-information.service.gov.uk/search/companies?q=Bellway+PLC,1620589804,15:50:04,20210509
34,1986-07-31,BWY.L,GBP,1986-07-31,1986-07-31,FY,65772000,0.0,65772000.0,1.0,0.0,0.0,0.0,6950000.0,65772000,65772000,2390000.0,1143000.0,8190000.0,0.12452107279693486,0.0,0.07080520586267712,0.0,4657000.0,0.07080520586267712,1413000.0,3244000.0,0.049321899896612544,0.085155,0.085155,38095174,38095174,https://find-and-update.company-information.service.gov.uk/search/companies?q=Bellway+PLC,https://find-and-update.company-information.service.gov.uk/search/companies?q=Bellway+PLC,1620589804,15:50:04,20210509
