,date,symbol,reportedCurrency,fillingDate,acceptedDate,period,revenue,costOfRevenue,grossProfit,grossProfitRatio,researchAndDevelopmentExpenses,generalAndAdministrativeExpenses,sellingAndMarketingExpenses,otherExpenses,operatingExpenses,costAndExpenses,interestExpense,depreciationAndAmortization,ebitda,ebitdaratio,operatingIncome,operatingIncomeRatio,totalOtherIncomeExpensesNet,incomeBeforeTax,incomeBeforeTaxRatio,incomeTaxExpense,netIncome,netIncomeRatio,eps,epsdiluted,weightedAverageShsOut,weightedAverageShsOutDil,link,finalLink,timestamp,est_time,est_date
0,2020-12-31,DRQ,USD,2021-02-25,2021-02-25 16:59:21,FY,364973000,269698000,95275000,0.2610467075646692,18920000.0,95057000.0,0.0,0.0,113977000.0,383675000,621000.0,32389000.0,13687000.0,0.03750140421346237,-18702000.0,-0.0512421466793434,-44857000.0,-62049000,-0.17000983634405833,-31281000.0,-30768000.0,-0.08430212645866955,-0.87,-0.87,35049000,35049000,https://www.sec.gov/Archives/edgar/data/1042893/000156459021008917/0001564590-21-008917-index.htm,https://www.sec.gov/Archives/edgar/data/1042893/000156459021008917/drq-10k_20201231.htm,1620591271,16:14:31,20210509
1,2019-12-31,DRQ,USD,2020-02-27 00:00:00,2020-02-27 16:56:16,FY,414806000,295007000,119799000,0.28880729786936543,17329000.0,0.0,0.0,0.0,114111000.0,409118000,314000.0,34020000.0,39708000.0,0.09572667704903015,5688000.0,0.013712434246370593,-2885000.0,10429000,0.025141873550527234,8709000.0,1720000.0,0.004146516684908126,0.04799241050252518,0.04757689754370436,35839000,36152000,https://www.sec.gov/Archives/edgar/data/1042893/000156459020007447/0001564590-20-007447-index.html,https://www.sec.gov/Archives/edgar/data/1042893/000156459020007447/drq-10k_20191231.htm,1620591271,16:14:31,20210509
2,2018-12-31,DRQ,USD,2019-02-27 00:00:00,2019-02-27 16:33:22,FY,384626000,271499000,113127000,0.29412208223053043,39422000.0,0.0,0.0,0.0,143461000.0,414960000,291000.0,35312000.0,4978000.0,0.012942442788579036,-30334000.0,-0.07886622329223714,-92404000.0,-114989000,-0.29896314861709816,-19294000.0,-95695000.0,-0.24880013311632598,-2.58,-2.58,37075000,37075000,https://www.sec.gov/Archives/edgar/data/1042893/000104289319000003/0001042893-19-000003-index.html,https://www.sec.gov/Archives/edgar/data/1042893/000104289319000003/a2018123110-kdocument.htm,1620591271,16:14:31,20210509
3,2017-12-31,DRQ,USD,2018-02-27 00:00:00,2018-02-27 06:06:15,FY,455469000,305394000,150075000,0.32949553098015455,42160000.0,0.0,0.0,0.0,158243000.0,463637000,72000.0,40974000.0,32806000.0,0.07202685583431584,-8168000.0,-0.017933163398606712,-60968000.0,-65644000,-0.14412396891994844,34995000.0,-100639000.0,-0.2209568598521524,-2.639179,-2.69,38132693,38132693,https://www.sec.gov/Archives/edgar/data/1042893/000104289318000003/0001042893-18-000003-index.html,https://www.sec.gov/Archives/edgar/data/1042893/000104289318000003/a2017123110-kdocument.htm,1620591271,16:14:31,20210509
4,2016-12-31,DRQ,USD,2017-02-28 00:00:00,2017-02-27 17:52:34,FY,538731000,328404000,210327000,0.39041191243867535,44325000.0,0.0,0.0,0.0,97468000.0,425872000,28000.0,31857000.0,144716000.0,0.26862385866044464,112859000.0,0.20949045070731032,0.0,115868000,0.21507579849683794,22647000.0,93221000.0,0.17303812106598654,2.466339,2.466339,37797317,37797317,https://www.sec.gov/Archives/edgar/data/1042893/000104289317000004/0001042893-17-000004-index.html,https://www.sec.gov/Archives/edgar/data/1042893/000104289317000004/a2016123110-kdocument.htm,1620591271,16:14:31,20210509
5,2015-12-31,DRQ,USD,2016-02-25 00:00:00,2016-02-25 06:39:39,FY,844310000,459286000,385024000,0.456022077199133,48145000.0,0.0,0.0,0.0,136189000.0,595475000,12000.0,30477000.0,279312000.0,0.33081688005590365,248835000.0,0.2947199488339591,0.0,249771000,0.2958285463869906,57763000.0,192008000.0,0.2274141014556265,5.059336,4.98,37951223,38531000,https://www.sec.gov/Archives/edgar/data/1042893/000119312516476825/0001193125-16-476825-index.html,https://www.sec.gov/Archives/edgar/data/1042893/000119312516476825/d58133d10k.htm,1620591271,16:14:31,20210509
6,2014-12-31,DRQ,USD,2015-02-27,2015-02-27 06:17:01,FY,930957000,513527000,417430000,0.44838805659122816,45920000.0,0.0,0.0,0.0,138682000.0,652209000,35000.0,31155000.0,309903000.0,0.33288648133050186,278748000.0,0.29942091847421526,0.0,279380000,0.30009978978620927,70668000.0,208712000.0,0.22419080580520906,5.22,5.19,39964000,40190000,https://www.sec.gov/Archives/edgar/data/1042893/000119312515066987/d839337d10k.htm,https://www.sec.gov/Archives/edgar/data/1042893/000119312515066987/d839337d10k.htm,1620591271,16:14:31,20210509
7,2013-12-31,DRQ,USD,2014-02-28,2014-02-27 18:02:56,FY,872372000,513906000,358466000,0.41090956610253426,40115000.0,0.0,0.0,0.0,134921000.0,648827000,35000.0,29340000.0,252885000.0,0.2898820686587832,223545000.0,0.2562496274525088,0.0,224097000,0.2568823850375757,54270000.0,169827000.0,0.1946726855057246,4.175334,4.16,40673874,40865000,https://www.sec.gov/Archives/edgar/data/1042893/000119312514073575/d642542d10k.htm,https://www.sec.gov/Archives/edgar/data/1042893/000119312514073575/d642542d10k.htm,1620591271,16:14:31,20210509
8,2012-12-31,DRQ,USD,2013-02-28 00:00:00,2013-02-27 21:20:17,FY,733031000,451666000,281365000,0.38383779130759815,37455000.0,0.0,0.0,0.0,119673000.0,571339000,32000.0,26224000.0,187916000.0,0.25635477899297576,161692000.0,0.22058003003965726,0.0,162122000,0.22116663551746107,42913000.0,119209000.0,0.16262477303142706,2.945246,2.94,40475061,40523000,https://www.sec.gov/Archives/edgar/data/1042893/000119312513081240/0001193125-13-081240-index.html,https://www.sec.gov/Archives/edgar/data/1042893/000119312513081240/d458601d10k.htm,1620591271,16:14:31,20210509
9,2011-12-31,DRQ,USD,2012-02-27 00:00:00,2012-02-24 19:32:59,FY,601342000,361848000,239494000,0.3982658786514163,34626000.0,0.0,0.0,0.0,105136000.0,466984000,53000.0,23013000.0,157371000.0,0.2616996650824323,134358000.0,0.22343026098293484,-4719000.0,130004000,0.21618978883896353,34737000.0,95267000.0,0.1584239916719604,2.371275,2.36,40175426,40322000,https://www.sec.gov/Archives/edgar/data/1042893/000119312512078769/0001193125-12-078769-index.html,https://www.sec.gov/Archives/edgar/data/1042893/000119312512078769/d265391d10k.htm,1620591271,16:14:31,20210509
10,2010-12-31,DRQ,USD,2011-02-28,2011-02-25 21:01:57,FY,566251000,322607000,243644000,0.43027561982230494,29202000.0,0.0,0.0,0.0,90271000.0,412878000,131000.0,20875000.0,174248000.0,0.3077221938680903,153373000.0,0.27085691680897694,-14660000.0,138903000,0.2453028780523125,36677000.0,102226000.0,0.1805312485099364,2.57,2.55,39828000,40060000,https://www.sec.gov/Archives/edgar/data/1042893/000119312511047940/d10k.htm,https://www.sec.gov/Archives/edgar/data/1042893/000119312511047940/d10k.htm,1620591271,16:14:31,20210509
11,2009-12-31,DRQ,USD,2010-02-26 00:00:00,2010-02-25 19:08:41,FY,540204000,310293000,229911000,0.4256003287646889,27173000.0,0.0,0.0,0.0,82647000.0,392940000,156000.0,17997000.0,165261000.0,0.3059233178576982,147264000.0,0.272608125819135,-5224000.0,142391000,0.26358745955231727,37250000.0,105141000.0,0.1946320279005709,2.68,2.66,39164000,39538000,https://www.sec.gov/Archives/edgar/data/1042893/000119312510041122/0001193125-10-041122-index.html,https://www.sec.gov/Archives/edgar/data/1042893/000119312510041122/d10k.htm,1620591271,16:14:31,20210509
12,2008-12-31,DRQ,USD,2009-02-27 00:00:00,2009-02-27 06:20:32,FY,542771000,312299000,230472000,0.4246210648689779,26369000.0,0.0,0.0,0.0,88759000.0,401058000,182000.0,16854000.0,158567000.0,0.29214346381807427,141713000.0,0.2610916942872777,0.0,144984000,0.2671181769107045,39399000.0,105585000.0,0.19452955297906482,2.65,2.62,39918000,40292000,https://www.sec.gov/Archives/edgar/data/1042893/000119312509039868/0001193125-09-039868-index.html,https://www.sec.gov/Archives/edgar/data/1042893/000119312509039868/d10k.htm,1620591271,16:14:31,20210509
13,2007-12-31,DRQ,USD,2008-02-29,2008-02-29 06:05:04,FY,495557000,285281000,210276000,0.42432253000159414,22578000.0,0.0,0.0,0.0,71891000.0,357172000,370000.0,15653000.0,154038000.0,0.31083810742255685,138385000.0,0.27925142819090437,0.0,146290000,0.2952031754167533,38349000.0,107941000.0,0.2178175265408419,2.67,2.63,40447000,41007000,https://www.sec.gov/Archives/edgar/data/1042893/000119312508042529/d10k.htm,https://www.sec.gov/Archives/edgar/data/1042893/000119312508042529/d10k.htm,1620591271,16:14:31,20210509
14,2006-12-31,DRQ,USD,2007-03-01,2007-03-01 13:29:38,FY,442742000,256688000,186054000,0.4202311955947256,44085000.0,0.0,0.0,0.0,63644000.0,320332000,669000.0,15087000.0,137497000.0,0.31055784181306495,122410000.0,0.2764815626256375,0.0,125373000,0.283173947807075,38482000.0,86891000.0,0.19625651056371432,2.21,2.15,39340000,40342000,https://www.sec.gov/Archives/edgar/data/1042893/000119312507044002/d10k.htm,https://www.sec.gov/Archives/edgar/data/1042893/000119312507044002/d10k.htm,1620591271,16:14:31,20210509
15,2005-12-31,DRQ,USD,2006-03-15 00:00:00,2006-03-14 20:27:44,FY,340829000,229849000,110980000,0.3256178318159546,20867000.0,0.0,0.0,0.0,61783000.0,291632000,1787000.0,13426000.0,62623000.0,0.18373729934952718,49197000.0,0.14434511147818993,0.0,47410000,0.13910201303292855,14843000.0,32567000.0,0.09555231509055861,0.925,0.9,35276560,36206556,https://www.sec.gov/Archives/edgar/data/1042893/000119312506053973/0001193125-06-053973-index.html,https://www.sec.gov/Archives/edgar/data/1042893/000119312506053973/d10k.htm,1620591271,16:14:31,20210509
16,2004-12-31,DRQ,USD,2005-03-16 00:00:00,2005-03-16 17:22:18,FY,221586000,153433000,68153000,0.30756907024812036,17090000.0,0.0,0.0,0.0,49839000.0,203272000,1100000.0,11779000.0,30093000.0,0.1358073163467006,18314000.0,0.08264962587889127,0.0,17214000,0.0776854133383878,4741000.0,12473000.0,0.056289657288817886,0.3605903771949382,0.35903609186349894,34590496,34740240,https://www.sec.gov/Archives/edgar/data/1042893/000119312505052935/0001193125-05-052935-index.html,https://www.sec.gov/Archives/edgar/data/1042893/000119312505052935/d10k.htm,1620591271,16:14:31,20210509
17,2003-12-31,DRQ,USD,2004-03-15 00:00:00,2004-03-15 13:51:01,FY,219498000,157988000,61510000,0.2802303437844536,16525000.0,0.0,0.0,0.0,46964000.0,204952000,1559000.0,10558000.0,25104000.0,0.11437006259738129,14546000.0,0.06626939653208685,-1400000.0,12987000,0.05916682612142252,4036000.0,8951000.0,0.04077941484660452,0.26,0.26,34586746,34586746,https://www.sec.gov/Archives/edgar/data/1042893/000119312504041964/0001193125-04-041964-index.html,https://www.sec.gov/Archives/edgar/data/1042893/000119312504041964/d10k.htm,1620591271,16:14:31,20210509
18,2002-12-31,DRQ,USD,2003-03-27 00:00:00,2003-03-26 20:01:16,FY,215809000,156928000,58881000,0.2728384821763689,15231000.0,0.0,0.0,0.0,43862000.0,200790000,2101000.0,9890000.0,24909000.0,0.1154215069807098,15019000.0,0.06959394649898754,-1350000.0,12918000,0.0598584859760251,4195000.0,8723000.0,0.04042000101941995,0.2522064376914787,0.25155840475000407,34586746,34675844,https://www.sec.gov/Archives/edgar/data/1042893/000089924303000648/0000899243-03-000648-index.html,https://www.sec.gov/Archives/edgar/data/1042893/000089924303000648/d10k.txt,1620591271,16:14:31,20210509
19,2001-12-31,DRQ,USD,2001-12-31,2001-12-31,FY,202900000,140920000,61980000,0.3054706752094628,14533000.0,26357000.0,0.0,0.0,40890000.0,181810000,2452000.0,8597000.0,29687000.0,0.14631345490389355,21090000.0,0.103942828979793,0.0,18638000,0.09185805815672746,6436000.0,12202000.0,0.06013799901429275,0.355,0.35,34584590,34703452,,,1620591271,16:14:31,20210509
20,2000-12-31,DRQ,USD,2000-12-31,2000-12-31,FY,163953000,103839000,60114000,0.36665385811787526,12116000.0,23164000.0,0.0,0.0,42708000.0,146547000,495000.0,7428000.0,24834000.0,0.15147023842198679,17406000.0,0.10616457155404292,0.0,16911000,0.10314541362463633,5880000.0,11031000.0,0.06728147700865492,0.32,0.315,34548498,35009570,,,1620591271,16:14:31,20210509
21,1999-12-31,DRQ,USD,2000-03-23 00:00:00,2000-03-23 00:00:00,FY,156400000,99700000,56700000,0.3625319693094629,11000000.0,21300000.0,0.0,0.0,39000000.0,138700000,0.0,6700000.0,24400000.0,0.15601023017902813,17700000.0,0.11317135549872123,0.0,18100000,0.11572890025575447,6300000.0,11800000.0,0.07544757033248081,0.34212815308785155,0.34149247608149075,34490000,34554202,https://www.sec.gov/Archives/edgar/data/1042893/000089924300000562/0000899243-00-000562-index.html,https://www.sec.gov/Archives/edgar/data/1042893/0000899243-00-000562.txt,1620591271,16:14:31,20210509
22,1998-12-31,DRQ,USD,1998-12-31,1998-12-31,FY,177600000,113300000,64300000,0.36204954954954954,12000000.0,21300000.0,0.0,0.0,39000000.0,152300000,0.0,5700000.0,31000000.0,0.17454954954954954,25300000.0,0.14245495495495494,1200000.0,26600000,0.14977477477477477,9200000.0,17400000.0,0.09797297297297297,0.5044940562481879,0.5036114731260761,34490000,34550444,,,1620591271,16:14:31,20210509
23,1997-12-31,DRQ,USD,1998-03-20 00:00:00,1998-03-20 00:00:00,FY,146800000,94800000,52000000,0.3542234332425068,9200000.0,16300000.0,0.0,0.0,30500000.0,125300000,0.0,5000000.0,26500000.0,0.18051771117166213,21500000.0,0.14645776566757493,0.0,19500000,0.13283378746594005,6600000.0,12900000.0,0.08787465940054497,0.4334098956953729,0.4330247645855832,29763972,29790444,https://www.sec.gov/Archives/edgar/data/1042893/000089924398000397/0000899243-98-000397-index.html,https://www.sec.gov/Archives/edgar/data/1042893/0000899243-98-000397.txt,1620591271,16:14:31,20210509
24,1996-12-31,DRQ,USD,1996-12-31,1996-12-31,FY,115900000,73500000,42400000,0.365832614322692,7000000.0,0.0,0.0,0.0,0.0,99900000,2600000.0,4400000.0,20400000.0,0.17601380500431407,16000000.0,0.13805004314063848,-100000.0,13300000,0.11475409836065574,4200000.0,9100000.0,0.07851596203623813,0.315,0.315,28888889,28888889,,,1620591271,16:14:31,20210509
