,date,symbol,reportedCurrency,fillingDate,acceptedDate,period,revenue,costOfRevenue,grossProfit,grossProfitRatio,researchAndDevelopmentExpenses,generalAndAdministrativeExpenses,sellingAndMarketingExpenses,otherExpenses,operatingExpenses,costAndExpenses,interestExpense,depreciationAndAmortization,ebitda,ebitdaratio,operatingIncome,operatingIncomeRatio,totalOtherIncomeExpensesNet,incomeBeforeTax,incomeBeforeTaxRatio,incomeTaxExpense,netIncome,netIncomeRatio,eps,epsdiluted,weightedAverageShsOut,weightedAverageShsOutDil,link,finalLink,timestamp,est_time,est_date
0,2020-06-30,SFM.AX,AUD,2020-06-30,2020-06-30,FY,0.0,0.0,0.0,0.0,0.0,371677.0,0.0,197210.0,1225932.0,0.0,0.0,19147.0,-1206785.0,0.0,-1225932.0,0.0,197210.0,-974225.0,0.0,0.0,-974225.0,0.0,-0.0133787586058318,-0.0133787586058318,72818789,72818789,,,1620597793,18:03:13,20210509
1,2019-06-30,SFM.AX,AUD,2019-06-30,2019-06-30,FY,0.0,0.0,0.0,0.0,0.0,389724.0,0.0,161699.0,1052532.0,0.0,0.0,25464.0,-1027068.0,0.0,-1052532.0,0.0,161699.0,-784110.0,0.0,0.0,-784110.0,0.0,-0.0108,-0.0108,72818789,72818789,,,1620597793,18:03:13,20210509
2,2018-06-30,SFM.AX,AUD,2018-06-30,2018-06-30,FY,0.0,0.0,0.0,0.0,0.0,422597.0,0.0,-78771.0,1316003.0,0.0,0.0,9314.0,-1306689.0,0.0,-1316003.0,0.0,-78771.0,-1243478.0,0.0,0.0,-1243478.0,0.0,-0.0182,-0.0182,68242762,68242762,,,1620597793,18:03:13,20210509
3,2017-06-30,SFM.AX,AUD,2017-06-30,2017-06-30,FY,0.0,0.0,0.0,0.0,0.0,102657.0,154786.0,27709.0,616439.0,0.0,0.0,2429.0,-614010.0,0.0,-616439.0,0.0,27709.0,-352839.0,0.0,0.0,-352839.0,0.0,-0.0058,-0.0058,61068789,61068789,,,1620597793,18:03:13,20210509
4,2016-06-30,SFM.AX,AUD,2016-06-30,2016-06-30,FY,0.0,0.0,0.0,0.0,0.0,319081.0,70701.0,35289.0,618956.0,0.0,83.0,2348.0,-616608.0,0.0,-618956.0,0.0,35077.0,-304321.0,0.0,0.0,-304321.0,0.0,-0.005,-0.005,61068789,61068789,,,1620597793,18:03:13,20210509
5,2015-06-30,SFM.AX,AUD,2015-06-30,2015-06-30,FY,5916475.0,3678901.0,2237574.0,0.37819377247431957,0.0,1062240.0,30249.0,8131009.0,3438240.0,0.0,55994.0,1154389.0,-46277.0,-0.00782171816833503,-1200666.0,-0.20293603877308702,8098594.0,7056063.0,1.1926126621003215,42261.0,7013802.0,1.1854697264840974,0.1069,0.1069,65605197,65605197,,,1620597793,18:03:13,20210509
6,2014-06-30,SFM.AX,AUD,2014-06-30,2014-06-30,FY,18678793.0,11718302.0,6960491.0,0.3726413692790535,0.0,1878430.0,88841.0,-1035119.0,8245954.0,0.0,182632.0,4163584.0,2878121.0,0.15408495613180145,-1285463.0,-0.06881938249436138,-203610.0,-1666851.0,-0.08923761829792749,19316.0,-1686167.0,-0.09027173222595272,-0.0238,-0.0238,70903425,70903425,,,1620597793,18:03:13,20210509
7,2013-06-30,SFM.AX,AUD,2013-06-30,2013-06-30,FY,18117685.0,10790832.0,7326853.0,0.40440337714227836,0.0,2732458.0,255072.0,-801344.0,10836919.0,0.0,247786.0,4444076.0,934010.0,0.051552392041256924,-3510066.0,-0.19373700337543123,-43505.0,-3760710.0,-0.20757122115767,0.0,-3760710.0,-0.20757122115767,-0.022,-0.022,65000000,65000000,,,1620597793,18:03:13,20210509
8,2012-06-30,SFM.AX,AUD,2012-06-30,2012-06-30,FY,9000995.0,0.0,9000995.0,1.0,0.0,1767554.0,98875.0,218317.0,8349651.0,0.0,153068.0,1393113.0,2044457.0,0.227136777656248,651344.0,0.07236355536249048,218317.0,886224.0,0.0984584482048929,142139.0,744085.0,0.08266697181811566,0.0384,0.0384,40532816,40532816,,,1620597793,18:03:13,20210509
