,date,symbol,reportedCurrency,fillingDate,acceptedDate,period,revenue,costOfRevenue,grossProfit,grossProfitRatio,researchAndDevelopmentExpenses,generalAndAdministrativeExpenses,sellingAndMarketingExpenses,otherExpenses,operatingExpenses,costAndExpenses,interestExpense,depreciationAndAmortization,ebitda,ebitdaratio,operatingIncome,operatingIncomeRatio,totalOtherIncomeExpensesNet,incomeBeforeTax,incomeBeforeTaxRatio,incomeTaxExpense,netIncome,netIncomeRatio,eps,epsdiluted,weightedAverageShsOut,weightedAverageShsOutDil,link,finalLink,timestamp,est_time,est_date
0,2020-12-31,YPB.AX,AUD,2020-12-31,2020-12-31,FY,574000.0,0.0,574000.0,1.0,355000.0,2257000.0,135000.0,-5936000.0,0.0,0.0,0.0,225000.0,-4329000.0,-7.541811846689895,-4554000.0,-7.933797909407666,-5936000.0,-10719000.0,-18.674216027874564,5000.0,-10724000.0,-18.682926829268293,-0.010740481333048451,-0.010740481333048451,998465494.0,998465494.0,,,1620600097,18:41:37,20210509
1,2019-12-31,YPB.AX,AUD,2019-12-31,2019-12-31,FY,1029000.0,0.0,1029000.0,1.0,319000.0,2866000.0,313000.0,23000.0,6760000.0,0.0,394000.0,223000.0,-5508000.0,-5.352769679300292,-5731000.0,-5.569484936831875,-1983000.0,-8105000.0,-7.876579203109816,-118000.0,-7987000.0,-7.761904761904762,-0.0062,-0.0062,998465494.0,998465494.0,,,1620600097,18:41:37,20210509
2,2018-12-31,YPB.AX,AUD,2018-12-31,2018-12-31,FY,1970000.0,0.0,1970000.0,1.0,393000.0,3480000.0,162000.0,1913000.0,9037000.0,0.0,65000.0,165000.0,-6902000.0,-3.5035532994923857,-7067000.0,-3.587309644670051,-495000.0,-7610000.0,-3.8629441624365484,-332000.0,-7278000.0,-3.6944162436548225,-0.0109,-0.0109,664942198.0,664942198.0,,,1620600097,18:41:37,20210509
3,2017-12-31,YPB.AX,AUD,2017-12-31,2017-12-31,FY,1991000.0,0.0,1991000.0,1.0,1023000.0,3854000.0,79000.0,-1775000.0,11179000.0,0.0,387000.0,967000.0,-8221000.0,-4.129080863887494,-9188000.0,-4.614766449020593,-10709000.0,-20277000.0,-10.184329482672025,-16000.0,-20261000.0,-10.17629331993973,-0.0449,-0.0449,248202931.0,248202931.0,,,1620600097,18:41:37,20210509
4,2016-12-31,YPB.AX,AUD,2016-12-31,2016-12-31,FY,2945000.0,0.0,2945000.0,1.0,1570000.0,6221000.0,561000.0,-1060000.0,15069000.0,0.0,198000.0,970000.0,-11154000.0,-3.7874363327674025,-12124000.0,-4.116808149405773,-4327000.0,-16612000.0,-5.640747028862479,-171000.0,-16441000.0,-5.582682512733447,-0.0876,-0.0876,187755202.0,187755202.0,,,1620600097,18:41:37,20210509
5,2015-12-31,YPB.AX,AUD,2015-12-31,2015-12-31,FY,1637000.0,0.0,1637000.0,1.0,1380000.0,1822000.0,183000.0,0.0,8279000.0,0.0,197000.0,902000.0,-5740000.0,-3.5064141722663407,-6642000.0,-4.05742211362248,0.0,-6762000.0,-4.130726939523519,0.0,-6762000.0,-4.130726939523519,-0.0527,-0.0527,124326070.0,124326070.0,,,1620600097,18:41:37,20210509
6,2014-06-30,YPB.AX,AUD,2014-06-30,2014-06-30,FY,6000.0,0.0,6000.0,1.0,0.0,0.0,0.0,0.0,930000.0,0.0,0.0,0.0,-924000.0,-154.0,-924000.0,-154.0,0.0,-924000.0,-154.0,0.0,-924000.0,-154.0,-0.0103,-0.0103,90000000.0,90000000.0,,,1620600097,18:41:37,20210509
7,2013-06-30,YPB.AX,AUD,2013-06-30,2013-06-30,FY,0.0,0.0,0.0,0.0,0.0,0.0,0.0,0.0,11143000.0,0.0,0.0,0.0,-11143000.0,0.0,-11143000.0,0.0,0.0,-11143000.0,0.0,0.0,-11143000.0,0.0,-1.895512,-1.895512,5877123.0,5877123.0,,,1620600097,18:41:37,20210509
8,2005-06-30,YPB.AX,AUD,2005-06-30,2005-06-30,FY,10000.0,325000.0,-315000.0,-31.5,0.0,1109000.0,0.0,4000.0,1841000.0,0.0,206000.0,132000.0,-2024000.0,-202.4,-2156000.0,-215.6,4000.0,-2329000.0,-232.9,-2329000.0,-2329000.0,-232.9,-2.528803,-2.528803,909771.0,909771.0,,,1620600097,18:41:37,20210509
