,date,symbol,reportedCurrency,fillingDate,acceptedDate,period,revenue,costOfRevenue,grossProfit,grossProfitRatio,researchAndDevelopmentExpenses,generalAndAdministrativeExpenses,sellingAndMarketingExpenses,otherExpenses,operatingExpenses,costAndExpenses,interestExpense,depreciationAndAmortization,ebitda,ebitdaratio,operatingIncome,operatingIncomeRatio,totalOtherIncomeExpensesNet,incomeBeforeTax,incomeBeforeTaxRatio,incomeTaxExpense,netIncome,netIncomeRatio,eps,epsdiluted,weightedAverageShsOut,weightedAverageShsOutDil,link,finalLink,timestamp,est_time,est_date
0,2020-12-31,UMC,TWD,2020-12-31,2020-12-31,FY,176820914000.0,137823813000.0,38997101000.0,0.22054574946943212,12895501000.0,6664166000.0,4152242000.0,-1065122000.0,18325874000.0,156149687000.0,2004418000.0,48908076000.0,69579303000.0,0.39350154586351704,20671227000.0,0.1169048758564838,8590472000.0,27926179000.0,0.1579348187285131,745767000.0,29189489000.0,0.1650793921357063,12.1,11.75,2414593800,2494633400,,,1620599271,18:27:51,20210509
1,2019-12-31,UMC,TWD,2019-12-31,2019-12-31,FY,148201641000.0,126886669000.0,21314972000.0,0.14382412945076634,11860244000.0,5318576000.0,3807610000.0,1834879000.0,4792000000.0,143469111000.0,2933815000.0,48629525000.0,53362055000.0,0.360063860561436,4732530000.0,0.031933047219092535,3071709000.0,4806596000.0,0.03243281226555379,230346000.0,8155097000.0,0.0550270357667632,4.1,3.8,2357021600,2634176800,,,1620599271,18:27:51,20210509
2,2018-12-31,UMC,TWD,2018-12-31,2018-12-31,FY,151252571000.0,128412544000.0,22840027000.0,0.15100587612490898,13025139000.0,4940906000.0,3901912000.0,1496332000.0,4756000000.0,145709597000.0,2768672000.0,52048719000.0,57591693000.0,0.38076505159042884,5542974000.0,0.03664713904268113,-573829000.0,2117920000.0,0.014002538839488553,-1129877000.0,7677735000.0,0.05076102144405863,2.9,2.75,2420776000,2696998000,,,1620599271,18:27:51,20210509
3,2017-12-31,UMC,TWD,2017-12-31,2017-12-31,FY,149284706000.0,122226948000.0,27057758000.0,0.18124936388326343,13669589000.0,4239713000.0,4233830000.0,-101404000.0,4815000000.0,142620590000.0,2406872000.0,53098846000.0,59762962000.0,0.4003287650913148,6664116000.0,0.044640312986917764,3149597000.0,7671710000.0,0.05138979206617455,992481000.0,9676698000.0,0.06482042440435928,3.95,3.7,2441648000,2697231200,,,1620599271,18:27:51,20210509
4,2016-12-31,UMC,TWD,2016-12-31,2016-12-31,FY,147870124000.0,117490694000.0,30379430000.0,0.20544670673299767,13532356000.0,5800810000.0,4589563000.0,91537000.0,4373000000.0,141152713000.0,1249583000.0,51983601000.0,58701012000.0,0.39697682271504686,6717411000.0,0.04542777687803927,-875812000.0,4721086000.0,0.03192724718348109,552524000.0,8621147000.0,0.058302155748513475,3.4,3.15,2457891200,2708176800,,,1620599271,18:27:51,20210509
5,2015-12-31,UMC,TWD,2015-12-31,2015-12-31,FY,144830421000.0,113061894000.0,31768527000.0,0.21934982154060023,12174824000.0,3730259000.0,4064053000.0,672174000.0,4086000000.0,132986628000.0,470310000.0,45472109000.0,57315902000.0,0.395744910525393,11843793000.0,0.08177697004692129,1992586000.0,13668598000.0,0.0943765674754201,1027500000.0,13254071000.0,0.09151441325990484,5.4,5.1,2501502200,2668385800,,,1620599271,18:27:51,20210509
6,2014-12-31,UMC,TWD,2014-12-31,2014-12-31,FY,140012076000.0,108159398000.0,31852678000.0,0.227499505114116,13663874000.0,3562029000.0,4011478000.0,450065000.0,4270000000.0,129396779000.0,687178000.0,40657354000.0,51272651000.0,0.36620163392191973,10615297000.0,0.07581701024131661,3207341000.0,13572303000.0,0.09693665994924609,3125115000.0,11108940000.0,0.07934272755158633,4.85,4.8,2498994000,2575930000,,,1620599271,18:27:51,20210509
7,2013-12-31,UMC,TWD,2013-12-31,2013-12-31,FY,123811636000.0,100248661000.0,23562975000.0,0.1903130897971496,12493051000.0,3665472000.0,3247000000.0,672216000.0,4049000000.0,119725055000.0,596232000.0,38432312000.0,42518893000.0,0.3434159694004851,4086581000.0,0.03300643729479513,10630571000.0,14340472000.0,0.11582491325774906,2256834000.0,12608881000.0,0.10183922454590617,5.05,4.75,2501502400,2662293400,,,1620599271,18:27:51,20210509
8,2012-12-31,UMC,TWD,2012-12-31,2012-12-31,FY,115674763000.0,96262902000.0,19411861000.0,0.16781414110180629,9786831000.0,3371646000.0,2748753000.0,76006000.0,3861000000.0,112170132000.0,538269000.0,35737575000.0,39242206000.0,0.3392460462616206,3504631000.0,0.03029728273573381,4825226000.0,8002959000.0,0.06918500451131246,2129038000.0,7819448000.0,0.06759856512522096,3.1,2.95,2524963400,2691233600,,,1620599271,18:27:51,20210509
9,2011-12-31,UMC,TWD,2011-12-31,2011-12-31,FY,116702723000.0,95416529000.0,21286194000.0,0.1823967209402646,9395066000.0,3341672000.0,3369589000.0,0.0,3684000000.0,111522856000.0,306015000.0,32370799000.0,37550666000.0,0.32176340906801293,5179867000.0,0.04438514258146316,4331086000.0,9380351000.0,0.08037816735432986,913435000.0,10609695000.0,0.09091214606877682,4.2,4.05,2512249800,2648336000,,,1620599271,18:27:51,20210509
10,2010-12-31,UMC,TWD,2010-12-31,2010-12-31,FY,126441544000.0,89517205000.0,36924339000.0,0.29202695436873183,8740479000.0,3598361000.0,2565821000.0,0.0,3583000000.0,104421866000.0,16800000.0,30495633000.0,52515311000.0,0.4153327248202537,22019678000.0,0.17414907556016557,3301858000.0,25383621000.0,0.20075380446160954,1606114000.0,23898905000.0,0.1890114929314688,9.55,9.35,2499297000,2553518000,,,1620599271,18:27:51,20210509
11,2009-12-31,UMC,TWD,2009-12-31,2009-12-31,FY,91389765000.0,75974607000.0,15415158000.0,0.16867488388880308,8044155000.0,2723288000.0,2800226000.0,0.0,2803000000.0,89542276000.0,149212000.0,34229795000.0,36077284000.0,0.3947628489908033,1847489000.0,0.020215491308025576,-195772000.0,1673000000.0,0.018306207483956217,-651068000.0,3874028000.0,0.042390173560463804,1.55,1.5,2539814400,2557289600,,,1620599271,18:27:51,20210509
12,2008-12-31,UMC,TWD,2008-12-31,2008-12-31,FY,96906042390.9,81206549641.5,15699492749.4,0.1620073667447002,8281978122.0,6544543151.15,0.0,0.0,2929000000.0,96033103764.0,71217390.8,38383282898.4,39256221525.3,0.40509570463055433,872938626.9,0.00900809284294922,-24159448649.7,-22007159237.7,-0.22709790529807658,997864704.95,-22341401373.95,-0.2305470414716676,-8.520107899578102,-8.481677981422722,2622197000,2634078000,,,1620599271,18:27:51,20210509
13,2007-12-31,UMC,TWD,2007-12-31,2007-12-31,FY,113317340276.71,89773071838.99,23544268437.72,0.20777286494924052,9631737334.05,7793312287.27,0.0,0.0,3305000000.0,107198121460.31,181260938.97,39079780605.78,45198999422.18,0.3988709875453166,6119218816.4,0.05400072752729157,12402963799.09,19671400968.04,0.17359568200245734,2810014814.12,16962670446.71,0.14969174537002716,5.21113,5.065188,3264051411,3359011076,,,1620599271,18:27:51,20210509
14,2006-12-31,UMC,TWD,2006-12-31,2006-12-31,FY,111986525987.38,90624308429.93,21362217557.45,0.19075703410834757,9417414764.67,6786960476.45,0.0,0.0,3278000000.0,106828683671.05,648310563.12,46063416990.8,51221259307.130005,0.45738769781020117,5157842316.33,0.046057704450187587,30509796185.55,36581777250.26,0.3266623098423687,3261103797.6,32614263888.03,0.29123382121618246,12.422531,12.011146,2630687484,2721700776,,,1620599271,18:27:51,20210509
15,2005-12-31,UMC,TWD,2005-12-31,2005-12-31,FY,100575944390.0,90878223660.0,9697720730.0,0.09642187094356748,9658587580.0,8146929900.0,0.0,0.0,3305000000.0,108683741140.0,1101713270.0,54686472485.0,46578675735.0,0.4631194468767145,-8107796750.0,-0.08061367754659768,13771942035.0,5620309580.0,0.055881250870549244,67216940.0,7044887780.0,0.07004545493186992,2.625606476167011,2.5861657014234027,2683146863,2724066666,,,1620599271,18:27:51,20210509
16,2004-12-31,UMC,TWD,2004-12-31,2004-12-31,FY,129395463112.44,92538729024.84,36856734087.6,0.2848379162689253,7375277086.8,7640506871.76,0.0,0.0,0.0,107554512983.4,1437083944.8,47237114083.32,69078064212.36,0.5338522893367107,21840950129.04,0.16879224049811548,10348715971.44,31794864212.16,0.24571853948643785,374389844.64,31893849945.72,0.24648352560866368,11.66244,11.478922,2731267386,2774544332,,,1620599271,18:27:51,20210509
17,2003-12-31,UMC,TWD,2003-12-31,2003-12-31,FY,95541263723.4,73812297703.92,21728966019.48,0.22743017176732336,5848693149.84,6156876535.2,0.0,0.0,0.0,85817867388.96,1323905025.54,40774604158.32,50498000492.76,0.5285464994366829,9723396334.44,0.10177169482068033,5131952856.96,14670765136.44,0.15355422949934075,977792944.56,13996469668.56,0.14649659344135282,5.250085,5.133786,2684013243,2745506082,,,1620599271,18:27:51,20210509
18,2002-12-31,UMC,TWD,2002-12-31,2002-12-31,FY,75604907183.01,63037011059.54,12567896123.47,0.166231222175143,7385669842.18,5069704537.94,0.0,0.0,0.0,75492385439.66,1458852228.62,38358401438.44,38470923181.79,0.5088416164398814,112521743.35,0.0014882862441405918,6731269817.64,7360243754.27,0.09735140255451569,271373923.22,7088869831.05,0.09376203338085728,2.6345054650740396,2.6007779307186882,2690778184,2725672864,,,1620599271,18:27:51,20210509
19,2001-12-31,UMC,TWD,2001-12-31,2001-12-31,FY,69816793270.4,60567910819.68,9248882450.72,0.13247360724373486,8959686604.88,6701469496.48,0.0,0.0,0.0,76229031956.0,2525944419.68,36267522705.04,29855284019.440002,0.4276232496644565,-6412238685.6,-0.09184378693483444,-115314701.92,-6197308584.72,-0.08876529978565277,-3040000437.76,-3157308146.96,-0.04522276087261364,-1.192832,-1.192832,2692687152,2692687152,,,1620599271,18:27:51,20210509
20,2000-12-31,UMC,TWD,2000-12-31,2000-12-31,FY,115609328037.16,57062180637.24,58547147399.92,0.5064223483861211,6306257748.42,4348608906.24,0.0,0.0,0.0,68065921434.78,2367417019.68,61788074.28,47605194676.659996,0.411776415319691,47543406602.38,0.41124195953373455,4847185023.3,50689300377.86,0.4384533777548389,-91059595.0,50780359972.86,0.4392410269570791,19.691058,19.691058,2594347710,2594347710,,,1620599271,18:27:51,20210509
21,1999-12-31,UMC,TWD,1999-12-31,1999-12-31,FY,34339427071.13,25273340770.84,9066086300.29,0.2640139068572895,3186522207.63,1725738937.56,0.0,0.0,0.0,30185601916.03,0.0,6716317353.77,10870142508.87,0.31654990883667933,4153825155.1,0.12096372914131182,18386280479.53,11529851082.45,0.335761311875335,843807458.86,10686043623.59,0.3111887569194193,5.198317,5.198317,1831287507,1831287507,,,1620599271,18:27:51,20210509
