,date,symbol,reportedCurrency,fillingDate,acceptedDate,period,revenue,costOfRevenue,grossProfit,grossProfitRatio,researchAndDevelopmentExpenses,generalAndAdministrativeExpenses,sellingAndMarketingExpenses,otherExpenses,operatingExpenses,costAndExpenses,interestExpense,depreciationAndAmortization,ebitda,ebitdaratio,operatingIncome,operatingIncomeRatio,totalOtherIncomeExpensesNet,incomeBeforeTax,incomeBeforeTaxRatio,incomeTaxExpense,netIncome,netIncomeRatio,eps,epsdiluted,weightedAverageShsOut,weightedAverageShsOutDil,link,finalLink,timestamp,est_time,est_date
0,2020-12-31,0872.HK,HKD,2020-12-31,2020-12-31,FY,730299000,612639000,117660000,0.1611120924443276,86853000.0,146544000.0,12379000.0,16840000.0,0.0,959620000,89434000.0,86803000.0,-142518000,-0.19515020560071972,-229321000,-0.3416874458269832,0.0,-249534000.0,-0.3416874458269832,-18651000.0,-246077000.0,-0.3369537682510862,-0.119,-0.119,2063615000,2063615000,https://www1.hkexnews.hk/search/titlesearch.xhtml,https://www1.hkexnews.hk/search/titlesearch.xhtml,1620584956,14:29:16,20210509
1,2019-12-31,0872.HK,HKD,2019-12-31,2019-12-31,FY,781801363,683967661,97833702,0.12513882250675995,103377165.0,203506288.0,14335534.0,-491358.0,0.0,1006397813,66616412.0,90510328.0,-134086122,-0.1715091944652954,-224596450,-0.2872807091793213,0.0,-311124041.0,-0.3979579158139687,-11839096.0,-299530819.0,-0.38312905704156464,-0.1552,-0.1552,1929699250,1929699250,https://www1.hkexnews.hk/search/titlesearch.xhtml,https://www1.hkexnews.hk/search/titlesearch.xhtml,1620584956,14:29:16,20210509
2,2018-12-31,0872.HK,HKD,2018-12-31,2018-12-31,FY,457237213,396454551,60782662,0.13293463495938157,10095011.0,105445940.0,12152427.0,491566.0,0.0,522773660,53969334.0,23974192.0,-41562255,-0.09089867101433846,-65536447,-0.1433313937201345,0.0,-130077538.0,-0.2844858955082468,-1608306.0,-122384844.0,-0.2676615999756783,-0.1169,-0.1169,1047225984,1047225984,https://www1.hkexnews.hk/search/titlesearch.xhtml,https://www1.hkexnews.hk/search/titlesearch.xhtml,1620584956,14:29:16,20210509
3,2017-12-31,0872.HK,HKD,2017-12-31,2017-12-31,FY,202692616,175975718,26716898,0.13180992246900597,5120836.0,70531625.0,2779068.0,1947150.0,0.0,254392431,23823916.0,7994166.0,-43705649,-0.2156252648098439,-51699815,-0.25506511297875795,0.0,-80846051.0,-0.3988603659839291,-10322568.0,-75283337.0,-0.3714162779368342,-0.0811,-0.0811,928184888,928184888,https://www1.hkexnews.hk/search/titlesearch.xhtml,https://www1.hkexnews.hk/search/titlesearch.xhtml,1620584956,14:29:16,20210509
4,2016-12-31,0872.HK,HKD,2016-12-31,2016-12-31,FY,216801681,197239387,19562294,0.09023128376942798,2193905.0,63238254.0,1396235.0,0.0,0.0,263231276,4513307.0,4094846.0,-42334749,-0.195269468413393,-46429595,-0.2141569880170809,0.0,-40362088.0,-0.18617054911119438,-2564082.0,-30608215.0,-0.14118070883407957,-0.033,-0.033,928184888,928184888,https://www1.hkexnews.hk/search/titlesearch.xhtml,https://www1.hkexnews.hk/search/titlesearch.xhtml,1620584956,14:29:16,20210509
5,2015-12-31,0872.HK,HKD,2015-12-31,2015-12-31,FY,194606323,173115454,21490869,0.11043253204059562,58349616.0,76068981.0,16668024.0,-15032825.0,0.0,323487120,1003568.0,10256129.0,-118624668,-0.6095622494239306,-128880797,-0.6622641803884245,0.0,-199461182.0,-1.024947077387614,1851358.0,-144698559.0,-0.7435450029031174,-0.1718,-0.1718,842474137,842474137,https://www1.hkexnews.hk/search/titlesearch.xhtml,https://www1.hkexnews.hk/search/titlesearch.xhtml,1620584956,14:29:16,20210509
6,2014-12-31,0872.HK,HKD,2014-12-31,2014-12-31,FY,184878802,174296075,10582727,0.057241429982870615,56140396.0,70846753.0,8048358.0,0.0,0.0,302066165,2607717.0,18059209.0,-99128154,-0.5361791234454234,-117187363,-0.6338604628128216,0.0,-136299564.0,-0.7372373821418423,-1186020.0,-96080590.0,-0.5196950053797947,-0.1635,-0.1635,587626170,587626170,https://www1.hkexnews.hk/search/titlesearch.xhtml,https://www1.hkexnews.hk/search/titlesearch.xhtml,1620584956,14:29:16,20210509
7,2013-12-31,0872.HK,HKD,2013-12-31,2013-12-31,FY,199820947,181783813,18037134,0.09026648242238587,55715121.0,58006029.0,5514324.0,0.0,0.0,286713492,2635404.0,36407944.0,-50484601,-0.252649192979753,-86892545,-0.4348520328051493,0.0,-101619683.0,-0.5085537053330049,-1152753.0,-62824918.0,-0.31440606674734656,-0.1226,-0.1226,512553380,512553380,https://www1.hkexnews.hk/search/titlesearch.xhtml,https://www1.hkexnews.hk/search/titlesearch.xhtml,1620584956,14:29:16,20210509
8,2012-12-31,0872.HK,HKD,2012-12-31,2012-12-31,FY,261047793,235378413,25669380,0.09833210886406536,18547971.0,34915030.0,7135193.0,0.0,0.0,276259115,3409845.0,27501661.0,12290339,0.047080800257905266,-15211322,-0.0582702570482946,0.0,-5422924.0,-0.020773682618339548,33856646.0,-33571296.0,-0.12860210620512696,-0.0653,-0.0653,513848888,513848888,https://www1.hkexnews.hk/search/titlesearch.xhtml,https://www1.hkexnews.hk/search/titlesearch.xhtml,1620584956,14:29:16,20210509
9,2011-12-31,0872.HK,HKD,2011-12-31,2011-12-31,FY,290767562,233731094,57036468,0.1961582908618947,14617858.0,32495748.0,6053463.0,0.0,0.0,267631036,4696052.0,18471456.0,41607982,0.14309705564749345,23136526,0.07957051963038435,0.0,15805430.0,0.05435761090846853,4353806.0,8169030.0,0.02809470885889259,0.0159,0.0159,513848888,513848888,https://www1.hkexnews.hk/search/titlesearch.xhtml,https://www1.hkexnews.hk/search/titlesearch.xhtml,1620584956,14:29:16,20210509
10,2010-12-31,0872.HK,HKD,2010-12-31,2010-12-31,FY,815690559,658018044,157672515,0.19329942373404374,52963219.0,48317710.0,20977621.0,0.0,0.0,763996720,13102995.0,75407656.0,127101495,0.1558207258838704,51693839,0.06337432550816124,0.0,674418187.0,0.8268064152008899,11901712.0,665489888.0,0.815860721516577,1.38,1.36,481831457,489267612,https://www1.hkexnews.hk/search/titlesearch.xhtml,https://www1.hkexnews.hk/search/titlesearch.xhtml,1620584956,14:29:16,20210509
11,2009-12-31,0872.HK,HKD,2009-12-31,2009-12-31,FY,974737866,779598887,195138979,0.2001963664351991,40277842.0,74335821.0,26594204.0,0.0,0.0,901394537,22197534.0,67714993.0,141058322,0.14471410921877534,73343329,0.07524415697625109,0.0,37451249.0,0.03842186736182464,8249830.0,21227178.0,0.02177731956501216,0.0479,0.0477,443500000,444767870,https://www1.hkexnews.hk/search/titlesearch.xhtml,https://www1.hkexnews.hk/search/titlesearch.xhtml,1620584956,14:29:16,20210509
12,2008-12-31,0872.HK,HKD,2008-12-31,2008-12-31,FY,647454790,500464444,146990346,0.22702796901077835,13277613.0,91586202.0,26108047.0,0.0,0.0,612714905,20878937.0,45143646.0,79883531,0.12338086339588282,34739885,0.053656078442172,0.0,41097248.0,0.06347508526425451,8763162.0,38744980.0,0.05984198526046892,0.0877,0.0504,441726776,441793433,https://www1.hkexnews.hk/search/titlesearch.xhtml,https://www1.hkexnews.hk/search/titlesearch.xhtml,1620584956,14:29:16,20210509
13,2007-12-31,0872.HK,HKD,2007-12-31,2007-12-31,FY,666947593,502611085,164336508,0.24640093123478743,14353799.0,61875447.0,19691312.0,0.0,0.0,595174230,16680358.0,33065639.0,104839002,0.15719226383054058,71773363,0.10761469679672418,0.0,66524755.0,0.09974510096177827,7710240.0,66630845.0,0.09990416893220574,0.1642,0.1469,405835507,500546777,https://www1.hkexnews.hk/search/titlesearch.xhtml,https://www1.hkexnews.hk/search/titlesearch.xhtml,1620584956,14:29:16,20210509
14,2006-12-31,0872.HK,HKD,2006-12-31,2006-12-31,FY,352541854,253000149,99541705,0.28235429033626175,3938196.0,35532095.0,7616919.0,0.0,0.0,297358396,7390729.0,18763784.0,73947242,0.20975450478001967,55183458,0.15653023144310121,0.0,53297599.0,0.15118091198329037,5516560.0,45608257.0,0.12936976555413474,0.1186,0.1127,384473096,435916762,https://www1.hkexnews.hk/search/titlesearch.xhtml,https://www1.hkexnews.hk/search/titlesearch.xhtml,1620584956,14:29:16,20210509
15,2005-12-31,0872.HK,HKD,2005-12-31,2005-12-31,FY,195668737,133133369,62535368,0.31959815839154726,2492694.0,21415827.0,3931847.0,0.0,0.0,160838447,2639739.0,7661538.0,42491828,0.21716207019826575,34830290,0.17800641295088443,0.0,32469388.0,0.16594060194705504,446043.0,32016170.0,0.16362435047556934,0.084,0.0825,381000000,388024242,https://www1.hkexnews.hk/search/titlesearch.xhtml,https://www1.hkexnews.hk/search/titlesearch.xhtml,1620584956,14:29:16,20210509
16,2004-12-31,0872.HK,HKD,2004-12-31,2004-12-31,FY,182285188,111203538,71081650,0.3899474816352056,3111068.0,9175863.0,3319434.0,0.0,0.0,126276156,3503497.0,5213098.0,61222130,0.33585904961186425,56009032,0.30726046704354276,0.0,51810613.0,0.28422832139273985,47684.0,51802162.0,0.2841819599736211,0.1699,0.1695,304882192,305617475,https://www1.hkexnews.hk/search/titlesearch.xhtml,https://www1.hkexnews.hk/search/titlesearch.xhtml,1620584956,14:29:16,20210509
17,2003-12-31,0872.HK,HKD,2003-12-31,2003-12-31,FY,189731187,139742333,49988854,0.26347199314153874,478508.0,7316482.0,2320475.0,0.0,0.0,147820606,4337876.0,5194002.0,47104583,0.24827011175553337,41910581,0.2208945280039807,0.0,37413471.0,0.19719199353346165,9945979.0,27467492.0,0.1447705695321455,0.0916,0.0916,300000000,300000000,https://www1.hkexnews.hk/search/titlesearch.xhtml,https://www1.hkexnews.hk/search/titlesearch.xhtml,1620584956,14:29:16,20210509
