,date,symbol,reportedCurrency,fillingDate,acceptedDate,period,revenue,costOfRevenue,grossProfit,grossProfitRatio,researchAndDevelopmentExpenses,generalAndAdministrativeExpenses,sellingAndMarketingExpenses,otherExpenses,operatingExpenses,costAndExpenses,interestExpense,depreciationAndAmortization,ebitda,ebitdaratio,operatingIncome,operatingIncomeRatio,totalOtherIncomeExpensesNet,incomeBeforeTax,incomeBeforeTaxRatio,incomeTaxExpense,netIncome,netIncomeRatio,eps,epsdiluted,weightedAverageShsOut,weightedAverageShsOutDil,link,finalLink,timestamp,est_time,est_date
0,2020-06-30,EYE.AX,AUD,2020-06-30,2020-06-30,FY,12769000.0,3022000.0,9747000.0,0.7633330722844389,0.0,9948000.0,668000.0,-63000.0,16922000.0,0.0,58000.0,1438000.0,-5737000.0,-0.4492912522515467,-7175000.0,-0.5619077453206985,-63000.0,-7249000.0,-0.5677030307776647,3078000.0,35653000.0,2.7921528702325946,0.2483,0.2483,143601138.0,143601138.0,,,1620591913,16:25:13,20210509
1,2019-06-30,EYE.AX,AUD,2019-06-30,2019-06-30,FY,81637000.0,30840000.0,50797000.0,0.6222301162463099,1683000.0,32472000.0,2866000.0,1150000.0,57153000.0,0.0,405000.0,2144000.0,-4212000.0,-0.051594252606048725,-6356000.0,-0.07785685412251797,946000.0,-5656000.0,-0.06928231071695433,117000.0,-5773000.0,-0.07071548440045568,-0.0402,-0.0402,143601138.0,143601138.0,,,1620591913,16:25:13,20210509
2,2018-06-30,EYE.AX,AUD,2018-06-30,2018-06-30,FY,79067000.0,33218000.0,45849000.0,0.5798752956353472,1030000.0,31587000.0,3607000.0,214000.0,51441000.0,0.0,283000.0,2056000.0,-3536000.0,-0.044721565254783914,-5592000.0,-0.07072482831016733,405000.0,-5340000.0,-0.0675376579356748,-303000.0,-5037000.0,-0.06370546498539213,-0.0375,-0.0375,134390620.0,134390620.0,,,1620591913,16:25:13,20210509
3,2017-06-30,EYE.AX,AUD,2017-06-30,2017-06-30,FY,71635000.0,30930000.0,40705000.0,0.5682278215955887,1185000.0,24079000.0,3050000.0,-1899000.0,40524000.0,0.0,314000.0,3134000.0,3315000.0,0.046276261603964544,181000.0,0.0025266978432330564,-1899000.0,-1959000.0,-0.027346967264605292,-1065000.0,-894000.0,-0.012479932993648355,-0.0076,-0.0076,118050743.0,118050743.0,,,1620591913,16:25:13,20210509
4,2016-06-30,EYE.AX,AUD,2016-06-30,2016-06-30,FY,72913000.0,31053000.0,41860000.0,0.5741088694745793,1192000.0,21036000.0,3127000.0,-1549000.0,35529000.0,0.0,196000.0,3148000.0,9479000.0,0.1300042516423683,6331000.0,0.08682950914103109,-1939000.0,4190000.0,0.05746574684898441,1163000.0,3027000.0,0.041515230480161286,0.0277,0.0277,109142787.0,109142787.0,,,1620591913,16:25:13,20210509
5,2015-06-30,EYE.AX,AUD,2015-06-30,2015-06-30,FY,62679000.0,29805000.0,32874000.0,0.5244818838845546,797000.0,16512000.0,2254000.0,692000.0,30707000.0,0.0,191000.0,2532000.0,4699000.0,0.0749692879592846,2167000.0,0.034572982976754575,664000.0,2631000.0,0.04197578136217872,951000.0,1680000.0,0.02680323553343225,0.0156,0.0156,107646897.0,107646897.0,,,1620591913,16:25:13,20210509
6,2014-06-30,EYE.AX,AUD,2014-06-30,2014-06-30,FY,54378000.0,26730000.0,27648000.0,0.5084409136047666,702000.0,14672000.0,1895000.0,-369000.0,25724000.0,0.0,247000.0,1424000.0,3348000.0,0.06156901688182721,1924000.0,0.03538195593806319,-370000.0,1311000.0,0.02410901467505241,523000.0,788000.0,0.014491154511015484,0.0073,0.0073,107646897.0,107646897.0,,,1620591913,16:25:13,20210509
7,2013-06-30,EYE.AX,AUD,2013-06-30,2013-06-30,FY,42804000.0,21755000.0,21049000.0,0.49175310718624426,548000.0,12602000.0,1081000.0,693000.0,21308000.0,0.0,272000.0,1309000.0,1050000.0,0.024530417717970283,-259000.0,-0.00605083637043267,675000.0,140000.0,0.003270722362396038,956000.0,-816000.0,-0.019063638912251192,-0.01,-0.01,84910345.0,84910345.0,,,1620591913,16:25:13,20210509
8,2012-06-30,EYE.AX,AUD,2012-06-30,2012-06-30,FY,47503000.0,24600000.0,22903000.0,0.48213797023345895,276000.0,13693000.0,1102000.0,508000.0,21930000.0,0.0,396000.0,1683000.0,2656000.0,0.05591225817316801,973000.0,0.02048291686840831,492000.0,1067000.0,0.022461739258573143,17000.0,920000.0,0.019367197861187714,0.011,0.011,84910345.0,84910345.0,,,1620591913,16:25:13,20210509
9,2011-06-30,EYE.AX,AUD,2011-06-30,2011-06-30,FY,43373000.0,21952000.0,21421000.0,0.4938786802849699,162000.0,13752000.0,1404000.0,-276000.0,21821000.0,0.0,433000.0,1768000.0,1368000.0,0.031540359209646554,-400000.0,-0.009222327254282618,-273000.0,-1087000.0,-0.025061674313513017,-387000.0,-661000.0,-0.015239895787702027,-0.008,-0.008,84910345.0,84910345.0,,,1620591913,16:25:13,20210509
10,2010-06-30,EYE.AX,AUD,2010-06-30,2010-06-30,FY,48553000.0,21225000.0,27328000.0,0.5628488455914156,296000.0,14818000.0,1551000.0,106000.0,23466000.0,0.0,390000.0,2394000.0,6256000.0,0.12884888678351492,3862000.0,0.07954194385516858,89000.0,3563000.0,0.0733837250015447,-197000.0,3820000.0,0.07867690976870637,0.045,0.045,84910345.0,84910345.0,,,1620591913,16:25:13,20210509
11,2009-06-30,EYE.AX,AUD,2009-06-30,2009-06-30,FY,59254000.0,29192000.0,30062000.0,0.5073412765382928,319000.0,16542000.0,1806000.0,-3432000.0,26191000.0,0.0,623000.0,1857000.0,5728000.0,0.09666857933641611,3871000.0,0.06532892294191109,-26475000.0,-23229000.0,-0.3920241671448341,-614000.0,-22616000.0,-0.3816788740000675,-0.296,-0.296,76428902.0,76428902.0,,,1620591913,16:25:13,20210509
12,2008-06-30,EYE.AX,AUD,2008-06-30,2008-06-30,FY,51181000.0,25416000.0,25765000.0,0.5034094683573983,253000.0,16046000.0,1848000.0,574000.0,23881000.0,0.0,635000.0,1405000.0,3289000.0,0.06426212852425704,1884000.0,0.03681053515953186,571000.0,1858000.0,0.036302534143529824,-2976000.0,4745000.0,0.09271018542037084,0.063971,0.06314,74136795.0,75149978.0,,,1620591913,16:25:13,20210509
13,2007-06-30,EYE.AX,AUD,2007-06-30,2007-06-30,FY,45502000.0,23088000.0,22414000.0,0.49259373214364205,488000.0,12447000.0,1644000.0,436000.0,19529000.0,0.0,499000.0,1275000.0,4160000.0,0.09142455276691135,2885000.0,0.06340380642609116,436000.0,2824000.0,0.062063206012922506,-1544000.0,4267000.0,0.09377609775394488,0.06314,0.057971,67540586.0,73605750.0,,,1620591913,16:25:13,20210509
14,2006-06-30,EYE.AX,AUD,2006-06-30,2006-06-30,FY,34691000.0,17273000.0,17418000.0,0.5020898792193941,326000.0,9803000.0,1109000.0,399000.0,15299000.0,0.0,341000.0,799000.0,2918000.0,0.08411403534057825,2119000.0,0.06108212504684212,2069000.0,3839000.0,0.11066270790694993,146000.0,3693000.0,0.10645412354789427,0.055571,0.053079,66337882.0,69576120.0,,,1620591913,16:25:13,20210509
15,2005-06-30,EYE.AX,AUD,2005-06-30,2005-06-30,FY,28351000.0,14549000.0,13802000.0,0.4868258615216394,0.0,9319000.0,802000.0,86000.0,14700000.0,0.0,377000.0,1681000.0,783000.0,0.027618073436563084,-898000.0,-0.03167436774716941,86000.0,-1187000.0,-0.041868011710345314,-1187000.0,-1102000.0,-0.03886988113294064,-0.016616,-0.016616,66337882.0,66337882.0,,,1620591913,16:25:13,20210509
16,2004-06-30,EYE.AX,AUD,2004-06-30,2004-06-30,FY,24665000.0,13816000.0,10849000.0,0.43985404419217516,0.0,8256000.0,531000.0,1880000.0,12970000.0,0.0,138000.0,1548000.0,-573000.0,-0.02323129941212244,-2121000.0,-0.08599229677680924,1880000.0,-376000.0,-0.015244273261706872,-376000.0,-206000.0,-0.008351915669977701,-0.003139,-0.003139,66337882.0,66337882.0,,,1620591913,16:25:13,20210509
17,2003-06-30,EYE.AX,AUD,2003-06-30,2003-06-30,FY,26063000.0,13023000.0,13040000.0,0.500326132831984,0.0,6791000.0,407000.0,47000.0,10673000.0,0.0,195000.0,1418000.0,3785000.0,0.145225031654069,2367000.0,0.09081840156543759,47000.0,2216000.0,0.08502474772666231,2216000.0,1632000.0,0.06261750374093543,0.024924,0.024924,66297711.0,66297711.0,,,1620591913,16:25:13,20210509
18,2002-06-30,EYE.AX,AUD,2002-06-30,2002-06-30,FY,27354000.0,12765000.0,14589000.0,0.5333406448782628,1251000.0,5789000.0,537000.0,-1038000.0,9116000.0,0.0,130000.0,1331000.0,6804000.0,0.24873875849967098,5473000.0,0.20008042699422388,-1038000.0,4718000.0,0.17247934488557431,4718000.0,-166000.0,-0.006068582291438181,0.05354,0.049848,61457306.0,61457306.0,,,1620591913,16:25:13,20210509
19,2001-06-30,EYE.AX,AUD,2001-06-30,2001-06-30,FY,160.0,0.0,160.0,1.0,0.0,24616.0,0.0,-176796.0,262385.0,0.0,0.0,11659.0,-250726.0,-1567.0375,-262385.0,-1639.90625,-176796.0,-462497.0,-2890.60625,-462497.0,-462497.0,-2890.60625,-0.078464,-0.078464,5804528.0,5804528.0,,,1620591913,16:25:13,20210509
20,2000-06-30,EYE.AX,AUD,2000-06-30,2000-06-30,FY,0.0,0.0,0.0,0.0,0.0,0.0,0.0,0.0,0.0,0.0,0.0,0.0,0.0,0.0,0.0,0.0,0.0,-368000.0,0.0,-368000.0,-368000.0,0.0,-0.138466,-0.138466,2725234.0,2725234.0,,,1620591913,16:25:13,20210509
21,1999-06-30,EYE.AX,AUD,1999-06-30,1999-06-30,FY,0.0,0.0,0.0,0.0,0.0,0.0,0.0,0.0,0.0,0.0,0.0,0.0,0.0,0.0,0.0,0.0,0.0,-728249.0,0.0,-728249.0,-728249.0,0.0,-0.219247,-0.219247,3022639.0,3022639.0,,,1620591913,16:25:13,20210509
22,1998-06-30,EYE.AX,AUD,1998-06-30,1998-06-30,FY,0.0,0.0,0.0,0.0,0.0,0.0,0.0,0.0,0.0,0.0,15.0,0.0,-670338.0,0.0,0.0,0.0,0.0,-670353.0,0.0,-670353.0,0.0,0.0,-0.219247,-0.219247,3055918.0,3055918.0,,,1620591913,16:25:13,20210509
23,1997-06-30,EYE.AX,AUD,1997-06-30,1997-06-30,FY,102000.0,0.0,102000.0,1.0,0.0,1983.0,0.0,-102000.0,3670.0,0.0,0.0,3670.0,105670.0,1.0359803921568627,102000.0,1.0,-102000.0,-269339.0,-2.640578431372549,-269339.0,0.0,0.0,-0.109623,-0.109623,2453857.0,2453857.0,,,1620591913,16:25:13,20210509
24,1996-06-30,EYE.AX,AUD,1996-06-30,1996-06-30,FY,7534.0,0.0,7534.0,1.0,0.0,275.0,0.0,-5009.0,2525.0,0.0,0.0,2525.0,7534.0,1.0,5009.0,0.6648526679054951,-5009.0,-137782.0,-18.288027608176268,-137782.0,0.0,0.0,-0.073082,-0.073082,1885300.0,1885300.0,,,1620591913,16:25:13,20210509
25,1995-06-30,EYE.AX,AUD,1995-06-30,1995-06-30,FY,7000.0,0.0,7000.0,1.0,0.0,10000.0,0.0,-5000.0,2000.0,0.0,0.0,2000.0,7000.0,1.0,5000.0,0.7142857142857143,-5000.0,-179000.0,-25.571428571428573,-179000.0,125000.0,17.857142857142858,-0.146164,-0.146164,1224647.0,1224647.0,,,1620591913,16:25:13,20210509
26,1994-06-30,EYE.AX,AUD,1994-06-30,1994-06-30,FY,117000.0,0.0,117000.0,1.0,0.0,58000.0,0.0,-114000.0,3000.0,0.0,0.0,3000.0,117000.0,1.0,114000.0,0.9743589743589743,-114000.0,-206000.0,-1.7606837606837606,-206000.0,0.0,0.0,-0.211555,-0.211555,973742.0,973742.0,,,1620591913,16:25:13,20210509
27,1993-06-30,EYE.AX,AUD,1993-06-30,1993-06-30,FY,79000.0,0.0,79000.0,1.0,0.0,139000.0,0.0,-45000.0,34000.0,0.0,0.0,34000.0,79000.0,1.0,45000.0,0.569620253164557,-45000.0,-448000.0,-5.670886075949367,-448000.0,0.0,0.0,-4.654208,-4.654208,96256.0,96256.0,,,1620591913,16:25:13,20210509
28,1992-06-30,EYE.AX,AUD,1992-06-30,1992-06-30,FY,178000.0,0.0,178000.0,1.0,0.0,56000.0,0.0,-127000.0,51000.0,0.0,0.0,51000.0,178000.0,1.0,127000.0,0.7134831460674157,-127000.0,-535000.0,-3.00561797752809,-535000.0,0.0,0.0,-0.42311,-0.42311,924582.0,924582.0,,,1620591913,16:25:13,20210509
29,1991-06-30,EYE.AX,AUD,1991-06-30,1991-06-30,FY,337000.0,0.0,337000.0,1.0,0.0,48000.0,0.0,-261000.0,76000.0,0.0,0.0,62000.0,323000.0,0.9584569732937686,261000.0,0.7744807121661721,-261000.0,-323000.0,-0.9584569732937686,-323000.0,0.0,0.0,0.0,0.0,924582.0,924582.0,,,1620591913,16:25:13,20210509
30,1990-06-30,EYE.AX,AUD,1990-06-30,1990-06-30,FY,708000.0,0.0,708000.0,1.0,0.0,52000.0,0.0,-585000.0,123000.0,0.0,2000.0,76000.0,661000.0,0.9336158192090396,585000.0,0.826271186440678,-585000.0,-2741000.0,-3.871468926553672,-2741000.0,0.0,0.0,0.0,0.0,143601138.0,143601138.0,,,1620591913,16:25:13,20210509
31,1989-06-30,EYE.AX,AUD,1989-06-30,1989-06-30,FY,1133000.0,0.0,1133000.0,1.0,0.0,71000.0,0.0,-329000.0,804000.0,0.0,0.0,757000.0,1086000.0,0.9585172109443955,329000.0,0.2903795233892321,-329000.0,-13239000.0,-11.684907325684025,-13239000.0,0.0,0.0,0.0,0.0,143601138.0,143601138.0,,,1620591913,16:25:13,20210509
