,date,symbol,reportedCurrency,fillingDate,acceptedDate,period,revenue,costOfRevenue,grossProfit,grossProfitRatio,researchAndDevelopmentExpenses,generalAndAdministrativeExpenses,sellingAndMarketingExpenses,otherExpenses,operatingExpenses,costAndExpenses,interestExpense,depreciationAndAmortization,ebitda,ebitdaratio,operatingIncome,operatingIncomeRatio,totalOtherIncomeExpensesNet,incomeBeforeTax,incomeBeforeTaxRatio,incomeTaxExpense,netIncome,netIncomeRatio,eps,epsdiluted,weightedAverageShsOut,weightedAverageShsOutDil,link,finalLink,timestamp,est_time,est_date
0,2020-12-31,SREN.SW,USD,2020-12-31,2020-12-31,FY,43642000000.0,0.0,0.0,0.0,0.0,0.0,0.0,0.0,0.0,44732000000.0,595000000.0,617000000.0,0.0,0.0,0.0,-0.02497594060767151,-126000000.0,-1090000000.0,-0.02497594060767151,-266000000.0,-878000000.0,-0.020118234728014297,-3.04,-3.04,289126570,289126570,https://www.six-group.com/en/products-services/the-swiss-stock-exchange.html,https://www.six-group.com/en/products-services/the-swiss-stock-exchange.html,1620598270,18:11:10,20210509
1,2019-12-31,SREN.SW,USD,2019-12-31,2019-12-31,FY,49170000000.0,0.0,0.0,0.0,0.0,0.0,0.0,0.0,3579000000.0,48261000000.0,602000000.0,538000000.0,0.0,0.0,0.0,0.018486882245271508,-318000000.0,909000000.0,0.018486882245271508,140000000.0,727000000.0,0.014785438275371161,2.46,2.39,295660059,309507600,https://www.six-group.com/en/products-services/the-swiss-stock-exchange.html,https://www.six-group.com/en/products-services/the-swiss-stock-exchange.html,1620598270,18:11:10,20210509
2,2018-12-31,SREN.SW,USD,2018-12-31,2018-12-31,FY,36896000000.0,0.0,0.0,0.0,0.0,0.0,0.0,0.0,3432000000.0,36346000000.0,570000000.0,331000000.0,0.0,0.0,0.0,0.014906764960971378,90000000.0,550000000.0,0.014906764960971378,69000000.0,462000000.0,0.01252168256721596,1.5056620077605927,1.4729810793667393,306841773,313649650,https://www.six-group.com/en/products-services/the-swiss-stock-exchange.html,https://www.six-group.com/en/products-services/the-swiss-stock-exchange.html,1620598270,18:11:10,20210509
3,2017-12-31,SREN.SW,USD,2017-12-31,2017-12-31,FY,42396000000.0,0.0,0.0,0.0,0.0,0.0,0.0,0.0,3308000000.0,41871000000.0,575000000.0,542000000.0,0.0,0.0,0.0,0.01238324370223606,153000000.0,525000000.0,0.01238324370223606,132000000.0,398000000.0,0.009387678082838004,1.2406049192079736,1.238617320779177,320811238,321326041,https://www.six-group.com/en/products-services/the-swiss-stock-exchange.html,https://www.six-group.com/en/products-services/the-swiss-stock-exchange.html,1620598270,18:11:10,20210509
4,2016-12-31,SREN.SW,USD,2016-12-31,2016-12-31,FY,43766000000.0,0.0,0.0,0.0,0.0,0.0,0.0,0.0,3358000000.0,39394000000.0,627000000.0,643000000.0,0.0,0.0,0.0,0.09989489558104464,206000000.0,4372000000.0,0.09989489558104464,749000000.0,3626000000.0,0.08284970068089384,10.72,9.82,331767651,369281060,https://www.six-group.com/en/products-services/the-swiss-stock-exchange.html,https://www.six-group.com/en/products-services/the-swiss-stock-exchange.html,1620598270,18:11:10,20210509
5,2015-12-31,SREN.SW,USD,2015-12-31,2015-12-31,FY,35675000000.0,0.0,0.0,0.0,0.0,0.0,0.0,0.0,3303000000.0,30356000000.0,601000000.0,594000000.0,0.0,0.0,0.0,0.1490960056061668,127000000.0,5319000000.0,0.1490960056061668,651000000.0,4665000000.0,0.13076384022424667,13.611074,13.611074,337739705,337739705,https://www.six-group.com/en/products-services/the-swiss-stock-exchange.html,https://www.six-group.com/en/products-services/the-swiss-stock-exchange.html,1620598270,18:11:10,20210509
6,2014-12-31,SREN.SW,USD,2014-12-31,2014-12-31,FY,37308000000.0,0.0,0.0,0.0,0.0,0.0,0.0,0.0,3155000000.0,33081000000.0,756000000.0,458000000.0,0.0,0.0,0.0,0.11330009649404954,208000000.0,4227000000.0,0.11330009649404954,658000000.0,3569000000.0,0.0956631285515171,10.23,9.39,342213498,380157594,https://www.six-group.com/en/products-services/the-swiss-stock-exchange.html,https://www.six-group.com/en/products-services/the-swiss-stock-exchange.html,1620598270,18:11:10,20210509
7,2013-12-31,SREN.SW,USD,2013-12-31,2013-12-31,FY,36575000000.0,0.0,0.0,0.0,0.0,0.0,0.0,0.0,3508000000.0,31750000000.0,783000000.0,4013000000.0,0.0,0.0,0.0,0.1319207108680793,49000000.0,4825000000.0,0.1319207108680793,312000000.0,4511000000.0,0.12333561175666438,12.97,11.89,342764609,379604516,https://www.six-group.com/en/products-services/the-swiss-stock-exchange.html,https://www.six-group.com/en/products-services/the-swiss-stock-exchange.html,1620598270,18:11:10,20210509
8,2012-12-31,SREN.SW,USD,2012-12-31,2012-12-31,FY,33542000000.0,0.0,0.0,0.0,0.0,0.0,0.0,0.0,3217000000.0,28019000000.0,763000000.0,3888000000.0,0.0,0.0,0.0,0.16465923320016695,-67000000.0,5523000000.0,0.16465923320016695,1125000000.0,4257000000.0,0.12691550891419712,11.85,11.06,343380921,372719088,https://www.six-group.com/en/products-services/the-swiss-stock-exchange.html,https://www.six-group.com/en/products-services/the-swiss-stock-exchange.html,1620598270,18:11:10,20210509
9,2011-12-31,SREN.SW,USD,2011-12-31,2011-12-31,FY,28083000000.0,0.0,0.0,0.0,0.0,0.0,0.0,0.0,3051000000.0,25208000000.0,851000000.0,3115000.0,0.0,0.0,0.0,0.10237510237510238,50000000.0,2875000000.0,0.10237510237510238,77000000.0,2798000000.0,0.09963323006801268,7.68,7.49,342136735,352202053,https://www.six-group.com/en/products-services/the-swiss-stock-exchange.html,https://www.six-group.com/en/products-services/the-swiss-stock-exchange.html,1620598270,18:11:10,20210509
10,2010-12-31,SREN.SW,USD,2010-12-31,2010-12-31,FY,28835000000.0,0.0,0.0,0.0,0.0,0.0,0.0,0.0,2526000000.0,26160000000.0,1094000000.0,2442000.0,0.0,0.0,0.0,0.09276920409224901,60000000.0,2675000000.0,0.09276920409224901,541000000.0,2134000000.0,0.0740072828160222,2.52,2.43,342524717,449302818,https://www.six-group.com/en/products-services/the-swiss-stock-exchange.html,https://www.six-group.com/en/products-services/the-swiss-stock-exchange.html,1620598270,18:11:10,20210509
11,2009-12-31,SREN.SW,USD,2009-12-31,2009-12-31,FY,32254106280.193237,0.0,0.0,0.0,0.0,0.0,0.0,0.0,3089855072.463768,31332367149.758453,1057004830.917874,20289855.072464,0.0,0.0,0.0,0.028577419644729363,894685990.338164,921739130.434783,0.028577419644729363,223188405.797101,488888888.888889,0.015157415450978047,1.439614,1.429952,339543341,342389798,https://www.six-group.com/en/products-services/the-swiss-stock-exchange.html,https://www.six-group.com/en/products-services/the-swiss-stock-exchange.html,1620598270,18:11:10,20210509
12,2008-12-31,SREN.SW,USD,2008-12-31,2008-12-31,FY,23327574130.282513,0.0,0.0,0.0,0.0,0.0,0.0,0.0,2998832593.976185,24588372636.002804,1401821153.397152,813448517.39435,0.0,0.0,0.0,-0.054047561854431915,252159701.144058,-1260798505.72029,-0.054047561854431915,-453887462.059304,-806911043.660985,-0.0345904395868364,-2.437544,-2.437544,331024378,331024378,https://www.six-group.com/en/products-services/the-swiss-stock-exchange.html,https://www.six-group.com/en/products-services/the-swiss-stock-exchange.html,1620598270,18:11:10,20210509
13,2007-12-31,SREN.SW,USD,2007-12-31,2007-12-31,FY,37792763012.91375,0.0,0.0,0.0,0.0,0.0,0.0,0.0,3593811979.373265,33220503327.603683,1599012737.449866,595883467.759707,0.0,0.0,0.0,0.1209824135839903,266208294.76839,4572259685.310062,0.1209824135839903,903521530.256953,3668738155.053109,0.0970751504408266,10.533739,9.89907,348214512,383475658,https://www.six-group.com/en/products-services/the-swiss-stock-exchange.html,https://www.six-group.com/en/products-services/the-swiss-stock-exchange.html,1620598270,18:11:10,20210509
14,2006-12-31,SREN.SW,USD,2006-12-31,2006-12-31,FY,33010329562.223316,0.0,0.0,0.0,0.0,0.0,0.0,0.0,3370224626.988031,28209542547.958683,0.0,726348581.734711,0.0,0.0,0.0,0.14543287140515573,229545827.184784,4800787014.264634,0.14543287140515573,1062469257.255288,3738317757.009346,0.11324690806139175,11.05919,10.272176,337961019,375236647,https://www.six-group.com/en/products-services/the-swiss-stock-exchange.html,https://www.six-group.com/en/products-services/the-swiss-stock-exchange.html,1620598270,18:11:10,20210509
15,2005-12-31,SREN.SW,USD,2005-12-31,2005-12-31,FY,28862566438.876232,0.0,0.0,0.0,0.0,0.0,0.0,0.0,2339407744.874715,26919514047.07669,0.0,593773728.170084,0.0,0.0,0.0,0.06732084604861623,214882308.276386,1943052391.799544,0.06732084604861623,193621867.881549,1749430523.917995,0.06061243817741765,5.649203,5.421412,309827189,332771183,https://www.six-group.com/en/products-services/the-swiss-stock-exchange.html,https://www.six-group.com/en/products-services/the-swiss-stock-exchange.html,1620598270,18:11:10,20210509
