,date,symbol,reportedCurrency,fillingDate,acceptedDate,period,revenue,costOfRevenue,grossProfit,grossProfitRatio,researchAndDevelopmentExpenses,generalAndAdministrativeExpenses,sellingAndMarketingExpenses,otherExpenses,operatingExpenses,costAndExpenses,interestExpense,depreciationAndAmortization,ebitda,ebitdaratio,operatingIncome,operatingIncomeRatio,totalOtherIncomeExpensesNet,incomeBeforeTax,incomeBeforeTaxRatio,incomeTaxExpense,netIncome,netIncomeRatio,eps,epsdiluted,weightedAverageShsOut,weightedAverageShsOutDil,link,finalLink,timestamp,est_time,est_date
0,2020-12-31,0376.HK,HKD,2020-12-31,2020-12-31,FY,10669024000.0,0.0,0.0,0.0,0.0,0.0,0.0,0.0,0.0,9716214000.0,147118000.0,157922000.0,0.0,0.0,0.0,0.08930620082961666,2549607000.0,952810000.0,0.08930620082961666,3823000.0,618315000.0,0.05795422336663597,0.186,0.186,3319175720,3319175720,https://www1.hkexnews.hk/search/titlesearch.xhtml,https://www1.hkexnews.hk/search/titlesearch.xhtml,1620584700,14:25:00,20210509
1,2019-12-31,0376.HK,HKD,2019-12-31,2019-12-31,FY,8279769000.0,0.0,0.0,0.0,0.0,1001438000.0,0.0,0.0,0.0,7665718000.0,80406000.0,139516000.0,0.0,0.0,0.0,0.07416281782740557,1504033000.0,614051000.0,0.07416281782740557,-699000.0,255619000.0,0.03087272120756026,0.08,0.08,3207904727,3207904727,https://www1.hkexnews.hk/search/titlesearch.xhtml,https://www1.hkexnews.hk/search/titlesearch.xhtml,1620584700,14:25:00,20210509
2,2018-12-31,0376.HK,HKD,2018-12-31,2018-12-31,FY,1015989000.0,0.0,0.0,0.0,0.0,547613000.0,0.0,0.0,0.0,1211924000.0,11971000.0,23132000.0,0.0,0.0,0.0,-0.19285149740794438,52101000.0,-195935000.0,-0.19285149740794438,-41780000.0,-204402000.0,-0.20118524905289328,-0.08,-0.08,2498464791,2498464791,https://www1.hkexnews.hk/search/titlesearch.xhtml,https://www1.hkexnews.hk/search/titlesearch.xhtml,1620584700,14:25:00,20210509
3,2017-12-31,0376.HK,HKD,2017-12-31,2017-12-31,FY,21064000.0,247134000.0,-226070000.0,-10.732529434105583,0.0,0.0,0.0,0.0,0.0,401000000.0,9473000.0,18531000.0,-361405000.0,-17.15747246486897,-379936000.0,-18.037219901253323,0.0,-378168000.0,-17.95328522597797,1138000.0,-379054000.0,-17.995347512343333,-0.16,-0.16,2402313939,2402313939,https://www1.hkexnews.hk/search/titlesearch.xhtml,https://www1.hkexnews.hk/search/titlesearch.xhtml,1620584700,14:25:00,20210509
4,2016-12-31,0376.HK,HKD,2016-12-31,2016-12-31,FY,46120000.0,200094000.0,-153974000.0,-3.338551604509974,0.0,0.0,0.0,0.0,0.0,320012000.0,97000.0,7992000.0,-265900000.0,-5.76539462272333,-273892000.0,-5.938681699913269,0.0,-324869000.0,-7.0439939288811795,-8327000.0,-316688000.0,-6.866608846487424,-0.13,-0.13,2399336394,2399336394,https://www1.hkexnews.hk/search/titlesearch.xhtml,https://www1.hkexnews.hk/search/titlesearch.xhtml,1620584700,14:25:00,20210509
5,2015-12-31,0376.HK,HKD,2015-12-31,2015-12-31,FY,193967000.0,107613000.0,86354000.0,0.44519944114204996,0.0,0.0,0.0,0.0,0.0,174616000.0,51000.0,2567000.0,21918000.0,0.11299860285512484,19351000.0,0.09976439291219641,0.0,-77869000.0,-0.40145488665597756,79172000.0,-152419000.0,-0.7857986152283636,-0.21,-0.21,733062612,733062612,https://www1.hkexnews.hk/search/titlesearch.xhtml,https://www1.hkexnews.hk/search/titlesearch.xhtml,1620584700,14:25:00,20210509
6,2014-12-31,0376.HK,HKD,2014-12-31,2014-12-31,FY,133370000.0,237490000.0,-104120000.0,-0.7806853115393266,0.0,0.0,0.0,0.0,0.0,295596000.0,21000.0,3583000.0,-158643000.0,-1.1894953887680888,-162226000.0,-1.2163605008622629,0.0,759327000.0,5.693386818624878,450000.0,758856000.0,5.6898552897953065,1.7317210602603084,1.731559307860658,438209142,438250077,https://www1.hkexnews.hk/search/titlesearch.xhtml,https://www1.hkexnews.hk/search/titlesearch.xhtml,1620584700,14:25:00,20210509
7,2013-12-31,0376.HK,HKD,2013-12-31,2013-12-31,FY,77516000.0,124088000.0,-46572000.0,-0.6008049950977863,0.0,0.0,0.0,0.0,0.0,172890000.0,49000.0,3385000.0,-91989000.0,-1.186709840549048,-95374000.0,-1.23037824449146,0.0,-87360000.0,-1.1269931369007689,0.0,-87385000.0,-1.127315650962382,-0.219,-0.219,399067129,399067129,https://www1.hkexnews.hk/search/titlesearch.xhtml,https://www1.hkexnews.hk/search/titlesearch.xhtml,1620584700,14:25:00,20210509
8,2012-12-31,0376.HK,HKD,2012-12-31,2012-12-31,FY,46796000.0,101780000.0,-54984000.0,-1.1749722198478503,0.0,0.0,0.0,0.0,0.0,143905000.0,315000.0,2424000.0,-94685000.0,-2.023356697153603,-97109000.0,-2.075155996238995,0.0,-96307000.0,-2.058017779297376,0.0,-96068000.0,-2.0529105051713823,-0.2499,-0.2499,384494527,384494527,https://www1.hkexnews.hk/search/titlesearch.xhtml,https://www1.hkexnews.hk/search/titlesearch.xhtml,1620584700,14:25:00,20210509
9,2011-12-31,0376.HK,HKD,2011-12-31,2011-12-31,FY,22207000.0,0.0,0.0,0.0,0.0,0.0,0.0,0.0,0.0,29943000.0,1066000.0,1357000.0,-6379000.0,-0.28725176746071057,-7736000.0,-0.3483586256585761,0.0,-8802000.0,-0.3963615076327284,0.0,-8802000.0,-0.3963615076327284,-0.0735,-0.0735,119772773,119772773,https://www1.hkexnews.hk/search/titlesearch.xhtml,https://www1.hkexnews.hk/search/titlesearch.xhtml,1620584700,14:25:00,20210509
10,2010-12-31,0376.HK,HKD,2010-12-31,2010-12-31,FY,14041000.0,0.0,0.0,0.0,0.0,0.0,0.0,0.0,0.0,11272000.0,259000.0,78000.0,2847000.0,0.20276333594473328,2769000.0,0.1972081760558365,0.0,2510000.0,0.17876219642475608,0.0,2510000.0,0.17876219642475608,0.08,0.08,30870145,30870145,https://www1.hkexnews.hk/search/titlesearch.xhtml,https://www1.hkexnews.hk/search/titlesearch.xhtml,1620584700,14:25:00,20210509
11,2009-12-31,0376.HK,HKD,2009-12-31,2009-12-31,FY,3769000.0,0.0,0.0,0.0,0.0,0.0,0.0,0.0,0.0,16521000.0,70000.0,471000.0,-12281000.0,-3.2584239851419476,-12752000.0,-3.383390819846113,0.0,-12822000.0,-3.401963385513399,0.0,-12822000.0,-3.401963385513399,-0.415,-0.415,30870145,30870145,https://www1.hkexnews.hk/search/titlesearch.xhtml,https://www1.hkexnews.hk/search/titlesearch.xhtml,1620584700,14:25:00,20210509
12,2008-12-31,0376.HK,HKD,2008-12-31,2008-12-31,FY,3877000.0,0.0,0.0,0.0,0.0,0.0,0.0,0.0,0.0,23338000.0,1536000.0,453000.0,-19008000.0,-4.9027598658756775,-19461000.0,-5.019602785659015,0.0,-20997000.0,-5.415785401083312,0.0,-20997000.0,-5.415785401083312,-0.68,-0.680172,30870145,30870145,https://www1.hkexnews.hk/search/titlesearch.xhtml,https://www1.hkexnews.hk/search/titlesearch.xhtml,1620584700,14:25:00,20210509
13,2007-12-31,0376.HK,HKD,2007-12-31,2007-12-31,FY,10742000.0,0.0,0.0,0.0,0.0,0.0,0.0,0.0,0.0,25103000.0,4108000.0,800000.0,-13561000.0,-1.2624278532861664,-14361000.0,-1.3369018804691863,0.0,-47603000.0,-4.431483894991621,0.0,-47603000.0,-4.431483894991621,-1.575,-1.575,30246040,30246040,https://www1.hkexnews.hk/search/titlesearch.xhtml,https://www1.hkexnews.hk/search/titlesearch.xhtml,1620584700,14:25:00,20210509
14,2006-12-31,0376.HK,HKD,2006-12-31,2006-12-31,FY,5600484.0,0.0,0.0,0.0,0.0,0.0,0.0,0.0,0.0,725803.0,0.0,725803.0,5600484.0,1.0,4874681.0,0.870403522267004,0.0,-16133833.0,-2.8807926243517525,0.0,-16133833.0,-2.8807926243517525,-0.553466,-0.553466,29150545,29150545,https://www1.hkexnews.hk/search/titlesearch.xhtml,https://www1.hkexnews.hk/search/titlesearch.xhtml,1620584700,14:25:00,20210509
15,2005-12-31,0376.HK,HKD,2005-12-31,2005-12-31,FY,3542283.0,0.0,0.0,0.0,0.0,0.0,0.0,0.0,0.0,1008306.0,0.0,1008306.0,3542283.0,1.0,2533977.0,0.715351370853204,0.0,-22736301.0,-6.418544481059249,0.0,-22736301.0,-6.418544481059249,-0.779961,-0.779961,29150545,29150545,https://www1.hkexnews.hk/search/titlesearch.xhtml,https://www1.hkexnews.hk/search/titlesearch.xhtml,1620584700,14:25:00,20210509
16,2004-12-31,0376.HK,HKD,2004-12-31,2004-12-31,FY,7595117.0,0.0,0.0,0.0,0.0,0.0,0.0,0.0,0.0,1145594.0,0.0,1145594.0,7595117.0,1.0,6449523.0,0.8491670371898155,0.0,-21130464.0,-2.782111717304684,0.0,-21130464.0,-2.782111717304684,-0.76,-0.76,27803242,27803242,https://www1.hkexnews.hk/search/titlesearch.xhtml,https://www1.hkexnews.hk/search/titlesearch.xhtml,1620584700,14:25:00,20210509
17,2003-12-31,0376.HK,HKD,2003-12-31,2003-12-31,FY,5595802.0,0.0,0.0,0.0,0.0,0.0,0.0,0.0,0.0,2223382.0,0.0,2223382.0,5595802.0,1.0,3372420.0,0.6026696441368011,0.0,-37767572.0,-6.749268826881294,0.0,-37767572.0,-6.749268826881294,-1.515,-1.515,24929090,24929090,https://www1.hkexnews.hk/search/titlesearch.xhtml,https://www1.hkexnews.hk/search/titlesearch.xhtml,1620584700,14:25:00,20210509
