,date,symbol,reportedCurrency,fillingDate,acceptedDate,period,revenue,costOfRevenue,grossProfit,grossProfitRatio,researchAndDevelopmentExpenses,generalAndAdministrativeExpenses,sellingAndMarketingExpenses,otherExpenses,operatingExpenses,costAndExpenses,interestExpense,depreciationAndAmortization,ebitda,ebitdaratio,operatingIncome,operatingIncomeRatio,totalOtherIncomeExpensesNet,incomeBeforeTax,incomeBeforeTaxRatio,incomeTaxExpense,netIncome,netIncomeRatio,eps,epsdiluted,weightedAverageShsOut,weightedAverageShsOutDil,link,finalLink,timestamp,est_time,est_date
0,2020-12-31,EMBI,USD,2021-03-02,2021-03-01 20:46:36,FY,0.0,0.0,0.0,0.0,1944411.0,4344602.0,0.0,0.0,6289013.0,6289013.0,706385.0,1872.0,-6287141.0,0.0,-6289013.0,0.0,436270.0,-6559099.0,0.0,1600.0,-6560699.0,0.0,-0.04854206170250644,-0.04854206170250644,135154931.0,135154931.0,https://www.sec.gov/Archives/edgar/data/1516551/000164033421000483/0001640334-21-000483-index.htm,https://www.sec.gov/Archives/edgar/data/1516551/000164033421000483/skye_10k.htm,1620591596,16:19:56,20210509
1,2019-12-31,EMBI,USD,2020-03-23 00:00:00,2020-03-20 21:37:52,FY,0.0,0.0,0.0,0.0,2237956.0,4394622.0,0.0,0.0,6632578.0,6632578.0,987803.0,1462.0,-6631116.0,0.0,-6632578.0,0.0,8686690.0,1053425.0,0.0,1600.0,1051825.0,0.0,0.01,-0.05,135154931.0,169560265.0,https://www.sec.gov/Archives/edgar/data/1516551/000164033420000582/0001640334-20-000582-index.html,https://www.sec.gov/Archives/edgar/data/1516551/000164033420000582/embi_10k.htm,1620591596,16:19:56,20210509
2,2018-12-31,EMBI,USD,2019-03-14 00:00:00,2019-03-14 16:20:18,FY,0.0,0.0,0.0,0.0,329966.0,4362557.0,0.0,0.0,4692523.0,4692523.0,94763.0,1544.0,-4690979.0,0.0,-4692523.0,0.0,-14268200.0,-19192594.0,0.0,1642.0,-19194236.0,0.0,-0.16,-0.16,121154334.0,121154334.0,https://www.sec.gov/Archives/edgar/data/1516551/000164033419000379/0001640334-19-000379-index.html,https://www.sec.gov/Archives/edgar/data/1516551/000164033419000379/nemus_10k.htm,1620591596,16:19:56,20210509
3,2017-12-31,EMBI,USD,2018-03-19 00:00:00,2018-03-19 17:13:30,FY,0.0,0.0,0.0,0.0,311302.0,3547927.0,0.0,102848.0,3859229.0,3859229.0,667.0,8039.0,-3851190.0,0.0,-3859229.0,0.0,767198.0,-3092698.0,0.0,1600.0,-3094298.0,0.0,-0.11,-0.11,27906090.0,27906090.0,https://www.sec.gov/Archives/edgar/data/1516551/000164033418000482/0001640334-18-000482-index.html,https://www.sec.gov/Archives/edgar/data/1516551/000164033418000482/nmus_10k.htm,1620591596,16:19:56,20210509
4,2016-12-31,EMBI,USD,2017-03-10 00:00:00,2017-03-10 16:51:46,FY,0.0,0.0,0.0,0.0,939040.0,3531540.0,0.0,-48564.0,4470580.0,4470580.0,0.0,14916.0,-4455664.0,0.0,-4470580.0,0.0,1294087.0,-3176493.0,0.0,1600.0,-3178093.0,0.0,-0.17,-0.17,18947375.0,18947375.0,https://www.sec.gov/Archives/edgar/data/1516551/000164033417000456/0001640334-17-000456-index.html,https://www.sec.gov/Archives/edgar/data/1516551/000164033417000456/nmus_10k.htm,1620591596,16:19:56,20210509
5,2015-12-31,EMBI,USD,2016-03-21 00:00:00,2016-03-18 19:04:39,FY,0.0,0.0,0.0,0.0,576093.0,3741017.0,0.0,-1003945.0,4317110.0,4317110.0,0.0,9953.0,-4307157.0,0.0,-4317110.0,0.0,-522335.0,-4839445.0,0.0,1716.0,-4841161.0,0.0,-0.29,-0.29,16938318.0,16938318.0,https://www.sec.gov/Archives/edgar/data/1516551/000164033416000847/0001640334-16-000847-index.html,https://www.sec.gov/Archives/edgar/data/1516551/000164033416000847/2015dec31-nmus_10k.htm,1620591596,16:19:56,20210509
6,2014-12-31,EMBI,USD,2014-12-31,2014-12-31,FY,0.0,0.0,0.0,0.0,227500.0,2504161.0,0.0,0.0,2731661.0,2731661.0,0.0,1908.0,-2729753.0,0.0,-2731661.0,0.0,0.0,-2731661.0,0.0,2505.0,-2734166.0,0.0,-0.27,-0.27,10291836.0,10291836.0,,,1620591596,16:19:56,20210509
7,2013-10-31,EMBI,USD,2013-10-31,2013-10-31,FY,339926.0,131341.0,208585.0,0.6136188464548167,0.0,148529.0,0.0,0.0,215827.0,347168.0,2151.0,10872.0,3630.0,0.010678794796514535,-7242.0,-0.021304636891558752,4822.0,-3782.0,-0.011125950942263905,0.0,-3782.0,-0.011125950942263905,-0.000442,-0.000442,8551460.0,8551460.0,,,1620591596,16:19:56,20210509
8,2012-10-31,EMBI,USD,2012-10-31,2012-10-31,FY,16243.0,5356.0,10887.0,0.6702579572739026,0.0,6374.0,0.0,0.0,6770.0,12126.0,0.0,0.0,4755.0,0.29274148864126087,4117.0,0.2534630302284061,0.0,4755.0,0.29274148864126087,246.0,4509.0,0.27759650310903156,0.000527,0.000527,8551460.0,8551460.0,,,1620591596,16:19:56,20210509
9,2011-10-31,EMBI,USD,2011-10-31,2011-10-31,FY,0.0,0.0,0.0,0.0,0.0,0.0,0.0,0.0,0.0,0.0,0.0,0.0,0.0,0.0,0.0,0.0,0.0,0.0,0.0,0.0,0.0,0.0,0.0,0.0,12150000.0,12150000.0,,,1620591596,16:19:56,20210509
