,date,symbol,reportedCurrency,fillingDate,acceptedDate,period,revenue,costOfRevenue,grossProfit,grossProfitRatio,researchAndDevelopmentExpenses,generalAndAdministrativeExpenses,sellingAndMarketingExpenses,otherExpenses,operatingExpenses,costAndExpenses,interestExpense,depreciationAndAmortization,ebitda,ebitdaratio,operatingIncome,operatingIncomeRatio,totalOtherIncomeExpensesNet,incomeBeforeTax,incomeBeforeTaxRatio,incomeTaxExpense,netIncome,netIncomeRatio,eps,epsdiluted,weightedAverageShsOut,weightedAverageShsOutDil,link,finalLink,timestamp,est_time,est_date
0,2020-06-30,BOA.AX,AUD,2020-06-30,2020-06-30,FY,0.0,0.0,0.0,0.0,0.0,351087.0,0.0,28227.0,370186.0,0.0,0.0,0.0,-370186.0,0.0,-370186.0,0.0,28227.0,-339616.0,0.0,-1512500.0,1172884.0,0.0,0.022194723862380465,0.022194723862380465,52845172,52845172,,,1620589555,15:45:55,20210509
1,2019-06-30,BOA.AX,AUD,2019-06-30,2019-06-30,FY,0.0,0.0,0.0,0.0,0.0,345343.0,0.0,-501.0,811578.0,0.0,0.0,0.0,-811578.0,0.0,-811578.0,0.0,-501.0,-795385.0,0.0,0.0,-795385.0,0.0,-0.0151,-0.0151,52845172,52845172,,,1620589555,15:45:55,20210509
2,2018-06-30,BOA.AX,AUD,2018-06-30,2018-06-30,FY,0.0,0.0,0.0,0.0,0.0,358557.0,0.0,1303.0,447354.0,0.0,0.0,0.0,-447354.0,0.0,-447354.0,0.0,1303.0,-422262.0,0.0,0.0,-422262.0,0.0,-0.0085,-0.0085,49680364,49680364,,,1620589555,15:45:55,20210509
3,2017-06-30,BOA.AX,AUD,2017-06-30,2017-06-30,FY,0.0,0.0,0.0,0.0,0.0,346833.0,0.0,20.0,486212.0,0.0,0.0,0.0,-486212.0,0.0,-486212.0,0.0,20.0,-455187.0,0.0,0.0,-455187.0,0.0,-0.0098,-0.0098,46413796,46413796,,,1620589555,15:45:55,20210509
4,2016-06-30,BOA.AX,AUD,2016-06-30,2016-06-30,FY,0.0,0.0,0.0,0.0,0.0,351499.0,0.0,284.0,353490.0,0.0,0.0,0.0,-353490.0,0.0,-353490.0,0.0,284.0,-302228.0,0.0,0.0,-302228.0,0.0,-0.0066,-0.0066,45796561,45796561,,,1620589555,15:45:55,20210509
5,2015-06-30,BOA.AX,AUD,2015-06-30,2015-06-30,FY,0.0,0.0,0.0,0.0,0.0,291546.0,0.0,48643.0,307516.0,0.0,0.0,0.0,-307516.0,0.0,-307516.0,0.0,48643.0,-179279.0,0.0,0.0,-179279.0,0.0,-0.0039,-0.0039,45796561,45796561,,,1620589555,15:45:55,20210509
6,2014-06-30,BOA.AX,AUD,2014-06-30,2014-06-30,FY,20756.0,0.0,20756.0,1.0,0.0,295444.0,0.0,0.0,331333.0,0.0,0.0,0.0,-310577.0,-14.963239545191751,-310577.0,-14.963239545191751,0.0,-226985.0,-10.935873964154943,0.0,-226985.0,-10.935873964154943,-0.0052,-0.0052,43700500,43700500,,,1620589555,15:45:55,20210509
7,2013-06-30,BOA.AX,AUD,2013-06-30,2013-06-30,FY,0.0,0.0,0.0,0.0,0.0,246609.0,0.0,0.0,494258.0,0.0,0.0,0.0,-494258.0,0.0,-494258.0,0.0,0.0,-406875.0,0.0,0.0,-406875.0,0.0,-0.0101,-0.0101,40384302,40384302,,,1620589555,15:45:55,20210509
