,date,symbol,reportedCurrency,fillingDate,acceptedDate,period,revenue,costOfRevenue,grossProfit,grossProfitRatio,researchAndDevelopmentExpenses,generalAndAdministrativeExpenses,sellingAndMarketingExpenses,otherExpenses,operatingExpenses,costAndExpenses,interestExpense,depreciationAndAmortization,ebitda,ebitdaratio,operatingIncome,operatingIncomeRatio,totalOtherIncomeExpensesNet,incomeBeforeTax,incomeBeforeTaxRatio,incomeTaxExpense,netIncome,netIncomeRatio,eps,epsdiluted,weightedAverageShsOut,weightedAverageShsOutDil,link,finalLink,timestamp,est_time,est_date
0,2020-12-31,VICR,USD,2021-03-01,2021-03-01 14:05:33,FY,296576000,165129000,131447000,0.44321522982304706,50916000.0,63163000.0,0.0,800000.0,114079000.0,279208000,0.0,11056000.0,28424000.0,0.09584052654294346,17368000.0,0.0585617177384549,998000.0,18461000.0,0.062247113724643935,539000.0,17910000.0,0.060389242555028054,0.4440862881229854,0.4440862881229854,42186000,43869000,https://www.sec.gov/Archives/edgar/data/751978/000119312521063132/0001193125-21-063132-index.htm,https://www.sec.gov/Archives/edgar/data/751978/000119312521063132/d28195d10k.htm,1620599507,18:31:47,20210509
1,2019-12-31,VICR,USD,2020-02-28 00:00:00,2020-02-28 17:25:14,FY,262977000,140011000,122966000,0.46759222289401736,46588000.0,62557000.0,0.0,832000.0,109145000.0,249156000,0.0,10334000.0,24155000.0,0.0918521391604589,13821000.0,0.05255592694418143,766000.0,14887000.0,0.056609513379497066,778000.0,14098000.0,0.053609250999136805,0.35,0.34,40330000,41677000,https://www.sec.gov/Archives/edgar/data/751978/000119312520057067/0001193125-20-057067-index.html,https://www.sec.gov/Archives/edgar/data/751978/000119312520057067/d827085d10k.htm,1620599507,18:31:47,20210509
2,2018-12-31,VICR,USD,2019-02-28 00:00:00,2019-02-28 15:59:58,FY,291220000,152249000,138971000,0.47720280200535675,44286000.0,62224000.0,0.0,813000.0,106510000.0,258759000,0.0,9254000.0,41715000.0,0.1432422223748369,32461000.0,0.11146555868415631,215000.0,32933000.0,0.11308632648856534,1087000.0,31725000.0,0.10893825973490831,0.8,0.78,39872000,40729000,https://www.sec.gov/Archives/edgar/data/751978/000119312519057343/0001193125-19-057343-index.html,https://www.sec.gov/Archives/edgar/data/751978/000119312519057343/d678844d10k.htm,1620599507,18:31:47,20210509
3,2017-12-31,VICR,USD,2018-03-09 00:00:00,2018-03-09 16:25:16,FY,227830000,126174000,101656000,0.44619233639116884,44924000.0,58092000.0,0.0,790000.0,103016000.0,229190000,0.0,8893000.0,7533000.0,0.03306412676118158,-1360000.0,-0.005969363121625774,1138000.0,-98000.0,-0.00043014528376421015,-356000.0,167000.0,0.0007330026774349295,0.004257,0.004182,39228000,39933000,https://www.sec.gov/Archives/edgar/data/751978/000119312518077391/0001193125-18-077391-index.html,https://www.sec.gov/Archives/edgar/data/751978/000119312518077391/d506320d10k.htm,1620599507,18:31:47,20210509
4,2016-12-31,VICR,USD,2017-03-07 00:00:00,2017-03-07 16:03:05,FY,200280000,109071000,91209000,0.455407429598562,41848000.0,55675000.0,0.0,475000.0,97523000.0,206594000,0.0,8438000.0,2124000.0,0.010605152786099461,-6314000.0,-0.03152586379069303,216000.0,-6030000.0,-0.030107849011384063,231000.0,-6247000.0,-0.031191332135010984,-0.16,-0.16,38842000,38842000,https://www.sec.gov/Archives/edgar/data/751978/000119312517073261/0001193125-17-073261-index.html,https://www.sec.gov/Archives/edgar/data/751978/000119312517073261/d322050d10k.htm,1620599507,18:31:47,20210509
5,2015-12-31,VICR,USD,2016-03-08 00:00:00,2016-03-08 15:35:45,FY,220194000,120676000,99518000,0.4519560024342171,41472000.0,58313000.0,0.0,67000.0,99785000.0,220461000,0.0,9142000.0,8875000.0,0.04030536708538834,-267000.0,-0.0012125670999209787,-22000.0,-242000.0,-0.0010990308546100257,-401000.0,4927000.0,0.022375723225882632,0.12713526345667545,0.12586215705308332,38754000,39146000,https://www.sec.gov/Archives/edgar/data/751978/000119312516496705/0001193125-16-496705-index.html,https://www.sec.gov/Archives/edgar/data/751978/000119312516496705/d115632d10k.htm,1620599507,18:31:47,20210509
6,2014-12-31,VICR,USD,2015-03-06,2015-03-06 11:12:26,FY,225731000,128611000,97120000,0.4302466209780668,41479000.0,68197000.0,0.0,51000.0,109676000.0,238287000,0.0,9805000.0,-2751000.0,-0.012187072223132844,-12556000.0,-0.055623729128918935,-2019000.0,-14495000.0,-0.06421359937270468,-425000.0,-13887000.0,-0.06152012793989306,-0.36,-0.36,38569000,38569000,https://www.sec.gov/Archives/edgar/data/751978/000119312515080277/d850860d10k.htm,https://www.sec.gov/Archives/edgar/data/751978/000119312515080277/d850860d10k.htm,1620599507,18:31:47,20210509
7,2013-12-31,VICR,USD,2014-03-14,2014-03-14 15:26:10,FY,199160000,117681000,81479000,0.40911327575818435,39848000.0,60737000.0,0.0,51000.0,100585000.0,218266000,0.0,10008000.0,-9098000.0,-0.04568186382807793,-19106000.0,-0.09593291825667805,-1456000.0,-20465000.0,-0.10275657762602933,3039000.0,-23640000.0,-0.11869853384213698,-0.6,-0.6,39195000,39195000,https://www.sec.gov/Archives/edgar/data/751978/000119312514099821/d640434d10k.htm,https://www.sec.gov/Archives/edgar/data/751978/000119312514099821/d640434d10k.htm,1620599507,18:31:47,20210509
8,2012-12-31,VICR,USD,2013-03-07 00:00:00,2013-03-07 16:43:56,FY,218507000,126856000,91651000,0.41944194007514635,38744000.0,55655000.0,0.0,80000.0,94399000.0,221255000,0.0,10423000.0,7675000.0,0.03512473284608731,-2748000.0,-0.012576256138247288,21000.0,-2591000.0,-0.011857743687845241,1207000.0,-4077000.0,-0.018658441148338496,-0.1,-0.1,41811000,41811000,https://www.sec.gov/Archives/edgar/data/751978/000119312513096150/0001193125-13-096150-index.html,https://www.sec.gov/Archives/edgar/data/751978/000119312513096150/d445003d10k.htm,1620599507,18:31:47,20210509
9,2011-12-31,VICR,USD,2012-03-02 00:00:00,2012-03-02 11:04:31,FY,252968000,146274000,106694000,0.4217687612662471,38967000.0,54041000.0,0.0,0.0,93008000.0,239282000,0.0,11005000.0,24691000.0,0.09760523070111635,13686000.0,0.054101704563423045,-2000.0,14032000.0,0.05546946649378578,4723000.0,8843000.0,0.03495699060750767,0.21157020838816182,0.21127198012232415,41797000,41856000,https://www.sec.gov/Archives/edgar/data/751978/000119312512093608/0001193125-12-093608-index.html,https://www.sec.gov/Archives/edgar/data/751978/000119312512093608/d274413d10k.htm,1620599507,18:31:47,20210509
10,2010-12-31,VICR,USD,2011-03-03,2011-03-03 16:53:07,FY,250733000,136213000,114520000,0.4567408358692314,35981000.0,49417000.0,0.0,0.0,85398000.0,221611000,0.0,10222000.0,39344000.0,0.15691592251518546,29122000.0,0.11614745566000487,497000.0,29619000.0,0.11812964388413173,-3920000.0,33325000.0,0.13291030697993483,0.7991606714628298,0.797783204060136,41700000,41772000,https://www.sec.gov/Archives/edgar/data/751978/000095012311021734/b84123e10vk.htm,https://www.sec.gov/Archives/edgar/data/751978/000095012311021734/b84123e10vk.htm,1620599507,18:31:47,20210509
11,2009-12-31,VICR,USD,2010-03-10 00:00:00,2010-03-10 14:43:12,FY,197959000,110365000,87594000,0.4424855651927925,31636000.0,47932000.0,0.0,0.0,79568000.0,189933000,0.0,10198000.0,18224000.0,0.09205946685929915,8026000.0,0.04054374895811759,-2571000.0,5455000.0,0.02755621113462889,1362000.0,2798000.0,0.014134239918366934,0.0671546861874475,0.0671450169182405,41665000,41671000,https://www.sec.gov/Archives/edgar/data/751978/000095012310022990/0000950123-10-022990-index.html,https://www.sec.gov/Archives/edgar/data/751978/000095012310022990/b78711e10vk.htm,1620599507,18:31:47,20210509
12,2008-12-31,VICR,USD,2009-03-13 00:00:00,2009-03-13 17:18:08,FY,205368000,119083000,86285000,0.420148221728799,31398000.0,56206000.0,0.0,0.0,87427000.0,206510000,0.0,10515000.0,9373000.0,0.04564002181449885,-1142000.0,-0.005560749483853375,-1621000.0,-931000.0,-0.004533325542440887,976000.0,-3595000.0,-0.017505161466245957,-0.09,-0.09,41651000,41651000,https://www.sec.gov/Archives/edgar/data/751978/000095013509001744/0000950135-09-001744-index.html,https://www.sec.gov/Archives/edgar/data/751978/000095013509001744/b73468vce10vk.htm,1620599507,18:31:47,20210509
13,2007-12-31,VICR,USD,2008-03-19,2008-03-19 17:23:45,FY,195827000,116818000,79009000,0.40346326093950274,30372000.0,48919000.0,0.0,0.0,77938000.0,194756000,0.0,11619000.0,12690000.0,0.06480209572735118,1071000.0,0.0054691130436558795,657000.0,5459000.0,0.027876646223452334,-1015000.0,5335000.0,0.027243434255746143,0.12825444142606438,0.12797754695708494,41597000,41687000,https://www.sec.gov/Archives/edgar/data/751978/000095013508001871/b68148vce10vk.htm,https://www.sec.gov/Archives/edgar/data/751978/000095013508001871/b68148vce10vk.htm,1620599507,18:31:47,20210509
14,2006-12-31,VICR,USD,2007-03-15,2007-03-15 16:32:30,FY,192047000,110211000,81836000,0.42612485485323903,31381000.0,46437000.0,0.0,0.0,115018000.0,225229000,0.0,13991000.0,-19191000.0,-0.099928663295964,-33182000.0,-0.17278062141038392,-37935000.0,-29090000.0,-0.15147333725598422,648000.0,-29738000.0,-0.1548475112862997,-0.71,-0.71,41839000,41839000,https://www.sec.gov/Archives/edgar/data/751978/000095013507001656/b63649vce10vk.htm,https://www.sec.gov/Archives/edgar/data/751978/000095013507001656/b63649vce10vk.htm,1620599507,18:31:47,20210509
15,2005-12-31,VICR,USD,2006-03-14,2006-03-14 17:28:20,FY,179351000,107944000,71407000,0.3981410753215761,29466000.0,40811000.0,0.0,0.0,68027000.0,175971000,0.0,17655000.0,21035000.0,0.11728398503493151,3380000.0,0.018845727093799308,3750000.0,4880000.0,0.02720921544903569,964000.0,3916000.0,0.021834280266070445,0.09340934570522148,0.09304093706194018,41923000,42089000,https://www.sec.gov/Archives/edgar/data/751978/000095013506001593/b58492vce10vk.htm,https://www.sec.gov/Archives/edgar/data/751978/000095013506001593/b58492vce10vk.htm,1620599507,18:31:47,20210509
16,2004-12-31,VICR,USD,2005-03-16,2005-03-16 11:05:39,FY,171580000,108292000,63288000,0.36885417880871896,26211000.0,41112000.0,0.0,0.0,67323000.0,175615000,0.0,21900000.0,17865000.0,0.10412052686793333,-4035000.0,-0.023516726891246065,1632000.0,-2403000.0,-0.01400512880289078,1320000.0,-3723000.0,-0.021698333139060496,-0.09,-0.09,42022000,42022000,https://www.sec.gov/Archives/edgar/data/751978/000095013505001465/b53304vce10vk.htm,https://www.sec.gov/Archives/edgar/data/751978/000095013505001465/b53304vce10vk.htm,1620599507,18:31:47,20210509
17,2003-12-31,VICR,USD,2003-12-31,2003-12-31,FY,151421000,112409000,39012000,0.2576392970591926,23445000.0,41270000.0,0.0,0.0,64715000.0,177124000,0.0,23197000.0,-2506000.0,-0.016549884097978484,-25703000.0,-0.16974527971681602,-190000.0,-24891000.0,-0.16438274743925876,-5356000.0,-19535000.0,-0.12901116753950906,-0.47,-0.47,41896000,41896000,,,1620599507,18:31:47,20210509
18,2002-12-31,VICR,USD,2002-12-31,2002-12-31,FY,152591000,114772000,37819000,0.24784554790256305,20483000.0,41838000.0,0.0,0.0,62321000.0,177093000,0.0,22263000.0,-2239000.0,-0.014673211395167474,-24502000.0,-0.1605730351069198,-604000.0,-25106000.0,-0.1645313288463933,-9164000.0,-15942000.0,-0.10447536224285836,-0.38,-0.38,42337000,42337000,,,1620599507,18:31:47,20210509
19,2001-12-31,VICR,USD,2001-12-31,2001-12-31,FY,195910000,137421000,58489000,0.2985503547547343,20194000.0,43312000.0,0.0,0.0,63506000.0,200927000,0.0,19984000.0,14967000.0,0.07639732530243479,-5017000.0,-0.025608697871471593,4122000.0,-895000.0,-0.004568424276453474,-336000.0,-559000.0,-0.0028533510285335103,-0.01,-0.01,42342000,42342000,,,1620599507,18:31:47,20210509
20,2000-12-31,VICR,USD,2000-12-31,2000-12-31,FY,257583000,129505000,128078000,0.49723001906181696,20563000.0,43179000.0,0.0,0.0,82068000.0,211573000,0.0,18326000.0,64336000.0,0.24976803593404845,46010000.0,0.1786220363921532,3786000.0,49796000.0,0.19332021134935148,15876000.0,33920000.0,0.1316857090724155,0.8,0.78,42276000,43265000,,,1620599507,18:31:47,20210509
21,1999-12-31,VICR,USD,1999-12-31,1999-12-31,FY,189900000,92900000,97000000,0.5107951553449184,19900000.0,36800000.0,0.0,0.0,72500000.0,165400000,0.0,15800000.0,40300000.0,0.21221695629278567,24500000.0,0.129015271195366,3400000.0,28000000.0,0.1474460242232754,8900000.0,19100000.0,0.10057925223802001,0.46,0.45,41568000,42412000,,,1620599507,18:31:47,20210509
22,1998-12-31,VICR,USD,1998-12-31,1998-12-31,FY,164600000,79100000,85500000,0.5194410692588093,20700000.0,34900000.0,0.0,0.0,67200000.0,146300000,0.0,11600000.0,29900000.0,0.18165249088699878,18300000.0,0.11117861482381532,4900000.0,23300000.0,0.14155528554070473,7500000.0,15800000.0,0.0959902794653706,0.37359311453702826,0.36928830197499124,42292000,42785000,,,1620599507,18:31:47,20210509
23,1997-12-31,VICR,USD,1997-12-31,1997-12-31,FY,162200000,69900000,92300000,0.5690505548705302,17700000.0,30300000.0,0.0,0.0,56300000.0,126200000,0.0,8300000.0,44300000.0,0.27311960542540076,36000000.0,0.2219482120838471,5000000.0,40900000.0,0.2521578298397041,14700000.0,26200000.0,0.16152897657213316,0.62,0.6,42595000,43344000,,,1620599507,18:31:47,20210509
24,1996-12-31,VICR,USD,1997-03-24,1997-03-24,FY,145000000,58600000,86400000,0.5958620689655172,14300000.0,27200000.0,0.0,0.0,49800000.0,108400000,0.0,8300000.0,44900000.0,0.3096551724137931,36600000.0,0.2524137931034483,3900000.0,40400000.0,0.2786206896551724,14800000.0,25600000.0,0.17655172413793102,0.6,0.598928,42666667,42743000,https://www.sec.gov/Archives/edgar/data/751978/0000950135-97-001292-index.html,https://www.sec.gov/Archives/edgar/data/751978/,1620599507,18:31:47,20210509
25,1995-12-31,VICR,USD,1995-12-31,1995-12-31,FY,144000000,60000000,84000000,0.5833333333333334,11600000.0,21700000.0,0.0,0.0,41500000.0,101500000,0.0,8200000.0,50700000.0,0.35208333333333336,42500000.0,0.2951388888888889,4200000.0,46800000.0,0.325,17300000.0,29500000.0,0.2048611111111111,0.7,0.68,42142857,43382353,,,1620599507,18:31:47,20210509
26,1994-12-31,VICR,USD,1994-12-31,1994-12-31,FY,115400000,49700000,65700000,0.5693240901213171,0.0,0.0,0.0,0.0,0.0,82100000,0.0,7600000.0,40900000.0,0.354419410745234,33300000.0,0.2885615251299827,2400000.0,35700000.0,0.3093587521663778,13600000.0,22100000.0,0.19150779896013864,0.52,0.52,42500000,42500000,,,1620599507,18:31:47,20210509
27,1993-12-31,VICR,USD,1993-12-31,1993-12-31,FY,84000000,35900000,48100000,0.5726190476190476,0.0,0.0,0.0,0.0,0.0,62400000,0.0,6700000.0,28300000.0,0.33690476190476193,21600000.0,0.2571428571428571,2500000.0,24200000.0,0.28809523809523807,9100000.0,15100000.0,0.17976190476190476,0.35,0.35,43142857,43142857,,,1620599507,18:31:47,20210509
28,1992-12-31,VICR,USD,1992-12-31,1992-12-31,FY,63800000,26500000,37300000,0.5846394984326019,0.0,0.0,0.0,0.0,0.0,47000000,0.0,4900000.0,21700000.0,0.3401253918495298,16800000.0,0.26332288401253917,2300000.0,19200000.0,0.30094043887147337,7200000.0,12000000.0,0.18808777429467086,0.28,0.28,42857143,42857143,,,1620599507,18:31:47,20210509
29,1991-12-31,VICR,USD,1991-12-31,1991-12-31,FY,55600000,23000000,32600000,0.5863309352517986,0.0,0.0,0.0,0.0,0.0,38500000,0.0,3200000.0,20300000.0,0.36510791366906475,17100000.0,0.30755395683453235,1300000.0,18300000.0,0.329136690647482,7100000.0,11200000.0,0.2014388489208633,0.29,0.29,38620690,38620690,,,1620599507,18:31:47,20210509
30,1990-12-31,VICR,USD,1990-12-31,1990-12-31,FY,36800000,16400000,20400000,0.5543478260869565,0.0,0.0,0.0,0.0,0.0,28400000,0.0,1900000.0,10300000.0,0.2798913043478261,8400000.0,0.22826086956521738,100000.0,8100000.0,0.22010869565217392,3000000.0,5100000.0,0.13858695652173914,0.14,0.14,36428571,36428571,,,1620599507,18:31:47,20210509
31,1989-12-31,VICR,USD,1989-12-31,1989-12-31,FY,28500000,14500000,14000000,0.49122807017543857,0.0,0.0,0.0,0.0,0.0,24400000,0.0,1400000.0,5500000.0,0.19298245614035087,4100000.0,0.14385964912280702,100000.0,3800000.0,0.13333333333333333,1300000.0,2500000.0,0.08771929824561403,0.07,0.07,35714286,35714286,,,1620599507,18:31:47,20210509
32,1988-12-31,VICR,USD,1988-12-31,1988-12-31,FY,23400000,12800000,10600000,0.452991452991453,0.0,0.0,0.0,0.0,0.0,19600000,0.0,700000.0,4500000.0,0.19230769230769232,3800000.0,0.1623931623931624,100000.0,3900000.0,0.16666666666666666,1400000.0,2500000.0,0.10683760683760683,0.07,0.07,35714286,35714286,,,1620599507,18:31:47,20210509
