,date,symbol,reportedCurrency,fillingDate,acceptedDate,period,revenue,costOfRevenue,grossProfit,grossProfitRatio,researchAndDevelopmentExpenses,generalAndAdministrativeExpenses,sellingAndMarketingExpenses,otherExpenses,operatingExpenses,costAndExpenses,interestExpense,depreciationAndAmortization,ebitda,ebitdaratio,operatingIncome,operatingIncomeRatio,totalOtherIncomeExpensesNet,incomeBeforeTax,incomeBeforeTaxRatio,incomeTaxExpense,netIncome,netIncomeRatio,eps,epsdiluted,weightedAverageShsOut,weightedAverageShsOutDil,link,finalLink,timestamp,est_time,est_date
0,2020-04-30,VALU,USD,2020-07-28,2020-07-28 15:03:14,FY,40299000,23134000.0,17165000.0,0.42594109034963645,0.0,4725000.0,3350000.0,0.0,8075000.0,31209000,0.0,266000.0,9356000.0,0.2321645698404427,9090000.0,0.22556390977443608,12394000.0,21484000,0.5331149656319015,5821000.0,15663000.0,0.38866969403707285,1.62,1.62,9646885.0,9646885.0,https://www.sec.gov/Archives/edgar/data/717720/000143774920015851/0001437749-20-015851-index.htm,https://www.sec.gov/Archives/edgar/data/717720/000143774920015851/valu20200430_10k.htm,1620599417,18:30:17,20210509
1,2019-04-30,VALU,USD,2019-07-26,2019-07-26 15:10:25,FY,36257000,23003000.0,13254000.0,0.36555699589044877,0.0,4435000.0,3406000.0,0.0,7841000.0,30844000,0.0,367000.0,5780000.0,0.15941749179468792,5413000.0,0.14929530849215325,9813000.0,15226000,0.4199464930909893,4076000.0,11150000.0,0.30752682240670765,1.15,1.15,9683771.0,9683771.0,https://www.sec.gov/Archives/edgar/data/717720/000143774919014729/valu20190430_10k.htm,https://www.sec.gov/Archives/edgar/data/717720/000143774919014729/valu20190430_10k.htm,1620599417,18:30:17,20210509
2,2018-04-30,VALU,USD,2018-07-26 00:00:00,2018-07-26 16:48:33,FY,35868000,24345000.0,11523000.0,0.32126129140180665,0.0,5171000.0,3780000.0,0.0,8951000.0,33296000,0.0,1125000.0,3697000.0,0.10307237649158024,2572000.0,0.07170737147317943,9326000.0,11898000,0.33171629307460687,-2840000.0,14738000.0,0.41089550574328093,1.52,1.52,9703255.0,9703255.0,https://www.sec.gov/Archives/edgar/data/717720/000143774918013821/0001437749-18-013821-index.html,https://www.sec.gov/Archives/edgar/data/717720/000143774918013821/valu20180430_10k.htm,1620599417,18:30:17,20210509
3,2017-04-30,VALU,USD,2017-07-26 00:00:00,2017-07-26 17:25:31,FY,34574000,26540000.0,8034000.0,0.23237114594782207,0.0,5225000.0,3473000.0,0.0,8698000.0,35238000,0.0,4623000.0,3959000.0,0.11450801180077515,-664000.0,-0.01920518308555562,16149000.0,15485000,0.4478799097587783,5118000.0,10367000.0,0.2998495979637878,1.07,1.07,9721958.0,9721958.0,https://www.sec.gov/Archives/edgar/data/717720/000143774917013113/0001437749-17-013113-index.html,https://www.sec.gov/Archives/edgar/data/717720/000143774917013113/valu20170430_10k.htm,1620599417,18:30:17,20210509
4,2016-04-30,VALU,USD,2016-07-15,2016-07-15 16:26:51,FY,34546000,24427000.0,10119000.0,0.29291379609795637,0.0,4554000.0,3685000.0,0.0,8239000.0,32666000,0.0,3817000.0,5697000.0,0.16491055404388352,1880000.0,0.054420193365367915,8128000.0,10008000,0.2897006889364905,2717000.0,7291000.0,0.211051930758988,0.75,0.75,9781495.0,9781495.0,https://www.sec.gov/Archives/edgar/data/717720/000143774916035289/valu20160430_10k.htm,https://www.sec.gov/Archives/edgar/data/717720/000143774916035289/valu20160430_10k.htm,1620599417,18:30:17,20210509
5,2015-04-30,VALU,USD,2015-07-22 00:00:00,2015-07-22 09:23:29,FY,35523000,23016000.0,12507000.0,0.3520817498522084,0.0,5124000.0,4984000.0,0.0,10108000.0,33124000,0.0,2715000.0,5114000.0,0.14396306618247331,2399000.0,0.06753371055372576,8096000.0,10495000,0.295442389437829,3203000.0,7292000.0,0.20527545533879457,0.74,0.74,9813623.0,9813623.0,https://www.sec.gov/Archives/edgar/data/717720/000157104915005763/0001571049-15-005763-index.html,https://www.sec.gov/Archives/edgar/data/717720/000157104915005763/t82773_10k.htm,1620599417,18:30:17,20210509
6,2014-04-30,VALU,USD,2014-07-21 00:00:00,2014-07-21 17:27:53,FY,36331000,22737000.0,13594000.0,0.3741708183094327,0.0,6870000.0,4223000.0,0.0,11093000.0,33830000,0.0,2085000.0,4586000.0,0.12622828989017643,2501000.0,0.06883928325672291,7677000.0,10178000,0.2801464314222014,3410000.0,6768000.0,0.18628719275549807,0.69,0.69,9839155.0,9839155.0,https://www.sec.gov/Archives/edgar/data/717720/000157104914003107/0001571049-14-003107-index.html,https://www.sec.gov/Archives/edgar/data/717720/000157104914003107/t79761_10k.htm,1620599417,18:30:17,20210509
7,2013-04-30,VALU,USD,2013-07-26 00:00:00,2013-07-26 16:31:00,FY,35840000,20728000.0,15112000.0,0.4216517857142857,0.0,6917000.0,4075000.0,0.0,10992000.0,31720000,0.0,1552000.0,5672000.0,0.15825892857142856,4120000.0,0.11495535714285714,6386000.0,10506000,0.2931361607142857,3887000.0,6619000.0,0.18468191964285716,0.67,0.67,9888774.0,9888774.0,https://www.sec.gov/Archives/edgar/data/717720/000118811213002106/0001188112-13-002106-index.html,https://www.sec.gov/Archives/edgar/data/717720/000118811213002106/t76925_10k.htm,1620599417,18:30:17,20210509
8,2012-04-30,VALU,USD,2012-07-27 00:00:00,2012-07-27 17:23:49,FY,36609000,4894000.0,31715000.0,0.866317025867956,0.0,22174000.0,4203000.0,0.0,26377000.0,31271000,0.0,724000.0,6062000.0,0.16558769701439538,5338000.0,0.14581113933732143,5944000.0,11298000,0.3086126362369909,4373000.0,6925000.0,0.1891611352399683,0.7,0.7,9921925.0,9921925.0,https://www.sec.gov/Archives/edgar/data/717720/000118811212002275/0001188112-12-002275-index.html,https://www.sec.gov/Archives/edgar/data/717720/000118811212002275/t74168_10k.htm,1620599417,18:30:17,20210509
9,2011-04-30,VALU,USD,2011-07-29 00:00:00,2011-07-29 15:58:57,FY,48667000,4718000.0,43949000.0,0.9030554585242567,0.0,26746000.0,6673000.0,0.0,31652000.0,36370000,0.0,593000.0,12890000.0,0.26486119958082477,12297000.0,0.2526763515318388,49166000.0,61463000,1.2629297059609181,23681000.0,37782000.0,0.776337148375696,3.79,3.79,9980000.0,9980000.0,https://www.sec.gov/Archives/edgar/data/717720/000118811211002049/0001188112-11-002049-index.html,https://www.sec.gov/Archives/edgar/data/717720/000118811211002049/t71216_10k.htm,1620599417,18:30:17,20210509
10,2010-04-30,VALU,USD,2010-07-16 00:00:00,2010-07-16 17:04:52,FY,58140000,5244000.0,52896000.0,0.9098039215686274,0.0,27634000.0,9346000.0,0.0,85086000.0,90330000,0.0,726000.0,-31464000.0,-0.5411764705882353,-32190000.0,-0.5536635706914345,837000.0,-31353000,-0.5392672858617131,-8165000.0,-23188000.0,-0.39883040935672515,-2.32,-2.32,9981600.0,9981600.0,https://www.sec.gov/Archives/edgar/data/717720/000114420410038267/0001144204-10-038267-index.html,https://www.sec.gov/Archives/edgar/data/717720/000114420410038267/v189633_10k.htm,1620599417,18:30:17,20210509
11,2009-04-30,VALU,USD,2009-07-16 00:00:00,2009-07-16 17:19:26,FY,69241000,5868000.0,63373000.0,0.915252523793706,0.0,28276000.0,10874000.0,0.0,39150000.0,45018000,0.0,1140000.0,25363000.0,0.3663003133981312,24223000.0,0.3498360797793215,11625000.0,35848000,0.5177279357606043,12895000.0,22953000.0,0.33149434583555987,2.3,2.3,9981600.0,9981600.0,https://www.sec.gov/Archives/edgar/data/717720/000114420409037660/0001144204-09-037660-index.html,https://www.sec.gov/Archives/edgar/data/717720/000114420409037660/v154513_10k.htm,1620599417,18:30:17,20210509
12,2008-04-30,VALU,USD,2008-07-17 00:00:00,2008-07-17 16:45:08,FY,82678000,6251000.0,76427000.0,0.924393429932993,0.0,28114000.0,13863000.0,0.0,41977000.0,48228000,0.0,1619000.0,36069000.0,0.43625873872130433,34450000.0,0.4166767459299935,6294000.0,40744000,0.4928034059846634,15194000.0,25550000.0,0.3090302135997484,2.56,2.56,9981600.0,9981600.0,https://www.sec.gov/Archives/edgar/data/717720/000114420408040511/0001144204-08-040511-index.html,https://www.sec.gov/Archives/edgar/data/717720/000114420408040511/v119772_10k.htm,1620599417,18:30:17,20210509
13,2007-04-30,VALU,USD,2007-07-20 00:00:00,2007-07-20 17:30:45,FY,83635000,6981000.0,76654000.0,0.9165301608178394,0.0,26390000.0,14628000.0,0.0,41018000.0,47999000,0.0,2063000.0,37699000.0,0.4507562623303641,35636000.0,0.42608955580797514,4867000.0,40503000,0.48428289591678125,15896000.0,24607000.0,0.2942189274825133,2.47,2.47,9981600.0,9981600.0,https://www.sec.gov/Archives/edgar/data/717720/000114420407037635/0001144204-07-037635-index.html,https://www.sec.gov/Archives/edgar/data/717720/000114420407037635/v081171_10k.htm,1620599417,18:30:17,20210509
14,2006-04-30,VALU,USD,2006-07-28,2006-07-28 16:19:19,FY,85186000,7073000.0,78113000.0,0.9169699246355035,0.0,29262000.0,13671000.0,0.0,42933000.0,50006000,0.0,2275000.0,37455000.0,0.43968492475289367,35180000.0,0.412978658465006,3869000.0,39049000,0.4583969196816378,15610000.0,23439000.0,0.2751508463832085,2.35,2.35,9981600.0,9981600.0,https://www.sec.gov/Archives/edgar/data/717720/000114420406030146/v048234_10-k.htm,https://www.sec.gov/Archives/edgar/data/717720/000114420406030146/v048234_10-k.htm,1620599417,18:30:17,20210509
15,2005-04-30,VALU,USD,2005-07-29,2005-07-29 16:42:59,FY,84478000,8589000.0,75889000.0,0.898328558914747,0.0,28350000.0,20455000.0,0.0,48805000.0,57394000,0.0,2506000.0,29590000.0,0.35026870901299745,27084000.0,0.32060418097019344,8278000.0,35362000,0.4185941902033666,14044000.0,21318000.0,0.2523497241885461,2.14,2.14,9981600.0,9981600.0,https://www.sec.gov/Archives/edgar/data/717720/000114420405023123/v022446_10k.htm,https://www.sec.gov/Archives/edgar/data/717720/000114420405023123/v022446_10k.htm,1620599417,18:30:17,20210509
16,2004-04-30,VALU,USD,2004-04-30,2004-04-30,FY,84703000,8733000.0,75970000.0,0.8968985750209556,0.0,29410000.0,21821000.0,0.0,51231000.0,59964000,0.0,2726000.0,27465000.0,0.3242506168612682,24739000.0,0.29206757729950533,8266000.0,33005000,0.389655620225966,12655000.0,20350000.0,0.24025123077104707,2.04,2.04,9975490.0,9975490.0,,,1620599417,18:30:17,20210509
17,2003-04-30,VALU,USD,2003-04-30,2003-04-30,FY,82069000,9400000.0,72669000.0,0.8854622329990618,0.0,28156000.0,20418000.0,0.0,48574000.0,57974000,0.0,3274000.0,27369000.0,0.33348767500517856,24095000.0,0.2935944144561284,6626000.0,30721000,0.37433135532295997,10734000.0,19987000.0,0.2435389733029524,2.0,2.0,9993500.0,9993500.0,,,1620599417,18:30:17,20210509
18,2002-04-30,VALU,USD,2002-07-29 00:00:00,2002-07-29 16:21:10,FY,87443000,8831000.0,78612000.0,0.8990084969637364,0.0,49426000.0,0.0,0.0,49426000.0,58257000,0.0,3109000.0,32295000.0,0.369326303992315,29186000.0,0.3337717141452146,5828000.0,35014000,0.400420845579406,14691000.0,20323000.0,0.2324142584312066,2.04,2.04,9962255.0,9962255.0,https://www.sec.gov/Archives/edgar/data/717720/000089710102000510/0000897101-02-000510-index.html,https://www.sec.gov/Archives/edgar/data/717720/000089710102000510/value023557_10k.txt,1620599417,18:30:17,20210509
19,2001-04-30,VALU,USD,2001-07-30 00:00:00,2001-07-30 00:00:00,FY,98391000,8058000.0,90333000.0,0.9181022654511083,0.0,52522000.0,0.0,0.0,52522000.0,60580000,0.0,3090000.0,40901000.0,0.41569859031822015,37811000.0,0.38429327885680603,3118000.0,40929000,0.41598316919230416,16838000.0,24091000.0,0.24484963055564024,2.41,2.41,9996266.0,9996266.0,https://www.sec.gov/Archives/edgar/data/717720/000091205701525768/0000912057-01-525768-index.html,https://www.sec.gov/Archives/edgar/data/717720/000091205701525768/a2055030z10-k.txt,1620599417,18:30:17,20210509
20,2000-04-30,VALU,USD,2000-07-28 00:00:00,2000-07-28 00:00:00,FY,96242000,4286000.0,91956000.0,0.9554664283784626,0.0,53005000.0,0.0,0.0,55528000.0,59814000,0.0,2523000.0,38951000.0,0.4047193532968974,36428000.0,0.3785041873610274,18504000.0,54932000,0.5707695185054342,21234000.0,33698000.0,0.35013819330437856,3.3800001644964173,3.3698,9969822.0,10000000.0,https://www.sec.gov/Archives/edgar/data/717720/000091205700033557/0000912057-00-033557-index.html,https://www.sec.gov/Archives/edgar/data/717720/000091205700033557/a10-k.txt,1620599417,18:30:17,20210509
21,1999-04-30,VALU,USD,1999-07-29 00:00:00,1999-07-29 00:00:00,FY,95300000,5700000.0,89600000.0,0.9401888772298006,0.0,48900000.0,0.0,0.0,50700000.0,56400000,0.0,1800000.0,40700000.0,0.42707240293809023,38900000.0,0.40818467995802726,5700000.0,44700000,0.4690451206715635,17500000.0,27200000.0,0.28541448058761804,2.72,2.72,10000000.0,10000000.0,https://www.sec.gov/Archives/edgar/data/717720/000104746999029109/0001047469-99-029109-index.html,https://www.sec.gov/Archives/edgar/data/717720/0001047469-99-029109.txt,1620599417,18:30:17,20210509
22,1998-04-30,VALU,USD,1998-07-29 00:00:00,1998-07-29 00:00:00,FY,93600000,6900000.0,86700000.0,0.9262820512820513,0.0,45800000.0,0.0,0.0,47400000.0,54300000,0.0,1600000.0,40900000.0,0.43696581196581197,39300000.0,0.4198717948717949,18300000.0,57700000,0.6164529914529915,22500000.0,35200000.0,0.37606837606837606,3.53,3.53,9971671.0,9971671.0,https://www.sec.gov/Archives/edgar/data/717720/000104746998028697/0001047469-98-028697-index.html,https://www.sec.gov/Archives/edgar/data/717720/0001047469-98-028697.txt,1620599417,18:30:17,20210509
23,1997-04-30,VALU,USD,1997-07-29 00:00:00,1997-07-29 00:00:00,FY,91800000,7800000.0,84000000.0,0.9150326797385621,0.0,46200000.0,0.0,0.0,47700000.0,55500000,0.0,1500000.0,37800000.0,0.4117647058823529,36300000.0,0.3954248366013072,36900000.0,73200000,0.7973856209150327,27700000.0,45500000.0,0.49564270152505446,4.56,4.56,9978070.0,9978070.0,https://www.sec.gov/Archives/edgar/data/717720/000091205797025346/0000912057-97-025346-index.html,https://www.sec.gov/Archives/edgar/data/717720/0000912057-97-025346.txt,1620599417,18:30:17,20210509
24,1996-04-30,VALU,USD,1996-07-29 00:00:00,1996-07-29 00:00:00,FY,87100000,8700000.0,78400000.0,0.9001148105625718,0.0,44600000.0,0.0,0.0,45900000.0,54600000,0.0,1300000.0,33800000.0,0.3880597014925373,32500000.0,0.373134328358209,35900000.0,68400000,0.7853042479908151,26700000.0,41700000.0,0.47876004592422505,4.179999813553965,4.17,9976077.0,10000000.0,https://www.sec.gov/Archives/edgar/data/717720/000091205796015699/0000912057-96-015699-index.html,https://www.sec.gov/Archives/edgar/data/717720/0000912057-96-015699.txt,1620599417,18:30:17,20210509
25,1995-04-30,VALU,USD,1995-04-30,1995-04-30,FY,79100000,8300000.0,70800000.0,0.8950695322376738,0.0,0.0,0.0,0.0,0.0,49500000,0.0,1300000.0,30900000.0,0.3906447534766119,29600000.0,0.37420986093552466,8700000.0,38400000,0.4854614412136536,15200000.0,23200000.0,0.29329962073324906,2.32,2.32,10000000.0,10000000.0,,,1620599417,18:30:17,20210509
26,1994-04-30,VALU,USD,1994-04-30,1994-04-30,FY,82100000,6300000.0,75800000.0,0.9232643118148599,0.0,0.0,0.0,0.0,0.0,49600000,0.0,900000.0,33400000.0,0.40682095006090135,32500000.0,0.39585870889159563,15700000.0,48200000,0.587088915956151,19300000.0,28900000.0,0.3520097442143727,2.9,2.9,9965517.0,9965517.0,,,1620599417,18:30:17,20210509
27,1993-04-30,VALU,USD,1993-04-30,1993-04-30,FY,78400000,1100000.0,77300000.0,0.985969387755102,0.0,0.0,0.0,0.0,0.0,47800000,0.0,2000000.0,32600000.0,0.41581632653061223,30600000.0,0.3903061224489796,14200000.0,44900000,0.5727040816326531,17200000.0,27700000.0,0.35331632653061223,2.78,2.78,9964029.0,9964029.0,,,1620599417,18:30:17,20210509
28,1992-04-30,VALU,USD,1992-04-30,1992-04-30,FY,74600000,5500000.0,69100000.0,0.9262734584450402,0.0,0.0,0.0,0.0,0.0,44600000,0.0,1000000.0,31000000.0,0.4155495978552279,30000000.0,0.40214477211796246,12700000.0,42700000,0.5723860589812333,16400000.0,26300000.0,0.35254691689008044,2.64,2.64,9962121.0,9962121.0,,,1620599417,18:30:17,20210509
29,1991-04-30,VALU,USD,1991-04-30,1991-04-30,FY,64700000,13900000.0,50800000.0,0.7851622874806801,0.0,0.0,0.0,0.0,0.0,43400000,0.0,1100000.0,22400000.0,0.3462132921174652,21300000.0,0.32921174652241114,10000000.0,31200000,0.482225656877898,11600000.0,19600000.0,0.3029366306027821,1.97,1.97,9949239.0,9949239.0,,,1620599417,18:30:17,20210509
30,1990-04-30,VALU,USD,1990-04-30,1990-04-30,FY,63500000,14100000.0,49400000.0,0.7779527559055118,0.0,0.0,0.0,0.0,0.0,42100000,0.0,1200000.0,22600000.0,0.35590551181102364,21400000.0,0.33700787401574805,-2800000.0,18700000,0.29448818897637796,6200000.0,12500000.0,0.1968503937007874,1.25,1.25,10000000.0,10000000.0,,,1620599417,18:30:17,20210509
31,1989-04-30,VALU,USD,1989-04-30,1989-04-30,FY,66200000,4200000.0,62000000.0,0.9365558912386707,0.0,0.0,0.0,0.0,0.0,40600000,0.0,800000.0,26400000.0,0.3987915407854985,25600000.0,0.3867069486404834,5200000.0,30800000,0.4652567975830816,12300000.0,18500000.0,0.2794561933534743,1.86,1.86,9946237.0,9946237.0,,,1620599417,18:30:17,20210509
32,1988-04-30,VALU,USD,1988-04-30,1988-04-30,FY,74700000,5000000.0,69700000.0,0.9330655957161981,0.0,0.0,0.0,0.0,0.0,44100000,0.0,800000.0,31400000.0,0.4203480589022758,30600000.0,0.40963855421686746,4400000.0,35000000,0.4685408299866131,14500000.0,20500000.0,0.2744310575635877,2.06,2.06,9951456.0,9951456.0,,,1620599417,18:30:17,20210509
33,1987-04-30,VALU,USD,1987-04-30,1987-04-30,FY,69800000,4800000.0,65000000.0,0.9312320916905444,0.0,0.0,0.0,0.0,0.0,45300000,0.0,900000.0,25400000.0,0.3638968481375358,24500000.0,0.3510028653295129,4800000.0,29300000,0.4197707736389685,14200000.0,15100000.0,0.2163323782234957,1.52,1.52,9934211.0,9934211.0,,,1620599417,18:30:17,20210509
34,1986-04-30,VALU,USD,1986-04-30,1986-04-30,FY,56900000,4100000.0,52800000.0,0.9279437609841827,0.0,0.0,0.0,0.0,0.0,39600000,0.0,700000.0,18000000.0,0.3163444639718805,17300000.0,0.30404217926186294,1800000.0,19100000,0.335676625659051,8900000.0,10200000.0,0.17926186291739896,1.03,1.03,9902913.0,9902913.0,,,1620599417,18:30:17,20210509
