,date,symbol,reportedCurrency,fillingDate,acceptedDate,period,revenue,costOfRevenue,grossProfit,grossProfitRatio,researchAndDevelopmentExpenses,generalAndAdministrativeExpenses,sellingAndMarketingExpenses,otherExpenses,operatingExpenses,costAndExpenses,interestExpense,depreciationAndAmortization,ebitda,ebitdaratio,operatingIncome,operatingIncomeRatio,totalOtherIncomeExpensesNet,incomeBeforeTax,incomeBeforeTaxRatio,incomeTaxExpense,netIncome,netIncomeRatio,eps,epsdiluted,weightedAverageShsOut,weightedAverageShsOutDil,link,finalLink,timestamp,est_time,est_date
0,2020-03-31,STCINDIA.NS,INR,2020-03-31,2020-03-31,FY,29367300000,29269600000,97700000,0.003326829500839369,0.0,141600000.0,1500000.0,558000000.0,0.0,30450500000.0,72700000.0,154900000,-928300000.0,-0.031609987979827905,-1083200000.0,-0.03688456208095399,0.0,-1140900000,-0.038849332420753696,0.0,-1140900000,-0.038849332420753696,-19.015,-19.015,60000000,60000000,,,1620598349,18:12:29,20210509
1,2019-03-31,STCINDIA.NS,INR,2019-03-31,2019-03-31,FY,89034400000,88868300000,166100000,0.0018655710601744944,0.0,266700000.0,2800000.0,525500000.0,1630800000.0,90499100000.0,1111800000.0,167400000,-1297300000.0,-0.014570772645179841,-1464700000.0,-0.016450944803356904,0.0,-8990600000,-0.10097894746300307,-160400000.0,-8830200000,-0.09917739660176292,-147.17,-147.17,60000000,60000000,https://www.nseindia.com/companies-listing/corporate-filings-annual-reports,https://www.nseindia.com/companies-listing/corporate-filings-annual-reports,1620598349,18:12:29,20210509
2,2018-03-31,STCINDIA.NS,INR,2018-03-31,2018-03-31,FY,108455600000,108369500000,86100000,0.000793873253202232,0.0,160800000.0,1500000.0,349300000.0,1309600000.0,109679100000.0,8322500000.0,171700000,-1051800000.0,-0.009697977789989636,-1223500000.0,-0.011281114114900475,0.0,-6246300000,-0.057593153327260185,-52700000.0,-6193600000,-0.05710724019783211,-103.226667,-103.226667,60000000,60000000,https://www.nseindia.com/companies-listing/corporate-filings-annual-reports,https://www.nseindia.com/companies-listing/corporate-filings-annual-reports,1620598349,18:12:29,20210509
3,2017-03-31,STCINDIA.NS,INR,2017-03-31,2017-03-31,FY,78144900000,77763300000,381600000,0.004883236142089887,0.0,91000000.0,5400000.0,334600000.0,1530400000.0,79293700000.0,7183800000.0,161800000,-987000000.0,-0.012630382788896012,-1148800000.0,-0.014700895387926786,0.0,-7103100000,-0.09089652683668416,180000000.0,-7283100000,-0.09319994011125486,-121.39,-121.39,60000000,60000000,https://www.nseindia.com/companies-listing/corporate-filings-annual-reports,https://www.nseindia.com/companies-listing/corporate-filings-annual-reports,1620598349,18:12:29,20210509
4,2016-03-31,STCINDIA.NS,INR,2016-03-31,2016-03-31,FY,106010500000,105654100000,356400000,0.0033619311294635907,0.0,96000000.0,8900000.0,409800000.0,1646200000.0,107300300000.0,6307100000.0,162500000,-1127300000.0,-0.010633852307082789,-1289800000.0,-0.012166719334405555,0.0,-4574500000,-0.043151385947618394,47700000.0,-4622200000,-0.043601341376561756,-77.04,-77.04,60000000,60000000,https://www.nseindia.com/companies-listing/corporate-filings-annual-reports,https://www.nseindia.com/companies-listing/corporate-filings-annual-reports,1620598349,18:12:29,20210509
5,2015-03-31,STCINDIA.NS,INR,2015-03-31,2015-03-31,FY,144940100000,143842400000,1097700000,0.0075734734555861355,0.0,0.0,0.0,221100000.0,1540200000.0,145382600000.0,1416300000.0,200200000,-242300000.0,-0.001671725078152975,-442500000.0,-0.0030529853367011616,0.0,314000000,0.002166412193726926,52100000.0,261900000,0.0018069533552136365,4.36,4.36,60000000,60000000,https://www.nseindia.com/companies-listing/corporate-filings-annual-reports,https://www.nseindia.com/companies-listing/corporate-filings-annual-reports,1620598349,18:12:29,20210509
6,2014-03-31,STCINDIA.NS,INR,2014-03-31,2014-03-31,FY,155386800000,153401400000,1985400000,0.012777147093575516,0.0,0.0,0.0,203800000.0,1792000000.0,155193400000.0,0.0,52700000,246100000.0,0.0015837896140470104,193400000.0,0.0012446359665042332,0.0,-8449000000,-0.054373988009277494,-1800000.0,-8447200000,-0.054362404013725746,-140.79,-140.79,60000000,60000000,https://www.nseindia.com/companies-listing/corporate-filings-annual-reports,https://www.nseindia.com/companies-listing/corporate-filings-annual-reports,1620598349,18:12:29,20210509
7,2013-03-31,STCINDIA.NS,INR,2013-03-31,2013-03-31,FY,191470600000,190158700000,1311900000,0.006851704648128747,0.0,195500000.0,91300000.0,150900000.0,1446100000.0,191604800000.0,0.0,44900000,-89300000.0,-0.0004663901403139699,-134200000.0,-0.0007008908939544765,0.0,-2816800000,-0.014711396945536286,-35200000.0,-2781600000,-0.014527556711056423,-46.36,-46.36,60000000,60000000,https://www.nseindia.com/companies-listing/corporate-filings-annual-reports,https://www.nseindia.com/companies-listing/corporate-filings-annual-reports,1620598349,18:12:29,20210509
8,2012-03-31,STCINDIA.NS,INR,2012-03-31,2012-03-31,FY,309052100000,307843000000,1209100000,0.003912285339591609,0.0,209400000.0,9600000.0,353200000.0,1608500000.0,309451500000.0,4402800000.0,42400000,-357000000.0,-0.001155145038652059,-399400000.0,-0.0012923387351194183,0.0,-2643700000,-0.00855422111676316,15200000.0,-2658900000,-0.008603403762666554,-44.32,-44.32,60000000,60000000,https://www.nseindia.com/companies-listing/corporate-filings-annual-reports,https://www.nseindia.com/companies-listing/corporate-filings-annual-reports,1620598349,18:12:29,20210509
9,2011-03-31,STCINDIA.NS,INR,2011-03-31,2011-03-31,FY,199848443000,202977772000,-3129329000,-0.015658510784594903,0.0,1455212000.0,0.0,596303000.0,-3422209000.0,199555563000.0,1775279000.0,30659000,323539000.0,0.0016189217946521604,292880000.0,0.0014655105419059983,0.0,796283000,0.003984434344579808,231925000.0,564358000,0.002823929931743326,9.41,9.41,600000000,600000000,https://www.nseindia.com/companies-listing/corporate-filings-annual-reports,https://www.nseindia.com/companies-listing/corporate-filings-annual-reports,1620598349,18:12:29,20210509
10,2010-03-31,STCINDIA.NS,INR,2010-03-31,2010-03-31,FY,215086536000,218698562000,-3612026000,-0.016793361719303526,0.0,1317269000.0,0.0,0.0,-4000315000.0,214698247000.0,0.0,24590000,412879000.0,0.0019195948183386058,388289000.0,0.00180526874076395,0.0,1709319000,0.00794712226896434,639832000.0,1069487000,0.004972356800613498,17.82,17.82,60000000,60000000,https://www.nseindia.com/companies-listing/corporate-filings-annual-reports,https://www.nseindia.com/companies-listing/corporate-filings-annual-reports,1620598349,18:12:29,20210509
11,2009-03-31,STCINDIA.NS,INR,2009-03-31,2009-03-31,FY,197858388000,200239479000,-2381091000,-0.01203431921218321,0.0,1493086000.0,0.0,0.0,-2078576000.0,198160903000.0,0.0,23828000,-278687000.0,-0.0014085174897917393,-302515000.0,-0.0015289470568212655,0.0,1448692000,0.007321862947756352,663596000.0,785096000,0.00396796925283754,13.08,13.08,60000000,60000000,https://www.nseindia.com/companies-listing/corporate-filings-annual-reports,https://www.nseindia.com/companies-listing/corporate-filings-annual-reports,1620598349,18:12:29,20210509
12,2008-03-31,STCINDIA.NS,INR,2008-03-31,2008-03-31,FY,182150436000,180361522000,1788914000,0.009821079978090197,0.0,1047008000.0,0.0,0.0,498283000.0,180859805000.0,0.0,23151000,1313782000.0,0.007212620671410306,1290631000.0,0.007085522430481583,0.0,2154804000,0.011829804239392543,673001000.0,1481803000,0.008135050524940825,24.7,24.7,60000000,60000000,https://www.nseindia.com/companies-listing/corporate-filings-annual-reports,https://www.nseindia.com/companies-listing/corporate-filings-annual-reports,1620598349,18:12:29,20210509
13,2007-03-31,STCINDIA.NS,INR,2007-03-31,2007-03-31,FY,143352694000,142596176000,756518000,0.005277319727245587,0.0,980763000.0,0.0,0.0,140092000.0,142736268000.0,0.0,17802000,634228000.0,0.004424248908778791,616426000.0,0.004300065682755847,0.0,1227224000,0.008560871552229078,344452000.0,882772000,0.006158042624577394,14.715,14.715,60000000,60000000,https://www.nseindia.com/companies-listing/corporate-filings-annual-reports,https://www.nseindia.com/companies-listing/corporate-filings-annual-reports,1620598349,18:12:29,20210509
14,2006-03-31,STCINDIA.NS,INR,2006-03-31,2006-03-31,FY,71252405000,70626354000,626051000,0.00878638412275347,0.0,622847000.0,0.0,0.0,-785860714.38,69840493285.62,0.0,14685000,1426596714.38,0.020021734205041924,1411911714.38,0.01981563589860581,0.0,566903000,0.007956264774501296,177369000.0,389534000,0.005466959325793985,6.49,6.49,60000000,60000000,https://www.nseindia.com/companies-listing/corporate-filings-annual-reports,https://www.nseindia.com/companies-listing/corporate-filings-annual-reports,1620598349,18:12:29,20210509
