,date,symbol,reportedCurrency,fillingDate,acceptedDate,period,revenue,costOfRevenue,grossProfit,grossProfitRatio,researchAndDevelopmentExpenses,generalAndAdministrativeExpenses,sellingAndMarketingExpenses,otherExpenses,operatingExpenses,costAndExpenses,interestExpense,depreciationAndAmortization,ebitda,ebitdaratio,operatingIncome,operatingIncomeRatio,totalOtherIncomeExpensesNet,incomeBeforeTax,incomeBeforeTaxRatio,incomeTaxExpense,netIncome,netIncomeRatio,eps,epsdiluted,weightedAverageShsOut,weightedAverageShsOutDil,link,finalLink,timestamp,est_time,est_date
0,2020-12-31,ASIX,USD,2021-02-19,2021-02-19 16:10:59,FY,1157917000,1024169000,133748000,0.11550741547105708,0.0,70870000,0.0,-53000.0,70870000,1095039000,7792000.0,60832000,123710000,0.10683840033439357,62878000,0.05430268318022794,-53000.0,55033000,0.04752758617413856,8956000.0,46077000,0.03979300761626265,1.6427484086086477,1.6364278346938328,28048726,28157062,https://www.sec.gov/Archives/edgar/data/1673985/000167398521000011/0001673985-21-000011-index.htm,https://www.sec.gov/Archives/edgar/data/1673985/000167398521000011/asix-20201231.htm,1620588797,15:33:17,20210509
1,2019-12-31,ASIX,USD,2020-02-21 00:00:00,2020-02-21 16:38:14,FY,1297393000,1161921000,135472000,0.10441863028396176,0.0,75375000,0.0,-6749000.0,75375000,1237296000,0.0,56826000,116923000,0.09012149749536186,60097000,0.04632135366847208,-6749000.0,53348000,0.04111938325549776,12001000.0,41347000,0.03186929480889754,1.47,1.43,28122288,28898836,https://www.sec.gov/Archives/edgar/data/1673985/000167398520000009/0001673985-20-000009-index.html,https://www.sec.gov/Archives/edgar/data/1673985/000167398520000009/asix-20191231.htm,1620588797,15:33:17,20210509
2,2018-12-31,ASIX,USD,2019-02-22 00:00:00,2019-02-22 16:24:43,FY,1514984000,1340497000,174487000,0.11517415365442803,0.0,81224000,0.0,-7495000.0,81224000,1421721000,0.0,53233000,146496000,0.09669805093651154,93263000,0.061560386116289015,-7495000.0,85768000,0.056613139148664275,19524000.0,66244000,0.04372587433266622,2.2,2.14,30172050,30978291,https://www.sec.gov/Archives/edgar/data/1673985/000167398519000010/0001673985-19-000010-index.html,https://www.sec.gov/Archives/edgar/data/1673985/000167398519000010/asix-20181231.htm,1620588797,15:33:17,20210509
3,2017-12-31,ASIX,USD,2018-02-27 00:00:00,2018-02-27 17:06:51,FY,1475194000,1249014000,226180000,0.15332220711309835,0.0,72815000,0.0,-8733000.0,72815000,1321829000,0.0,48455000,201820000,0.136809124765963,153365000,0.10396259746175757,-8733000.0,144632000,0.09804269811292617,-2067000.0,146699000,0.09944386975543555,4.81,4.72,30482966,31091601,https://www.sec.gov/Archives/edgar/data/1673985/000167398518000014/0001673985-18-000014-index.html,https://www.sec.gov/Archives/edgar/data/1673985/000167398518000014/a10k12312017.htm,1620588797,15:33:17,20210509
4,2016-12-31,ASIX,USD,2017-03-06 00:00:00,2017-03-06 16:35:17,FY,1191524000,1083894000,107630000,0.09032969541528328,0.0,53753000,0.0,-102000.0,53753000,1137647000,0.0,40329000,94206000,0.07906345151251674,53877000,0.045216881909218784,-102000.0,53775000,0.04513127725501123,19628000.0,34147000,0.02865825614926766,1.1201993926706475,1.1194421167582684,30482966,30503587,https://www.sec.gov/Archives/edgar/data/1673985/000093041317000896/0000930413-17-000896-index.html,https://www.sec.gov/Archives/edgar/data/1673985/000093041317000896/c87482_10k.htm,1620588797,15:33:17,20210509
5,2015-12-31,ASIX,USD,2015-12-31,2015-12-31,FY,1329409000,1179651000,149758000,0.11265005728109258,0.0,52398000,0.0,2877000.0,52398000,1232049000,0.0,36410000,133770000,0.10062366058902866,97360000,0.07323555053410952,2877000.0,100237000,0.0753996700789599,36461000.0,63776000,0.04797319711240108,1.74,1.74,31192000,31192000,,,1620588797,15:33:17,20210509
6,2014-12-31,ASIX,USD,2014-12-31,2014-12-31,FY,1790372000,1607028000,183344000,0.10240553359860409,0.0,53931000,0.0,2634000.0,53931000,1660959000,0.0,33608000,163021000,0.09105426134903807,129413000,0.07228274347454049,2634000.0,132047000,0.07375394610728943,48189000.0,83858000,0.04683831069744165,2.738668,2.738668,30620000,30620000,,,1620588797,15:33:17,20210509
7,2013-12-31,ASIX,USD,2013-12-31,2013-12-31,FY,1766586000,1530705000,235881000,0.13352364390977853,0.0,53416000,0.0,1828000.0,53416000,1584121000,0.0,37234000,219699000,0.12436360301734532,182465000,0.10328679158557806,1828000.0,184293000,0.10432155581443531,65547000.0,118746000,0.06721778617061383,3.806938,3.806938,31192000,31192000,,,1620588797,15:33:17,20210509
