,date,symbol,reportedCurrency,fillingDate,acceptedDate,period,revenue,costOfRevenue,grossProfit,grossProfitRatio,researchAndDevelopmentExpenses,generalAndAdministrativeExpenses,sellingAndMarketingExpenses,otherExpenses,operatingExpenses,costAndExpenses,interestExpense,depreciationAndAmortization,ebitda,ebitdaratio,operatingIncome,operatingIncomeRatio,totalOtherIncomeExpensesNet,incomeBeforeTax,incomeBeforeTaxRatio,incomeTaxExpense,netIncome,netIncomeRatio,eps,epsdiluted,weightedAverageShsOut,weightedAverageShsOutDil,link,finalLink,timestamp,est_time,est_date
0,2020-11-30,KBT.L,GBP,2020-11-30,2020-11-30,FY,48819000.0,20110000.0,28709000.0,0.5880702185624449,0.0,48402000.0,0.0,0.0,0.0,68512000.0,1124000.0,6704000.0,-12989000.0,-0.26606444212294394,-19693000.0,-0.4033880251541408,0.0,-20939000.0,-0.42891087486429463,7000.0,-21130000.0,-0.4328232860156906,-0.49287397074945766,-0.49287397074945766,42871000.0,42871000.0,https://find-and-update.company-information.service.gov.uk/search/companies?q=K3+Business+Technology+Group+PLC,https://find-and-update.company-information.service.gov.uk/search/companies?q=K3+Business+Technology+Group+PLC,1620594071,17:01:11,20210509
1,2019-11-30,KBT.L,GBP,2019-11-30,2019-11-30,FY,78412000.0,38376000.0,40036000.0,0.5105851145232873,0.0,52826000.0,0.0,0.0,52826000.0,91202000.0,664000.0,7908000.0,-4882000.0,-0.062260878436973935,-12790000.0,-0.16311278885884814,0.0,-14516000.0,-0.1851247258072744,931000.0,-15447000.0,-0.1969979084833954,-0.36,-0.36,42871000.0,42871000.0,https://find-and-update.company-information.service.gov.uk/search/companies?q=K3+Business+Technology+Group+PLC,https://find-and-update.company-information.service.gov.uk/search/companies?q=K3+Business+Technology+Group+PLC,1620594071,17:01:11,20210509
2,2018-11-30,KBT.L,GBP,2018-11-30,2018-11-30,FY,83335000.0,39446000.0,43889000.0,0.526657466850663,0.0,43205000.0,0.0,0.0,43205000.0,82651000.0,754000.0,5976000.0,6660000.0,0.07991840163196737,684000.0,0.008207835843283134,0.0,17000.0,0.00020399592008159837,505000.0,-488000.0,-0.0058558828823423534,-0.011,-0.011,42871000.0,42871000.0,https://find-and-update.company-information.service.gov.uk/search/companies?q=K3+Business+Technology+Group+PLC,https://find-and-update.company-information.service.gov.uk/search/companies?q=K3+Business+Technology+Group+PLC,1620594071,17:01:11,20210509
3,2017-06-30,KBT.L,GBP,2017-06-30,2017-06-30,FY,84608000.0,0.0,0.0,0.0,0.0,0.0,0.0,0.0,0.0,0.0,819000.0,9189000.0,-556000.0,-0.006571482602118003,-9745000.0,-0.11517823373676248,0.0,-10562000.0,-0.12483453101361573,0.0,-8795000.0,-0.1039499810892587,-0.20515033472510555,-0.20515033472510555,42871000.0,42871000.0,https://find-and-update.company-information.service.gov.uk/search/companies?q=K3+Business+Technology+Group+PLC,https://find-and-update.company-information.service.gov.uk/search/companies?q=K3+Business+Technology+Group+PLC,1620594071,17:01:11,20210509
4,2016-06-30,KBT.L,GBP,2016-06-30,2016-06-30,FY,89175000.0,40636000.0,48539000.0,0.5443117465657415,0.0,43310000.0,0.0,0.0,43310000.0,83946000.0,581000.0,6048000.0,11277000.0,0.1264592094196804,5229000.0,0.058637510513036166,0.0,4528000.0,0.050776562938043175,425000.0,4103000.0,0.04601065320998038,0.126,0.123,32439624.0,33237673.0,https://find-and-update.company-information.service.gov.uk/search/companies?q=K3+Business+Technology+Group+PLC,https://find-and-update.company-information.service.gov.uk/search/companies?q=K3+Business+Technology+Group+PLC,1620594071,17:01:11,20210509
5,2015-06-30,KBT.L,GBP,2015-06-30,2015-06-30,FY,83427000.0,40446000.0,42981000.0,0.5151929231543745,0.0,38176000.0,0.0,0.0,38176000.0,78622000.0,787000.0,5606000.0,10411000.0,0.12479173409088185,4805000.0,0.057595262924472895,0.0,3879000.0,0.04649573878960049,436000.0,3443000.0,0.04126961295503854,0.109,0.107,31637381.0,32228004.0,https://find-and-update.company-information.service.gov.uk/search/companies?q=K3+Business+Technology+Group+PLC,https://find-and-update.company-information.service.gov.uk/search/companies?q=K3+Business+Technology+Group+PLC,1620594071,17:01:11,20210509
6,2014-06-30,KBT.L,GBP,2014-06-30,2014-06-30,FY,71950000.0,32990000.0,38960000.0,0.5414871438498957,0.0,36370000.0,0.0,0.0,36370000.0,69360000.0,755000.0,5522000.0,8112000.0,0.1127449617790132,2590000.0,0.03599722029186935,0.0,1885000.0,0.02619874913134121,-675000.0,2560000.0,0.03558026407227241,0.082,0.081,31417736.0,31756998.0,https://find-and-update.company-information.service.gov.uk/search/companies?q=K3+Business+Technology+Group+PLC,https://find-and-update.company-information.service.gov.uk/search/companies?q=K3+Business+Technology+Group+PLC,1620594071,17:01:11,20210509
7,2013-06-30,KBT.L,GBP,2013-06-30,2013-06-30,FY,63513000.0,30375000.0,33138000.0,0.5217514524585518,0.0,31953000.0,0.0,0.0,31971000.0,62346000.0,738000.0,5279000.0,6446000.0,0.10149103333175885,1167000.0,0.01837419111048132,0.0,462000.0,0.007274101365074867,-780000.0,1242000.0,0.01955505172169477,0.043,0.042,29216238.0,29528726.0,https://find-and-update.company-information.service.gov.uk/search/companies?q=K3+Business+Technology+Group+PLC,https://find-and-update.company-information.service.gov.uk/search/companies?q=K3+Business+Technology+Group+PLC,1620594071,17:01:11,20210509
8,2012-06-30,KBT.L,GBP,2012-06-30,2012-06-30,FY,67961000.0,28491000.0,39470000.0,0.5807742675946499,0.0,32118000.0,0.0,0.0,32118000.0,60609000.0,16000.0,3586000.0,10938000.0,0.16094524800988802,7352000.0,0.108179691293536,0.0,6043000.0,0.08891864451670811,319000.0,5724000.0,0.08422477597445593,0.203,0.198,28242505.0,28920682.0,https://find-and-update.company-information.service.gov.uk/search/companies?q=K3+Business+Technology+Group+PLC,https://find-and-update.company-information.service.gov.uk/search/companies?q=K3+Business+Technology+Group+PLC,1620594071,17:01:11,20210509
9,2011-06-30,KBT.L,GBP,2011-06-30,2011-06-30,FY,52800000.0,23486000.0,29314000.0,0.5551893939393939,0.0,19733000.0,0.0,0.0,22692000.0,46178000.0,837000.0,3767000.0,10389000.0,0.19676136363636362,6622000.0,0.12541666666666668,0.0,4908000.0,0.09295454545454546,428000.0,4480000.0,0.08484848484848485,0.175,0.17,25650457.0,26282120.0,https://find-and-update.company-information.service.gov.uk/search/companies?q=K3+Business+Technology+Group+PLC,https://find-and-update.company-information.service.gov.uk/search/companies?q=K3+Business+Technology+Group+PLC,1620594071,17:01:11,20210509
10,2010-06-30,KBT.L,GBP,2010-06-30,2010-06-30,FY,59783000.0,22460000.0,37323000.0,0.6243079136209291,0.0,28271000.0,0.0,56000.0,31164000.0,53624000.0,1393000.0,2892000.0,9051000.0,0.15139755448873427,6159000.0,0.10302259839753776,0.0,4767000.0,0.07973838716692036,1018000.0,3749000.0,0.06271013498820735,0.15240178134063972,0.15210179403437207,24599450.0,24647967.0,https://find-and-update.company-information.service.gov.uk/search/companies?q=K3+Business+Technology+Group+PLC,https://find-and-update.company-information.service.gov.uk/search/companies?q=K3+Business+Technology+Group+PLC,1620594071,17:01:11,20210509
11,2009-12-31,KBT.L,GBP,2009-12-31,2009-12-31,FY,39463000.0,0.0,0.0,0.0,0.0,0.0,0.0,56000.0,34451000.0,34451000.0,968000.0,1963000.0,6975000.0,0.1767478397486253,5012000.0,0.12700504269822366,0.0,4039000.0,0.10234903580569141,1072000.0,2967000.0,0.07518434989737222,0.12283739223213096,0.12273965330991449,24153883.0,24173117.0,https://find-and-update.company-information.service.gov.uk/search/companies?q=K3+Business+Technology+Group+PLC,https://find-and-update.company-information.service.gov.uk/search/companies?q=K3+Business+Technology+Group+PLC,1620594071,17:01:11,20210509
12,2008-12-31,KBT.L,GBP,2008-12-31,2008-12-31,FY,37619000.0,11278000.0,26341000.0,0.7002046838033972,0.0,18993000.0,0.0,24000.0,21050000.0,32328000.0,1289000.0,2458000.0,7749000.0,0.20598633669156544,5291000.0,0.14064701347723224,0.0,3942000.0,0.10478747441452457,1137000.0,2805000.0,0.07456338552327281,0.118,0.117,23675195.0,24014712.0,https://find-and-update.company-information.service.gov.uk/search/companies?q=K3+Business+Technology+Group+PLC,https://find-and-update.company-information.service.gov.uk/search/companies?q=K3+Business+Technology+Group+PLC,1620594071,17:01:11,20210509
13,2007-12-31,KBT.L,GBP,2007-12-31,2007-12-31,FY,34146000.0,11415000.0,22731000.0,0.6657002284308557,0.0,16941000.0,0.0,0.0,17958000.0,29373000.0,947000.0,1386000.0,6159000.0,0.1803725180108944,4773000.0,0.13978211210683536,0.0,3676000.0,0.1076553622679084,761000.0,2915000.0,0.08536871082996544,0.134,0.131,21695518.0,22336540.0,https://find-and-update.company-information.service.gov.uk/search/companies?q=K3+Business+Technology+Group+PLC,https://find-and-update.company-information.service.gov.uk/search/companies?q=K3+Business+Technology+Group+PLC,1620594071,17:01:11,20210509
14,2006-12-31,KBT.L,GBP,2006-12-31,2006-12-31,FY,27346000.0,10641000.0,16705000.0,0.6108754479631391,0.0,13787000.0,0.0,0.0,13899000.0,24540000.0,163000.0,447000.0,3253000.0,0.11895706867549184,2806000.0,0.10261098515322167,0.0,2571000.0,0.09401740656768814,846000.0,1725000.0,0.06308052365976742,0.09543487681681034,0.09497744932526368,18075153.0,18162206.0,https://find-and-update.company-information.service.gov.uk/search/companies?q=K3+Business+Technology+Group+PLC,https://find-and-update.company-information.service.gov.uk/search/companies?q=K3+Business+Technology+Group+PLC,1620594071,17:01:11,20210509
15,2005-12-31,KBT.L,GBP,2005-12-31,2005-12-31,FY,22029000.0,8136000.0,13893000.0,0.6306686640337736,0.0,3241000.0,4122000.0,0.0,11373000.0,19509000.0,295000.0,369000.0,2889000.0,0.1311453084570339,2520000.0,0.11439466158245949,0.0,279000.0,0.012665123246629443,493000.0,-214000.0,-0.009714467293113623,-0.014267592157811303,-0.01412212390408359,14999027.0,15153528.0,https://find-and-update.company-information.service.gov.uk/search/companies?q=K3+Business+Technology+Group+PLC,https://find-and-update.company-information.service.gov.uk/search/companies?q=K3+Business+Technology+Group+PLC,1620594071,17:01:11,20210509
16,2004-12-31,KBT.L,GBP,2004-12-31,2004-12-31,FY,8529000.0,1727000.0,6802000.0,0.7975143627623402,0.0,727000.0,2736000.0,0.0,7423000.0,9150000.0,122000.0,215000.0,-406000.0,-0.04760229804197444,-621000.0,-0.07281041153710868,0.0,1160000.0,0.1360065658342127,59000.0,1101000.0,0.1290889905029898,0.10026875852250296,0.09990242953453363,10980489.0,11020753.0,https://find-and-update.company-information.service.gov.uk/search/companies?q=K3+Business+Technology+Group+PLC,https://find-and-update.company-information.service.gov.uk/search/companies?q=K3+Business+Technology+Group+PLC,1620594071,17:01:11,20210509
17,2003-12-31,KBT.L,GBP,2003-12-31,2003-12-31,FY,7002000.0,958000.0,6044000.0,0.8631819480148529,0.0,1332000.0,2353000.0,105000.0,4869000.0,5827000.0,108000.0,182000.0,1357000.0,0.19380177092259354,1175000.0,0.16780919737217936,0.0,-199000.0,-0.02842045129962868,130000.0,-329000.0,-0.046986575264210226,-0.16,-0.16,2038485.0,2038485.0,https://find-and-update.company-information.service.gov.uk/search/companies?q=K3+Business+Technology+Group+PLC,https://find-and-update.company-information.service.gov.uk/search/companies?q=K3+Business+Technology+Group+PLC,1620594071,17:01:11,20210509
18,2002-12-31,KBT.L,GBP,2002-12-31,2002-12-31,FY,8088000.0,1469000.0,6619000.0,0.8183728981206726,0.0,979000.0,2564000.0,73000.0,5296000.0,6765000.0,121000.0,206000.0,1529000.0,0.18904549950544017,1323000.0,0.16357566765578635,0.0,266000.0,0.03288822947576657,-108000.0,374000.0,0.046241345202769533,0.035,0.035,10168988.0,10168988.0,https://find-and-update.company-information.service.gov.uk/search/companies?q=K3+Business+Technology+Group+PLC,https://find-and-update.company-information.service.gov.uk/search/companies?q=K3+Business+Technology+Group+PLC,1620594071,17:01:11,20210509
19,2001-12-31,KBT.L,GBP,2001-12-31,2001-12-31,FY,7972000.0,1968000.0,6004000.0,0.7531359759157049,0.0,0.0,0.0,0.0,3457000.0,5425000.0,86000.0,211000.0,2758000.0,0.345960863020572,2547000.0,0.3194932262920221,0.0,-1373000.0,-0.17222779729051682,246000.0,-1619000.0,-0.2030858003010537,-0.18,-0.18,8991600.0,8991600.0,https://find-and-update.company-information.service.gov.uk/search/companies?q=K3+Business+Technology+Group+PLC,https://find-and-update.company-information.service.gov.uk/search/companies?q=K3+Business+Technology+Group+PLC,1620594071,17:01:11,20210509
20,2000-12-31,KBT.L,GBP,2000-12-31,2000-12-31,FY,14250000.0,10697000.0,3553000.0,0.24933333333333332,0.0,0.0,0.0,0.0,2297000.0,12994000.0,271000.0,356000.0,1612000.0,0.11312280701754386,1256000.0,0.08814035087719298,0.0,-5191000.0,-0.364280701754386,0.0,-5191000.0,-0.364280701754386,-1.46,-1.46,3561000.0,3561000.0,https://find-and-update.company-information.service.gov.uk/search/companies?q=K3+Business+Technology+Group+PLC,https://find-and-update.company-information.service.gov.uk/search/companies?q=K3+Business+Technology+Group+PLC,1620594071,17:01:11,20210509
21,1999-12-31,KBT.L,GBP,1999-12-31,1999-12-31,FY,19685000.0,14310000.0,5375000.0,0.2730505461010922,0.0,0.0,0.0,0.0,5249000.0,19559000.0,267000.0,392000.0,518000.0,0.026314452628905256,126000.0,0.006400812801625603,0.0,-1635000.0,-0.08305816611633224,0.0,-1635000.0,-0.08305816611633224,-0.639423,-0.639423,2719600.0,2719600.0,https://find-and-update.company-information.service.gov.uk/search/companies?q=K3+Business+Technology+Group+PLC,https://find-and-update.company-information.service.gov.uk/search/companies?q=K3+Business+Technology+Group+PLC,1620594071,17:01:11,20210509
22,1998-12-31,KBT.L,GBP,1998-12-31,1998-12-31,FY,24863000.0,18322000.0,6541000.0,0.26308168764831275,0.0,0.0,0.0,0.0,6330000.0,24652000.0,357000.0,351000.0,562000.0,0.02260386920323372,211000.0,0.008486506053171378,0.0,-1882000.0,-0.0756948075453485,0.0,-1882000.0,-0.0756948075453485,-0.735577,-0.735577,2563808.0,2563808.0,https://find-and-update.company-information.service.gov.uk/search/companies?q=K3+Business+Technology+Group+PLC,https://find-and-update.company-information.service.gov.uk/search/companies?q=K3+Business+Technology+Group+PLC,1620594071,17:01:11,20210509
23,1997-12-31,KBT.L,GBP,1997-12-31,1997-12-31,FY,27356000.0,0.0,0.0,0.0,0.0,0.0,0.0,0.0,26323000.0,26323000.0,460000.0,645000.0,1678000.0,0.061339377101915483,1033000.0,0.03776136862114344,0.0,-1272000.0,-0.04649802602719696,0.0,-1272000.0,-0.04649802602719696,-0.495192,-0.495192,2563808.0,2563808.0,https://find-and-update.company-information.service.gov.uk/search/companies?q=K3+Business+Technology+Group+PLC,https://find-and-update.company-information.service.gov.uk/search/companies?q=K3+Business+Technology+Group+PLC,1620594071,17:01:11,20210509
24,1996-12-31,KBT.L,GBP,1996-12-31,1996-12-31,FY,32592000.0,0.0,0.0,0.0,0.0,0.0,0.0,0.0,31538000.0,31538000.0,524000.0,647000.0,1701000.0,0.05219072164948454,1054000.0,0.03233922434953363,0.0,690000.0,0.021170839469808543,148000.0,542000.0,0.016629847815414826,0.211538,0.211538,2562976.0,2562976.0,https://find-and-update.company-information.service.gov.uk/search/companies?q=K3+Business+Technology+Group+PLC,https://find-and-update.company-information.service.gov.uk/search/companies?q=K3+Business+Technology+Group+PLC,1620594071,17:01:11,20210509
25,1995-12-31,KBT.L,GBP,1995-12-31,1995-12-31,FY,27919000.0,0.0,0.0,0.0,0.0,0.0,0.0,0.0,26441000.0,26441000.0,429000.0,588000.0,2066000.0,0.07399978509258928,1478000.0,0.052938858841649054,0.0,1142000.0,0.040904043841111785,317000.0,825000.0,0.029549768974533472,0.350962,0.350962,2343536.0,2343536.0,https://find-and-update.company-information.service.gov.uk/search/companies?q=K3+Business+Technology+Group+PLC,https://find-and-update.company-information.service.gov.uk/search/companies?q=K3+Business+Technology+Group+PLC,1620594071,17:01:11,20210509
26,1994-12-31,KBT.L,GBP,1994-12-31,1994-12-31,FY,21962000.0,0.0,0.0,0.0,0.0,0.0,0.0,4000.0,19979000.0,19979000.0,294000.0,411000.0,2394000.0,0.10900646571350514,1983000.0,0.09029232310354249,0.0,1746000.0,0.07950095619706767,576000.0,1149000.0,0.05231763955923868,0.620192,0.620192,1656304.0,1656304.0,https://find-and-update.company-information.service.gov.uk/search/companies?q=K3+Business+Technology+Group+PLC,https://find-and-update.company-information.service.gov.uk/search/companies?q=K3+Business+Technology+Group+PLC,1620594071,17:01:11,20210509
27,1993-12-31,KBT.L,GBP,1993-12-31,1993-12-31,FY,19344000.0,0.0,0.0,0.0,0.0,0.0,0.0,4000.0,17889000.0,17889000.0,357000.0,371000.0,1826000.0,0.09439619520264682,1455000.0,0.07521712158808933,0.0,1220000.0,0.0630686517783292,368000.0,831000.0,0.0429590570719603,0.423077,0.423077,1622400.0,1622400.0,https://find-and-update.company-information.service.gov.uk/search/companies?q=K3+Business+Technology+Group+PLC,https://find-and-update.company-information.service.gov.uk/search/companies?q=K3+Business+Technology+Group+PLC,1620594071,17:01:11,20210509
28,1992-12-31,KBT.L,GBP,1992-12-31,1992-12-31,FY,14296000.0,0.0,0.0,0.0,0.0,0.0,0.0,4000.0,13532000.0,13532000.0,418000.0,352000.0,1116000.0,0.07806379406827084,764000.0,0.05344152210408506,0.0,484000.0,0.033855623950755455,137000.0,347000.0,0.02427252378287633,0.125,0.125,1622400.0,1622400.0,https://find-and-update.company-information.service.gov.uk/search/companies?q=K3+Business+Technology+Group+PLC,https://find-and-update.company-information.service.gov.uk/search/companies?q=K3+Business+Technology+Group+PLC,1620594071,17:01:11,20210509
29,1991-12-31,KBT.L,GBP,1991-12-31,1991-12-31,FY,14443000.0,0.0,0.0,0.0,0.0,0.0,0.0,0.0,13959000.0,13959000.0,51000.0,376000.0,860000.0,0.059544415980059544,484000.0,0.03351104341203351,0.0,496000.0,0.03434189572803434,155000.0,341000.0,0.02361005331302361,0.211538,0.211538,1622400.0,1622400.0,https://find-and-update.company-information.service.gov.uk/search/companies?q=K3+Business+Technology+Group+PLC,https://find-and-update.company-information.service.gov.uk/search/companies?q=K3+Business+Technology+Group+PLC,1620594071,17:01:11,20210509
