,date,symbol,reportedCurrency,fillingDate,acceptedDate,period,revenue,costOfRevenue,grossProfit,grossProfitRatio,researchAndDevelopmentExpenses,generalAndAdministrativeExpenses,sellingAndMarketingExpenses,otherExpenses,operatingExpenses,costAndExpenses,interestExpense,depreciationAndAmortization,ebitda,ebitdaratio,operatingIncome,operatingIncomeRatio,totalOtherIncomeExpensesNet,incomeBeforeTax,incomeBeforeTaxRatio,incomeTaxExpense,netIncome,netIncomeRatio,eps,epsdiluted,weightedAverageShsOut,weightedAverageShsOutDil,link,finalLink,timestamp,est_time,est_date
0,2020-12-31,MLSS,USD,2021-03-31,2021-03-31 16:05:47,FY,5437236.0,1815924.0,3621312.0,0.6660207502488397,307850.0,10766580.0,0.0,-24790.0,11074430.0,12890354.0,0.0,42937.0,-7410181.0,-1.3628580771553782,-7453118.0,-1.3707549203308447,0.0,-7471199.0,-1.3740803231641958,-15500.0,-7388812.0,-1.3589279553067035,-0.11716861536664022,-0.11716861536664022,63061358.0,63061358.0,https://www.sec.gov/Archives/edgar/data/855683/000143774921007838/0001437749-21-007838-index.htm,https://www.sec.gov/Archives/edgar/data/855683/000143774921007838/mlss20201231_10k.htm,1620595129,17:18:49,20210509
1,2019-12-31,MLSS,USD,2020-03-30,2020-03-30 16:50:36,FY,8374501.0,2656142.0,5718359.0,0.6828298187557682,189923.0,9527429.0,0.0,-10408.0,9717352.0,12373494.0,0.0,256470.0,-3742523.0,-0.44689504485103054,-3998993.0,-0.4775201531410648,-3645988.0,-7643438.0,-0.9127036942260799,18126.0,-7524368.0,-0.8984855336455271,-0.16,-0.16,45740050.0,45740050.0,https://www.sec.gov/Archives/edgar/data/855683/000143774920006563/0001437749-20-006563-index.htm,https://www.sec.gov/Archives/edgar/data/855683/000143774920006563/mlss20191231_10k.htm,1620595129,17:18:49,20210509
2,2018-12-31,MLSS,USD,2019-04-01 00:00:00,2019-04-01 16:16:41,FY,9622076.0,5190775.0,4431301.0,0.46053481597942064,245636.0,10645206.0,0.0,-7232.0,10890842.0,16081617.0,0.0,881285.0,-5578256.0,-0.579735183966537,-6459541.0,-0.671325086187222,-1547026.0,-7999120.0,-0.8313299541595806,23986.0,-7431645.0,-0.7723535960430993,-0.21,-0.21,35299034.0,35299034.0,https://www.sec.gov/Archives/edgar/data/855683/000143774919006239/0001437749-19-006239-index.html,https://www.sec.gov/Archives/edgar/data/855683/000143774919006239/mlss20181231_10k.htm,1620595129,17:18:49,20210509
3,2017-12-31,MLSS,USD,2018-04-02 00:00:00,2018-04-02 17:12:02,FY,11281886.0,4312507.0,6969379.0,0.6177494613932458,272746.0,11930951.0,0.0,-4930.0,12203697.0,16516204.0,0.0,573150.0,-4661168.0,-0.4131550345394378,-5234318.0,-0.46395771061682417,-4930.0,-5229950.0,-0.4635705413084302,19093.0,-5186793.0,-0.45974520572180927,-0.16,-0.16,32703897.0,32703897.0,https://www.sec.gov/Archives/edgar/data/855683/000143774918006069/0001437749-18-006069-index.html,https://www.sec.gov/Archives/edgar/data/855683/000143774918006069/mlss20171231_10k.htm,1620595129,17:18:49,20210509
4,2016-12-31,MLSS,USD,2017-03-31 00:00:00,2017-03-31 16:21:46,FY,10482005.0,4175533.0,6306472.0,0.6016474901509778,1270471.0,11549961.0,0.0,-5088.0,12820432.0,16995965.0,0.0,163366.0,-6350594.0,-0.6058567993432554,-6513960.0,-0.6214421763775155,-5088.0,-6517763.0,-0.6218049886448251,-19101.0,-5946507.0,-0.5673062548625001,-0.22,-0.22,26966988.0,26966988.0,https://www.sec.gov/Archives/edgar/data/855683/000143774917005780/0001437749-17-005780-index.html,https://www.sec.gov/Archives/edgar/data/855683/000143774917005780/mlss20161231_10k.htm,1620595129,17:18:49,20210509
5,2015-12-31,MLSS,USD,2016-04-06,2016-04-06 17:26:42,FY,9491569.0,3048260.0,6443309.0,0.6788455101574882,100856.0,9399201.0,0.0,-5347.0,9500057.0,12548317.0,0.0,97375.0,-2959373.0,-0.31178965248000623,-3056748.0,-0.32204875716543807,-5347.0,-3058257.0,-0.32220774036410627,36157.0,-5467522.0,-0.5760398517884662,-0.26,-0.26,21429993.0,21429993.0,https://www.sec.gov/Archives/edgar/data/855683/000156459016015942/mlss-10k_20151231.htm,https://www.sec.gov/Archives/edgar/data/855683/000156459016015942/mlss-10k_20151231.htm,1620595129,17:18:49,20210509
6,2014-12-31,MLSS,USD,2015-04-01 00:00:00,2015-03-31 20:10:22,FY,10333090.0,3630765.0,6702325.0,0.6486273709026051,88243.0,7404258.0,0.0,0.0,7492501.0,11123266.0,2668.0,95838.0,-694338.0,-0.06719558234758431,-790176.0,-0.07647044591695223,-910200.0,-1697987.0,-0.16432519217388022,9509.0,-1702024.0,-0.16471587879327482,-0.08,-0.08,20063513.0,20063513.0,https://www.sec.gov/Archives/edgar/data/855683/000156459015002296/0001564590-15-002296-index.html,https://www.sec.gov/Archives/edgar/data/855683/000156459015002296/mlss-10k_20141231.htm,1620595129,17:18:49,20210509
7,2013-12-31,MLSS,USD,2014-03-13,2014-03-12 19:42:18,FY,10011420.0,3198908.0,6812512.0,0.6804740985794223,191345.0,5534463.0,0.0,17543.0,5725808.0,8924716.0,70801.0,96123.0,1182827.0,0.11814777524067514,1086704.0,0.10854643996555934,448912.0,1464930.0,0.14632589582696562,0.0,1464930.0,0.14632589582696562,0.09,0.08,17127468.0,17483638.0,https://www.sec.gov/Archives/edgar/data/855683/000156459014000701/mlss-10k_20131231.htm,https://www.sec.gov/Archives/edgar/data/855683/000156459014000701/mlss-10k_20131231.htm,1620595129,17:18:49,20210509
8,2012-12-31,MLSS,USD,2013-03-13 00:00:00,2013-03-13 17:07:50,FY,8648242.0,3055991.0,5592251.0,0.6466344258174089,181979.0,5930625.0,0.0,0.0,6112604.0,9168595.0,178970.0,95133.0,-425220.0,-0.04916837433550079,-520353.0,-0.06016864467946202,-171016.0,-870306.0,-0.10063386292844256,0.0,-870306.0,-0.10063386292844256,-0.05,-0.05,16080474.0,16080474.0,https://www.sec.gov/Archives/edgar/data/855683/000119312513105429/0001193125-13-105429-index.html,https://www.sec.gov/Archives/edgar/data/855683/000119312513105429/d443959d10k.htm,1620595129,17:18:49,20210509
9,2011-12-31,MLSS,USD,2012-03-13 00:00:00,2012-03-13 15:38:00,FY,8378094.0,3016642.0,5361452.0,0.6399369594086675,140053.0,6445001.0,0.0,0.0,6585054.0,9601696.0,131838.0,105391.0,-1118211.0,-0.1334684237250143,-1223602.0,-0.1460477764990462,-126695.0,0.0,0.0,0.0,-1482100.0,-0.17690181084146347,-0.1,-0.1,15174893.0,15174893.0,https://www.sec.gov/Archives/edgar/data/855683/000119312512111926/0001193125-12-111926-index.html,https://www.sec.gov/Archives/edgar/data/855683/000119312512111926/d307682d10k.htm,1620595129,17:18:49,20210509
10,2010-12-31,MLSS,USD,2011-03-30,2011-03-30 13:11:13,FY,9749968.0,3531452.0,6218516.0,0.6377986061082457,270494.0,6648859.0,0.0,0.0,6919353.0,10450805.0,95135.0,128638.0,-572199.0,-0.05868726953770515,-700837.0,-0.07188095386569474,180877.0,0.0,0.0,0.0,-614508.0,-0.06302666839521935,-0.04,-0.04,14824802.0,14824802.0,https://www.sec.gov/Archives/edgar/data/855683/000095012311030644/c14776e10vk.htm,https://www.sec.gov/Archives/edgar/data/855683/000095012311030644/c14776e10vk.htm,1620595129,17:18:49,20210509
11,2009-12-31,MLSS,USD,2010-03-10 00:00:00,2010-03-10 16:14:33,FY,8549060.0,3458279.0,5090781.0,0.595478450262368,241318.0,6952976.0,0.0,0.0,7194294.0,10652573.0,154027.0,126386.0,-1977127.0,-0.23126834997064005,-2103513.0,-0.24605196360769488,-53300.0,0.0,0.0,0.0,-1530085.0,-0.1789769869435938,-0.11,-0.11,13389872.0,13389872.0,https://www.sec.gov/Archives/edgar/data/855683/000095012310023053/0000950123-10-023053-index.html,https://www.sec.gov/Archives/edgar/data/855683/000095012310023053/c97496e10vk.htm,1620595129,17:18:49,20210509
12,2008-12-31,MLSS,USD,2009-03-17 00:00:00,2009-03-17 15:11:46,FY,6623807.0,2681116.0,3942691.0,0.5952303561984822,168516.0,5502762.0,0.0,0.0,5671278.0,8352394.0,116374.0,127244.0,-1601343.0,-0.24175568521244656,-1728587.0,-0.2609657859898394,648484.0,0.0,0.0,0.0,-1187454.0,-0.17927062186443538,-0.09,-0.09,12666979.0,12666979.0,https://www.sec.gov/Archives/edgar/data/855683/000136231009003961/0001362310-09-003961-index.html,https://www.sec.gov/Archives/edgar/data/855683/000136231009003961/c82534e10vk.htm,1620595129,17:18:49,20210509
13,2007-12-31,MLSS,USD,2008-03-31,2008-03-31 13:51:56,FY,6390713.0,2898048.0,3492665.0,0.5465219608516295,397354.0,6335556.0,0.0,0.0,6732910.0,9630958.0,0.0,6614.0,-3233631.0,-0.5059890813435058,-3240245.0,-0.5070240206374469,310475.0,0.0,0.0,0.0,-2938696.0,-0.45983851880064086,-0.24,-0.24,12141525.0,12141525.0,https://www.sec.gov/Archives/edgar/data/855683/000095012308003580/y52435e10ksb.htm,https://www.sec.gov/Archives/edgar/data/855683/000095012308003580/y52435e10ksb.htm,1620595129,17:18:49,20210509
14,2006-12-31,MLSS,USD,2007-04-02,2007-04-02 17:24:55,FY,5844177.0,3035646.0,2808531.0,0.4805691203397844,1005285.0,5326031.0,0.0,0.0,6331317.0,9366963.0,0.0,118763.0,-3404023.0,-0.5824640492579195,-3522786.0,-0.6027856445826333,283107.0,0.0,0.0,0.0,-3152268.0,-0.5393861274222187,-0.27,-0.27,11788690.0,11788690.0,https://www.sec.gov/Archives/edgar/data/855683/000095012307004882/y32714e10ksb.htm,https://www.sec.gov/Archives/edgar/data/855683/000095012307004882/y32714e10ksb.htm,1620595129,17:18:49,20210509
15,2005-12-31,MLSS,USD,2005-12-31,2005-12-31,FY,6433148.0,2521022.0,3912126.0,0.6081200059442127,286260.0,6794032.0,0.0,0.0,7080292.0,9601314.0,0.0,118150.0,-3050016.0,-0.4741094095767733,-3168166.0,-0.492475223638567,978824.0,0.0,0.0,0.0,-2754227.0,-0.4281305202367488,-0.25,-0.25,11007755.0,11007755.0,,,1620595129,17:18:49,20210509
16,2004-12-31,MLSS,USD,2004-12-31,2004-12-31,FY,4751186.0,2415826.0,2335360.0,0.49153200906047456,187992.0,5155569.0,0.0,0.0,5343561.0,7759387.0,0.0,101923.0,-2906278.0,-0.6116952693495897,-3008201.0,-0.6331473867787959,0.0,0.0,0.0,0.0,-2996864.0,-0.6307612457184375,-0.33,-0.33,9147634.0,9147634.0,,,1620595129,17:18:49,20210509
17,2003-12-31,MLSS,USD,2003-12-31,2003-12-31,FY,3971707.0,2003139.0,1968568.0,0.495647841092004,131015.0,3569604.0,0.0,0.0,3700619.0,5703758.0,0.0,335220.0,-1396831.0,-0.3516953793419303,-1732051.0,-0.43609737576311647,0.0,0.0,0.0,0.0,-2412908.0,-0.6075241703378421,-0.52,-0.52,4672266.0,4672266.0,,,1620595129,17:18:49,20210509
18,2002-12-31,MLSS,USD,2002-12-31,2002-12-31,FY,4074006.0,1980949.0,2093057.0,0.5137589389902715,147709.0,3588836.0,0.0,0.0,3762612.0,5743561.0,0.0,417988.0,-1251567.0,-0.30720794225634424,-1669555.0,-0.4098067111339551,53933.0,0.0,0.0,0.0,-2440197.0,-0.5989674536561802,-0.60006,-0.60006,4156142.0,4156142.0,,,1620595129,17:18:49,20210509
19,2001-12-31,MLSS,USD,2001-12-31,2001-12-31,FY,4093710.0,1973156.0,2120554.0,0.518002985067335,49943.0,5271032.0,0.0,0.0,5320975.0,7294131.0,0.0,435177.0,-2765244.0,-0.675486050550723,-3200421.0,-0.7817898678704647,64487.0,0.0,0.0,0.0,-3991580.0,-0.9750519699734471,-1.080108,-1.080108,3713825.0,3713825.0,,,1620595129,17:18:49,20210509
20,2000-12-31,MLSS,USD,2000-12-31,2000-12-31,FY,5674351.0,2908166.0,2766185.0,0.4874892300458678,386250.0,8497955.0,0.0,0.0,9602825.0,12510991.0,0.0,718620.0,-6118020.0,-1.0781885012048074,-6836640.0,-1.2048320592081807,-246283.0,0.0,0.0,0.0,-7509855.0,-1.3234738210590073,-2.16,-2.16,3496563.0,3496563.0,,,1620595129,17:18:49,20210509
21,1999-12-31,MLSS,USD,1999-12-31,1999-12-31,FY,2855463.0,839462.0,2016001.0,0.7060154517848769,455332.0,7009543.0,0.0,0.0,8197732.0,9037194.0,0.0,732857.0,-5448874.0,-1.9082278425600332,-6181731.0,-2.164878690426036,-807595.0,0.0,0.0,0.0,-6972312.0,-2.441744823869194,-2.4,-2.4,2909968.0,2909968.0,,,1620595129,17:18:49,20210509
22,1998-12-31,MLSS,USD,1998-12-31,1998-12-31,FY,8800000.0,9600000.0,-800000.0,-0.09090909090909091,400000.0,9300000.0,0.0,0.0,10200000.0,19800000.0,0.0,500000.0,-10500000.0,-1.1931818181818181,-11000000.0,-1.25,400000.0,0.0,0.0,0.0,-10700000.0,-1.2159090909090908,-3.66,-3.66,2923497.0,2923497.0,,,1620595129,17:18:49,20210509
23,1997-12-31,MLSS,USD,1997-12-31,1997-12-31,FY,2900000.0,1600000.0,1300000.0,0.4482758620689655,1000000.0,7700000.0,0.0,0.0,9000000.0,10600000.0,0.0,300000.0,-7400000.0,-2.5517241379310347,-7700000.0,-2.6551724137931036,200000.0,0.0,0.0,0.0,-7400000.0,-2.5517241379310347,-3.63,-3.63,2038567.0,2038567.0,,,1620595129,17:18:49,20210509
24,1996-12-31,MLSS,USD,1996-12-31,1996-12-31,FY,300000.0,0.0,300000.0,1.0,200000.0,2200000.0,0.0,0.0,2600000.0,2600000.0,0.0,200000.0,-2100000.0,-7.0,-2300000.0,-7.666666666666667,200000.0,0.0,0.0,0.0,-1900000.0,-6.333333333333333,-1.29,-1.29,1472868.0,1472868.0,,,1620595129,17:18:49,20210509
