,date,symbol,reportedCurrency,fillingDate,acceptedDate,period,revenue,costOfRevenue,grossProfit,grossProfitRatio,researchAndDevelopmentExpenses,generalAndAdministrativeExpenses,sellingAndMarketingExpenses,otherExpenses,operatingExpenses,costAndExpenses,interestExpense,depreciationAndAmortization,ebitda,ebitdaratio,operatingIncome,operatingIncomeRatio,totalOtherIncomeExpensesNet,incomeBeforeTax,incomeBeforeTaxRatio,incomeTaxExpense,netIncome,netIncomeRatio,eps,epsdiluted,weightedAverageShsOut,weightedAverageShsOutDil,link,finalLink,timestamp,est_time,est_date
0,2020-12-31,GLRE,USD,2021-03-10,2021-03-10 16:33:44,FY,475669000.0,0.0,141000.0,1.0,0.0,14036000.0,0.0,0.0,3485000.0,471379000.0,6280000.0,21000.0,-3323000.0,-23.56737588652482,-3344000.0,0.009018876571733706,0.0,4290000.0,0.009018876571733706,424000.0,3866000.0,0.008127500425716201,0.11,0.11,35776740,35776740,https://www.sec.gov/Archives/edgar/data/1385613/000138561321000016/0001385613-21-000016-index.htm,https://www.sec.gov/Archives/edgar/data/1385613/000138561321000016/glre-20201231.htm,1620592621,16:37:01,20210509
1,2019-12-31,GLRE,USD,2020-03-09,2020-03-09 17:28:30,FY,700000.0,0.0,700000.0,1.0,0.0,15560000.0,0.0,0.0,535393000.0,535393000.0,6263000.0,21000.0,-8500000.0,-12.142857142857142,-8521000.0,-12.172857142857143,0.0,-3503000.0,-5.0042857142857144,483000.0,-3986000.0,-5.694285714285714,-0.00010876886929084525,-0.00010854957237840937,36646515000,36720550000,https://www.sec.gov/Archives/edgar/data/1385613/000138561320000012/0001385613-20-000012-index.htm,https://www.sec.gov/Archives/edgar/data/1385613/000138561320000012/glre-20191231x10kdocument.htm,1620592621,16:37:01,20210509
2,2018-12-31,GLRE,USD,2019-02-27,2019-02-27 16:52:35,FY,-11221000.0,0.0,11221000.0,-1.0,0.0,12059000.0,0.0,0.0,534521000.0,534521000.0,2505000.0,260000.0,-369404000.0,32.92077354959451,-369664000.0,32.943944389983066,0.0,-353997000.0,31.54772301933874,332000.0,-350054000.0,31.196328312984583,-9.7368,-9.7368,35951384000,35951384000,https://www.sec.gov/Archives/edgar/data/1385613/000138561319000016/0001385613-19-000016-index.htm,https://www.sec.gov/Archives/edgar/data/1385613/000138561319000016/glre-20181231x10kdocumentq4.htm,1620592621,16:37:01,20210509
3,2017-12-31,GLRE,USD,2018-02-20,2018-02-20 16:47:29,FY,-19863000.0,0.0,19863000.0,-1.0,0.0,11218000.0,0.0,0.0,690500000.0,690500000.0,14000.0,368000.0,-38377000.0,1.9320847807481247,-38745000.0,1.9506116900770276,0.0,-44825000.0,2.256708452902381,-451000.0,-44952000.0,2.2631022504153453,-0.00121508413752151,-0.0012141855836422257,36994969000,37022347000,https://www.sec.gov/Archives/edgar/data/1385613/000138561318000013/0001385613-18-000013-index.htm,https://www.sec.gov/Archives/edgar/data/1385613/000138561318000013/glre-20171231x10kdocument.htm,1620592621,16:37:01,20210509
4,2016-12-31,GLRE,USD,2017-02-22,2017-02-22 16:17:24,FY,-24543000.0,0.0,24543000.0,-1.0,0.0,9225000.0,0.0,0.0,541157000.0,541157000.0,4569000.0,390000.0,43030000.0,-1.7532493990139755,42640000.0,-1.7373589210772928,0.0,47209000.0,-1.9235219818278124,509000.0,44881000.0,-1.8286680519903842,1.20195,1.20195,36928283000,36928283000,https://www.sec.gov/Archives/edgar/data/1385613/000138561317000007/0001385613-17-000007-index.htm,https://www.sec.gov/Archives/edgar/data/1385613/000138561317000007/glre-20161231x10kdocumentq4.htm,1620592621,16:37:01,20210509
5,2015-12-31,GLRE,USD,2016-02-22,2016-02-22 16:21:35,FY,-19246000.0,0.0,19246000.0,-1.0,0.0,23434000.0,0.0,0.0,456738000.0,456738000.0,-19504000.0,405000.0,-313779000.0,16.30359555232256,-314184000.0,16.324638886002287,0.0,-333688000.0,17.338044268939,-1755000.0,-326425000.0,16.96066715161592,-8.90158,-8.90158,36636464000,36636464000,https://www.sec.gov/Archives/edgar/data/1385613/000138561316000118/0001385613-16-000118-index.htm,https://www.sec.gov/Archives/edgar/data/1385613/000138561316000118/glre-20151231x10kdocument.htm,1620592621,16:37:01,20210509
6,2014-12-31,GLRE,USD,2015-02-17,2015-02-17 16:27:28,FY,-49133000.0,0.0,49133000.0,-1.0,0.0,21926000.0,0.0,0.0,367151000.0,367151000.0,7328000.0,436000.0,105759000.0,-2.152504426760019,105323000.0,-2.143630553802943,0.0,112651000.0,-2.2927767488246187,-624000.0,109592000.0,-2.230517167687705,0.002944849186247335,0.002893546647997352,37214809000,37874627000,https://www.sec.gov/Archives/edgar/data/1385613/000138561315000012/0001385613-15-000012-index.htm,https://www.sec.gov/Archives/edgar/data/1385613/000138561315000012/glre-20141231x10kdocument.htm,1620592621,16:37:01,20210509
7,2013-12-31,GLRE,USD,2014-02-18,2014-02-18 16:13:52,FY,765089000.0,338493000.0,426596000.0,0.5575769616345287,0.0,21718000.0,0.0,0.0,21718000.0,360211000.0,0.0,325000.0,233331000.0,0.30497236269244493,233006000.0,0.3045475755108229,0.0,233006000.0,0.3045475755108229,538000.0,225699000.0,0.29499705263047826,6.129274882657948,6.017833449842162,36823116,37505026,https://www.sec.gov/Archives/edgar/data/1385613/000138561314000017/0001385613-14-000017-index.htm,https://www.sec.gov/Archives/edgar/data/1385613/000138561314000017/glre-20131231x10kdocument.htm,1620592621,16:37:01,20210509
8,2012-12-31,GLRE,USD,2013-02-19,2013-02-19 16:46:30,FY,545396000.0,0.0,545396000.0,1.0,0.0,17539000.0,0.0,0.0,17539000.0,17539000.0,0.0,250000.0,18785000.0,0.03444286353401932,18535000.0,0.03398448100096077,0.0,18535000.0,0.03398448100096077,86000.0,14598000.0,0.026765872870354753,0.00039852431888322775,0.0003907382455520869,36630136000,37360049000,https://www.sec.gov/Archives/edgar/data/1385613/000138561313000005/0001385613-13-000005-index.htm,https://www.sec.gov/Archives/edgar/data/1385613/000138561313000005/glre-20121231x10k.htm,1620592621,16:37:01,20210509
9,2011-12-31,GLRE,USD,2012-02-21,2012-02-21 16:21:01,FY,403146000.0,0.0,403146000.0,1.0,0.0,0.0,0.0,0.0,13892000.0,13892000.0,0.0,232000.0,9045000.0,0.022436040541143905,8813000.0,0.02186056664335005,0.0,8813000.0,0.02186056664335005,247000.0,6769000.0,0.01679044316451112,0.18154,0.18154,36153743000,36153743000,https://www.sec.gov/Archives/edgar/data/1385613/000138561312000009/0001385613-12-000009-index.htm,https://www.sec.gov/Archives/edgar/data/1385613/000138561312000009/form10k_12312011glre.htm,1620592621,16:37:01,20210509
10,2010-12-31,GLRE,USD,2011-02-22,2011-02-22 17:29:47,FY,56407000.0,0.0,56407000.0,1.0,0.0,16187000.0,0.0,0.0,4088000.0,4088000.0,0.0,225000.0,225000.0,0.003988866630028188,0.0,0.0,0.0,0.0,0.0,0.0,0.0,0.0,0.0,0.0,36408859000,37174558000,https://www.sec.gov/Archives/edgar/data/1385613/000138561311000006/0001385613-11-000006-index.htm,https://www.sec.gov/Archives/edgar/data/1385613/000138561311000006/form10k.htm,1620592621,16:37:01,20210509
11,2009-12-31,GLRE,USD,2010-02-24,2010-02-24 17:05:08,FY,1758000.0,0.0,1758000.0,1.0,0.0,18994000.0,0.0,0.0,3432000.0,3432000.0,0.0,117000.0,117000.0,0.06655290102389079,0.0,0.0,1800000.0,0.0,0.0,0.0,0.0,0.0,0.0,0.0,36202860000,36627849000,https://www.sec.gov/Archives/edgar/data/1385613/000138561310000004/0001385613-10-000004-index.htm,https://www.sec.gov/Archives/edgar/data/1385613/000138561310000004/form10-k_2009.htm,1620592621,16:37:01,20210509
12,2009-02-23,GLRE,USD,2009-02-23,2009-02-23 16:39:12,FY,0.0,0.0,0.0,0.0,0.0,3017000.0,0.0,0.0,3017000.0,3017000.0,0.0,0.0,0.0,0.0,0.0,0.0,0.0,0.0,0.0,0.0,0.0,0.0,0.0,0.0,35987778000,35987778000,https://www.sec.gov/Archives/edgar/data/1385613/000138561309000009/0001385613-09-000009-index.htm,https://www.sec.gov/Archives/edgar/data/1385613/000138561309000009/glre10k.htm,1620592621,16:37:01,20210509
13,2008-12-31,GLRE,USD,2008-12-31,2008-12-31,FY,-11177000.0,0.0,0.0,0.0,0.0,13756000.0,0.0,0.0,0.0,110890000.0,0.0,40000.0,-24893000.0,2.2271629238615014,-24933000.0,2.230741701708866,0.0,0.0,0.0,0.0,-120904000.0,10.817213921445827,-3.36,-3.36,35970479,35970479,,,1620592621,16:37:01,20210509
14,2007-12-31,GLRE,USD,2008-03-18,2008-03-18 16:30:53,FY,0.0,0.0,0.0,0.0,0.0,11918000.0,0.0,0.0,2934000.0,2934000.0,0.0,40000.0,40000.0,0.0,0.0,0.0,0.0,0.0,0.0,0.0,0.0,0.0,0.0,0.0,28393955000,28855816000,https://www.sec.gov/Archives/edgar/data/1385613/000095013608001391/0000950136-08-001391-index.htm,https://www.sec.gov/Archives/edgar/data/1385613/000095013608001391/file1.htm,1620592621,16:37:01,20210509
15,2006-12-31,GLRE,USD,2006-12-31,2006-12-31,FY,86148000.0,0.0,0.0,0.0,0.0,9063000.0,0.0,0.0,0.0,29149000.0,0.0,20000.0,57019000.0,0.6618725913544133,56999000.0,0.6616404327436505,0.0,0.0,0.0,0.0,56999000.0,0.6616404327436505,2.67,2.66,21366140,21457443,,,1620592621,16:37:01,20210509
16,2005-12-31,GLRE,USD,2005-12-31,2005-12-31,FY,29257000.0,0.0,0.0,0.0,0.0,0.0,0.0,0.0,0.0,0.0,0.0,2000.0,0.0,0.0,0.0,0.0,27934000.0,0.0,0.0,0.0,26265000.0,0.8977338756536897,1.24,1.24,21226868,21265801,,,1620592621,16:37:01,20210509
17,2004-12-31,GLRE,USD,2004-12-31,2004-12-31,FY,10152000.0,0.0,0.0,0.0,0.0,0.0,0.0,0.0,0.0,0.0,0.0,0.0,0.0,0.0,0.0,0.0,0.0,0.0,0.0,0.0,6775000.0,0.6673561859732072,0.32,0.32,21225000,21234350,,,1620592621,16:37:01,20210509
