,date,symbol,reportedCurrency,fillingDate,acceptedDate,period,revenue,costOfRevenue,grossProfit,grossProfitRatio,researchAndDevelopmentExpenses,generalAndAdministrativeExpenses,sellingAndMarketingExpenses,otherExpenses,operatingExpenses,costAndExpenses,interestExpense,depreciationAndAmortization,ebitda,ebitdaratio,operatingIncome,operatingIncomeRatio,totalOtherIncomeExpensesNet,incomeBeforeTax,incomeBeforeTaxRatio,incomeTaxExpense,netIncome,netIncomeRatio,eps,epsdiluted,weightedAverageShsOut,weightedAverageShsOutDil,link,finalLink,timestamp,est_time,est_date
0,2020-03-31,SVT.L,GBP,2020-03-31,2020-03-31,FY,1843500000,131000000.0,1712500000.0,0.9289395172226743,0.0,0.0,0.0,0.0,1143700000,1274700000,245700000,366900000,935700000,0.5075671277461351,568800000.0,0.30854353132628154,0.0,310700000,0.1685381068619474,151900000.0,158800000,0.08614049362625441,0.6720270842149809,0.6720270842149809,236300000,236300000,https://find-and-update.company-information.service.gov.uk/search/companies?q=Severn+Trent+PLC,https://find-and-update.company-information.service.gov.uk/search/companies?q=Severn+Trent+PLC,1620598481,18:14:41,20210509
1,2019-03-31,SVT.L,GBP,2019-03-31,2019-03-31,FY,1767400000,128500000.0,1638900000.0,0.9272943306551997,0.0,0.0,0.0,0.0,1039700000,1168200000,253500000,345900000,945100000,0.5347402964807061,599200000.0,0.3390290822677379,0.0,384700000,0.21766436573497794,69400000.0,315300000,0.178397646260043,1.334,1.332,236300000,236700000,https://find-and-update.company-information.service.gov.uk/search/companies?q=Severn+Trent+PLC,https://find-and-update.company-information.service.gov.uk/search/companies?q=Severn+Trent+PLC,1620598481,18:14:41,20210509
2,2018-03-31,SVT.L,GBP,2018-03-31,2018-03-31,FY,1694100000,126300000.0,1567800000.0,0.9254471400743758,2100000.0,0.0,0.0,0.0,1007200000,1133500000,284500000,328700000,889300000,0.5249394958975268,560600000.0,0.3309131692344017,0.0,302400000,0.1785018593943687,61900000.0,253700000,0.149755032170474,1.078,1.075,235300000,236100000,https://find-and-update.company-information.service.gov.uk/search/companies?q=Severn+Trent+PLC,https://find-and-update.company-information.service.gov.uk/search/companies?q=Severn+Trent+PLC,1620598481,18:14:41,20210509
3,2017-03-31,SVT.L,GBP,2017-03-31,2017-03-31,FY,1819200000,167600000.0,1651600000.0,0.9078715919085312,2200000.0,3600000.0,0.0,0.0,1113300000,1280900000,277000000,328100000,866400000,0.4762532981530343,538300000.0,0.29589929639401935,0.0,336100000,0.18475153913808268,7100000.0,342800000,0.18843447669305188,1.459,1.453,235000000,236000000,https://find-and-update.company-information.service.gov.uk/search/companies?q=Severn+Trent+PLC,https://find-and-update.company-information.service.gov.uk/search/companies?q=Severn+Trent+PLC,1620598481,18:14:41,20210509
4,2016-03-31,SVT.L,GBP,2016-03-31,2016-03-31,FY,1787300000,174100000.0,1613200000.0,0.902590499636323,3500000.0,2800000.0,0.0,0.0,1066400000,1240500000,282100000,315600000,862400000,0.4825155262127231,546800000.0,0.30593632854025626,0.0,322300000,0.18032786885245902,-9700000.0,330000000,0.18463604319364404,1.398,1.391,236100000,237200000,https://find-and-update.company-information.service.gov.uk/search/companies?q=Severn+Trent+PLC,https://find-and-update.company-information.service.gov.uk/search/companies?q=Severn+Trent+PLC,1620598481,18:14:41,20210509
5,2015-03-31,SVT.L,GBP,2015-03-31,2015-03-31,FY,1801300000,186900000.0,1614400000.0,0.8962416032865153,4600000.0,0.0,0.0,0.0,1045000000,1231900000,320300000,303600000,873000000,0.4846499750180425,569400000.0,0.31610503525231776,0.0,148200000,0.08227391328484983,32700000.0,119100000,0.06611891411758175,0.499,0.496,238800000,239900000,https://find-and-update.company-information.service.gov.uk/search/companies?q=Severn+Trent+PLC,https://find-and-update.company-information.service.gov.uk/search/companies?q=Severn+Trent+PLC,1620598481,18:14:41,20210509
6,2014-03-31,SVT.L,GBP,2014-03-31,2014-03-31,FY,1856700000,245400000.0,1611300000.0,0.8678300210050088,5000000.0,18700000.0,0.0,0.0,1062100000,1307500000,326400000,299300000,848500000,0.4569935907793397,549200000.0,0.29579361232293855,0.0,282700000,0.1522593849302526,-152200000.0,433800000,0.23364032961706252,1.821,1.813,238200000,239300000,https://find-and-update.company-information.service.gov.uk/search/companies?q=Severn+Trent+PLC,https://find-and-update.company-information.service.gov.uk/search/companies?q=Severn+Trent+PLC,1620598481,18:14:41,20210509
7,2013-03-31,SVT.L,GBP,2013-03-31,2013-03-31,FY,1831600000,257400000.0,1574200000.0,0.8594671325616947,5400000.0,3000000.0,0.0,0.0,1040500000,1297900000,320000000,295100000,828800000,0.45250054597073597,533700000.0,0.29138458178641624,0.0,215200000,0.1174929023804324,-15200000.0,227500000,0.1242083424328456,0.957,0.952,237700000,238800000,https://find-and-update.company-information.service.gov.uk/search/companies?q=Severn+Trent+PLC,https://find-and-update.company-information.service.gov.uk/search/companies?q=Severn+Trent+PLC,1620598481,18:14:41,20210509
8,2012-03-31,SVT.L,GBP,2012-03-31,2012-03-31,FY,1770600000,0.0,1770600000.0,1.0,4500000.0,0.0,0.0,-200000.0,1273400000,1273400000,237500000,286800000,784000000,0.44278775556308597,497200000.0,0.28080876539026317,0.0,156700000,0.08850107308257088,-17700000.0,171800000,0.09702925561956399,0.725,0.721,237000000,238200000,https://find-and-update.company-information.service.gov.uk/search/companies?q=Severn+Trent+PLC,https://find-and-update.company-information.service.gov.uk/search/companies?q=Severn+Trent+PLC,1620598481,18:14:41,20210509
9,2011-03-31,SVT.L,GBP,2011-03-31,2011-03-31,FY,1711300000,0.0,1711300000.0,1.0,4500000.0,0.0,0.0,-200000.0,1195700000,1195700000,237300000,276900000,792500000,0.4630982294162333,515600000.0,0.3012914158826623,0.0,253000000,0.147840822766318,-21500000.0,272600000,0.1592941038976217,1.152,1.146,236700000,237800000,https://find-and-update.company-information.service.gov.uk/search/companies?q=Severn+Trent+PLC,https://find-and-update.company-information.service.gov.uk/search/companies?q=Severn+Trent+PLC,1620598481,18:14:41,20210509
10,2010-03-31,SVT.L,GBP,2010-03-31,2010-03-31,FY,1703900000,0.0,1703900000.0,1.0,5600000.0,0.0,0.0,-200000.0,1137100000,1137100000,227700000,261300000,828100000,0.4860026996889489,566800000.0,0.332648629614414,0.0,334400000,0.19625564880568108,82900000.0,249200000,0.14625271436117143,1.056,1.055,236000000,236300000,https://find-and-update.company-information.service.gov.uk/search/companies?q=Severn+Trent+PLC,https://find-and-update.company-information.service.gov.uk/search/companies?q=Severn+Trent+PLC,1620598481,18:14:41,20210509
11,2009-03-31,SVT.L,GBP,2009-03-31,2009-03-31,FY,1642200000,0.0,1642200000.0,1.0,5600000.0,0.0,0.0,0.0,1176500000,1176500000,223100000,247900000,713600000,0.43453903300450614,465700000.0,0.283582998416758,0.0,167600000,0.1020582145901839,223600000.0,-57800000,-0.035196687370600416,-0.24606215410813112,-0.24533106960950765,234900000,235600000,https://find-and-update.company-information.service.gov.uk/search/companies?q=Severn+Trent+PLC,https://find-and-update.company-information.service.gov.uk/search/companies?q=Severn+Trent+PLC,1620598481,18:14:41,20210509
12,2008-03-31,SVT.L,GBP,2008-03-31,2008-03-31,FY,1552400000,0.0,1552400000.0,1.0,4900000.0,0.0,0.0,-200000.0,1084500000,1084500000,211700000,231800000,699700000,0.45072146354032466,467900000.0,0.3014042772481319,0.0,192400000,0.1239371296057717,-18200000.0,209500000,0.13495233187322855,0.897,0.89,233600000,235300000,https://find-and-update.company-information.service.gov.uk/search/companies?q=Severn+Trent+PLC,https://find-and-update.company-information.service.gov.uk/search/companies?q=Severn+Trent+PLC,1620598481,18:14:41,20210509
13,2007-03-31,SVT.L,GBP,2007-03-31,2007-03-31,FY,1480200000,0.0,0.0,0.0,4200000.0,0.0,0.0,-1000000.0,1063800000,1063800000,171400000,232700000,649100000,0.4385218213754898,416400000.0,0.2813133360356709,0.0,325500000,0.21990271584920956,76900000.0,267100000,0.18044858802864477,1.147,1.136,232900000,235100000,https://find-and-update.company-information.service.gov.uk/search/companies?q=Severn+Trent+PLC,https://find-and-update.company-information.service.gov.uk/search/companies?q=Severn+Trent+PLC,1620598481,18:14:41,20210509
14,2006-03-31,SVT.L,GBP,2006-03-31,2006-03-31,FY,1455300000,0.0,1455300000.0,1.0,3900000.0,0.0,0.0,-2200000.0,1066600000,1066600000,168000000,297200000,685900000,0.4713117570260427,388700000.0,0.26709269566412425,0.0,177800000,0.12217412217412217,54200000.0,221600000,0.15227100941386656,1.438499,1.426499,154000077,155333411,https://find-and-update.company-information.service.gov.uk/search/companies?q=Severn+Trent+PLC,https://find-and-update.company-information.service.gov.uk/search/companies?q=Severn+Trent+PLC,1620598481,18:14:41,20210509
15,2005-03-31,SVT.L,GBP,2005-03-31,2005-03-31,FY,2014400000,0.0,2014400000.0,1.0,2700000.0,0.0,0.0,-3600000.0,1618800000,1618800000,168100000,276200000,671800000,0.3334988085782367,395600000.0,0.19638602065131056,0.0,228800000,0.11358220810166798,71500000.0,157400000,0.07813741064336775,0.6855,0.6795,229800114,231466782,https://find-and-update.company-information.service.gov.uk/search/companies?q=Severn+Trent+PLC,https://find-and-update.company-information.service.gov.uk/search/companies?q=Severn+Trent+PLC,1620598481,18:14:41,20210509
16,2004-03-31,SVT.L,GBP,2004-03-31,2004-03-31,FY,2015100000,0.0,2015100000.0,1.0,3200000.0,0.0,0.0,144200000.0,1606200000,1606200000,162900000,291100000,700000000,0.3473773013746216,408900000.0,0.20291796933154682,0.0,254400000,0.12624683638529105,69600000.0,184100000,0.09136023026152548,0.8025,0.7995,229200114,230200115,https://find-and-update.company-information.service.gov.uk/search/companies?q=Severn+Trent+PLC,https://find-and-update.company-information.service.gov.uk/search/companies?q=Severn+Trent+PLC,1620598481,18:14:41,20210509
17,2003-03-31,SVT.L,GBP,2003-03-31,2003-03-31,FY,1852000000,0.0,0.0,0.0,3900000.0,0.0,0.0,137800000.0,1459500000,1459500000,153900000,286600000,679100000,0.36668466522678184,392500000.0,0.2119330453563715,0.0,184400000,0.09956803455723542,84300000.0,99200000,0.05356371490280778,0.4335,0.432,228733447,229666781,https://find-and-update.company-information.service.gov.uk/search/companies?q=Severn+Trent+PLC,https://find-and-update.company-information.service.gov.uk/search/companies?q=Severn+Trent+PLC,1620598481,18:14:41,20210509
18,2002-03-31,SVT.L,GBP,2002-03-31,2002-03-31,FY,1794300000,0.0,1794300000.0,1.0,3500000.0,0.0,0.0,139200000.0,1395400000,1395400000,156200000,281400000,680300000,0.379145070501031,398900000.0,0.22231510895613887,0.0,216300000,0.12054840327704397,58400000.0,157300000,0.08766649947054561,0.6885,0.6855,228468114,229467657,https://find-and-update.company-information.service.gov.uk/search/companies?q=Severn+Trent+PLC,https://find-and-update.company-information.service.gov.uk/search/companies?q=Severn+Trent+PLC,1620598481,18:14:41,20210509
19,2001-03-31,SVT.L,GBP,2001-03-31,2001-03-31,FY,1681600000,0.0,1681600000.0,1.0,3400000.0,0.0,0.0,0.0,1290500000,1290500000,177100000,267400000,658500000,0.39159134157944814,391100000.0,0.23257611798287345,0.0,206200000,0.12262131303520457,64800000.0,141000000,0.08384871550903901,0.618,0.615,228066780,229066781,https://find-and-update.company-information.service.gov.uk/search/companies?q=Severn+Trent+PLC,https://find-and-update.company-information.service.gov.uk/search/companies?q=Severn+Trent+PLC,1620598481,18:14:41,20210509
20,2000-03-31,SVT.L,GBP,2000-03-31,2000-03-31,FY,1566600000,0.0,1566600000.0,1.0,4100000.0,0.0,0.0,0.0,1111900000,1111900000,124700000,252100000,706800000,0.4511681348142474,454700000.0,0.29024639346355163,0.0,274000000,0.1749010596195583,22100000.0,251900000,0.1607940763436742,1.106999,1.102499,227200113,228266780,https://find-and-update.company-information.service.gov.uk/search/companies?q=Severn+Trent+PLC,https://find-and-update.company-information.service.gov.uk/search/companies?q=Severn+Trent+PLC,1620598481,18:14:41,20210509
21,1999-03-31,SVT.L,GBP,1999-03-31,1999-03-31,FY,1364300000,0.0,1364300000.0,1.0,4600000.0,0.0,0.0,0.0,911800000,911800000,101800000,232100000,684600000,0.5017957927142124,452500000.0,0.33167191966576265,0.0,350400000,0.2568350069632779,46600000.0,303800000,0.22267829656233967,1.337999,1.327499,226666780,228400114,https://find-and-update.company-information.service.gov.uk/search/companies?q=Severn+Trent+PLC,https://find-and-update.company-information.service.gov.uk/search/companies?q=Severn+Trent+PLC,1620598481,18:14:41,20210509
22,1998-03-31,SVT.L,GBP,1998-03-31,1998-03-31,FY,1251300000,0.0,0.0,0.0,6000000.0,0.0,0.0,0.0,810900000,810900000,86100000,142400000,582800000,0.46575561416127226,440400000.0,0.35195396787341166,0.0,374000000,0.29888915527851034,359100000.0,14900000,0.011907616079277551,0.0645,0.063,229066781,230933448,https://find-and-update.company-information.service.gov.uk/search/companies?q=Severn+Trent+PLC,https://find-and-update.company-information.service.gov.uk/search/companies?q=Severn+Trent+PLC,1620598481,18:14:41,20210509
23,1997-03-31,SVT.L,GBP,1997-03-31,1997-03-31,FY,1215300000,0.0,1215300000.0,1.0,6300000.0,0.0,0.0,0.0,784000000,784000000,71300000,131600000,562900000,0.4631778161770756,431300000.0,0.3548917962642969,0.0,366500000,0.3015716284045092,49800000.0,316700000,0.2605940919937464,1.376841,1.376841,230090115,230090115,https://find-and-update.company-information.service.gov.uk/search/companies?q=Severn+Trent+PLC,https://find-and-update.company-information.service.gov.uk/search/companies?q=Severn+Trent+PLC,1620598481,18:14:41,20210509
24,1996-03-31,SVT.L,GBP,1996-03-31,1996-03-31,FY,1157500000,0.0,1157500000.0,1.0,6000000.0,0.0,0.0,0.0,741300000,741300000,68600000,125600000,541800000,0.4680777537796976,416200000.0,0.3595680345572354,0.0,373000000,0.3222462203023758,45300000.0,327700000,0.28311015118790495,1.414736,1.414736,231546782,231546782,https://find-and-update.company-information.service.gov.uk/search/companies?q=Severn+Trent+PLC,https://find-and-update.company-information.service.gov.uk/search/companies?q=Severn+Trent+PLC,1620598481,18:14:41,20210509
25,1995-03-31,SVT.L,GBP,1995-03-31,1995-03-31,FY,1076400000,0.0,1076400000.0,1.0,7400000.0,0.0,0.0,0.0,705700000,705700000,66900000,108900000,479600000,0.44555927164622816,370700000.0,0.34438870308435526,0.0,267500000,0.24851356373095504,29500000.0,238000000,0.2211073950204385,1.042105,1.042105,228253447,228253447,https://find-and-update.company-information.service.gov.uk/search/companies?q=Severn+Trent+PLC,https://find-and-update.company-information.service.gov.uk/search/companies?q=Severn+Trent+PLC,1620598481,18:14:41,20210509
26,1994-03-31,SVT.L,GBP,1994-03-31,1994-03-31,FY,998000000,0.0,998000000.0,1.0,8300000.0,0.0,0.0,0.0,672200000,672200000,62800000,94600000,420400000,0.4212424849699399,325800000.0,0.32645290581162323,0.0,281400000,0.28196392785571145,21200000.0,260200000,0.26072144288577154,1.147894,1.147894,226670113,226670113,https://find-and-update.company-information.service.gov.uk/search/companies?q=Severn+Trent+PLC,https://find-and-update.company-information.service.gov.uk/search/companies?q=Severn+Trent+PLC,1620598481,18:14:41,20210509
27,1993-03-31,SVT.L,GBP,1993-03-31,1993-03-31,FY,904600000,0.0,904600000.0,1.0,8200000.0,0.0,0.0,0.0,610700000,610700000,58800000,82300000,376200000,0.41587441963298694,293900000.0,0.32489498120716337,0.0,270100000,0.29858500994914877,22500000.0,247600000,0.27371213796152993,1.103684,1.103684,224390112,224390112,https://find-and-update.company-information.service.gov.uk/search/companies?q=Severn+Trent+PLC,https://find-and-update.company-information.service.gov.uk/search/companies?q=Severn+Trent+PLC,1620598481,18:14:41,20210509
28,1992-03-31,SVT.L,GBP,1992-03-31,1992-03-31,FY,821700000,0.0,0.0,0.0,6400000.0,0.0,0.0,0.0,564400000,564400000,43700000,63300000,320600000,0.39016672751612513,257300000.0,0.31313131313131315,0.0,274000000,0.33345503225021295,24100000.0,249900000,0.3041255932822198,1.114736,1.114736,224073445,224073445,https://find-and-update.company-information.service.gov.uk/search/companies?q=Severn+Trent+PLC,https://find-and-update.company-information.service.gov.uk/search/companies?q=Severn+Trent+PLC,1620598481,18:14:41,20210509
29,1991-03-31,SVT.L,GBP,1991-03-31,1991-03-31,FY,627000000,0.0,627000000.0,1.0,4300000.0,0.0,0.0,0.0,627000000,627000000,19400000,48600000,317300000,0.5060606060606061,0.0,0.39712918660287083,0.0,249000000,0.39712918660287083,20900000.0,218400000,0.34832535885167465,0.97468,0.97468,224073445,224073445,https://find-and-update.company-information.service.gov.uk/search/companies?q=Severn+Trent+PLC,https://find-and-update.company-information.service.gov.uk/search/companies?q=Severn+Trent+PLC,1620598481,18:14:41,20210509
30,1990-03-31,SVT.L,GBP,1990-03-31,1990-03-31,FY,544100000,0.0,544100000.0,1.0,2500000.0,0.0,0.0,0.0,544100000,544100000,54900000,40000000,224800000,0.4131593457085095,0.0,0.23874287814739936,0.0,129900000,0.23874287814739936,11700000.0,109300000,0.20088219077375483,0.975573,0.975573,112036722,112036722,https://find-and-update.company-information.service.gov.uk/search/companies?q=Severn+Trent+PLC,https://find-and-update.company-information.service.gov.uk/search/companies?q=Severn+Trent+PLC,1620598481,18:14:41,20210509
31,1989-03-31,SVT.L,GBP,1989-03-31,1989-03-31,FY,476400000,0.0,476400000.0,1.0,2300000.0,0.0,0.0,0.0,476400000,476400000,86900000,33200000,217600000,0.45675902602854745,0.0,0.20465994962216624,0.0,97500000,0.20465994962216624,0.0,94700000,0.1987825356842989,0.422629,0.422629,224073445,224073445,https://find-and-update.company-information.service.gov.uk/search/companies?q=Severn+Trent+PLC,https://find-and-update.company-information.service.gov.uk/search/companies?q=Severn+Trent+PLC,1620598481,18:14:41,20210509
32,1988-03-31,SVT.L,GBP,1988-03-31,1988-03-31,FY,434500000,0.0,434500000.0,1.0,2400000.0,0.0,0.0,0.0,434500000,434500000,88900000,27100000,212600000,0.48929804372842345,0.0,0.22232451093210587,0.0,96600000,0.22232451093210587,0.0,99800000,0.22968929804372842,0.44539,0.44539,224073445,224073445,https://find-and-update.company-information.service.gov.uk/search/companies?q=Severn+Trent+PLC,https://find-and-update.company-information.service.gov.uk/search/companies?q=Severn+Trent+PLC,1620598481,18:14:41,20210509
33,1987-03-31,SVT.L,GBP,1987-03-31,1987-03-31,FY,402500000,0.0,402500000.0,1.0,2300000.0,0.0,0.0,0.0,402500000,402500000,92500000,23600000,168100000,0.41763975155279504,0.0,0.12919254658385093,0.0,52000000,0.12919254658385093,0.0,18200000,0.04521739130434783,0.081223,0.081223,224073445,224073445,https://find-and-update.company-information.service.gov.uk/search/companies?q=Severn+Trent+PLC,https://find-and-update.company-information.service.gov.uk/search/companies?q=Severn+Trent+PLC,1620598481,18:14:41,20210509
34,1986-03-31,SVT.L,GBP,1986-03-31,1986-03-31,FY,369400000,0.0,369400000.0,1.0,2000000.0,0.0,0.0,0.0,369400000,369400000,95100000,23200000,157300000,0.42582566323768273,0.0,0.10557661072008663,0.0,39000000,0.10557661072008663,0.0,39000000,0.10557661072008663,0.17405,0.17405,224073445,224073445,https://find-and-update.company-information.service.gov.uk/search/companies?q=Severn+Trent+PLC,https://find-and-update.company-information.service.gov.uk/search/companies?q=Severn+Trent+PLC,1620598481,18:14:41,20210509
