,date,symbol,reportedCurrency,fillingDate,acceptedDate,period,revenue,costOfRevenue,grossProfit,grossProfitRatio,researchAndDevelopmentExpenses,generalAndAdministrativeExpenses,sellingAndMarketingExpenses,otherExpenses,operatingExpenses,costAndExpenses,interestExpense,depreciationAndAmortization,ebitda,ebitdaratio,operatingIncome,operatingIncomeRatio,totalOtherIncomeExpensesNet,incomeBeforeTax,incomeBeforeTaxRatio,incomeTaxExpense,netIncome,netIncomeRatio,eps,epsdiluted,weightedAverageShsOut,weightedAverageShsOutDil,link,finalLink,timestamp,est_time,est_date
0,2020-12-31,1368.HK,CNY,2020-12-31,2020-12-31,FY,8171923000,4973498000,3198425000,0.3913919649022635,0.0,1050281000,1537304000,13149000.0,0.0,7366541000,116592000.0,165620000.0,971002000,0.11882172653853934,805382000,0.09855477101289378,0.0,761642000,0.09320229767216358,256620000,513030000,0.06277959300399673,0.2083,0.2064,2462616569,2486060719,https://www1.hkexnews.hk/search/titlesearch.xhtml,https://www1.hkexnews.hk/search/titlesearch.xhtml,1620585196,14:33:16,20210509
1,2019-12-31,1368.HK,CNY,2019-12-31,2019-12-31,FY,8182721000,4632296000,3550425000,0.43389295565619307,0.0,906261000,1718446000,9187000.0,2479172000.0,7111468000,136266000.0,136471000.0,1207724000,0.14759442488629393,1071253000,0.13091647631637446,0.0,1121148000,0.1370140812573226,389701000,727652000,0.08892543201705154,0.3072,0.3019,2368354054,2410501237,https://www1.hkexnews.hk/search/titlesearch.xhtml,https://www1.hkexnews.hk/search/titlesearch.xhtml,1620585196,14:33:16,20210509
2,2018-12-31,1368.HK,CNY,2018-12-31,2018-12-31,FY,6383165000,3554827000,2828338000,0.44309335572556874,0.0,622360000,1357294000,6885000.0,1875578000.0,5430405000,127894000.0,91625000.0,1044385000,0.16361554181977123,952760000,0.1492613773888032,0.0,976168000,0.15292852370258328,306189000,656518000,0.10285148511749266,0.3019,0.295,2174567125,2225372387,https://www1.hkexnews.hk/search/titlesearch.xhtml,https://www1.hkexnews.hk/search/titlesearch.xhtml,1620585196,14:33:16,20210509
3,2017-12-31,1368.HK,CNY,2017-12-31,2017-12-31,FY,5113434000,2868947000,2244487000,0.4389392725123664,0.0,766844000,911447000,7278000.0,1592341000.0,4461288000,103800000.0,68038000.0,720184000,0.14084155579205676,652146000,0.12753582035086403,0.0,670712000,0.13116664847928025,224360000,408139000,0.0798170075139329,0.1881,0.1837,2170073000,2221543000,https://www1.hkexnews.hk/search/titlesearch.xhtml,https://www1.hkexnews.hk/search/titlesearch.xhtml,1620585196,14:33:16,20210509
4,2016-12-31,1368.HK,CNY,2016-12-31,2016-12-31,FY,5396615000,3065309000,2331306000,0.43199412965349576,0.0,662130000,850815000,3106000.0,1459294000.0,4524603000,104316000.0,59298000.0,931310000,0.1725729925147523,872012000,0.16158499355614583,0.0,865583000,0.16039369123052136,292608000,527850000,0.09781131320281325,0.2389,0.2373,2209735000,2224056000,https://www1.hkexnews.hk/search/titlesearch.xhtml,https://www1.hkexnews.hk/search/titlesearch.xhtml,1620585196,14:33:16,20210509
5,2015-12-31,1368.HK,CNY,2015-12-31,2015-12-31,FY,5295117000,3058434000,2236683000,0.42240483071478874,0.0,478070000,982584000,3233000.0,1405170000.0,4463604000,75766000.0,57277000.0,888790000,0.1678508709061575,831513000,0.15703392389629917,0.0,893178000,0.1686795589219275,256607000,622602000,0.11758040473893211,0.2897,0.2878,2148802000,2163535000,https://www1.hkexnews.hk/search/titlesearch.xhtml,https://www1.hkexnews.hk/search/titlesearch.xhtml,1620585196,14:33:16,20210509
6,2014-12-31,1368.HK,CNY,2014-12-31,2014-12-31,FY,4777648000,2830730000,1946918000,0.4075055341038101,0.0,488391000,798619000,2813000.0,1256385000.0,4087115000,69075000.0,45472000.0,736005000,0.15405174261477614,690533000,0.1445340887398988,0.0,770334000,0.16123707732340264,284338000,478005000,0.10005027578423525,0.2195,0.2177,2177346000,2196073000,https://www1.hkexnews.hk/search/titlesearch.xhtml,https://www1.hkexnews.hk/search/titlesearch.xhtml,1620585196,14:33:16,20210509
7,2013-12-31,1368.HK,CNY,2013-12-31,2013-12-31,FY,4343105000,2595502000,1747603000,0.4023856204259395,0.0,415607000,594819000,2203000.0,954087000.0,3549589000,64731000.0,48651000.0,842167000,0.19390896605078625,793516000,0.1827070724746466,0.0,862955000,0.198695403403786,259692000,605966000,0.13952368178987154,0.2784,0.276,2176547000,2195797000,https://www1.hkexnews.hk/search/titlesearch.xhtml,https://www1.hkexnews.hk/search/titlesearch.xhtml,1620585196,14:33:16,20210509
8,2012-12-31,1368.HK,CNY,2012-12-31,2012-12-31,FY,5550265000,3292585000,2257680000,0.40676976684897026,0.0,455109000,738936000,1840000.0,1165673000.0,4458258000,50960000.0,38819000.0,1130826000,0.20374270417718793,1092007000,0.1967486237143632,0.0,1105835000,0.19924003628655568,298715000,810015000,0.1459416802621136,0.3722,0.3715,2176255000,2180389000,https://www1.hkexnews.hk/search/titlesearch.xhtml,https://www1.hkexnews.hk/search/titlesearch.xhtml,1620585196,14:33:16,20210509
9,2011-12-31,1368.HK,CNY,2011-12-31,2011-12-31,FY,5539638000,3281996000,2257642000,0.40754323657971875,0.0,320878000,733736000,0.0,1038345000.0,4320341000,34668000.0,28524000.0,1247821000,0.22525316636213413,1219297000,0.22010409344437307,0.0,1211359000,0.21867114782590488,246006000,966409000,0.17445345706705023,0.4441,0.4433,2176118000,2180081000,https://www1.hkexnews.hk/search/titlesearch.xhtml,https://www1.hkexnews.hk/search/titlesearch.xhtml,1620585196,14:33:16,20210509
10,2010-12-31,1368.HK,CNY,2010-12-31,2010-12-31,FY,4457198000,2645463000,1811735000,0.40647397759758486,0.0,229121000,619790000,0.0,833739000.0,3479202000,0.0,21471000.0,999467000,0.22423661681621504,977996000,0.21941946487456918,0.0,978224000,0.21947061808786597,164540000,813684000,0.1825550491586867,0.3742,0.373,2174540000,2181416000,https://www1.hkexnews.hk/search/titlesearch.xhtml,https://www1.hkexnews.hk/search/titlesearch.xhtml,1620585196,14:33:16,20210509
11,2009-12-31,1368.HK,CNY,2009-12-31,2009-12-31,FY,3545336000,2157549000,1387787000,0.3914401907181717,0.0,174147000,522966000,0.0,686425000.0,2843974000,0.0,16061000.0,717423000,0.20235684290572178,701362000,0.19782666579415886,0.0,702222000,0.1980692380073426,54701000,647521000,0.1826402349452915,0.298,0.298,2173645000,2173645000,https://www1.hkexnews.hk/search/titlesearch.xhtml,https://www1.hkexnews.hk/search/titlesearch.xhtml,1620585196,14:33:16,20210509
12,2008-12-31,1368.HK,CNY,2008-12-31,2008-12-31,FY,2867181000,1802879000,1064302000,0.3712015390726989,0.0,128249000,350529000,-13232000.0,473651000.0,2276530000,0.0,12357000.0,603008000,0.21031389368163364,590651000,0.2060040855460468,0.0,577419000,0.2013890996068961,69247000,508172000,0.17723750262016943,0.2684,0.2581,1893638310,1965360022,https://www1.hkexnews.hk/search/titlesearch.xhtml,https://www1.hkexnews.hk/search/titlesearch.xhtml,1620585196,14:33:16,20210509
13,2007-12-31,1368.HK,CNY,2007-12-31,2007-12-31,FY,1364947000,921804000,443143000,0.32465949227332636,0.0,58707000,119414000,-11947000.0,176007000.0,1097811000,0.0,8581000.0,275717000,0.20199831934866336,267136000,0.19571162836359213,0.0,255189000,0.1869589075619786,33311000,221878000,0.16255429698002927,0.1511,0.1452,1468500007,1528085399,https://www1.hkexnews.hk/search/titlesearch.xhtml,https://www1.hkexnews.hk/search/titlesearch.xhtml,1620585196,14:33:16,20210509
