,date,symbol,reportedCurrency,fillingDate,acceptedDate,period,revenue,costOfRevenue,grossProfit,grossProfitRatio,researchAndDevelopmentExpenses,generalAndAdministrativeExpenses,sellingAndMarketingExpenses,otherExpenses,operatingExpenses,costAndExpenses,interestExpense,depreciationAndAmortization,ebitda,ebitdaratio,operatingIncome,operatingIncomeRatio,totalOtherIncomeExpensesNet,incomeBeforeTax,incomeBeforeTaxRatio,incomeTaxExpense,netIncome,netIncomeRatio,eps,epsdiluted,weightedAverageShsOut,weightedAverageShsOutDil,link,finalLink,timestamp,est_time,est_date
0,2020-03-31,DIAMONDYD.NS,INR,2020-03-31,2020-03-31,FY,13875856000,10596997000,3278859000,0.2362995839680089,0.0,60559000.0,150111000,24000.0,2954604000,13551601000,74223000.0,617412000,941667000,0.06786370512925473,324255000,0.023368288053724397,0.0,336755000,0.024269133378149788,-132441000,469196000,0.03381384182712764,20.01,20.01,23453000,23453000,https://www.nseindia.com/companies-listing/corporate-filings-annual-reports,https://www.nseindia.com/companies-listing/corporate-filings-annual-reports,1620591122,16:12:02,20210509
1,2019-03-31,DIAMONDYD.NS,INR,2019-03-31,2019-03-31,FY,11655294000,8792852000,2862442000,0.24559157409499924,0.0,51255000.0,172288000,6000.0,2405376000,11198228000,6719000.0,376362000,833428000,0.07150639014339749,457066000,0.03921531280120433,0.0,556597000,0.04775486572882675,110184000,446413000,0.038301307543164506,19.03,19.03,23453000,23453000,https://www.nseindia.com/companies-listing/corporate-filings-annual-reports,https://www.nseindia.com/companies-listing/corporate-filings-annual-reports,1620591122,16:12:02,20210509
2,2018-03-31,DIAMONDYD.NS,INR,2018-03-31,2018-03-31,FY,10235484000,7353911000,2881573000,0.2815277714273209,0.0,42706000.0,372767000,12000.0,2310874000,9664785000,22224000.0,304177000,874876000,0.08547480509959275,570699000,0.05575691388897682,0.0,616606000,0.060241997349612386,174833000,441773000,0.04316092917540587,20.7,19.92,21341000,22177000,https://www.nseindia.com/companies-listing/corporate-filings-annual-reports,https://www.nseindia.com/companies-listing/corporate-filings-annual-reports,1620591122,16:12:02,20210509
3,2017-03-31,DIAMONDYD.NS,INR,2017-03-31,2017-03-31,FY,8831134000,6634715000,2196419000,0.24871313242444287,0.0,65032000.0,365254000,423000.0,2024092000,8658807000,43150000.0,254696000,427023000,0.04835426571491272,172327000,0.019513575493249224,0.0,148581000,0.01682467959380981,-57191000,205772000,0.023300744842055392,13.54,9.92,15192000,20737000,https://www.nseindia.com/companies-listing/corporate-filings-annual-reports,https://www.nseindia.com/companies-listing/corporate-filings-annual-reports,1620591122,16:12:02,20210509
4,2016-03-31,DIAMONDYD.NS,INR,2016-03-31,2016-03-31,FY,7571900000,5221500000,2350400000,0.3104108612105284,0.0,53850000.0,891650000,0.0,1962000000,7183500000,45570000.0,179870000,568270000,0.07504985538636273,388400000,0.051294919372944704,0.0,275350000,0.036364716913852534,66750000,208600000,0.02754922806693168,10.947511,10.947511,19054560,19054560,https://www.nseindia.com/companies-listing/corporate-filings-annual-reports,https://www.nseindia.com/companies-listing/corporate-filings-annual-reports,1620591122,16:12:02,20210509
5,2015-03-31,DIAMONDYD.NS,INR,2015-03-31,2015-03-31,FY,5588070000,4039830000,1548240000,0.27706166887673206,0.0,22420000.0,523470000,0.0,1360650000,5400480000,60430000.0,153380000,340970000,0.061017489043623294,187590000,0.03356972979937617,0.0,120470000,0.021558427149266205,75630000,44840000,0.008024237348494202,2.330958,2.145114,19236726,20903318,https://www.nseindia.com/companies-listing/corporate-filings-annual-reports,https://www.nseindia.com/companies-listing/corporate-filings-annual-reports,1620591122,16:12:02,20210509
6,2014-03-31,DIAMONDYD.NS,INR,2014-03-31,2014-03-31,FY,4456150000,3284300000,1171850000,0.2629736431673081,0.0,8860000.0,437480000,0.0,1080410000,4364710000,43230000.0,116750000,208190000,0.04671970198489728,91440000,0.020519955567025346,0.0,49840000,0.011184542710635863,21070000,28770000,0.006456245862459747,1.495577,1.376337,19236726,20903318,https://www.nseindia.com/companies-listing/corporate-filings-annual-reports,https://www.nseindia.com/companies-listing/corporate-filings-annual-reports,1620591122,16:12:02,20210509
7,2013-03-31,DIAMONDYD.NS,INR,2013-03-31,2013-03-31,FY,3437480000,2407840000,1029640000,0.2995333791032966,0.0,12330000.0,339670000,0.0,821360000,3229200000,32060000.0,68190000,276470000,0.08042810430897053,208280000,0.06059089798340645,0.0,178350000,0.05188393823382245,46750000,131600000,0.03828385910608934,6.841081,6.295651,19236726,20903318,https://www.nseindia.com/companies-listing/corporate-filings-annual-reports,https://www.nseindia.com/companies-listing/corporate-filings-annual-reports,1620591122,16:12:02,20210509
8,2012-03-31,DIAMONDYD.NS,INR,2012-03-31,2012-03-31,FY,1726570000,1167280000,559290000,0.3239312625610314,0.0,9290000.0,164300000,0.0,405190000,1572470000,6330000.0,27830000,181930000,0.10537076400030118,154100000,0.08925210098634866,0.0,151520000,0.08775780883485755,25310000,126210000,0.0730986869921289,6.560888,6.037797,19236726,20903318,https://www.nseindia.com/companies-listing/corporate-filings-annual-reports,https://www.nseindia.com/companies-listing/corporate-filings-annual-reports,1620591122,16:12:02,20210509
