,date,symbol,reportedCurrency,fillingDate,acceptedDate,period,revenue,costOfRevenue,grossProfit,grossProfitRatio,researchAndDevelopmentExpenses,generalAndAdministrativeExpenses,sellingAndMarketingExpenses,otherExpenses,operatingExpenses,costAndExpenses,interestExpense,depreciationAndAmortization,ebitda,ebitdaratio,operatingIncome,operatingIncomeRatio,totalOtherIncomeExpensesNet,incomeBeforeTax,incomeBeforeTaxRatio,incomeTaxExpense,netIncome,netIncomeRatio,eps,epsdiluted,weightedAverageShsOut,weightedAverageShsOutDil,link,finalLink,timestamp,est_time,est_date
0,2021-02-28,WTB.L,GBP,2021-02-28,2021-02-28,FY,589400000,72200000.0,517200000.0,0.8775025449609772,0.0,0.0,0.0,12200000.0,0.0,1079300000,153800000,300200000.0,-189700000.0,-0.32185273159144895,-489900000.0,-1.7091957923311842,0.0,-1007400000.0,-1.7091957923311842,-100900000,-906500000,-1.5380047505938241,-4.819,-4.819,188100000,188100000,https://find-and-update.company-information.service.gov.uk/search/companies?q=Whitbread+PLC,https://find-and-update.company-information.service.gov.uk/search/companies?q=Whitbread+PLC,1620599958,18:39:18,20210509
1,2020-02-29,WTB.L,GBP,2020-02-29,2020-02-29,FY,2071500000,208500000.0,1863000000.0,0.8993482983345402,0.0,-2300000.0,0.0,4900000.0,1367500000.0,1576000000,144200000,268800000.0,764300000.0,0.3689596910451364,495500000.0,0.23919864832247165,0.0,280000000.0,0.1351677528361091,62100000,217900000,0.10518947622495776,1.25346,1.245728,173898313,174945893,https://find-and-update.company-information.service.gov.uk/search/companies?q=Whitbread+PLC,https://find-and-update.company-information.service.gov.uk/search/companies?q=Whitbread+PLC,1620599958,18:39:18,20210509
2,2019-02-28,WTB.L,GBP,2019-02-28,2019-02-28,FY,2049100000,204200000.0,1844900000.0,0.9003464935825485,0.0,0.0,0.0,4100000.0,1308600000.0,1512800000,146100000,258300000.0,794600000.0,0.38778000097603826,536300000.0,0.2617246596066566,0.0,218100000.0,0.10643697232931532,41300000,3731400000,1.820994582987653,17.532977,17.447065,212775178,213822758,https://find-and-update.company-information.service.gov.uk/search/companies?q=Whitbread+PLC,https://find-and-update.company-information.service.gov.uk/search/companies?q=Whitbread+PLC,1620599958,18:39:18,20210509
3,2018-02-28,WTB.L,GBP,2018-02-28,2018-02-28,FY,3295100000,385100000.0,2910000000.0,0.8831294953112196,0.0,0.0,0.0,0.0,2006200000.0,2391300000,31700000,232200000.0,1136000000.0,0.34475433219022183,903800000.0,0.2742860611210585,0.0,548400000.0,0.1664289399411247,112000000,438000000,0.13292464568601864,2.059661,2.053991,212658780,213240769,https://find-and-update.company-information.service.gov.uk/search/companies?q=Whitbread+PLC,https://find-and-update.company-information.service.gov.uk/search/companies?q=Whitbread+PLC,1620599958,18:39:18,20210509
4,2017-02-28,WTB.L,GBP,2017-02-28,2017-02-28,FY,3106000000,375600000.0,2730400000.0,0.8790727623953638,0.0,0.0,0.0,-262700000.0,2144900000.0,2520500000,28100000,220100000.0,805600000.0,0.25936896329684483,585500000.0,0.18850611719253058,0.0,515400000.0,0.16593689632968447,99500000,421600000,0.1357372826786864,1.987924,1.983629,212076791,212542382,https://find-and-update.company-information.service.gov.uk/search/companies?q=Whitbread+PLC,https://find-and-update.company-information.service.gov.uk/search/companies?q=Whitbread+PLC,1620599958,18:39:18,20210509
5,2016-02-29,WTB.L,GBP,2016-02-29,2016-02-29,FY,2921800000,368200000.0,2553600000.0,0.873981792045999,0.0,0.0,0.0,-235900000.0,2003100000.0,2371300000,24000000,197600000.0,748100000.0,0.25604079676911495,550500000.0,0.18841125333698405,0.0,487700000.0,0.16691765350126633,100400000,391200000,0.13389006776644535,1.852784,1.838523,211145609,212775178,https://find-and-update.company-information.service.gov.uk/search/companies?q=Whitbread+PLC,https://find-and-update.company-information.service.gov.uk/search/companies?q=Whitbread+PLC,1620599958,18:39:18,20210509
6,2015-02-28,WTB.L,GBP,2015-02-28,2015-02-28,FY,2608100000,332800000.0,2275300000.0,0.8723975307695258,0.0,0.0,0.0,-214500000.0,1776700000.0,2109500000,17800000,168400000.0,667000000.0,0.2557417276944902,498600000.0,0.19117365131705072,0.0,463800000.0,0.1778306046547295,97700000,370100000,0.14190406809554848,1.759569,1.742215,210330824,212425985,https://find-and-update.company-information.service.gov.uk/search/companies?q=Whitbread+PLC,https://find-and-update.company-information.service.gov.uk/search/companies?q=Whitbread+PLC,1620599958,18:39:18,20210509
7,2014-02-28,WTB.L,GBP,2014-02-28,2014-02-28,FY,2294300000,304500000.0,1989800000.0,0.8672797803251536,0.0,0.0,0.0,-189100000.0,1568400000.0,1872900000,19600000,152500000.0,573900000.0,0.25014165540687794,421400000.0,0.18367257987185634,0.0,347000000.0,0.1512443882665737,23600000,327900000,0.14291940897005623,1.572023,1.555528,208584857,210796415,https://find-and-update.company-information.service.gov.uk/search/companies?q=Whitbread+PLC,https://find-and-update.company-information.service.gov.uk/search/companies?q=Whitbread+PLC,1620599958,18:39:18,20210509
8,2013-02-28,WTB.L,GBP,2013-02-28,2013-02-28,FY,2030000000,0.0,2030000000.0,1.0,0.0,0.0,0.0,0.0,1652200000.0,1652200000,25500000,8100000.0,385900000.0,0.19009852216748768,377800000.0,0.18610837438423644,0.0,355300000.0,0.17502463054187192,54000000,303500000,0.14950738916256157,1.468155,1.455869,206722492,208468459,https://find-and-update.company-information.service.gov.uk/search/companies?q=Whitbread+PLC,https://find-and-update.company-information.service.gov.uk/search/companies?q=Whitbread+PLC,1620599958,18:39:18,20210509
9,2012-02-29,WTB.L,GBP,2012-02-29,2012-02-29,FY,1778000000,288400000.0,1489600000.0,0.8377952755905512,0.0,-793800000.0,973600000.0,1400000.0,1149600000.0,1438000000,42600000,109700000.0,449700000.0,0.2529246344206974,340000000.0,0.19122609673790777,0.0,305800000.0,0.1719910011248594,39800000,267300000,0.15033745781777277,1.301829,1.298908,205325719,205791310,https://find-and-update.company-information.service.gov.uk/search/companies?q=Whitbread+PLC,https://find-and-update.company-information.service.gov.uk/search/companies?q=Whitbread+PLC,1620599958,18:39:18,20210509
10,2011-02-28,WTB.L,GBP,2011-02-28,2011-02-28,FY,1599600000,237100000.0,1362500000.0,0.8517754438609653,0.0,-723800000.0,882400000.0,1200000.0,1050200000.0,1287300000,37200000,101200000.0,413500000.0,0.25850212553138285,312300000.0,0.19523630907726933,0.0,271200000.0,0.1695423855963991,49100000,223300000,0.13959739934983745,1.092461,1.088766,204394536,205092923,https://find-and-update.company-information.service.gov.uk/search/companies?q=Whitbread+PLC,https://find-and-update.company-information.service.gov.uk/search/companies?q=Whitbread+PLC,1620599958,18:39:18,20210509
11,2010-02-28,WTB.L,GBP,2010-02-28,2010-02-28,FY,1435000000,213500000.0,1221500000.0,0.8512195121951219,0.0,-706300000.0,822200000.0,1500000.0,958200000.0,1171700000,38300000,95900000.0,359200000.0,0.25031358885017424,263300000.0,0.18348432055749128,0.0,208000000.0,0.14494773519163764,48000000,161000000,0.11219512195121951,0.793572,0.791768,202881365,203346956,https://find-and-update.company-information.service.gov.uk/search/companies?q=Whitbread+PLC,https://find-and-update.company-information.service.gov.uk/search/companies?q=Whitbread+PLC,1620599958,18:39:18,20210509
12,2009-02-28,WTB.L,GBP,2009-02-28,2009-02-28,FY,1334600000,193000000.0,1141600000.0,0.8553873819871123,0.0,-648000000.0,766800000.0,2500000.0,892800000.0,1085800000,32500000,96300000.0,345100000.0,0.25857934961786305,248800000.0,0.18642289824666566,0.0,198600000.0,0.1488086317997902,108300000,91800000,0.06878465457815075,0.453789,0.453273,202299376,202532172,https://find-and-update.company-information.service.gov.uk/search/companies?q=Whitbread+PLC,https://find-and-update.company-information.service.gov.uk/search/companies?q=Whitbread+PLC,1620599958,18:39:18,20210509
13,2008-02-29,WTB.L,GBP,2008-02-29,2008-02-29,FY,1216700000,185500000.0,1031200000.0,0.8475384236048328,0.0,-586400000.0,693900000.0,2300000.0,763400000.0,948900000,30600000,89000000.0,356800000.0,0.29325223966466674,267800000.0,0.22010355880660804,0.0,134600000.0,0.11062710610668201,39000000,557900000,0.45853538259225773,2.532007,2.517316,220341035,221621411,https://find-and-update.company-information.service.gov.uk/search/companies?q=Whitbread+PLC,https://find-and-update.company-information.service.gov.uk/search/companies?q=Whitbread+PLC,1620599958,18:39:18,20210509
14,2007-02-28,WTB.L,GBP,2007-02-28,2007-02-28,FY,1173500000,188500000.0,985000000.0,0.8393694077545804,0.0,-582900000.0,681900000.0,-1200000.0,778500000.0,967000000,40100000,102800000.0,309300000.0,0.2635705155517682,206500000.0,0.17596932253941203,0.0,338000000.0,0.288027268853856,132800000,281800000,0.24013634426927993,1.060415,1.052168,265736177,267831337,https://find-and-update.company-information.service.gov.uk/search/companies?q=Whitbread+PLC,https://find-and-update.company-information.service.gov.uk/search/companies?q=Whitbread+PLC,1620599958,18:39:18,20210509
15,2006-02-28,WTB.L,GBP,2006-02-28,2006-02-28,FY,1491900000,274700000.0,1217200000.0,0.8158723775051947,0.0,-694300000.0,860100000.0,-2400000.0,957800000.0,1232500000,64000000,118800000.0,378200000.0,0.2535022454588109,259400000.0,0.17387224344795227,0.0,92300000.0,0.061867417387224344,44200000,264300000,0.1771566458877941,1.129361,1.120087,234028668,235973749,https://find-and-update.company-information.service.gov.uk/search/companies?q=Whitbread+PLC,https://find-and-update.company-information.service.gov.uk/search/companies?q=Whitbread+PLC,1620599958,18:39:18,20210509
16,2005-02-28,WTB.L,GBP,2005-02-28,2005-02-28,FY,1450500000,288800000.0,1161700000.0,0.8008962426749396,0.0,-675000000.0,807700000.0,-22800000.0,937500000.0,1226300000,74600000,133600000.0,357800000.0,0.24667356084108927,224200000.0,0.15456739055498103,0.0,143200000.0,0.09872457773181662,44100000,167900000,0.11575318855567046,0.747271,0.741729,224694840,226362053,https://find-and-update.company-information.service.gov.uk/search/companies?q=Whitbread+PLC,https://find-and-update.company-information.service.gov.uk/search/companies?q=Whitbread+PLC,1620599958,18:39:18,20210509
17,2004-02-29,WTB.L,GBP,2004-02-29,2004-02-29,FY,1788200000,0.0,1788200000.0,1.0,0.0,0.0,0.0,-28700000.0,1513700000.0,1513700000,55800000,119500000.0,394000000.0,0.22033329605189575,274500000.0,0.1535063192036685,0.0,211700000.0,0.1183872050106252,46900000,164500000,0.09199194720948439,0.735527,0.730908,223633886,225062397,https://find-and-update.company-information.service.gov.uk/search/companies?q=Whitbread+PLC,https://find-and-update.company-information.service.gov.uk/search/companies?q=Whitbread+PLC,1620599958,18:39:18,20210509
18,2003-02-28,WTB.L,GBP,2003-02-28,2003-02-28,FY,1794100000,0.0,1794100000.0,1.0,0.0,0.0,0.0,-3500000.0,1537000000.0,1537000000,60900000,117600000.0,374700000.0,0.20885123460230756,257100000.0,0.14330304888244802,0.0,202400000.0,0.11281422440220723,50000000,152000000,0.08472214480798172,0.68314,0.680765,223103409,223865846,https://find-and-update.company-information.service.gov.uk/search/companies?q=Whitbread+PLC,https://find-and-update.company-information.service.gov.uk/search/companies?q=Whitbread+PLC,1620599958,18:39:18,20210509
19,2002-02-28,WTB.L,GBP,2002-02-28,2002-02-28,FY,2014300000,0.0,2014300000.0,1.0,0.0,0.0,0.0,-31100000.0,1724000000.0,1724000000,68900000,121700000.0,412000000.0,0.2045375564712307,290300000.0,0.14411954525145212,0.0,7000000.0,0.0034751526584917837,59400000,-52600000,-0.026113289976666832,-0.209811,-0.209811,250536641,250536641,https://find-and-update.company-information.service.gov.uk/search/companies?q=Whitbread+PLC,https://find-and-update.company-information.service.gov.uk/search/companies?q=Whitbread+PLC,1620599958,18:39:18,20210509
20,2001-02-28,WTB.L,GBP,2001-02-28,2001-02-28,FY,2594600000,0.0,2594600000.0,1.0,500000.0,0.0,0.0,-39400000.0,2141000000.0,2141000000,93300000,148900000.0,602500000.0,0.23221305788946273,453600000.0,0.1748246357820088,0.0,291900000.0,0.11250289061897788,107800000,184000000,0.07091651892391891,0.49060499696440824,0.49030778098329814,375047138,375274485,https://find-and-update.company-information.service.gov.uk/search/companies?q=Whitbread+PLC,https://find-and-update.company-information.service.gov.uk/search/companies?q=Whitbread+PLC,1620599958,18:39:18,20210509
21,2000-02-29,WTB.L,GBP,2000-02-29,2000-02-29,FY,2951400000,0.0,2951400000.0,1.0,2000000.0,0.0,0.0,-13900000.0,2546800000.0,2546800000,68000000,160000000.0,564600000.0,0.19129904452124416,404600000.0,0.13708748390594294,0.0,256000000.0,0.08673849698448194,75400000,180400000,0.06112353459375212,0.480323,0.479003,375350268,376411221,https://find-and-update.company-information.service.gov.uk/search/companies?q=Whitbread+PLC,https://find-and-update.company-information.service.gov.uk/search/companies?q=Whitbread+PLC,1620599958,18:39:18,20210509
22,1999-02-28,WTB.L,GBP,1999-02-28,1999-02-28,FY,2941400000,0.0,2941400000.0,1.0,3300000.0,0.0,0.0,-30400000.0,2535700000.0,2535700000,64000000,133700000.0,539400000.0,0.1833820629632148,405700000.0,0.13792751750866933,0.0,301100000.0,0.10236622016726729,73600000,227300000,0.07727612701434691,0.608321,0.601723,373076795,376790133,https://find-and-update.company-information.service.gov.uk/search/companies?q=Whitbread+PLC,https://find-and-update.company-information.service.gov.uk/search/companies?q=Whitbread+PLC,1620599958,18:39:18,20210509
23,1998-02-28,WTB.L,GBP,1998-02-28,1998-02-28,FY,3198200000,0.0,3198200000.0,1.0,3600000.0,0.0,0.0,25500000.0,2832200000.0,2832200000,64600000,108900000.0,474900000.0,0.14848977549871803,366000000.0,0.1144393721468326,0.0,380900000.0,0.11909824276155337,82000000,298700000,0.09339628541054343,0.804936,0.797019,370424411,374213532,https://find-and-update.company-information.service.gov.uk/search/companies?q=Whitbread+PLC,https://find-and-update.company-information.service.gov.uk/search/companies?q=Whitbread+PLC,1620599958,18:39:18,20210509
24,1997-02-28,WTB.L,GBP,1997-02-28,1997-02-28,FY,3027200000,0.0,3027200000.0,1.0,5100000.0,0.0,0.0,-28100000.0,2641500000.0,2641500000,50000000,103800000.0,489500000.0,0.16170058139534885,385700000.0,0.12741146934460887,0.0,302800000.0,0.10002642706131078,55800000,246900000,0.08156051797040169,0.67034,0.67034,367468897,367468897,https://find-and-update.company-information.service.gov.uk/search/companies?q=Whitbread+PLC,https://find-and-update.company-information.service.gov.uk/search/companies?q=Whitbread+PLC,1620599958,18:39:18,20210509
25,1996-02-29,WTB.L,GBP,1996-02-29,1996-02-29,FY,2749900000,0.0,2749900000.0,1.0,5400000.0,0.0,0.0,52000000.0,2550000000.0,2550000000,45500000,93300000.0,293200000.0,0.10662205898396306,199900000.0,0.07269355249281792,0.0,285700000.0,0.10389468707953016,63200000,222200000,0.08080293828866504,0.608321,0.608321,364740731,364740731,https://find-and-update.company-information.service.gov.uk/search/companies?q=Whitbread+PLC,https://find-and-update.company-information.service.gov.uk/search/companies?q=Whitbread+PLC,1620599958,18:39:18,20210509
26,1995-02-28,WTB.L,GBP,1995-02-28,1995-02-28,FY,2471800000,0.0,2471800000.0,1.0,5100000.0,0.0,0.0,50200000.0,2322400000.0,2322400000,37400000,83500000.0,232900000.0,0.09422283356258597,149400000.0,0.06044178331580225,0.0,275400000.0,0.11141678129298486,70000000,205100000,0.08297596892952504,0.564775,0.564775,362770388,362770388,https://find-and-update.company-information.service.gov.uk/search/companies?q=Whitbread+PLC,https://find-and-update.company-information.service.gov.uk/search/companies?q=Whitbread+PLC,1620599958,18:39:18,20210509
27,1994-02-28,WTB.L,GBP,1994-02-28,1994-02-28,FY,2360400000,0.0,2360400000.0,1.0,4300000.0,0.0,0.0,46000000.0,2189800000.0,2189800000,39900000,84800000.0,255400000.0,0.1082019996610744,170600000.0,0.07227588544314523,0.0,234000000.0,0.09913573970513473,64600000,165800000,0.07024233180816811,0.460529,0.460529,359360180,359360180,https://find-and-update.company-information.service.gov.uk/search/companies?q=Whitbread+PLC,https://find-and-update.company-information.service.gov.uk/search/companies?q=Whitbread+PLC,1620599958,18:39:18,20210509
28,1993-02-28,WTB.L,GBP,1993-02-28,1993-02-28,FY,2346400000,0.0,2346400000.0,1.0,4600000.0,0.0,0.0,49300000.0,2135000000.0,2135000000,61400000,86900000.0,298300000.0,0.1271309239686328,211400000.0,0.09009546539379475,0.0,177000000.0,0.07543470848960108,64800000,107500000,0.045814865325605185,0.301413,0.301413,371987533,371987533,https://find-and-update.company-information.service.gov.uk/search/companies?q=Whitbread+PLC,https://find-and-update.company-information.service.gov.uk/search/companies?q=Whitbread+PLC,1620599958,18:39:18,20210509
29,1992-02-29,WTB.L,GBP,1992-02-29,1992-02-29,FY,2191200000,0.0,2191200000.0,1.0,5300000.0,0.0,0.0,46000000.0,1962700000.0,1962700000,53000000,82800000.0,311300000.0,0.14206827309236947,228500000.0,0.10428075940124133,0.0,118600000.0,0.05412559328221979,52000000,61500000,0.02806681270536692,0.173502,0.173502,353115739,353115739,https://find-and-update.company-information.service.gov.uk/search/companies?q=Whitbread+PLC,https://find-and-update.company-information.service.gov.uk/search/companies?q=Whitbread+PLC,1620599958,18:39:18,20210509
30,1991-02-28,WTB.L,GBP,1991-02-28,1991-02-28,FY,2059800000,0.0,2059800000.0,1.0,5300000.0,0.0,0.0,38700000.0,2137200000.0,2137200000,49500000,71700000.0,-5700000.0,-0.002767258957180309,-77400000.0,-0.03757646373434314,0.0,291500000.0,0.14151859403825615,71100000,151900000,0.07374502378871735,0.4336615878433106,0.42456914623815234,350273126,357774467,https://find-and-update.company-information.service.gov.uk/search/companies?q=Whitbread+PLC,https://find-and-update.company-information.service.gov.uk/search/companies?q=Whitbread+PLC,1620599958,18:39:18,20210509
31,1990-02-28,WTB.L,GBP,1990-02-28,1990-02-28,FY,2051100000,0.0,2051100000.0,1.0,5100000.0,0.0,0.0,30700000.0,2112500000.0,2112500000,77900000,66100000.0,4700000.0,0.0022914533664862755,-61400000.0,-0.02993515674516113,0.0,265700000.0,0.12954024669689435,65800000,527800000,0.2573253376237141,1.5246970488639318,1.4860542146026376,346167129,355168738,https://find-and-update.company-information.service.gov.uk/search/companies?q=Whitbread+PLC,https://find-and-update.company-information.service.gov.uk/search/companies?q=Whitbread+PLC,1620599958,18:39:18,20210509
32,1989-02-28,WTB.L,GBP,1989-02-28,1989-02-28,FY,1845300000,0.0,1845300000.0,1.0,5300000.0,0.0,0.0,23900000.0,1893100000.0,1893100000,50600000,57900000.0,10100000.0,0.005473364764536932,-47800000.0,-0.025903647103452013,0.0,223200000.0,0.12095594212323199,58100000,161800000,0.0876822196932748,0.470301,0.461652,344035169,354379123,https://find-and-update.company-information.service.gov.uk/search/companies?q=Whitbread+PLC,https://find-and-update.company-information.service.gov.uk/search/companies?q=Whitbread+PLC,1620599958,18:39:18,20210509
33,1988-02-29,WTB.L,GBP,1988-02-29,1988-02-29,FY,1688700000,0.0,1688700000.0,1.0,0.0,0.0,0.0,200300000.0,1688700000.0,1688700000,35800000,51000000.0,274000000.0,0.16225498904482738,0.0,0.11085450346420324,0.0,187200000.0,0.11085450346420324,55300000,132600000,0.07852193995381063,0.403872,0.403872,328321835,328321835,https://find-and-update.company-information.service.gov.uk/search/companies?q=Whitbread+PLC,https://find-and-update.company-information.service.gov.uk/search/companies?q=Whitbread+PLC,1620599958,18:39:18,20210509
34,1987-02-28,WTB.L,GBP,1987-02-28,1987-02-28,FY,1553900000,0.0,0.0,0.0,0.0,0.0,0.0,0.0,1553900000.0,1553900000,36400000,44500000.0,239800000.0,0.15432138490250338,0.0,0.10225883261471137,0.0,158900000.0,0.10225883261471137,48700000,109700000,0.07059656348542377,0.351184,0.351184,312371616,312371616,https://find-and-update.company-information.service.gov.uk/search/companies?q=Whitbread+PLC,https://find-and-update.company-information.service.gov.uk/search/companies?q=Whitbread+PLC,1620599958,18:39:18,20210509
35,1986-02-28,WTB.L,GBP,1986-02-28,1986-02-28,FY,1533000000,0.0,1533000000.0,1.0,0.0,0.0,0.0,164600000.0,1533000000.0,1533000000,41500000,40000000.0,218300000.0,0.14240052185257665,0.0,0.08923679060665363,0.0,136800000.0,0.08923679060665363,36900000,99500000,0.06490541422048271,0.321784,0.321784,309213156,309213156,https://find-and-update.company-information.service.gov.uk/search/companies?q=Whitbread+PLC,https://find-and-update.company-information.service.gov.uk/search/companies?q=Whitbread+PLC,1620599958,18:39:18,20210509
