,date,symbol,reportedCurrency,fillingDate,acceptedDate,period,revenue,costOfRevenue,grossProfit,grossProfitRatio,researchAndDevelopmentExpenses,generalAndAdministrativeExpenses,sellingAndMarketingExpenses,otherExpenses,operatingExpenses,costAndExpenses,interestExpense,depreciationAndAmortization,ebitda,ebitdaratio,operatingIncome,operatingIncomeRatio,totalOtherIncomeExpensesNet,incomeBeforeTax,incomeBeforeTaxRatio,incomeTaxExpense,netIncome,netIncomeRatio,eps,epsdiluted,weightedAverageShsOut,weightedAverageShsOutDil,link,finalLink,timestamp,est_time,est_date
0,2019-12-31,E2E.AX,AUD,2019-12-31,2019-12-31,FY,5228415.6437,4679027.9761,549387.6676,0.10507727484558098,0.0,1687035.3983,0.0,298278.6183,2922649.158,0.0,588741.0791,512379.3891,-1860882.1013,-0.35591701733627035,-2373261.4904,-0.453915995232642,-6602948.901,-9546171.8527,-1.8258249732311733,-180224.0936,-9365947.7591,-1.7913548572569082,-0.020544350451871734,-0.020544350451871734,455889213,455889213,,,1620591380,16:16:20,20210509
1,2018-12-31,E2E.AX,AUD,2018-12-31,2018-12-31,FY,7055826.013,5566279.3992,1489546.6138,0.21110875056380163,0.0,1716841.8815,0.0,333258.7136,2984283.0831,0.0,560126.098,455466.1377,-1039270.3315999999,-0.1472925111369239,-1494736.4693,-0.21184429243947117,27623.9729,-2021018.7022,-0.28643261589449287,0.0,-2021018.7022,-0.28643261589449287,-0.004533,-0.004533,455889213,455889213,,,1620591380,16:16:20,20210509
2,2017-12-31,E2E.AX,AUD,2017-12-31,2017-12-31,FY,6351937.1795,4930930.7692,1421006.4103,0.2237122896753611,0.0,1626420.5128,0.0,2896312.8204,3118358.9743,0.0,453710.2564,463375.641,-1233976.923,-0.1942678096663944,-1697352.564,-0.2672180967843906,2896312.8204,747151.2821,0.117625735423097,0.0,747151.2821,0.117625735423097,0.002933,0.002933,238703788,238703788,,,1620591380,16:16:20,20210509
3,2016-12-31,E2E.AX,AUD,2016-12-31,2016-12-31,FY,7351702.5981,6089255.1133,1262447.4848,0.17172178389347134,0.0,1929145.937,0.0,133184.0796,3286373.6871,0.0,505444.9972,692772.2498,-1331153.9525000001,-0.1810674377448332,-2023926.2023,-0.27530033693461303,1731844.942,-795703.4273,-0.10823389775120179,0.0,-795703.4273,-0.10823389775120179,-0.013244,-0.013244,198519102,198519102,,,1620591380,16:16:20,20210509
4,2015-12-31,E2E.AX,AUD,2015-12-31,2015-12-31,FY,6414854.9138,5444240.3504,970614.5634,0.15130732907332928,0.0,2051438.5436,0.0,72866.1375,4131902.5459,0.0,338868.0537,476084.0406,-2685203.9419,-0.418591531372508,-3161287.9825,-0.4928074017230316,-232485.6281,-3731323.5697,-0.5816692068394197,0.0,-3731323.5697,-0.5816692068394197,-0.015556,-0.015556,182318712,182318712,,,1620591380,16:16:20,20210509
5,2014-12-31,E2E.AX,AUD,2014-12-31,2014-12-31,FY,7808449.1587,5260985.1256,2547464.0331,0.32624455654701584,0.0,1633791.7581,0.0,75195.0744,2710346.2571,0.0,461442.3311,274702.5116,111820.28760000004,0.014320422061711495,-162882.224,-0.020859740607841477,-9104370.8852,-9728163.8625,-1.2458509576976753,449803.7064,-10177967.5689,-1.303455700618853,0.004533,0.004533,178094818,178094818,,,1620591380,16:16:20,20210509
6,2013-12-31,E2E.AX,AUD,2013-12-31,2013-12-31,FY,12078787.4385,2136550.0671,9942237.3714,0.8231155173498669,0.0,2391560.1251999997,84393.1605,-2490999.106,6313141.4841,0.0,443481.2249,2055120.6974,5684216.5847,0.4705949677185388,3629095.8873,0.30045200362849317,-19559250.1118,-16373635.4493,-1.3555694669409095,-3555581.1355,-12818054.3138,-1.0612037324991461,-0.040267,-0.040267,175526763,175526763,,,1620591380,16:16:20,20210509
7,2012-12-31,E2E.AX,AUD,2012-12-31,2012-12-31,FY,15269113.0586,0.0,15269113.0586,1.0,0.0,3898091.2943,0.0,-2301025.6164,8338426.4253,0.0,225874.4222,2026005.393,8956692.0263,0.5865888864615706,6930686.6333,0.4539023718470956,-2301025.6164,4418105.7396,0.28934920598492764,1833518.8752,2584586.8644,0.16926895848375992,0.016533,0.0144,164129774,188415003,,,1620591380,16:16:20,20210509
8,2011-12-31,E2E.AX,AUD,2011-12-31,2011-12-31,FY,7585681.3706,1322464.553,6263216.8176,0.8256630501083915,0.0,2169644.5451,0.0,-1280015.7542,3278274.9114,0.0,319809.9646,1045533.6747,4030475.5809,0.5313267700013089,2984941.9062,0.3934968739616204,-1280015.7542,1430878.2985,0.1886288427623243,628719.9684,802158.3301,0.10574637806551479,0.005778,0.004711,138864546,170269457,,,1620591380,16:16:20,20210509
