,date,symbol,reportedCurrency,fillingDate,acceptedDate,period,revenue,costOfRevenue,grossProfit,grossProfitRatio,researchAndDevelopmentExpenses,generalAndAdministrativeExpenses,sellingAndMarketingExpenses,otherExpenses,operatingExpenses,costAndExpenses,interestExpense,depreciationAndAmortization,ebitda,ebitdaratio,operatingIncome,operatingIncomeRatio,totalOtherIncomeExpensesNet,incomeBeforeTax,incomeBeforeTaxRatio,incomeTaxExpense,netIncome,netIncomeRatio,eps,epsdiluted,weightedAverageShsOut,weightedAverageShsOutDil,link,finalLink,timestamp,est_time,est_date
0,2020-12-31,FCNCA,USD,2021-02-24,2021-02-24,FY,1864919000,0.0,1484026000.0,1.0,0.0,791935000,10010000.0,0.0,0.0,0.0,95857000,14255000.0,632137000.0,0.33896217476469487,617882000.0,0.33131841114815175,0.0,617882000,0.33131841114815175,126159000,491723000,0.263669896655029,44.13606592544522,44.13606592544522,9816405.0,9816405.0,https://www.sec.gov/Archives/edgar/data/798941/000079894121000014/0000798941-21-000014-index.htm,https://www.sec.gov/Archives/edgar/data/798941/000079894121000014/fcnca-20201231.htm,1620591984,16:26:24,20210509
1,2019-12-31,FCNCA,USD,2020-02-26 00:00:00,2020-02-26 09:59:39,FY,1727230000,0.0,1727230000.0,1.0,0.0,1135182000,0.0,0.0,1227824000.0,0.0,92642000,127689000.00000001,719737000.0,0.41670014995107774,592048000.0,0.34277311070326477,0.0,592048000,0.34277311070326477,134677000,457371000,0.2648002871649983,41.0527,41.0527,11141070.0,11141070.0,https://www.sec.gov/Archives/edgar/data/798941/000079894120000014/0000798941-20-000014-index.html,https://www.sec.gov/Archives/edgar/data/798941/000079894120000014/fcnca10k12312019.htm,1620591984,16:26:24,20210509
2,2018-12-31,FCNCA,USD,2019-02-20 00:00:00,2019-02-20 14:11:35,FY,1609049000,36857000.0,1609049000.0,1.0,0.0,1105439000,0.0,0.0,1142296000.0,0.0,36857000,120429000.0,624039000.0,0.3878309485913729,503610000.0,0.3129861178870252,0.0,503610000,0.3129861178870252,103297000,400313000,0.24878857014298508,33.53143,33.53143,11938440.0,11938440.0,https://www.sec.gov/Archives/edgar/data/798941/000079894119000009/0000798941-19-000009-index.html,https://www.sec.gov/Archives/edgar/data/798941/000079894119000009/fcnca_10kx12312018.htm,1620591984,16:26:24,20210509
3,2017-12-31,FCNCA,USD,2018-02-21 00:00:00,2018-02-21 15:48:02,FY,1581859000,43794000.0,1581859000.0,1.0,0.0,1038161000,0.0,0.0,1081955000.0,0.0,43794000,113646000.0,657344000.0,0.4155515757093394,543698000.0,0.3437082571834784,0.0,543698000,0.3437082571834784,219946000,323752000,0.20466552328620946,26.95595,26.95595,12010410.0,12010410.0,https://www.sec.gov/Archives/edgar/data/798941/000079894118000006/0000798941-18-000006-index.html,https://www.sec.gov/Archives/edgar/data/798941/000079894118000006/fcnca_10kx12312017.htm,1620591984,16:26:24,20210509
4,2016-12-31,FCNCA,USD,2017-02-22 00:00:00,2017-02-22 15:06:13,FY,1321774000,43082000.0,1321774000.0,1.0,0.0,970707000,0.0,0.0,1013789000.0,0.0,43082000,110585000.00000001,461652000.0,0.3492669699963836,351067000.0,0.2656028942920651,0.0,351067000,0.2656028942920651,125585000,225482000,0.17059043376553026,18.77388,18.77388,12010410.0,12010410.0,https://www.sec.gov/Archives/edgar/data/798941/000079894117000007/0000798941-17-000007-index.html,https://www.sec.gov/Archives/edgar/data/798941/000079894117000007/fcnca_10kx12312016.htm,1620591984,16:26:24,20210509
5,2015-12-31,FCNCA,USD,2016-02-24 00:00:00,2016-02-24 11:25:09,FY,1391993000,44304000.0,1391993000.0,1.0,0.0,1059579000,0.0,0.0,1103883000.0,0.0,44304000,110610999.99999999,443025000.0,0.31826668668592445,332414000.0,0.23880436180354356,0.0,332414000,0.23880436180354356,122028000,210386000,0.15114012785983838,17.51697,17.51697,12010410.0,12010410.0,https://www.sec.gov/Archives/edgar/data/798941/000079894116000034/0000798941-16-000034-index.html,https://www.sec.gov/Archives/edgar/data/798941/000079894116000034/fcnca_10kx12312015.htm,1620591984,16:26:24,20210509
6,2014-12-31,FCNCA,USD,2015-02-25,2015-02-25 15:51:25,FY,1050500000,50400000.0,1050500000.0,1.0,0.0,846900000,0.0,0.0,897300000.0,0.0,50400000,82435999.99999999,286036000.0,0.2722855782960495,203600000.0,0.19381247025226084,0.0,203600000,0.19381247025226084,65032000,138600000,0.1319371727748691,13.58824,13.58824,10200000.0,10200000.0,https://www.sec.gov/Archives/edgar/data/798941/000079894115000009/fcnca_10kx12312014.htm,https://www.sec.gov/Archives/edgar/data/798941/000079894115000009/fcnca_10kx12312014.htm,1620591984,16:26:24,20210509
7,2013-12-31,FCNCA,USD,2014-02-26,2014-02-26 12:50:11,FY,1003800000,56600000.0,1003800000.0,1.0,0.0,739100000,0.0,0.0,795700000.0,0.0,56600000,70800000.0,335500000.0,0.3342299262801355,264700000.0,0.2636979477983662,0.0,264700000,0.2636979477983662,96965000,167700000,0.16706515242080094,17.46875,17.46875,9600000.0,9600000.0,https://www.sec.gov/Archives/edgar/data/798941/000079894114000011/fcnca_10kx12312013.htm,https://www.sec.gov/Archives/edgar/data/798941/000079894114000011/fcnca_10kx12312013.htm,1620591984,16:26:24,20210509
8,2012-12-31,FCNCA,USD,2013-03-01 00:00:00,2013-03-01 15:29:33,FY,1104000000,90100000.0,1104000000.0,1.0,0.0,909800000,0.0,0.0,999900000.0,0.0,90100000,68900000.0,263100000.0,0.23831521739130435,194200000.0,0.17590579710144927,0.0,194200000,0.17590579710144927,59822000,134300000,0.12164855072463768,13.16667,13.16667,10200000.0,10200000.0,https://www.sec.gov/Archives/edgar/data/798941/000079894113000007/0000798941-13-000007-index.html,https://www.sec.gov/Archives/edgar/data/798941/000079894113000007/fcnca_10kx12312012.htm,1620591984,16:26:24,20210509
9,2011-12-31,FCNCA,USD,2012-03-07 00:00:00,2012-03-07 16:55:39,FY,1335400000,144200000.0,1335400000.0,1.0,0.0,1025200000,0.0,0.0,1169400000.0,0.0,144200000,65200000.0,375300000.0,0.28103938894713193,310100000.0,0.2322150666466976,0.0,310100000,0.2322150666466976,115103000,195000000,0.14602366332185113,18.75,18.75,10400000.0,10400000.0,https://www.sec.gov/Archives/edgar/data/798941/000079894112000008/0000798941-12-000008-index.html,https://www.sec.gov/Archives/edgar/data/798941/000079894112000008/fcnca_10kx12312011.htm,1620591984,16:26:24,20210509
10,2010-12-31,FCNCA,USD,2011-03-01,2011-03-01 12:59:11,FY,1180400000,195100000.0,1180400000.0,1.0,0.0,876900000,0.0,0.0,1072000000.0,0.0,195100000,69000000.0,372600000.0,0.3156557099288377,303600000.0,0.2572009488309048,0.0,303600000,0.2572009488309048,110518000,193000000,0.1635038969840732,18.55769,18.55769,10400000.0,10400000.0,https://www.sec.gov/Archives/edgar/data/798941/000119312511051609/d10k.htm,https://www.sec.gov/Archives/edgar/data/798941/000119312511051609/d10k.htm,1620591984,16:26:24,20210509
11,2009-12-31,FCNCA,USD,2010-03-01 00:00:00,2010-03-01 17:15:13,FY,920100000,227600000.0,920100000.0,1.0,0.0,737100000,0.0,0.0,964700000.0,0.0,227600000,59600000.0,242700000.0,0.263775676556896,183100000.0,0.19900010868383872,0.0,183100000,0.19900010868383872,66800000,116300000,0.12639930442343222,11.18269,11.18269,10400000.0,10400000.0,https://www.sec.gov/Archives/edgar/data/798941/000119312510044890/0001193125-10-044890-index.html,https://www.sec.gov/Archives/edgar/data/798941/000119312510044890/d10k.htm,1620591984,16:26:24,20210509
12,2008-12-31,FCNCA,USD,2009-02-27 00:00:00,2009-02-27 17:10:29,FY,811900000,314900000.0,811900000.0,1.0,0.0,672300000,0.0,0.0,987200000.0,0.0,314900000,55900000.0,195500000.0,0.24079320113314448,139600000.0,0.17194235743318143,0.0,139600000,0.17194235743318143,48500000,91100000,0.1122059366917108,8.75962,8.75962,10400000.0,10400000.0,https://www.sec.gov/Archives/edgar/data/798941/000119312509041176/0001193125-09-041176-index.html,https://www.sec.gov/Archives/edgar/data/798941/000119312509041176/d10k.htm,1620591984,16:26:24,20210509
13,2007-12-31,FCNCA,USD,2008-02-28,2008-02-28 16:25:41,FY,775800000,423700000.0,775800000.0,1.0,0.0,608300000,0.0,0.0,1032000000.0,0.0,423700000,53900000.0,221500000.0,0.2855117298272751,167600000.0,0.2160350605826244,0.0,167600000,0.2160350605826244,58900000,108600000,0.139984532095901,10.44231,10.44231,10400000.0,10400000.0,https://www.sec.gov/Archives/edgar/data/798941/000119312508041808/d10k.htm,https://www.sec.gov/Archives/edgar/data/798941/000119312508041808/d10k.htm,1620591984,16:26:24,20210509
14,2006-12-31,FCNCA,USD,2007-02-28,2007-02-28 14:30:21,FY,750800000,353700000.0,750800000.0,1.0,0.0,554900000,0.0,0.0,908600000.0,0.0,353700000,50599999.99999999,246500000.0,0.3283164624400639,195900000.0,0.26092168353755996,0.0,195900000,0.26092168353755996,69500000,126500000,0.16848694725625998,12.16346,12.16346,10400000.0,10400000.0,https://www.sec.gov/Archives/edgar/data/798941/000119312507042406/d10k.htm,https://www.sec.gov/Archives/edgar/data/798941/000119312507042406/d10k.htm,1620591984,16:26:24,20210509
15,2005-12-31,FCNCA,USD,2006-03-14,2006-03-14 16:02:23,FY,711200000,218200000.0,711200000.0,1.0,0.0,532500000,0.0,0.0,750700000.0,0.0,218200000,47600000.0,226300000.0,0.3181946006749156,178700000.0,0.2512654668166479,0.0,178700000,0.2512654668166479,65800000,112900000,0.15874578177727783,10.85577,10.85577,10400000.0,10400000.0,https://www.sec.gov/Archives/edgar/data/798941/000119312506053680/d10k.htm,https://www.sec.gov/Archives/edgar/data/798941/000119312506053680/d10k.htm,1620591984,16:26:24,20210509
16,2004-12-31,FCNCA,USD,2005-03-11,2005-03-11 12:45:50,FY,638300000,133800000.0,638300000.0,1.0,0.0,514100000,0.0,0.0,647900000.0,0.0,133800000,46199999.99999999,170400000.0,0.2669591101362995,124200000.0,0.19457935140216198,0.0,124200000,0.19457935140216198,49400000,74800000,0.11718627604574651,7.19231,7.19231,10400000.0,10400000.0,https://www.sec.gov/Archives/edgar/data/798941/000119312505047499/d10k.htm,https://www.sec.gov/Archives/edgar/data/798941/000119312505047499/d10k.htm,1620591984,16:26:24,20210509
17,2003-12-31,FCNCA,USD,2004-03-15,2004-03-15 14:15:48,FY,605800000,148500000.0,605800000.0,1.0,0.0,489300000,0.0,0.0,637800000.0,0.0,148500000,44200000.0,160800000.0,0.26543413667877186,116600000.0,0.19247276328821394,0.0,116600000,0.19247276328821394,41400000,75200000,0.12413337735226147,7.1619,7.1619,10500000.0,10500000.0,https://www.sec.gov/Archives/edgar/data/798941/000119312504042010/d10k.htm,https://www.sec.gov/Archives/edgar/data/798941/000119312504042010/d10k.htm,1620591984,16:26:24,20210509
18,2002-12-31,FCNCA,USD,2002-12-31,2002-12-31,FY,603600000,214000000.0,603600000.0,1.0,0.0,460000000,0.0,0.0,674000000.0,0.0,214000000,40400000.0,183900000.0,0.30467196819085485,143500000.0,0.237740225314778,0.0,143500000,0.237740225314778,50800000,92800000,0.15374420145791914,8.8381,8.8381,10500000.0,10500000.0,,,1620591984,16:26:24,20210509
19,2001-12-31,FCNCA,USD,2001-12-31,2001-12-31,FY,584500000,346500000.0,584500000.0,1.0,0.0,446700000,0.0,0.0,793200000.0,0.0,346500000,45900000.0,183600000.0,0.314114627887083,137700000.0,0.23558597091531222,0.0,137700000,0.23558597091531222,50800000,86900000,0.14867408041060737,8.27619,8.27619,10500000.0,10500000.0,,,1620591984,16:26:24,20210509
20,2000-12-31,FCNCA,USD,2000-12-31,2000-12-31,FY,567500000,342800000.0,567500000.0,1.0,0.0,410300000,0.0,0.0,753100000.0,0.0,342800000,41600000.0,198900000.0,0.3504845814977974,157300000.0,0.2771806167400881,0.0,157300000,0.2771806167400881,58900000,98300000,0.173215859030837,9.27358,9.27358,10600000.0,10600000.0,,,1620591984,16:26:24,20210509
21,1999-12-31,FCNCA,USD,1999-12-31,1999-12-31,FY,517600000,281500000.0,517600000.0,1.0,0.0,387300000,0.0,0.0,668800000.0,0.0,281500000,43000000.0,173400000.0,0.33500772797527045,130400000.0,0.25193199381761977,0.0,130400000,0.25193199381761977,48600000,81800000,0.1580370942812983,7.71698,7.71698,10600000.0,10600000.0,,,1620591984,16:26:24,20210509
22,1998-12-31,FCNCA,USD,1998-12-31,1998-12-31,FY,473500000,292100000.0,473500000.0,1.0,0.0,362800000,0.0,0.0,654900000.0,0.0,292100000,38600000.0,149300000.0,0.315311510031679,110700000.0,0.2337909186906019,0.0,110700000,0.2337909186906019,39700000,71000000,0.14994720168954592,6.69811,6.69811,10600000.0,10600000.0,,,1620591984,16:26:24,20210509
23,1997-12-31,FCNCA,USD,1997-12-31,1997-12-31,FY,419600000,268000000.0,419600000.0,1.0,0.0,309500000,0.0,0.0,577500000.0,0.0,268000000,28300000.0,138400000.0,0.32983794089609153,110100000.0,0.26239275500476644,0.0,110100000,0.26239275500476644,39500000,70600000,0.1682554814108675,6.24779,6.24779,11300000.0,11300000.0,,,1620591984,16:26:24,20210509
24,1996-12-31,FCNCA,USD,1996-12-31,1996-12-31,FY,389200000,248300000.0,389200000.0,1.0,0.0,287600000,0.0,0.0,535900000.0,0.0,248300000,25099999.999999996,126800000.0,0.32579650565262075,101700000.0,0.2613052415210689,0.0,101700000,0.2613052415210689,36200000,65500000,0.16829393627954778,5.79646,5.79646,11300000.0,11300000.0,,,1620591984,16:26:24,20210509
25,1995-12-31,FCNCA,USD,1995-12-31,1995-12-31,FY,338500000,224700000.0,338500000.0,1.0,0.0,251300000,0.0,0.0,476000000.0,0.0,224700000,22799999.999999996,110100000.0,0.3252584933530281,87300000.0,0.25790251107828654,0.0,87300000,0.25790251107828654,30400000,56900000,0.16809453471196456,5.36792,5.36792,10600000.0,10600000.0,,,1620591984,16:26:24,20210509
26,1994-12-31,FCNCA,USD,1994-12-31,1994-12-31,FY,311200000,0.0,0.0,0.0,0.0,113800000,0.0,0.0,0.0,0.0,148100000,47300000.0,0.0,0.0,0.0,0.25032133676092544,0.0,77900000,0.25032133676092544,26900000,51000000,0.16388174807197944,5.13,5.13,9941520.0,9941520.0,,,1620591984,16:26:24,20210509
27,1993-12-31,FCNCA,USD,1993-12-31,1993-12-31,FY,312600000,0.0,0.0,0.0,0.0,106100000,0.0,0.0,0.0,0.0,138000000,33800000.0,0.0,0.0,0.0,0.2693538067818298,0.0,84200000,0.2693538067818298,28600000,55600000,0.17786308381317978,5.73,5.73,9703316.0,9703316.0,,,1620591984,16:26:24,20210509
28,1992-12-31,FCNCA,USD,1992-12-31,1992-12-31,FY,294100000,0.0,0.0,0.0,0.0,98000000,0.0,0.0,0.0,0.0,170600000,12700000.0,0.0,0.0,0.0,0.2635158109486569,0.0,77500000,0.2635158109486569,25700000,51800000,0.17613056783407005,5.45,5.45,9504587.0,9504587.0,,,1620591984,16:26:24,20210509
29,1991-12-31,FCNCA,USD,1991-12-31,1991-12-31,FY,246500000,0.0,0.0,0.0,0.0,93500000,0.0,0.0,0.0,0.0,245700000,15300000.0,0.0,0.0,0.0,0.17525354969574036,0.0,43200000,0.17525354969574036,14000000,29200000,0.11845841784989858,3.12,3.12,9358974.0,9358974.0,,,1620591984,16:26:24,20210509
30,1990-12-31,FCNCA,USD,1990-12-31,1990-12-31,FY,211800000,0.0,0.0,0.0,0.0,84000000,0.0,0.0,0.0,0.0,208900000,14300000.0,0.0,0.0,0.0,0.19924457034938622,0.0,42200000,0.19924457034938622,13800000,28400000,0.13408876298394712,3.05,3.05,9311475.0,9311475.0,,,1620591984,16:26:24,20210509
