,date,symbol,reportedCurrency,fillingDate,acceptedDate,period,revenue,costOfRevenue,grossProfit,grossProfitRatio,researchAndDevelopmentExpenses,generalAndAdministrativeExpenses,sellingAndMarketingExpenses,otherExpenses,operatingExpenses,costAndExpenses,interestExpense,depreciationAndAmortization,ebitda,ebitdaratio,operatingIncome,operatingIncomeRatio,totalOtherIncomeExpensesNet,incomeBeforeTax,incomeBeforeTaxRatio,incomeTaxExpense,netIncome,netIncomeRatio,eps,epsdiluted,weightedAverageShsOut,weightedAverageShsOutDil,link,finalLink,timestamp,est_time,est_date
0,2020-03-31,TYME,USD,2020-05-22,2020-05-22 07:31:37,FY,0.0,0.0,0.0,0.0,12955879.0,12804493.0,0.0,0.0,25760372.0,25760372.0,114243.0,5182.0,-25755190.0,0.0,-25760372.0,0.0,3644601.0,-22000556.0,0.0,0.0,-22000556.0,0.0,-0.19,-0.19,114533102,114533102,https://www.sec.gov/Archives/edgar/data/1537917/000156459020026661/0001564590-20-026661-index.htm,https://www.sec.gov/Archives/edgar/data/1537917/000156459020026661/tyme-10k_20200331.htm,1620599177,18:26:17,20210509
1,2019-03-31,TYME,USD,2019-06-12,2019-06-12 07:30:33,FY,0.0,0.0,0.0,0.0,14719481.0,14586165.0,0.0,82562.0,29305646.0,29305646.0,0.0,8420.0,-29297226.0,0.0,-29305646.0,0.0,-3677469.0,-32983115.0,0.0,0.0,-32983115.0,0.0,-0.32,-0.32,102354050,102354050,https://www.sec.gov/Archives/edgar/data/1537917/000156459019022300/0001564590-19-022300-index.htm,https://www.sec.gov/Archives/edgar/data/1537917/000156459019022300/tyme-10k_20190331.htm,1620599177,18:26:17,20210509
2,2018-03-31,TYME,USD,2018-06-13,2018-06-13 16:07:08,FY,0.0,0.0,0.0,0.0,8839661.0,10520217.0,0.0,390385.0,19359878.0,19359878.0,0.0,4296.0,-19355582.0,0.0,-19359878.0,0.0,390385.0,-18969493.0,0.0,0.0,-18969493.0,0.0,-0.21,-0.21,90567476,90567476,https://www.sec.gov/Archives/edgar/data/1537917/000119312518191626/0001193125-18-191626-index.htm,https://www.sec.gov/Archives/edgar/data/1537917/000119312518191626/d574128d10k.htm,1620599177,18:26:17,20210509
3,2017-03-31,TYME,USD,2017-06-12,2017-06-12 17:31:01,FY,0.0,0.0,0.0,0.0,6111587.0,9095194.0,0.0,0.0,15206781.0,15206781.0,0.0,4281.0,-15202500.0,0.0,-15206781.0,0.0,0.0,-15206781.0,0.0,0.0,-15206781.0,0.0,-0.18,-0.18,84454587,84454587,https://www.sec.gov/Archives/edgar/data/1537917/000116169717000284/0001161697-17-000284-index.htm,https://www.sec.gov/Archives/edgar/data/1537917/000116169717000284/form_10-k.htm,1620599177,18:26:17,20210509
4,2015-12-31,TYME,USD,2016-03-30,2016-03-30 17:19:50,FY,0.0,0.0,0.0,0.0,3823966.0,4775806.0,0.0,376255.0,8599772.0,8599772.0,3503301.0,4292.0,-8595480.0,0.0,-8599772.0,0.0,376255.0,-11726818.0,0.0,0.0,-11726818.0,0.0,-0.15,-0.15,77848850,77848850,https://www.sec.gov/Archives/edgar/data/1537917/000116169716000766/0001161697-16-000766-index.htm,https://www.sec.gov/Archives/edgar/data/1537917/000116169716000766/form_10-k.htm,1620599177,18:26:17,20210509
5,2014-11-30,TYME,USD,2015-02-27,2015-02-27 16:48:59,FY,0.0,0.0,0.0,0.0,0.0,53913.0,0.0,0.0,53913.0,53913.0,0.0,0.0,-53913.0,0.0,-53913.0,0.0,0.0,-53913.0,0.0,0.0,-53913.0,0.0,-0.001037,-0.001037,52000800,52000800,https://www.sec.gov/Archives/edgar/data/1537917/000116169715000108/0001161697-15-000108-index.htm,https://www.sec.gov/Archives/edgar/data/1537917/000116169715000108/form_10-k.htm,1620599177,18:26:17,20210509
6,2013-11-30,TYME,USD,2014-02-28,2014-02-28 13:18:08,FY,0.0,0.0,0.0,0.0,0.0,56586.0,0.0,0.0,56586.0,56586.0,0.0,0.0,-56586.0,0.0,-56586.0,0.0,0.0,-56586.0,0.0,0.0,-56586.0,0.0,-0.001088,-0.001088,52000800,52000800,https://www.sec.gov/Archives/edgar/data/1537917/000116169714000090/0001161697-14-000090-index.htm,https://www.sec.gov/Archives/edgar/data/1537917/000116169714000090/form_10-k.htm,1620599177,18:26:17,20210509
7,2012-11-30,TYME,USD,2012-12-31,2012-12-31 12:40:58,FY,0.0,0.0,0.0,0.0,0.0,27429.0,0.0,0.0,27429.0,27429.0,0.0,0.0,-27429.0,0.0,-27429.0,0.0,0.0,-27429.0,0.0,0.0,-27429.0,0.0,-0.0005762835403260442,-0.0005762835403260442,47596362,47596362,https://www.sec.gov/Archives/edgar/data/1537917/000116169712000985/0001161697-12-000985-index.htm,https://www.sec.gov/Archives/edgar/data/1537917/000116169712000985/form_10-k.htm,1620599177,18:26:17,20210509
8,2011-11-30,TYME,USD,2011-11-30,2011-11-30,FY,0.0,0.0,0.0,0.0,0.0,2100.0,0.0,0.0,0.0,2100.0,0.0,0.0,-2100.0,0.0,-2100.0,0.0,0.0,-2100.0,0.0,0.0,-2100.0,0.0,0.0,0.0,39000600,39000600,,,1620599177,18:26:17,20210509
