,date,symbol,reportedCurrency,fillingDate,acceptedDate,period,revenue,costOfRevenue,grossProfit,grossProfitRatio,researchAndDevelopmentExpenses,generalAndAdministrativeExpenses,sellingAndMarketingExpenses,otherExpenses,operatingExpenses,costAndExpenses,interestExpense,depreciationAndAmortization,ebitda,ebitdaratio,operatingIncome,operatingIncomeRatio,totalOtherIncomeExpensesNet,incomeBeforeTax,incomeBeforeTaxRatio,incomeTaxExpense,netIncome,netIncomeRatio,eps,epsdiluted,weightedAverageShsOut,weightedAverageShsOutDil,link,finalLink,timestamp,est_time,est_date
0,2020-08-31,CMC,USD,2020-10-15,2020-10-15 13:15:34,FY,5476486000,4531688000,944798000,0.17251902040834213,0.0,504572000,0.0,0.0,504572000,5036260000,61837000.0,165758000,605984000,0.11065197646812208,440226000,0.08038475767125124,-7611000.0,370778000,0.0677036333152317,92476000.0,279503000.0,0.05103692404216865,2.3448477264260705,2.316721315698579,119198785,120645931,https://www.sec.gov/Archives/edgar/data/22444/000002244420000047/0000022444-20-000047-index.htm,https://www.sec.gov/Archives/edgar/data/22444/000002244420000047/cmc-20200831.htm,1620590417,16:00:17,20210509
1,2019-08-31,CMC,USD,2019-10-23,2019-10-23 15:09:45,FY,5829002000,5025514000,803488000,0.13784315050844037,0.0,463271000,0.0,0.0,463271000,5488785000,71373000.0,158671000,498888000,0.08558720686663,340217000,0.05836625206167368,-384000.0,268460000,0.04605591145791338,69681000.0,198093000.0,0.03398403363045681,1.68,1.66,117834558,119124628,https://www.sec.gov/Archives/edgar/data/22444/000002244419000042/0000022444-19-000042-index.htm,https://www.sec.gov/Archives/edgar/data/22444/000002244419000042/cmc-8312019x10xk.htm,1620590417,16:00:17,20210509
2,2018-08-31,CMC,USD,2018-10-25,2018-10-25 13:06:19,FY,4643723000,4021558000,622165000,0.13397978303184752,0.0,401452000,0.0,0.0,401452000,4423010000,40957000.0,131659000,352372000,0.07588135640304126,220713000,0.047529320762672536,-14372000.0,165384000,0.0356145273953679,30147000.0,138506000.0,0.029826499125809185,1.19,1.17,116822583,118145848,https://www.sec.gov/Archives/edgar/data/22444/000002244418000035/0000022444-18-000035-index.htm,https://www.sec.gov/Archives/edgar/data/22444/000002244418000035/cmc-8312018x10xk.htm,1620590417,16:00:17,20210509
3,2017-08-31,CMC,USD,2017-10-26,2017-10-26 14:18:00,FY,4569675000,4023265000,546410000,0.11957305497655742,0.0,426523000,0.0,0.0,426523000,4449788000,44047000.0,125071000,244958000,0.05360512509095286,119887000,0.02623534496435742,-30836000.0,45004000,0.009848402785756098,12454000.0,46332000.0,0.010139014262502256,0.4,0.39,115654466,117364408,https://www.sec.gov/Archives/edgar/data/22444/000002244417000027/0000022444-17-000027-index.htm,https://www.sec.gov/Archives/edgar/data/22444/000002244417000027/cmc-8312017x10k.htm,1620590417,16:00:17,20210509
4,2016-08-31,CMC,USD,2016-10-31,2016-10-31 15:19:29,FY,4610526000,3974513000,636013000,0.13794803456265076,0.0,437084000,0.0,0.0,437084000,4411597000,62231000.0,126940000,325869000,0.07067935415612014,198929000,0.0431467038684957,-51508000.0,85190000,0.018477284370590253,12647000.0,54762000.0,0.011877603553260518,0.48,0.47,115211490,116623826,https://www.sec.gov/Archives/edgar/data/22444/000002244416000059/0000022444-16-000059-index.htm,https://www.sec.gov/Archives/edgar/data/22444/000002244416000059/cmc-8312016x10k.htm,1620590417,16:00:17,20210509
5,2015-08-31,CMC,USD,2015-10-30,2015-10-30 16:46:12,FY,5988605000,5213203000,775402000,0.1294795699499299,0.0,443275000,0.0,0.0,443275000,5656478000,77760000.0,132779000,464906000,0.07763176900129495,332127000,0.05545982745564284,-9839000.0,244528000,0.04083221384612944,83206000.0,141634000.0,0.023650583065672224,1.22,1.2,116527265,117949898,https://www.sec.gov/Archives/edgar/data/22444/000002244415000023/0000022444-15-000023-index.htm,https://www.sec.gov/Archives/edgar/data/22444/000002244415000023/cmc-8312015x10k.htm,1620590417,16:00:17,20210509
6,2014-08-31,CMC,USD,2014-10-30,2014-10-30 16:31:07,FY,7039959000,6344300000,695659000,0.09881577435323131,0.0,469934000,0.0,0.0,469934000,6814234000,77741000.0,136004000,361729000,0.051382259470545213,225725000,0.03206339696012434,-3173000.0,144811000,0.020569864114265438,42724000.0,115551000.0,0.01641358990869123,0.98,0.97,117496270,118607106,https://www.sec.gov/Archives/edgar/data/22444/000002244414000021/0000022444-14-000021-index.htm,https://www.sec.gov/Archives/edgar/data/22444/000002244414000021/cmc-8312014x10k.htm,1620590417,16:00:17,20210509
7,2013-08-31,CMC,USD,2013-10-28,2013-10-28 17:04:19,FY,6889575000,6227238000,662337000,0.09613611870108098,0.0,468611000,0.0,0.0,468611000,6695849000,69608000.0,136548000,330274000,0.047938225507378904,193726000,0.028118715595664465,8818000.0,132936000,0.019295239546706436,57979000.0,77315000.0,0.011222027483553049,0.6626365610688906,0.6577036023731672,116677836,117552952,https://www.sec.gov/Archives/edgar/data/22444/000002244413000012/0000022444-13-000012-index.htm,https://www.sec.gov/Archives/edgar/data/22444/000002244413000012/cmc-8312013x10k.htm,1620590417,16:00:17,20210509
8,2012-08-31,CMC,USD,2012-10-30,2012-10-30 16:58:36,FY,7828440000,7108938000,719502000,0.09190873277434584,0.0,486606000,0.0,0.0,486606000,7595544000,69496000.0,137310000,370206000,0.04728988150895964,232896000,0.02974998850345663,-607000.0,162793000,0.02079507539177665,-46190000.0,207484000.0,0.02650387561251028,1.79,1.78,115861986,116783160,https://www.sec.gov/Archives/edgar/data/22444/000002244412000006/0000022444-12-000006-index.htm,https://www.sec.gov/Archives/edgar/data/22444/000002244412000006/cmc-8312012x10k.htm,1620590417,16:00:17,20210509
9,2011-08-31,CMC,USD,2011-10-31,2011-10-31 17:02:41,FY,7918430000,7301815000,616615000,0.07787086581557202,0.0,537113000,0.0,0.0,537113000,7838928000,70806000.0,159576000,239078000,0.03019260131111849,79502000,0.010040121589759586,-118795000.0,-110099000,-0.013904145139882527,19328000.0,-129617000.0,-0.01636902769867259,-1.13,-1.13,114995616,114995616,https://www.sec.gov/Archives/edgar/data/22444/000095012311093536/0000950123-11-093536-index.htm,https://www.sec.gov/Archives/edgar/data/22444/000095012311093536/d84217e10vk.htm,1620590417,16:00:17,20210509
10,2010-08-31,CMC,USD,2010-10-29,2010-10-29 17:18:15,FY,6306102000,5911065000,395037000,0.06264361090258293,0.0,524135000,0.0,0.0,524135000,6435200000,75508000.0,168934000,39836000,0.006317056083139791,-129098000,-0.020471917517350655,0.0,-204606000,-0.032445716862810024,-38118000.0,-205344000.0,-0.03256274636851735,-1.81,-1.81,113524836,113524836,https://www.sec.gov/Archives/edgar/data/22444/000095012310098248/0000950123-10-098248-index.htm,https://www.sec.gov/Archives/edgar/data/22444/000095012310098248/d75967e10vk.htm,1620590417,16:00:17,20210509
11,2009-08-31,CMC,USD,2009-10-30,2009-10-30 17:16:36,FY,6793396000,6013335000,780061000,0.11482636960954433,0.0,671202000,0.0,0.0,671202000,6684537000,76998000.0,154679000,263538000,0.03879326333986713,108859000,0.016024238834303196,0.0,31861000,0.004689995990223446,12734000.0,20802000.0,0.003062091478253292,0.19,0.18,112391180,113880375,https://www.sec.gov/Archives/edgar/data/22444/000095012309055736/0000950123-09-055736-index.htm,https://www.sec.gov/Archives/edgar/data/22444/000095012309055736/d69666ke10vk.htm,1620590417,16:00:17,20210509
12,2008-08-31,CMC,USD,2008-10-30,2008-10-30 15:54:59,FY,10427378000,9325724000,1101654000,0.10565014522346845,0.0,707786000,0.0,0.0,707786000,10033510000,0.0,135069000,528937000,0.050725791277538804,393868000,0.03777248700488273,0.0,335605000,0.03218498456658999,103886000.0,231966000.0,0.022245860848240085,2.02,1.97,114834653,117749239,https://www.sec.gov/Archives/edgar/data/22444/000095013408018786/0000950134-08-018786-index.htm,https://www.sec.gov/Archives/edgar/data/22444/000095013408018786/d60365e10vk.htm,1620590417,16:00:17,20210509
13,2007-08-31,CMC,USD,2007-10-30,2007-10-30 13:23:00,FY,8329016000,7167989000,1161027000,0.13939545799888006,0.0,583810000,0.0,0.0,583810000,7751799000,0.0,107305000,684522000,0.0821852185180098,577217000,0.0693019439511222,0.0,540883000,0.06493960390999369,172769000.0,355431000.0,0.04267382845704703,3.01,2.92,118083389,121722945,https://www.sec.gov/Archives/edgar/data/22444/000095013407022255/0000950134-07-022255-index.htm,https://www.sec.gov/Archives/edgar/data/22444/000095013407022255/d50687e10vk.htm,1620590417,16:00:17,20210509
14,2006-08-31,CMC,USD,2006-11-08,2006-11-08 12:27:40,FY,7555924000,6476832000,1079092000,0.14281403571555246,0.0,495030000,0.0,0.0,495030000,6971862000,0.0,85378000,669440000,0.08859803248418062,584062000,0.07729855408815653,0.0,554493000,0.07338520080403138,187937000.0,356347000.0,0.04716127372376959,3.02,2.89,117995695,123303460,https://www.sec.gov/Archives/edgar/data/22444/000095013406020896/0000950134-06-020896-index.htm,https://www.sec.gov/Archives/edgar/data/22444/000095013406020896/d40948e10vk.htm,1620590417,16:00:17,20210509
15,2005-08-31,CMC,USD,2005-11-09,2005-11-09 17:22:07,FY,6592697000,5693483000,899214000,0.13639546910771116,0.0,424994000,0.0,0.0,424994000,6118477000,0.0,76610000,550830000,0.08355154195619789,474220000,0.07193110801239615,0.0,443033000,0.06720057057073911,157996000.0,285781000.0,0.04334811686325035,2.42,2.315,118091322,123447516,https://www.sec.gov/Archives/edgar/data/22444/000095013405021079/0000950134-05-021079-index.htm,https://www.sec.gov/Archives/edgar/data/22444/000095013405021079/d30160e10vk.htm,1620590417,16:00:17,20210509
16,2004-08-31,CMC,USD,2004-11-12,2004-11-12 06:03:41,FY,4768327000,4160726000,607601000,0.12742435659299373,0.0,367550000,0.0,0.0,367550000,4528276000,0.0,71044000,311095000,0.06524196012563736,240051000,0.0503428141568311,0.0,211947000,0.044448923070921936,65055000.0,132021000.0,0.027687069280273775,1.1475,1.105,115050980,119476018,https://www.sec.gov/Archives/edgar/data/22444/000095013404017154/0000950134-04-017154-index.htm,https://www.sec.gov/Archives/edgar/data/22444/000095013404017154/d19630e10vk.htm,1620590417,16:00:17,20210509
17,2003-08-31,CMC,USD,2003-08-31,2003-08-31,FY,2875885000,2586845000,289040000,0.10050471420101986,0.0,243308000,0.0,0.0,243308000,2830153000,0.0,61203000,106935000,0.037183336607687724,45732000,0.015901887592862717,0.0,30394000,0.010568572804545383,11490000.0,18904000.0,0.0065732809204818695,0.1675,0.165,112859701,114569697,,,1620590417,16:00:17,20210509
18,2002-08-31,CMC,USD,2002-11-26 00:00:00,2002-11-26 15:06:58,FY,2446777000,2129378000,317399000,0.12972126188859875,0.0,235553000,0.0,0.0,235553000,2364931000,0.0,61579000,143425000,0.05861792881002233,81846000,0.03345053513254375,0.0,63138000,0.025804558404791282,22613000.0,40525000.0,0.01656260460189057,0.37,0.3575,109527027,113356643,https://www.sec.gov/Archives/edgar/data/22444/000095013402015009/0000950134-02-015009-index.html,https://www.sec.gov/Archives/edgar/data/22444/000095013402015009/d01558e10vk.txt,1620590417,16:00:17,20210509
19,2001-08-31,CMC,USD,2001-08-31,2001-08-31,FY,2441216000,2143900000,297316000,0.1217901242659396,0.0,222150000,0.0,0.0,222150000,2366050000,0.0,67272000,142438000,0.05834715158347315,75166000,0.030790392984479865,-16516000.0,39300000,0.016098534500838927,14960000.0,24340000.0,0.00997044096057047,0.23375,0.23125,104128342,105254054,,,1620590417,16:00:17,20210509
20,2000-08-31,CMC,USD,2000-08-31,2000-08-31,FY,2661420000,2267347000,394073000,0.14806870016757973,0.0,226916000,0.0,0.0,293499000,2560846000,0.0,66583000,167157000,0.06280744865522916,100574000,0.03778960104004629,0.0,73255000,0.027524780004659168,27000000.0,46255000.0,0.017379819795447542,0.4125,0.40625,112133333,113858462,,,1620590417,16:00:17,20210509
21,1999-08-31,CMC,USD,1999-11-24 00:00:00,1999-11-24 00:00:00,FY,2251400000,1896500000,354900000,0.15763524917828906,0.0,208100000,0.0,0.0,260200000,2156700000,0.0,52100000,146800000,0.06520387314559829,94700000,0.04206271653193568,0.0,75000000,0.033312605489917387,27900000.0,47100000.0,0.020920316247668116,0.40625,0.4025,115938462,117018634,https://www.sec.gov/Archives/edgar/data/22444/000095013499010599/0000950134-99-010599-index.html,https://www.sec.gov/Archives/edgar/data/22444/0000950134-99-010599.txt,1620590417,16:00:17,20210509
22,1998-08-31,CMC,USD,1998-08-31,1998-08-31,FY,2367600000,2035500000,332100000,0.1402686264571718,0.0,198400000,0.0,0.0,245900000,2281400000,0.0,47500000,133700000,0.05647068761615138,86200000,0.03640817705693529,0.0,68100000,0.028763304612265585,25400000.0,42700000.0,0.01803514107112688,0.36,0.3525,118611111,121134752,,,1620590417,16:00:17,20210509
23,1997-08-31,CMC,USD,1997-11-25 00:00:00,1997-11-25 00:00:00,FY,2258400000,1960400000,298000000,0.13195182430038965,0.0,178600000,0.0,0.0,222300000,2182700000,0.0,43700000,119400000,0.052869287991498405,75700000,0.033519305703152674,0.0,61000000,0.027010272759475734,22400000.0,38600000.0,0.017091746369110875,0.31625,0.31625,122055336,122055336,https://www.sec.gov/Archives/edgar/data/22444/000095013497008875/0000950134-97-008875-index.html,https://www.sec.gov/Archives/edgar/data/22444/0000950134-97-008875.txt,1620590417,16:00:17,20210509
24,1996-08-31,CMC,USD,1996-11-27 00:00:00,1996-11-27 00:00:00,FY,2322400000,2026900000,295500000,0.12723906303823632,0.0,165100000,0.0,0.0,206700000,2233600000,0.0,41600000,130400000,0.05614881157423355,88800000,0.038236307268343095,0.0,72900000,0.03138994143988977,26900000.0,46000000.0,0.019807096107475025,0.37625,0.37625,122259136,122259136,https://www.sec.gov/Archives/edgar/data/22444/000095013496006610/0000950134-96-006610-index.html,https://www.sec.gov/Archives/edgar/data/22444/0000950134-96-006610.txt,1620590417,16:00:17,20210509
25,1995-08-31,CMC,USD,1995-11-27 00:00:00,1995-11-27 00:00:00,FY,2116800000,1854400000,262400000,0.12396069538926682,0.0,144300000,0.0,0.0,182400000,2036800000,0.0,38100000,118100000,0.05579176114890401,80000000,0.03779289493575208,-13400000.0,58000000,0.027399848828420257,19800000.0,38200000.0,0.018046107331821618,0.315,0.315,121269841,121269841,https://www.sec.gov/Archives/edgar/data/22444/000095013495003133/0000950134-95-003133-index.html,https://www.sec.gov/Archives/edgar/data/22444/0000950134-95-003133.txt,1620590417,16:00:17,20210509
26,1994-08-31,CMC,USD,1994-11-28 00:00:00,1994-11-28 00:00:00,FY,1666200000,1474500000,191700000,0.11505221462009363,0.0,111400000,0.0,0.0,141500000,1616000000,0.0,30100000,80300000,0.04819349417836994,50200000,0.03012843596206938,0.0,40900000,0.024546873124474854,14700000.0,26200000.0,0.015724402832793184,0.21875,0.21875,119771429,119771429,https://www.sec.gov/Archives/edgar/data/22444/000095013494001441/0000950134-94-001441-index.html,https://www.sec.gov/Archives/edgar/data/22444/0000950134-94-001441.txt,1620590417,16:00:17,20210509
27,1993-08-31,CMC,USD,1993-08-31,1993-08-31,FY,1568500000,1397300000,171200000,0.10914886834555308,0.0,99300000,0.0,0.0,126700000,1524000000,0.0,27400000,71900000,0.045839974497927954,44500000,0.028371055148230795,0.0,35100000,0.022378068218042717,13400000.0,21700000.0,0.013834874083519286,0.017109,0.017109,117984000,117984000,,,1620590417,16:00:17,20210509
28,1992-08-31,CMC,USD,1992-08-31,1992-08-31,FY,1165800000,1017800000,148000000,0.12695144964831018,0.0,92100000,0.0,0.0,117700000,1135500000,0.0,25600000,55900000,0.04794990564419283,30300000,0.025990735975295935,0.0,20300000,0.017412935323383085,7800000.0,12500000.0,0.010722250814891062,0.010195,0.010195,113768000,113768000,,,1620590417,16:00:17,20210509
29,1991-08-31,CMC,USD,1991-08-31,1991-08-31,FY,1161300000,1020600000,140700000,0.12115732368896925,0.0,90200000,0.0,0.0,113800000,1134400000,0.0,23600000,50500000,0.043485748729871695,26900000,0.023163695858090073,0.0,18300000,0.015758202014983208,6300000.0,12000000.0,0.01033324722293981,0.009844,0.009844,112832000,112832000,,,1620590417,16:00:17,20210509
30,1990-08-31,CMC,USD,1990-08-31,1990-08-31,FY,1137200000,978500000,158700000,0.13955328877945833,0.0,88200000,0.0,0.0,110400000,1088900000,0.0,22200000,70500000,0.06199437214210341,48300000,0.0424727400633134,0.0,39800000,0.03499824129440732,13900000.0,25900000.0,0.022775237425255012,0.019922,0.019922,114840000,114840000,,,1620590417,16:00:17,20210509
31,1989-08-31,CMC,USD,1989-08-31,1989-08-31,FY,1303100000,1152000000,151100000,0.11595426291151868,0.0,82900000,0.0,0.0,103100000,1255100000,0.0,20200000,68200000,0.05233673547693961,48000000,0.036835239045353387,5700000.0,43400000,0.03330519530350702,14900000.0,28500000.0,0.021870923183178573,0.02168,0.02168,120400000,120400000,,,1620590417,16:00:17,20210509
32,1988-08-31,CMC,USD,1988-08-31,1988-08-31,FY,1129200000,1001600000,127600000,0.11300035423308537,0.0,74200000,0.0,0.0,93200000,1094800000,0.0,19000000,53400000,0.04729011689691817,34400000,0.030464045341834927,7500000.0,37800000,0.0334750265674814,13000000.0,24800000.0,0.021962451292950762,0.01415,0.01415,121016000,121016000,,,1620590417,16:00:17,20210509
33,1987-08-31,CMC,USD,1987-08-31,1987-08-31,FY,872800000,781800000,91000000,0.10426214482126489,0.0,60200000,0.0,0.0,76700000,858500000,0.0,16500000,30800000,0.03528872593950504,14300000,0.01638405132905591,7100000.0,17500000,0.020050412465627863,7300000.0,10200000.0,0.011686526122823098,0.005713,0.005713,127912000,127912000,,,1620590417,16:00:17,20210509
34,1986-08-31,CMC,USD,1986-08-31,1986-08-31,FY,885400000,789800000,95600000,0.10797379715382878,0.0,61400000,0.0,0.0,77000000,866800000,0.0,15600000,34200000,0.03862660944206009,18600000,0.021007454257962504,7900000.0,22500000,0.0254122430539869,8300000.0,14200000.0,0.016037948949627286,0.00791,0.00791,126488000,126488000,,,1620590417,16:00:17,20210509
35,1985-08-31,CMC,USD,1985-08-31,1985-08-31,FY,1019200000,937200000,82000000,0.0804552590266876,0.0,56200000,0.0,0.0,68300000,1005500000,0.0,12100000,25800000,0.02531397174254317,13700000,0.013441915227629513,5500000.0,15000000,0.014717425431711145,5700000.0,9300000.0,0.009124803767660911,0.003955,0.003955,124200000,124200000,,,1620590417,16:00:17,20210509
