,date,symbol,reportedCurrency,fillingDate,acceptedDate,period,revenue,costOfRevenue,grossProfit,grossProfitRatio,researchAndDevelopmentExpenses,generalAndAdministrativeExpenses,sellingAndMarketingExpenses,otherExpenses,operatingExpenses,costAndExpenses,interestExpense,depreciationAndAmortization,ebitda,ebitdaratio,operatingIncome,operatingIncomeRatio,totalOtherIncomeExpensesNet,incomeBeforeTax,incomeBeforeTaxRatio,incomeTaxExpense,netIncome,netIncomeRatio,eps,epsdiluted,weightedAverageShsOut,weightedAverageShsOutDil,link,finalLink,timestamp,est_time,est_date
0,2020-06-30,AFL.AX,AUD,2020-06-30,2020-06-30,FY,6882349.0,529399.0,6352950.0,0.9230787337288475,0.0,4030356.0,370300.0,156557.0,6120553.0,0.0,64500.0,624880.0,857277.0,0.12456168671481205,232397.0,0.03376710480680361,156557.0,324611.0,0.04716572786413476,-97770.0,422381.0,0.06137163343503795,0.007028319945645214,0.007028319945645214,60097008.0,60097008.0,,,1620586282,14:51:22,20210509
1,2019-06-30,AFL.AX,AUD,2019-06-30,2019-06-30,FY,424067.0,0.0,424067.0,1.0,0.0,443107.0,34001.0,127.0,1635645.0,0.0,1907.0,21745.0,-1189833.0,-2.805766541607812,-1211578.0,-2.8570438161894227,127.0,-1208040.0,-2.848700794921557,-4251.0,-1203789.0,-2.838676435563248,-0.02,-0.02,60097008.0,60097008.0,,,1620586282,14:51:22,20210509
2,2018-06-30,AFL.AX,AUD,2018-06-30,2018-06-30,FY,0.0,0.0,0.0,0.0,0.0,41508.0,0.0,150000.0,229148.0,0.0,0.0,0.0,-229148.0,0.0,-229148.0,0.0,150000.0,-75618.0,0.0,0.0,-75618.0,0.0,-0.004,-0.004,19661184.0,19661184.0,,,1620586282,14:51:22,20210509
3,2017-06-30,AFL.AX,AUD,2017-06-30,2017-06-30,FY,0.0,0.0,0.0,0.0,0.0,52429.0,182545.0,-182545.0,246707.0,0.0,0.0,0.0,-246707.0,0.0,-246707.0,0.0,-182545.0,-240855.0,0.0,0.0,-240855.0,0.0,-0.012,-0.012,19661184.0,19661184.0,,,1620586282,14:51:22,20210509
4,2016-06-30,AFL.AX,AUD,2016-06-30,2016-06-30,FY,0.0,0.0,0.0,0.0,0.0,240201.0,149918.0,19117839.0,465337.0,0.0,0.0,0.0,-465337.0,0.0,-465337.0,0.0,19117839.0,18656753.0,0.0,0.0,18656753.0,0.0,3.084,3.084,6048171.0,6048171.0,,,1620586282,14:51:22,20210509
5,2015-06-30,AFL.AX,AUD,2015-06-30,2015-06-30,FY,0.0,0.0,0.0,0.0,0.0,400752.0,378755.0,-378755.0,1195050.0,0.0,0.0,0.0,-1195050.0,0.0,-1195050.0,0.0,-378755.0,-1156895.0,0.0,0.0,-2525507.0,0.0,-2.772,-2.772,911184.0,911184.0,,,1620586282,14:51:22,20210509
6,2014-06-30,AFL.AX,AUD,2014-06-30,2014-06-30,FY,0.0,0.0,0.0,0.0,0.0,1159000.0,439000.0,30000.0,1616000.0,0.0,70000.0,0.0,-1489000.0,0.0,-1616000.0,0.0,30000.0,-1559000.0,0.0,0.0,-9558000.0,0.0,-10.4,-10.4,911184.0,911184.0,,,1620586282,14:51:22,20210509
7,2013-06-30,AFL.AX,AUD,2013-06-30,2013-06-30,FY,0.0,0.0,0.0,0.0,0.0,2058000.0,576000.0,357000.0,5591000.0,0.0,1055000.0,33000.0,-5558000.0,0.0,-5591000.0,0.0,-602000.0,-7061000.0,0.0,0.0,-64665000.0,0.0,-108.192,-108.192,597684.0,597684.0,,,1620586282,14:51:22,20210509
8,2012-06-30,AFL.AX,AUD,2012-06-30,2012-06-30,FY,91251000.0,17732000.0,73519000.0,0.8056788418757055,0.0,4821000.0,0.0,-33000.0,85030000.0,0.0,1894000.0,4876000.0,-6635000.0,-0.07271153192841723,-11511000.0,-0.12614656277739422,-26761000.0,-39687000.0,-0.43492126113686425,0.0,-39687000.0,-0.43492126113686425,-227.755931,-227.755931,174678.0,174678.0,,,1620586282,14:51:22,20210509
9,2011-06-30,AFL.AX,AUD,2011-06-30,2011-06-30,FY,106192000.0,88573000.0,17619000.0,0.16591645321681484,0.0,4716000.0,0.0,-4684000.0,10497000.0,0.0,4895000.0,4996000.0,12118000.0,0.11411405755612475,7122000.0,0.0670671990357089,2000.0,3044000.0,0.02866505951484104,0.0,3044000.0,0.02866505951484104,56.513057,56.513057,53608.0,53608.0,,,1620586282,14:51:22,20210509
10,2010-06-30,AFL.AX,AUD,2010-06-30,2010-06-30,FY,15887000.0,24847000.0,-8960000.0,-0.5639831308617108,0.0,5488000.0,0.0,-505000.0,6369000.0,0.0,5810000.0,874000.0,-14455000.0,-0.9098634103354944,-15329000.0,-0.9648769434128532,-704000.0,-21369000.0,-1.3450620003776672,-212000.0,-21157000.0,-1.3317177566563858,-908.364286,-908.364286,23291.0,23291.0,,,1620586282,14:51:22,20210509
11,2009-06-30,AFL.AX,AUD,2009-06-30,2009-06-30,FY,0.0,0.0,0.0,0.0,0.0,1725000.0,0.0,365000.0,4198000.0,0.0,0.0,64000.0,-4134000.0,0.0,-4198000.0,0.0,365000.0,-3974000.0,0.0,-163000.0,-3811000.0,0.0,-183.295262,-183.295262,20778.0,20778.0,,,1620586282,14:51:22,20210509
12,2008-06-30,AFL.AX,AUD,2008-06-30,2008-06-30,FY,0.0,0.0,0.0,0.0,0.0,1299579.0,0.0,480054.0,1351544.0,0.0,0.0,46950.0,-1304594.0,0.0,-1351544.0,0.0,478067.0,-748090.0,0.0,0.0,-748090.0,0.0,-37.699026,-37.699026,19959.0,19959.0,,,1620586282,14:51:22,20210509
13,2007-06-30,AFL.AX,AUD,2007-06-30,2007-06-30,FY,0.0,0.0,0.0,0.0,0.0,1150583.0,0.0,430312.0,1281396.0,0.0,24.0,29570.0,-1251826.0,0.0,-1281396.0,0.0,430312.0,-1006248.0,0.0,0.0,-1006248.0,0.0,-65.648303,-65.648303,15362.0,15362.0,,,1620586282,14:51:22,20210509
14,2006-06-30,AFL.AX,AUD,2006-06-30,2006-06-30,FY,0.0,0.0,0.0,0.0,0.0,1023367.0,0.0,160585.0,1047695.0,0.0,72.0,24328.0,-1023367.0,0.0,-1047695.0,0.0,160585.0,-805671.0,0.0,0.0,-805671.0,0.0,-89.697682,-89.697682,8968.0,8968.0,,,1620586282,14:51:22,20210509
15,2005-06-30,AFL.AX,AUD,2005-06-30,2005-06-30,FY,0.0,0.0,0.0,0.0,0.0,268349.0,0.0,0.0,406423.0,0.0,608.0,22865.0,-383558.0,0.0,-406423.0,0.0,0.0,-335687.0,0.0,-335687.0,-335687.0,0.0,-52.648639,-52.648639,6409.0,6409.0,,,1620586282,14:51:22,20210509
16,2004-06-30,AFL.AX,AUD,2004-06-30,2004-06-30,FY,0.0,0.0,0.0,0.0,0.0,326976.0,0.0,171172.0,414116.0,0.0,0.0,13066.0,-401050.0,0.0,-414116.0,0.0,171172.0,-146617.0,0.0,-146617.0,-146617.0,0.0,-30.54921,-30.54921,4813.0,4813.0,,,1620586282,14:51:22,20210509
