,date,symbol,reportedCurrency,fillingDate,acceptedDate,period,revenue,costOfRevenue,grossProfit,grossProfitRatio,researchAndDevelopmentExpenses,generalAndAdministrativeExpenses,sellingAndMarketingExpenses,otherExpenses,operatingExpenses,costAndExpenses,interestExpense,depreciationAndAmortization,ebitda,ebitdaratio,operatingIncome,operatingIncomeRatio,totalOtherIncomeExpensesNet,incomeBeforeTax,incomeBeforeTaxRatio,incomeTaxExpense,netIncome,netIncomeRatio,eps,epsdiluted,weightedAverageShsOut,weightedAverageShsOutDil,link,finalLink,timestamp,est_time,est_date
0,2020-12-31,VAHN.SW,CHF,2020-12-31,2020-12-31,FY,1317222000,0.0,0.0,0.0,0.0,133234000.0,0.0,0.0,0.0,1177099000,2067000.0,17823000.0,0.0,0.0,0.0,0.10637538698867768,10696000.0,140120000,0.10637538698867768,17326000.0,122794000,0.09322194740142511,42.0,42.0,2923667.0,2923667.0,https://www.six-group.com/en/products-services/the-swiss-stock-exchange.html,https://www.six-group.com/en/products-services/the-swiss-stock-exchange.html,1620599411,18:30:11,20210509
1,2019-12-31,VAHN.SW,CHF,2019-12-31,2019-12-31,FY,1335679000,0.0,0.0,0.0,0.0,142693000.0,0.0,0.0,-212285000.0,1187166000,3924000.0,7734000.0,0.0,0.0,0.0,0.1111883918216877,1375000.0,148512000,0.1111883918216877,14548000.0,133964000,0.10029655328862698,45.5,45.5,2944264.0,2944264.0,https://www.six-group.com/en/products-services/the-swiss-stock-exchange.html,https://www.six-group.com/en/products-services/the-swiss-stock-exchange.html,1620599411,18:30:11,20210509
2,2018-12-31,VAHN.SW,CHF,2018-12-31,2018-12-31,FY,1281086000,0.0,0.0,0.0,0.0,132093000.0,0.0,0.0,-146073000.0,1139209000,5179000.0,16426000.0,0.0,0.0,0.0,0.11074822455323062,1245000.0,141878000,0.11074822455323062,14360000.0,127518000,0.09953898489250526,42.5,42.5,3000424.0,3000424.0,https://www.six-group.com/en/products-services/the-swiss-stock-exchange.html,https://www.six-group.com/en/products-services/the-swiss-stock-exchange.html,1620599411,18:30:11,20210509
3,2017-12-31,VAHN.SW,CHF,2017-12-31,2017-12-31,FY,1317053000,0.0,0.0,0.0,0.0,132532000.0,0.0,0.0,-181540000.0,1177991000,4746000.0,33855000.0,0.0,0.0,0.0,0.10558648740787197,1211000.0,139063000,0.10558648740787197,18412000.0,120652000,0.0916075511008289,40.2,40.2,3001294.0,3001294.0,https://www.six-group.com/en/products-services/the-swiss-stock-exchange.html,https://www.six-group.com/en/products-services/the-swiss-stock-exchange.html,1620599411,18:30:11,20210509
4,2016-12-31,VAHN.SW,CHF,2016-12-31,2016-12-31,FY,1304342000,0.0,0.0,0.0,0.0,143885000.0,0.0,0.0,-196538000.0,1154799000,7140000.0,13883000.0,0.0,0.0,0.0,0.11465091210740741,1223000.0,149544000,0.11465091210740741,24732000.0,124811000,0.09568886074357799,41.6,41.6,3000264.0,3000264.0,https://www.six-group.com/en/products-services/the-swiss-stock-exchange.html,https://www.six-group.com/en/products-services/the-swiss-stock-exchange.html,1620599411,18:30:11,20210509
5,2015-12-31,VAHN.SW,CHF,2015-12-31,2015-12-31,FY,1314584000,0.0,0.0,0.0,0.0,139834000.0,0.0,0.0,-197687000.0,1163066000,8870000.0,2037000.0,0.0,0.0,0.0,0.11526003663516367,1235000.0,151519000,0.11526003663516367,22752000.0,128767000,0.09795266030926894,42.9,42.9,3001562.0,3001562.0,https://www.six-group.com/en/products-services/the-swiss-stock-exchange.html,https://www.six-group.com/en/products-services/the-swiss-stock-exchange.html,1620599411,18:30:11,20210509
6,2014-12-31,VAHN.SW,CHF,2014-12-31,2014-12-31,FY,1597221000,0.0,0.0,0.0,0.0,145102000.0,0.0,0.0,-352662000.0,1414290000,8350000.0,9667000.0,0.0,0.0,0.0,0.11453017459700317,1269000.0,182930000,0.11453017459700317,29367000.0,153563000,0.0961438648753053,51.2,51.2,2999277.0,2999277.0,https://www.six-group.com/en/products-services/the-swiss-stock-exchange.html,https://www.six-group.com/en/products-services/the-swiss-stock-exchange.html,1620599411,18:30:11,20210509
7,2013-12-31,VAHN.SW,CHF,2013-12-31,2013-12-31,FY,1648902000,0.0,0.0,0.0,0.0,143474000.0,0.0,0.0,-190983000.0,1496054000,7571000.0,8850000.0,0.0,0.0,0.0,0.09269501765417229,1256000.0,152845000,0.09269501765417229,26479000.0,126366000,0.07663645262119884,42.15,42.15,2998007.0,2998007.0,https://www.six-group.com/en/products-services/the-swiss-stock-exchange.html,https://www.six-group.com/en/products-services/the-swiss-stock-exchange.html,1620599411,18:30:11,20210509
8,2012-12-31,VAHN.SW,CHF,2012-12-31,2012-12-31,FY,2011344000,0.0,0.0,0.0,0.0,129922000.0,0.0,0.0,-467834000.0,1859015000,5940000.0,-2119000.0,0.0,0.0,0.0,0.07573443428871442,1223000.0,152328000,0.07573443428871442,30131000.0,122197000,0.060753903857321274,41.517357,41.517357,2943275.0,2943275.0,https://www.six-group.com/en/products-services/the-swiss-stock-exchange.html,https://www.six-group.com/en/products-services/the-swiss-stock-exchange.html,1620599411,18:30:11,20210509
9,2011-12-31,VAHN.SW,CHF,2011-12-31,2011-12-31,FY,1914045000,0.0,0.0,0.0,0.0,210076000.0,0.0,0.0,206410000.0,1767960000,0.0,27516000.0,0.0,0.0,0.0,0.07632265699082309,65177000.0,146085000,0.07632265699082309,28658000.0,117427000,0.061350177242436826,39.15,39.15,2999413.0,2999413.0,https://www.six-group.com/en/products-services/the-swiss-stock-exchange.html,https://www.six-group.com/en/products-services/the-swiss-stock-exchange.html,1620599411,18:30:11,20210509
10,2010-12-31,VAHN.SW,CHF,2010-12-31,2010-12-31,FY,3100026000,0.0,0.0,0.0,0.0,209956000.0,0.0,0.0,660916000.0,2935043000,0.0,16508000.0,0.0,0.0,0.0,0.05321987622039299,126993000.0,164983000,0.05321987622039299,34593000.0,130390000,0.04206093755342697,43.45,43.45,3000921.0,3000921.0,https://www.six-group.com/en/products-services/the-swiss-stock-exchange.html,https://www.six-group.com/en/products-services/the-swiss-stock-exchange.html,1620599411,18:30:11,20210509
11,2009-12-31,VAHN.SW,CHF,2009-12-31,2009-12-31,FY,2016873000,0.0,0.0,0.0,0.0,209755000.0,0.0,0.0,1957000.0,1855927000,0.0,8789000.0,0.0,0.0,0.0,0.0797997692467498,97418000.0,160946000,0.0797997692467498,34223000.0,126723000,0.06283142270237144,43.055144,43.055144,2944264.0,2944264.0,https://www.six-group.com/en/products-services/the-swiss-stock-exchange.html,https://www.six-group.com/en/products-services/the-swiss-stock-exchange.html,1620599411,18:30:11,20210509
12,2008-12-31,VAHN.SW,CHF,2008-12-31,2008-12-31,FY,1157919000,0.0,0.0,0.0,0.0,235435000.0,0.0,0.0,1637000.0,984800000,0.0,9072000.0,0.0,0.0,0.0,0.1495087307488693,150000.0,173119000,0.1495087307488693,30967000.0,142152000,0.12276506387752512,47.4,47.4,2998987.0,2998987.0,https://www.six-group.com/en/products-services/the-swiss-stock-exchange.html,https://www.six-group.com/en/products-services/the-swiss-stock-exchange.html,1620599411,18:30:11,20210509
13,2007-12-31,VAHN.SW,CHF,2007-12-31,2007-12-31,FY,2334503000,0.0,0.0,0.0,0.0,226653000.0,0.0,0.0,46999000.0,2221433000,0.0,8253000.0,0.0,0.0,0.0,0.04843429200990532,579000.0,113070000,0.04843429200990532,24781000.0,88289000,0.037819184640156815,29.45,29.45,2997929.0,2997929.0,https://www.six-group.com/en/products-services/the-swiss-stock-exchange.html,https://www.six-group.com/en/products-services/the-swiss-stock-exchange.html,1620599411,18:30:11,20210509
14,2006-12-31,VAHN.SW,CHF,2006-12-31,2006-12-31,FY,2365364000,0.0,0.0,0.0,0.0,235004000.0,0.0,0.0,1631000.0,2306042000,0.0,11219000.0,0.0,0.0,0.0,0.025079438090712464,4327000.0,59322000,0.025079438090712464,14349000.0,44973000,0.019013141317784494,15.0,15.0,2998200.0,2998200.0,https://www.six-group.com/en/products-services/the-swiss-stock-exchange.html,https://www.six-group.com/en/products-services/the-swiss-stock-exchange.html,1620599411,18:30:11,20210509
15,2005-12-31,VAHN.SW,CHF,2005-12-31,2005-12-31,FY,2269592000,0.0,0.0,0.0,0.0,230417000.0,0.0,0.0,1930553000.0,2212275000,51305000.0,0.0,0.0,0.0,0.0,0.02525431883792329,-33456000.0,57317000,0.02525431883792329,-7176000.0,44106000,0.019433448831331798,14.980314265296862,14.980314265296862,2944264.0,2944264.0,https://www.six-group.com/en/products-services/the-swiss-stock-exchange.html,https://www.six-group.com/en/products-services/the-swiss-stock-exchange.html,1620599411,18:30:11,20210509
16,2004-12-31,VAHN.SW,CHF,2004-12-31,2004-12-31,FY,1966984000,0.0,0.0,0.0,0.0,0.0,0.0,0.0,1884483000.0,1937013000,52530000.0,0.0,0.0,0.0,0.0,0.015237032939769718,-39877000.0,29971000,0.015237032939769718,-3101000.0,27561000,0.014011806908444604,9.376674,9.376674,2939315.0,2939315.0,https://www.six-group.com/en/products-services/the-swiss-stock-exchange.html,https://www.six-group.com/en/products-services/the-swiss-stock-exchange.html,1620599411,18:30:11,20210509
17,2003-12-31,VAHN.SW,CHF,2003-12-31,2003-12-31,FY,2058470000,0.0,0.0,0.0,0.0,0.0,0.0,0.0,1964673000.0,2019579000,54906000.0,5520000.0,0.0,0.0,0.0,0.018893158510932876,-43872000.0,38891000,0.018893158510932876,-1293000.0,30290000,0.014714812457796324,10.305122,10.305122,2939315.0,2939315.0,https://www.six-group.com/en/products-services/the-swiss-stock-exchange.html,https://www.six-group.com/en/products-services/the-swiss-stock-exchange.html,1620599411,18:30:11,20210509
18,2002-12-31,VAHN.SW,CHF,2002-12-31,2002-12-31,FY,1419011000,0.0,0.0,0.0,0.0,0.0,0.0,0.0,1255289000.0,1325257000,69968000.0,5204000.0,0.0,0.0,0.0,0.06606995999326291,-357299000.0,93754000,0.06606995999326291,-1189000.0,81370000,0.0573427549187427,27.683321,27.683321,2939315.0,2939315.0,https://www.six-group.com/en/products-services/the-swiss-stock-exchange.html,https://www.six-group.com/en/products-services/the-swiss-stock-exchange.html,1620599411,18:30:11,20210509
