,date,symbol,reportedCurrency,fillingDate,acceptedDate,period,revenue,costOfRevenue,grossProfit,grossProfitRatio,researchAndDevelopmentExpenses,generalAndAdministrativeExpenses,sellingAndMarketingExpenses,otherExpenses,operatingExpenses,costAndExpenses,interestExpense,depreciationAndAmortization,ebitda,ebitdaratio,operatingIncome,operatingIncomeRatio,totalOtherIncomeExpensesNet,incomeBeforeTax,incomeBeforeTaxRatio,incomeTaxExpense,netIncome,netIncomeRatio,eps,epsdiluted,weightedAverageShsOut,weightedAverageShsOutDil,link,finalLink,timestamp,est_time,est_date
0,2020-12-31,0926.HK,CNY,2020-12-31,2020-12-31,FY,1292711000,379385000,913326000,0.7065198640686124,93802000.0,90499000,661514000,10172000.0,0.0,1269121000,6306000.0,0.0,41256000,0.03191432578511361,23590000.0,0.01824847162281438,0.0,115058000.0,0.08900519915124107,-15801000.0,45479000.0,0.03518110389715876,0.02851339024015599,0.02851339024015599,1595005000,1595005000,https://www1.hkexnews.hk/search/titlesearch.xhtml,https://www1.hkexnews.hk/search/titlesearch.xhtml,1620584987,14:29:47,20210509
1,2019-12-31,0926.HK,CNY,2019-12-31,2019-12-31,FY,812160000,227708000,584452000,0.7196266745468873,47363000.0,65091000,449987000,-46000.0,0.0,826302000,4612000.0,54919000.0,40777000,0.05020808707643814,-14142000.0,-0.017412825059101654,0.0,193207000.0,0.23789277974783293,4961000.0,162348000.0,0.1998965721040189,0.1018,0.1018,1595005000,1595005000,https://www1.hkexnews.hk/search/titlesearch.xhtml,https://www1.hkexnews.hk/search/titlesearch.xhtml,1620584987,14:29:47,20210509
2,2018-12-31,0926.HK,CNY,2018-12-31,2018-12-31,FY,378378000,123061000,255317000,0.6747670319098891,23548000.0,112417000,246849000,9334000.0,0.0,502541000,5238000.0,59670000.0,-64493000,-0.17044595616024188,-124163000.0,-0.328145399573971,0.0,-121359000.0,-0.32073482073482074,-27887000.0,-95299000.0,-0.2518618947190376,-0.0598,-0.0598,1594799000,1594799000,https://www1.hkexnews.hk/search/titlesearch.xhtml,https://www1.hkexnews.hk/search/titlesearch.xhtml,1620584987,14:29:47,20210509
3,2017-12-31,0926.HK,CNY,2017-12-31,2017-12-31,FY,542870000,112677000,430193000,0.7924420211100264,15866000.0,106921000,339684000,11052000.0,0.0,569807000,180000.0,46728000.0,19791000,0.03645624182585149,-26937000.0,-0.04961961427229355,0.0,-7184000.0,-0.013233370788586586,-12465000.0,4086000.0,0.007526663842172159,0.0027,0.0027,1510216000,1510216000,https://www1.hkexnews.hk/search/titlesearch.xhtml,https://www1.hkexnews.hk/search/titlesearch.xhtml,1620584987,14:29:47,20210509
4,2016-12-31,0926.HK,CNY,2016-12-31,2016-12-31,FY,514749000,89229000,425520000,0.8266553213313673,12570000.0,76964000,428415000,2112000.0,0.0,593157000,0.0,44780000.0,-33628000,-0.06532892730243284,-78408000.0,-0.15232278256004383,0.0,-70671000.0,-0.1372921559828188,3895000.0,-68714000.0,-0.13349030304089954,-0.0456,-0.0456,1506515000,1506515000,https://www1.hkexnews.hk/search/titlesearch.xhtml,https://www1.hkexnews.hk/search/titlesearch.xhtml,1620584987,14:29:47,20210509
5,2015-12-31,0926.HK,CNY,2015-12-31,2015-12-31,FY,662805000,68568000,594237000,0.896548758684681,19179000.0,104793000,431939000,17417000.0,0.0,618658000,0.0,41017000.0,85164000,0.12849027994659062,44147000.0,0.06660631709175399,0.0,64439000.0,0.09722165644495742,-23775000.0,92291000.0,0.13924306545665768,0.0602,0.0602,1532083000,1532083000,https://www1.hkexnews.hk/search/titlesearch.xhtml,https://www1.hkexnews.hk/search/titlesearch.xhtml,1620584987,14:29:47,20210509
6,2014-12-31,0926.HK,CNY,2014-12-31,2014-12-31,FY,563888000,88607000,475281000,0.8428641857957608,14839000.0,49503000,358813000,16046000.0,0.0,540339000,0.0,9032000.0,32581000,0.057779204381011834,23549000.0,0.04176183923048549,0.0,54507000.0,0.09666281247339897,9472000.0,45035000.0,0.07986515052634566,0.029431004928149398,0.02942696643162992,1530189000,1530399000,https://www1.hkexnews.hk/search/titlesearch.xhtml,https://www1.hkexnews.hk/search/titlesearch.xhtml,1620584987,14:29:47,20210509
7,2013-12-31,0926.HK,CNY,2013-12-31,2013-12-31,FY,487500000,81397000,406103000,0.8330317948717949,18484000.0,100595000,384312000,18016000.0,0.0,577934000,0.0,44798000.0,-45636000,-0.09361230769230769,-90434000.0,-0.18550564102564102,0.0,-96946000.0,-0.19886358974358975,-6970000.0,-89976000.0,-0.18456615384615385,-0.06,-0.06,1523256000,1523256000,https://www1.hkexnews.hk/search/titlesearch.xhtml,https://www1.hkexnews.hk/search/titlesearch.xhtml,1620584987,14:29:47,20210509
8,2012-12-31,0926.HK,CNY,2012-12-31,2012-12-31,FY,475182000,83063000,392119000,0.8251975032724304,15279000.0,112068000,562721000,0.0,0.0,771582000,0.0,39406000.0,-256994000,-0.5408327756522764,-296400000.0,-0.6237610010480195,0.0,-343697000.0,-0.723295495199734,-1510000.0,-342187000.0,-0.7201177654035716,-0.22,-0.22,1565102000,1565102000,https://www1.hkexnews.hk/search/titlesearch.xhtml,https://www1.hkexnews.hk/search/titlesearch.xhtml,1620584987,14:29:47,20210509
9,2011-12-31,0926.HK,CNY,2011-12-31,2011-12-31,FY,840409000,102770000,737639000,0.8777143033927528,19451000.0,110299000,619744000,0.0,0.0,831811000,0.0,34204000.0,42802000,0.05092996386283345,8598000.0,0.010230732893150836,0.0,-6882000.0,-0.008188869943087235,33994000.0,-40876000.0,-0.048638222579720114,-0.02,-0.02,1682275000,1682275000,https://www1.hkexnews.hk/search/titlesearch.xhtml,https://www1.hkexnews.hk/search/titlesearch.xhtml,1620584987,14:29:47,20210509
10,2010-12-31,0926.HK,CNY,2010-12-31,2010-12-31,FY,874216000,91135000,783081000,0.8957523083539994,0.0,96810000,423314000,0.0,0.0,773070000,0.0,19792000.0,120938000,0.1383388087154662,101146000.0,0.11569909496051319,0.0,101146000.0,0.11569909496051319,41491000.0,59655000.0,0.06823828435992936,0.046720774160604175,0.045397090415966866,1276841000,1314071000,https://www1.hkexnews.hk/search/titlesearch.xhtml,https://www1.hkexnews.hk/search/titlesearch.xhtml,1620584987,14:29:47,20210509
11,2009-12-31,0926.HK,CNY,2009-12-31,2009-12-31,FY,646535000,68401000,578134000,0.8942037167361395,0.0,27800000,343808000,0.0,0.0,468822000,0.0,5888000.0,183601000,0.2839768922022783,177713000.0,0.2748698833009814,0.0,177713000.0,0.2748698833009814,36006000.0,141707000.0,0.21917916276767693,0.13,0.13,1114560000,1114560000,https://www1.hkexnews.hk/search/titlesearch.xhtml,https://www1.hkexnews.hk/search/titlesearch.xhtml,1620584987,14:29:47,20210509
