,date,symbol,reportedCurrency,fillingDate,acceptedDate,period,revenue,costOfRevenue,grossProfit,grossProfitRatio,researchAndDevelopmentExpenses,generalAndAdministrativeExpenses,sellingAndMarketingExpenses,otherExpenses,operatingExpenses,costAndExpenses,interestExpense,depreciationAndAmortization,ebitda,ebitdaratio,operatingIncome,operatingIncomeRatio,totalOtherIncomeExpensesNet,incomeBeforeTax,incomeBeforeTaxRatio,incomeTaxExpense,netIncome,netIncomeRatio,eps,epsdiluted,weightedAverageShsOut,weightedAverageShsOutDil,link,finalLink,timestamp,est_time,est_date
0,2020-09-30,JEL.L,GBP,2020-09-30,2020-09-30,FY,111747000,69695000.0,42052000.0,0.37631435295802124,0.0,14017000.0,12343000.0,0.0,0.0,96055000,1516000.0,11424000.0,27116000.0,0.24265528381075108,15692000.0,0.1404243514367276,0.0,14830000.0,0.13271049782097058,3090000.0,11624000.0,0.10402068959345664,0.3793375390718644,0.3793375390718644,30642894.0,30642894.0,https://find-and-update.company-information.service.gov.uk/search/companies?q=Jersey+Electricity+PLC,https://find-and-update.company-information.service.gov.uk/search/companies?q=Jersey+Electricity+PLC,1620593903,16:58:23,20210509
1,2019-09-30,JEL.L,GBP,2019-09-30,2019-09-30,FY,110294000,69282000.0,41012000.0,0.3718425299653653,0.0,15478000.0,10891000.0,0.0,25619000.0,94901000,1365000.0,11604000.0,26997000.0,0.24477306109126518,15393000.0,0.13956334886757213,0.0,14820000.0,0.13436814332601954,2969000.0,11773000.0,0.10674198052477922,0.3842,0.3842,30642894.0,30642894.0,https://find-and-update.company-information.service.gov.uk/search/companies?q=Jersey+Electricity+PLC,https://find-and-update.company-information.service.gov.uk/search/companies?q=Jersey+Electricity+PLC,1620593903,16:58:23,20210509
2,2018-09-30,JEL.L,GBP,2018-09-30,2018-09-30,FY,105874000,65110000.0,40764000.0,0.38502370742580805,0.0,12518000.0,11862000.0,0.0,24380000.0,89490000,1377000.0,11242000.0,27626000.0,0.2609328069214349,16384000.0,0.15474998583221566,0.0,15345000.0,0.14493643387422786,3152000.0,12115000.0,0.1144284715794246,0.3954,0.3954,30639858.0,30639858.0,https://find-and-update.company-information.service.gov.uk/search/companies?q=Jersey+Electricity+PLC,https://find-and-update.company-information.service.gov.uk/search/companies?q=Jersey+Electricity+PLC,1620593903,16:58:23,20210509
3,2017-09-30,JEL.L,GBP,2017-09-30,2017-09-30,FY,102320000,63186000.0,39134000.0,0.38246677091477715,0.0,12157000.0,12222000.0,0.0,24379000.0,87565000,1340000.0,10695000.0,25450000.0,0.24872947615324473,14755000.0,0.144204456606724,0.0,13458000.0,0.13152853792025018,2834000.0,10599000.0,0.10358678655199374,0.3459,0.3459,30641804.0,30641804.0,https://find-and-update.company-information.service.gov.uk/search/companies?q=Jersey+Electricity+PLC,https://find-and-update.company-information.service.gov.uk/search/companies?q=Jersey+Electricity+PLC,1620593903,16:58:23,20210509
4,2016-09-30,JEL.L,GBP,2016-09-30,2016-09-30,FY,103361000,65249000.0,38112000.0,0.36872708274881244,0.0,12325000.0,11173000.0,0.0,23498000.0,88747000,1154000.0,10295000.0,24909000.0,0.2409903154961736,14614000.0,0.14138795096796664,0.0,14808000.0,0.14326486779346176,3166000.0,11547000.0,0.1117152504329486,0.3769,0.3769,30636774.0,30636774.0,https://find-and-update.company-information.service.gov.uk/search/companies?q=Jersey+Electricity+PLC,https://find-and-update.company-information.service.gov.uk/search/companies?q=Jersey+Electricity+PLC,1620593903,16:58:23,20210509
5,2015-09-30,JEL.L,GBP,2015-09-30,2015-09-30,FY,100479000,64604000.0,35875000.0,0.3570397794564038,0.0,10625000.0,11306000.0,0.0,21931000.0,86535000,1555000.0,9926000.0,23870000.0,0.23756207764806578,13944000.0,0.1387752664735915,0.0,13169000.0,0.13106221200449844,2397000.0,10725000.0,0.10673872152390051,35.0,35.0,30640000.0,30640000.0,https://find-and-update.company-information.service.gov.uk/search/companies?q=Jersey+Electricity+PLC,https://find-and-update.company-information.service.gov.uk/search/companies?q=Jersey+Electricity+PLC,1620593903,16:58:23,20210509
6,2014-09-30,JEL.L,GBP,2014-09-30,2014-09-30,FY,98443000,68468000.0,29975000.0,0.3044909236817244,0.0,8983000.0,11096000.0,0.0,20079000.0,88547000,37000.0,8259000.0,18155000.0,0.18442144184959824,9896000.0,0.10052517700598315,0.0,6456000.0,0.06558109769104964,1478000.0,4932000.0,0.05010005790152677,0.161,0.161,30633540.0,30633540.0,https://find-and-update.company-information.service.gov.uk/search/companies?q=Jersey+Electricity+PLC,https://find-and-update.company-information.service.gov.uk/search/companies?q=Jersey+Electricity+PLC,1620593903,16:58:23,20210509
7,2013-09-30,JEL.L,GBP,2013-09-30,2013-09-30,FY,102338000,75922000.0,26416000.0,0.2581250366432801,0.0,8753000.0,10716000.0,0.0,19469000.0,95391000,11000.0,8166000.0,15113000.0,0.14767730461803044,6947000.0,0.06788289784830659,0.0,6544000.0,0.06394496667904395,1482000.0,5022000.0,0.04907268072465751,0.1639,0.1639,30640635.0,30640635.0,https://find-and-update.company-information.service.gov.uk/search/companies?q=Jersey+Electricity+PLC,https://find-and-update.company-information.service.gov.uk/search/companies?q=Jersey+Electricity+PLC,1620593903,16:58:23,20210509
8,2012-09-30,JEL.L,GBP,2012-09-30,2012-09-30,FY,97182000,69346000.0,27836000.0,0.28643164372003044,0.0,10413000.0,10487000.0,0.0,20900000.0,90246000,0.0,8298000.0,15234000.0,0.15675742421436067,6936000.0,0.07137124158794839,0.0,5735000.0,0.059012985943899074,1796000.0,3846000.0,0.03957522998086065,0.1255,0.1255,11640000.0,11640000.0,https://find-and-update.company-information.service.gov.uk/search/companies?q=Jersey+Electricity+PLC,https://find-and-update.company-information.service.gov.uk/search/companies?q=Jersey+Electricity+PLC,1620593903,16:58:23,20210509
9,2011-09-30,JEL.L,GBP,2011-09-30,2011-09-30,FY,100494000,69989000.0,30505000.0,0.3035504607240233,0.0,0.0,10522000.0,86000.0,19875000.0,89864000,11000.0,8212000.0,18842000.0,0.18749378072322725,10630000.0,0.10577745935080701,0.0,11067000.0,0.11012597767030867,2423000.0,8593000.0,0.08550759249308416,0.281,0.281,1532000.0,1532000.0,https://find-and-update.company-information.service.gov.uk/search/companies?q=Jersey+Electricity+PLC,https://find-and-update.company-information.service.gov.uk/search/companies?q=Jersey+Electricity+PLC,1620593903,16:58:23,20210509
10,2010-09-30,JEL.L,GBP,2010-09-30,2010-09-30,FY,98889000,69071000.0,29818000.0,0.3015299982809008,0.0,0.0,10059000.0,-26000.0,13192000.0,82263000,13000.0,7997000.0,24623000.0,0.248996349442304,16626000.0,0.16812790097988653,0.0,14560000.0,0.14723578962270828,2185000.0,12315000.0,0.12453356793981131,0.402,0.402,30640000.0,30640000.0,https://find-and-update.company-information.service.gov.uk/search/companies?q=Jersey+Electricity+PLC,https://find-and-update.company-information.service.gov.uk/search/companies?q=Jersey+Electricity+PLC,1620593903,16:58:23,20210509
11,2009-09-30,JEL.L,GBP,2009-09-30,2009-09-30,FY,93594000,66903000.0,26691000.0,0.2851785370857106,0.0,0.0,10246000.0,59000.0,18065000.0,84968000,11000.0,7828000.0,16454000.0,0.1758018676410881,8626000.0,0.0921640276086074,0.0,9274000.0,0.09908754834711626,2032000.0,7204000.0,0.07697074598799068,0.235,0.235,30640000.0,30640000.0,https://find-and-update.company-information.service.gov.uk/search/companies?q=Jersey+Electricity+PLC,https://find-and-update.company-information.service.gov.uk/search/companies?q=Jersey+Electricity+PLC,1620593903,16:58:23,20210509
12,2008-09-30,JEL.L,GBP,2008-09-30,2008-09-30,FY,82222000,55968000.0,26254000.0,0.31930626839532,0.0,0.0,9698000.0,-46000.0,17173000.0,73141000,11000.0,6949000.0,16030000.0,0.19495998637834155,9081000.0,0.11044489309430566,0.0,10268000.0,0.12488141859842865,146000.0,10074000.0,0.1225219527620345,0.329,0.329,30640000.0,30640000.0,https://find-and-update.company-information.service.gov.uk/search/companies?q=Jersey+Electricity+PLC,https://find-and-update.company-information.service.gov.uk/search/companies?q=Jersey+Electricity+PLC,1620593903,16:58:23,20210509
13,2007-09-30,JEL.L,GBP,2007-09-30,2007-09-30,FY,75871000,52117000.0,23754000.0,0.31308405055950234,0.0,0.0,9054000.0,0.0,15154000.0,67271000,11000.0,7568000.0,16168000.0,0.2130985488526578,8600000.0,0.11335029194290308,0.0,8734000.0,0.11511644765457157,1074000.0,7570000.0,0.0997746174427647,0.247,0.247,30640000.0,30640000.0,https://find-and-update.company-information.service.gov.uk/search/companies?q=Jersey+Electricity+PLC,https://find-and-update.company-information.service.gov.uk/search/companies?q=Jersey+Electricity+PLC,1620593903,16:58:23,20210509
14,2006-09-30,JEL.L,GBP,2006-09-30,2006-09-30,FY,65617000,42873000.0,22744000.0,0.34661749241812334,0.0,0.0,8890000.0,0.0,14669000.0,57542000,9000.0,6948000.0,15023000.0,0.2289498148345703,8075000.0,0.12306262096712742,0.0,7322000.0,0.11158693631223617,1351000.0,5942000.0,0.09055580108813265,0.194,0.194,30640000.0,30640000.0,https://find-and-update.company-information.service.gov.uk/search/companies?q=Jersey+Electricity+PLC,https://find-and-update.company-information.service.gov.uk/search/companies?q=Jersey+Electricity+PLC,1620593903,16:58:23,20210509
15,2005-09-30,JEL.L,GBP,2005-09-30,2005-09-30,FY,56096000,32025000.0,24071000.0,0.42910367940673133,0.0,0.0,8193000.0,356000.0,10899000.0,42924000,354000.0,7213000.0,20385000.0,0.36339489446662865,13172000.0,0.23481175128351398,0.0,10534000.0,0.18778522532800912,1911000.0,8590000.0,0.15313034797490016,0.183,0.183,11640000.0,11640000.0,https://find-and-update.company-information.service.gov.uk/search/companies?q=Jersey+Electricity+PLC,https://find-and-update.company-information.service.gov.uk/search/companies?q=Jersey+Electricity+PLC,1620593903,16:58:23,20210509
16,2004-09-30,JEL.L,GBP,2004-09-30,2004-09-30,FY,56913000,32039000.0,24874000.0,0.4370530458770404,0.0,0.0,0.0,1969000.0,15222000.0,47261000,149000.0,7752000.0,17404000.0,0.30580008082511906,9652000.0,0.16959218456240227,0.0,5486000.0,0.09639273979582873,1759000.0,3685000.0,0.06474794862333738,0.12,0.12,11640000.0,11640000.0,https://find-and-update.company-information.service.gov.uk/search/companies?q=Jersey+Electricity+PLC,https://find-and-update.company-information.service.gov.uk/search/companies?q=Jersey+Electricity+PLC,1620593903,16:58:23,20210509
17,2003-09-30,JEL.L,GBP,2003-09-30,2003-09-30,FY,59253000,34532000.0,24721000.0,0.41721094290584443,0.0,0.0,0.0,0.0,17225000.0,51757000,69000.0,8237000.0,15733000.0,0.2655224208056976,7496000.0,0.12650836244578334,0.0,5209000.0,0.0879111606163401,1771000.0,3372000.0,0.05690851096147031,0.11,0.11,11640000.0,11640000.0,https://find-and-update.company-information.service.gov.uk/search/companies?q=Jersey+Electricity+PLC,https://find-and-update.company-information.service.gov.uk/search/companies?q=Jersey+Electricity+PLC,1620593903,16:58:23,20210509
18,2002-09-30,JEL.L,GBP,2002-09-30,2002-09-30,FY,60351000,37510000.0,22841000.0,0.37846928799854185,0.0,0.0,0.0,0.0,16958000.0,54468000,252000.0,7676000.0,13559000.0,0.22466901956885552,5883000.0,0.09747974350052195,0.0,1573000.0,0.026064191148448244,782000.0,750000.0,0.012427300293284286,0.0245,0.0245,30640000.0,30640000.0,https://find-and-update.company-information.service.gov.uk/search/companies?q=Jersey+Electricity+PLC,https://find-and-update.company-information.service.gov.uk/search/companies?q=Jersey+Electricity+PLC,1620593903,16:58:23,20210509
19,2001-09-30,JEL.L,GBP,2001-09-30,2001-09-30,FY,60355000,36607000.0,23748000.0,0.39347195758429293,0.0,0.0,0.0,-65000.0,18336000.0,54943000,489000.0,7485000.0,12897000.0,0.21368569298318282,5412000.0,0.08966945572032144,0.0,3532000.0,0.05852042084334355,1390000.0,2432000.0,0.040294921713196916,0.079,0.079,30640000.0,30640000.0,https://find-and-update.company-information.service.gov.uk/search/companies?q=Jersey+Electricity+PLC,https://find-and-update.company-information.service.gov.uk/search/companies?q=Jersey+Electricity+PLC,1620593903,16:58:23,20210509
20,2000-09-30,JEL.L,GBP,2000-09-30,2000-09-30,FY,55293000,35858000.0,19435000.0,0.35149114716148516,0.0,0.0,0.0,0.0,15297000.0,51155000,25000.0,6739000.0,10877000.0,0.1967156782956251,4138000.0,0.074837682889335,0.0,3580000.0,0.06474598954659722,1239000.0,2666000.0,0.0482158681930805,0.0865,0.0865,30640000.0,30640000.0,https://find-and-update.company-information.service.gov.uk/search/companies?q=Jersey+Electricity+PLC,https://find-and-update.company-information.service.gov.uk/search/companies?q=Jersey+Electricity+PLC,1620593903,16:58:23,20210509
21,1999-09-30,JEL.L,GBP,1999-09-30,1999-09-30,FY,50767000,32984000.0,17783000.0,0.3502866035022751,0.0,0.0,0.0,-314000.0,11833000.0,44817000,29000.0,6451000.0,12401000.0,0.2442728544133,5950000.0,0.11720211948706837,0.0,6615000.0,0.13030117990032897,930000.0,5756000.0,0.1133807394567337,0.188,0.188,30640000.0,30640000.0,https://find-and-update.company-information.service.gov.uk/search/companies?q=Jersey+Electricity+PLC,https://find-and-update.company-information.service.gov.uk/search/companies?q=Jersey+Electricity+PLC,1620593903,16:58:23,20210509
22,1998-09-30,JEL.L,GBP,1998-09-30,1998-09-30,FY,49761000,34375000.0,15386000.0,0.30919796627881274,0.0,0.0,0.0,-149000.0,9732000.0,44107000,28000.0,6638000.0,12292000.0,0.24702075922911518,5654000.0,0.11362311850646088,0.0,6294000.0,0.1264845963706517,1247000.0,4977000.0,0.10001808645324652,0.1625,0.1625,30640000.0,30640000.0,https://find-and-update.company-information.service.gov.uk/search/companies?q=Jersey+Electricity+PLC,https://find-and-update.company-information.service.gov.uk/search/companies?q=Jersey+Electricity+PLC,1620593903,16:58:23,20210509
23,1997-09-30,JEL.L,GBP,1997-09-30,1997-09-30,FY,46418000,0.0,0.0,0.0,0.0,0.0,0.0,0.0,41493000.0,41493000,28000.0,6107000.0,11032000.0,0.23766642250850964,4925000.0,0.10610108147701323,0.0,5365000.0,0.11558016286785298,1069000.0,4296000.0,0.09255030376147184,0.14,0.14,30640000.0,30640000.0,https://find-and-update.company-information.service.gov.uk/search/companies?q=Jersey+Electricity+PLC,https://find-and-update.company-information.service.gov.uk/search/companies?q=Jersey+Electricity+PLC,1620593903,16:58:23,20210509
24,1996-09-30,JEL.L,GBP,1996-09-30,1996-09-30,FY,43018000,0.0,43018000.0,1.0,0.0,0.0,0.0,0.0,38693000.0,38693000,28000.0,6092000.0,10417000.0,0.24215444697568458,4325000.0,0.1005393091264122,0.0,4659000.0,0.10830350086010507,622000.0,4037000.0,0.09384443721232973,0.1315,0.1315,30640000.0,30640000.0,https://find-and-update.company-information.service.gov.uk/search/companies?q=Jersey+Electricity+PLC,https://find-and-update.company-information.service.gov.uk/search/companies?q=Jersey+Electricity+PLC,1620593903,16:58:23,20210509
25,1995-09-30,JEL.L,GBP,1995-09-30,1995-09-30,FY,39475000,0.0,39475000.0,1.0,0.0,0.0,0.0,0.0,36318000.0,36318000,30000.0,6034000.0,9191000.0,0.2328309056364788,3157000.0,0.07997466751108297,0.0,3429000.0,0.08686510449651678,163000.0,3266000.0,0.0827359088030399,0.1065,0.1065,30640000.0,30640000.0,https://find-and-update.company-information.service.gov.uk/search/companies?q=Jersey+Electricity+PLC,https://find-and-update.company-information.service.gov.uk/search/companies?q=Jersey+Electricity+PLC,1620593903,16:58:23,20210509
26,1994-09-30,JEL.L,GBP,1994-09-30,1994-09-30,FY,39335000,0.0,39335000.0,1.0,0.0,0.0,0.0,27000.0,34497000.0,34497000,35000.0,5320000.0,10158000.0,0.2582432947756451,4838000.0,0.12299478835642558,0.0,4925000.0,0.1252065590441083,170000.0,4755000.0,0.1208847082750731,0.155,0.155,30640000.0,30640000.0,https://find-and-update.company-information.service.gov.uk/search/companies?q=Jersey+Electricity+PLC,https://find-and-update.company-information.service.gov.uk/search/companies?q=Jersey+Electricity+PLC,1620593903,16:58:23,20210509
27,1993-09-30,JEL.L,GBP,1993-09-30,1993-09-30,FY,37631000,0.0,37631000.0,1.0,0.0,0.0,0.0,57000.0,32394000.0,32394000,142000.0,4531000.0,9768000.0,0.2595732242034493,5237000.0,0.13916717599851186,0.0,6022000.0,0.16002763678881773,489000.0,5533000.0,0.14703303127740427,0.1805,0.1805,30640000.0,30640000.0,https://find-and-update.company-information.service.gov.uk/search/companies?q=Jersey+Electricity+PLC,https://find-and-update.company-information.service.gov.uk/search/companies?q=Jersey+Electricity+PLC,1620593903,16:58:23,20210509
28,1992-09-30,JEL.L,GBP,1992-09-30,1992-09-30,FY,36924000,0.0,36924000.0,1.0,0.0,0.0,0.0,54000.0,30163000.0,30163000,246000.0,4381000.0,11142000.0,0.3017549561260969,6761000.0,0.18310583902069114,0.0,7724000.0,0.20918643700574152,1318000.0,6406000.0,0.1734914960459322,0.209,0.209,30640000.0,30640000.0,https://find-and-update.company-information.service.gov.uk/search/companies?q=Jersey+Electricity+PLC,https://find-and-update.company-information.service.gov.uk/search/companies?q=Jersey+Electricity+PLC,1620593903,16:58:23,20210509
