,date,symbol,reportedCurrency,fillingDate,acceptedDate,period,revenue,costOfRevenue,grossProfit,grossProfitRatio,researchAndDevelopmentExpenses,generalAndAdministrativeExpenses,sellingAndMarketingExpenses,otherExpenses,operatingExpenses,costAndExpenses,interestExpense,depreciationAndAmortization,ebitda,ebitdaratio,operatingIncome,operatingIncomeRatio,totalOtherIncomeExpensesNet,incomeBeforeTax,incomeBeforeTaxRatio,incomeTaxExpense,netIncome,netIncomeRatio,eps,epsdiluted,weightedAverageShsOut,weightedAverageShsOutDil,link,finalLink,timestamp,est_time,est_date
0,2020-12-31,BNP.DE,EUR,2020-12-31,2020-12-31,FY,54779000000,0.0,0.0,0.0,0.0,0.0,0.0,0.0,0.0,0.0,12277000000.0,2439000000.0,0.0,0.0,0.0,0.17930228737289838,0.0,9822000000,0.17930228737289838,2407000000,7067000000,0.12900929188192556,5.662688333906579,5.662688333906579,1247993812,1247993812,https://www.bundesanzeiger.de/pub/de/suche;wwwsid=627BFD7A56A5CB624C47FDDEAB2FC509.web07-pub?0,https://www.bundesanzeiger.de/pub/de/suche;wwwsid=627BFD7A56A5CB624C47FDDEAB2FC509.web07-pub?0,1620589543,15:45:43,20210509
1,2019-12-31,BNP.DE,EUR,2019-12-31,2019-12-31,FY,55005000000,0.0,0.0,0.0,0.0,0.0,0.0,0.0,41734000000.0,0.0,16200000000.0,2445000000.0,0.0,0.0,0.0,0.20714480501772567,0.0,11394000000,0.20714480501772567,2811000000,8173000000,0.14858649213707845,6.548910676810311,6.548909595815066,1247993812,1247994018,https://www.bundesanzeiger.de/pub/de/suche;wwwsid=627BFD7A56A5CB624C47FDDEAB2FC509.web07-pub?0,https://www.bundesanzeiger.de/pub/de/suche;wwwsid=627BFD7A56A5CB624C47FDDEAB2FC509.web07-pub?0,1620589543,15:45:43,20210509
2,2018-12-31,BNP.DE,EUR,2018-12-31,2018-12-31,FY,51944000000,0.0,0.0,0.0,0.0,0.0,0.0,0.0,40097000000.0,0.0,14661000000.0,1676000000.0,0.0,0.0,0.0,0.1965193285076236,0.0,10208000000,0.1965193285076236,2203000000,7526000000,0.1448868011704913,6.028832565711118,6.028831063736782,1248334552,1248334863,https://www.bundesanzeiger.de/pub/de/suche;wwwsid=627BFD7A56A5CB624C47FDDEAB2FC509.web07-pub?0,https://www.bundesanzeiger.de/pub/de/suche;wwwsid=627BFD7A56A5CB624C47FDDEAB2FC509.web07-pub?0,1620589543,15:45:43,20210509
3,2017-12-31,BNP.DE,EUR,2017-12-31,2017-12-31,FY,78415000000,0.0,0.0,0.0,0.0,0.0,0.0,0.0,65198000000.0,0.0,19011000000.0,1719000000.0,0.0,0.0,0.0,0.1442326085570363,0.0,11310000000,0.1442326085570363,3103000000,7759000000,0.09894790537524709,6.225194262666807,6.22371325889453,1246386807,1246683399,https://www.bundesanzeiger.de/pub/de/suche;wwwsid=627BFD7A56A5CB624C47FDDEAB2FC509.web07-pub?0,https://www.bundesanzeiger.de/pub/de/suche;wwwsid=627BFD7A56A5CB624C47FDDEAB2FC509.web07-pub?0,1620589543,15:45:43,20210509
4,2016-12-31,BNP.DE,EUR,2016-12-31,2016-12-31,FY,73831000000,0.0,0.0,0.0,0.0,11279000000.0,0.0,0.0,59798000000.0,0.0,18518000000.0,1697000000.0,12468000000.0,0.16887215397326327,10771000000.0,0.14588722894177242,0.0,11210000000,0.15183324077961832,3095000000,7702000000,0.10431932386125069,6.188980062650719,6.188245302066271,1244469997,1244617759,https://www.bundesanzeiger.de/pub/de/suche;wwwsid=627BFD7A56A5CB624C47FDDEAB2FC509.web07-pub?0,https://www.bundesanzeiger.de/pub/de/suche;wwwsid=627BFD7A56A5CB624C47FDDEAB2FC509.web07-pub?0,1620589543,15:45:43,20210509
5,2015-12-31,BNP.DE,EUR,2015-12-31,2015-12-31,FY,75102000000,0.0,0.0,0.0,0.0,11539000000.0,0.0,0.0,61518000000.0,0.0,18828000000.0,1654000000.0,11441000000.0,0.1523394849671114,9787000000.0,0.13031610343266492,0.0,10379000000,0.13819871641234588,3335000000,6694000000,0.08913211365875742,5.385404454482025,5.380227950983136,1242989279,1244185202,https://www.bundesanzeiger.de/pub/de/suche;wwwsid=627BFD7A56A5CB624C47FDDEAB2FC509.web07-pub?0,https://www.bundesanzeiger.de/pub/de/suche;wwwsid=627BFD7A56A5CB624C47FDDEAB2FC509.web07-pub?0,1620589543,15:45:43,20210509
6,2014-12-31,BNP.DE,EUR,2014-12-31,2014-12-31,FY,69250000000,0.0,0.0,0.0,0.0,10159000000.0,0.0,0.0,62608000000.0,0.0,18388000000.0,1566000000.0,4503000000.0,0.06502527075812274,2937000000.0,0.042411552346570396,0.0,3149000000,0.04547292418772563,2642000000,157000000,0.0022671480144404333,0.12641665635330865,0.12616470423322096,1241924953,1244405089,https://www.bundesanzeiger.de/pub/de/suche;wwwsid=627BFD7A56A5CB624C47FDDEAB2FC509.web07-pub?0,https://www.bundesanzeiger.de/pub/de/suche;wwwsid=627BFD7A56A5CB624C47FDDEAB2FC509.web07-pub?0,1620589543,15:45:43,20210509
7,2013-12-31,BNP.DE,EUR,2013-12-31,2013-12-31,FY,67078000000,0.0,0.0,0.0,0.0,9714000000.0,0.0,285000000.0,55192000000.0,0.0,18359000000.0,1582000000.0,9414000000.0,0.1403440770446346,7832000000.0,0.11675959330928173,0.0,8189000000,0.12208175556814455,2750000000,4832000000,0.07203554071379588,3.69,3.68,1241250435,1244208387,https://www.bundesanzeiger.de/pub/de/suche;wwwsid=627BFD7A56A5CB624C47FDDEAB2FC509.web07-pub?0,https://www.bundesanzeiger.de/pub/de/suche;wwwsid=627BFD7A56A5CB624C47FDDEAB2FC509.web07-pub?0,1620589543,15:45:43,20210509
8,2012-12-31,BNP.DE,EUR,2012-12-31,2012-12-31,FY,66749000000,0.0,0.0,0.0,0.0,25007000000.0,0.0,1792000000.0,54227000000.0,0.0,22731000000.0,1543000000.0,10124000000.0,0.15167268423496982,8581000000.0,0.12855623305218056,0.0,10372000000,0.15538809570180825,3059000000,6553000000,0.0981737554120661,5.16,5.15,1214528487,1216612203,https://www.bundesanzeiger.de/pub/de/suche;wwwsid=627BFD7A56A5CB624C47FDDEAB2FC509.web07-pub?0,https://www.bundesanzeiger.de/pub/de/suche;wwwsid=627BFD7A56A5CB624C47FDDEAB2FC509.web07-pub?0,1620589543,15:45:43,20210509
9,2011-12-31,BNP.DE,EUR,2011-12-31,2011-12-31,FY,68811000000,0.0,0.0,0.0,0.0,24608000000.0,5276000000.0,0.0,59054000000.0,0.0,23143000000.0,1508000000.0,0.0,0.0,0.0,0.14025373850111175,0.0,9651000000,0.14025373850111175,2757000000,6050000000,0.08792198921684033,4.82,4.81,1197356577,1199418253,https://www.bundesanzeiger.de/pub/de/suche;wwwsid=627BFD7A56A5CB624C47FDDEAB2FC509.web07-pub?0,https://www.bundesanzeiger.de/pub/de/suche;wwwsid=627BFD7A56A5CB624C47FDDEAB2FC509.web07-pub?0,1620589543,15:45:43,20210509
10,2010-12-31,BNP.DE,EUR,2010-12-31,2010-12-31,FY,73863000000,0.0,0.0,0.0,0.0,24924000000.0,5371000000.0,0.0,31888000000.0,0.0,23328000000.0,1593000000.0,0.0,0.0,0.0,0.1762722878843264,0.0,13020000000,0.1762722878843264,3856000000,7843000000,0.10618306865412995,6.33,6.32,1188848011,1191329452,https://www.bundesanzeiger.de/pub/de/suche;wwwsid=627BFD7A56A5CB624C47FDDEAB2FC509.web07-pub?0,https://www.bundesanzeiger.de/pub/de/suche;wwwsid=627BFD7A56A5CB624C47FDDEAB2FC509.web07-pub?0,1620589543,15:45:43,20210509
11,2009-12-31,BNP.DE,EUR,2009-12-31,2009-12-31,FY,68599000000,0.0,0.0,0.0,0.0,21958000000.0,4809000000.0,0.0,28149000000.0,0.0,25439000000.0,1382000000.0,0.0,0.0,0.0,0.13119724777329114,0.0,9000000000,0.13119724777329114,2526000000,5832000000,0.08501581655709267,5.51475677282981,5.505849154709977,1057526241,1059237156,https://www.bundesanzeiger.de/pub/de/suche;wwwsid=627BFD7A56A5CB624C47FDDEAB2FC509.web07-pub?0,https://www.bundesanzeiger.de/pub/de/suche;wwwsid=627BFD7A56A5CB624C47FDDEAB2FC509.web07-pub?0,1620589543,15:45:43,20210509
12,2008-12-31,BNP.DE,EUR,2008-12-31,2008-12-31,FY,48122000000,0.0,0.0,0.0,0.0,17324000000.0,4854000000.0,0.0,23254000000.0,0.0,45341000000.0,1076000000.0,0.0,0.0,0.0,0.08154274552179876,0.0,3924000000,0.08154274552179876,472000000,3021000000,0.0627779394040148,3.07,3.06,899245437,903058634,https://www.bundesanzeiger.de/pub/de/suche;wwwsid=627BFD7A56A5CB624C47FDDEAB2FC509.web07-pub?0,https://www.bundesanzeiger.de/pub/de/suche;wwwsid=627BFD7A56A5CB624C47FDDEAB2FC509.web07-pub?0,1620589543,15:45:43,20210509
13,2007-12-31,BNP.DE,EUR,2007-12-31,2007-12-31,FY,53533000000,0.0,0.0,0.0,0.0,17773000000.0,4399000000.0,0.0,23163000000.0,0.0,49433000000.0,991000000.0,0.0,0.0,0.0,0.2065641753684643,0.0,11058000000,0.2065641753684643,2747000000,7822000000,0.1461154801711094,8.49,8.42,898407216,906036346,https://www.bundesanzeiger.de/pub/de/suche;wwwsid=627BFD7A56A5CB624C47FDDEAB2FC509.web07-pub?0,https://www.bundesanzeiger.de/pub/de/suche;wwwsid=627BFD7A56A5CB624C47FDDEAB2FC509.web07-pub?0,1620589543,15:45:43,20210509
14,2006-12-31,BNP.DE,EUR,2006-12-31,2006-12-31,FY,51784000000,0.0,0.0,0.0,0.0,16137000000.0,4291000000.0,0.0,21356000000.0,0.0,35458000000.0,928000000.0,0.0,0.0,0.0,0.2041171018075081,0.0,10570000000,0.2041171018075081,2762000000,7308000000,0.1411246717132705,8.03,7.95,893811947,903330775,https://www.bundesanzeiger.de/pub/de/suche;wwwsid=627BFD7A56A5CB624C47FDDEAB2FC509.web07-pub?0,https://www.bundesanzeiger.de/pub/de/suche;wwwsid=627BFD7A56A5CB624C47FDDEAB2FC509.web07-pub?0,1620589543,15:45:43,20210509
15,2005-12-31,BNP.DE,EUR,2005-12-31,2005-12-31,FY,55566000000,0.0,0.0,0.0,0.0,12627000000.0,0.0,-14551000000.0,32591000000.0,0.0,0.0,742000000.0,23717000000.0,0.42682575675772955,22975000000.0,0.4134722672137638,0.0,8424000000,0.15160349854227406,2138000000,5852000000,0.10531620055429579,6.947358,6.897876,838188582,843562566,https://www.bundesanzeiger.de/pub/de/suche;wwwsid=627BFD7A56A5CB624C47FDDEAB2FC509.web07-pub?0,https://www.bundesanzeiger.de/pub/de/suche;wwwsid=627BFD7A56A5CB624C47FDDEAB2FC509.web07-pub?0,1620589543,15:45:43,20210509
16,2004-12-31,BNP.DE,EUR,2004-12-31,2004-12-31,FY,20570000000,0.0,0.0,0.0,0.0,3965000000.0,0.0,194000000.0,13174000000.0,0.0,22213000000.0,1940000000.0,9336000000.0,0.4538648517258143,7396000000.0,0.3595527467185221,0.0,7590000000,0.3689839572192513,1830000000,4668000000,0.22693242586290716,5.49257,5.472777,849875425,852949115,https://www.bundesanzeiger.de/pub/de/suche;wwwsid=627BFD7A56A5CB624C47FDDEAB2FC509.web07-pub?0,https://www.bundesanzeiger.de/pub/de/suche;wwwsid=627BFD7A56A5CB624C47FDDEAB2FC509.web07-pub?0,1620589543,15:45:43,20210509
17,2003-12-31,BNP.DE,EUR,2003-12-31,2003-12-31,FY,19727000000,0.0,0.0,0.0,0.0,3764000000.0,0.0,131000000.0,13526000000.0,0.0,20663000000.0,0.0,0.0,0.0,6201000000.0,0.3143407512546256,0.0,6332000000,0.32098139605616666,1481000000,3761000000,0.19065240533279262,4.265401,4.235711,881745943,887926406,https://www.bundesanzeiger.de/pub/de/suche;wwwsid=627BFD7A56A5CB624C47FDDEAB2FC509.web07-pub?0,https://www.bundesanzeiger.de/pub/de/suche;wwwsid=627BFD7A56A5CB624C47FDDEAB2FC509.web07-pub?0,1620589543,15:45:43,20210509
