,date,symbol,reportedCurrency,fillingDate,acceptedDate,period,revenue,costOfRevenue,grossProfit,grossProfitRatio,researchAndDevelopmentExpenses,generalAndAdministrativeExpenses,sellingAndMarketingExpenses,otherExpenses,operatingExpenses,costAndExpenses,interestExpense,depreciationAndAmortization,ebitda,ebitdaratio,operatingIncome,operatingIncomeRatio,totalOtherIncomeExpensesNet,incomeBeforeTax,incomeBeforeTaxRatio,incomeTaxExpense,netIncome,netIncomeRatio,eps,epsdiluted,weightedAverageShsOut,weightedAverageShsOutDil,link,finalLink,timestamp,est_time,est_date
0,2020-12-26,ESCA,USD,2021-02-22,2021-02-22 17:10:57,FY,273649000,198822000,74827000.0,0.2734415254577945,0.0,40315000.0,0.0,140000.0,40315000.0,239137000.0,250000.0,4016000.0,37048000.0,0.13538511012282156,33032000.0,0.12070937587931986,140000.0,32922000.0,0.12030740108679366,6988000.0,25934000.0,0.09477103881249338,1.8400000283797335,1.8287034947740852,14094565,14181632,https://www.sec.gov/Archives/edgar/data/33488/000143774921003651/0001437749-21-003651-index.htm,https://www.sec.gov/Archives/edgar/data/33488/000143774921003651/esca20201226_10k.htm,1620591765,16:22:45,20210509
1,2019-12-28,ESCA,USD,2020-02-21,2020-02-21 06:09:27,FY,180541000,138181000,42360000.0,0.2346281454074144,0.0,31616000.0,0.0,15000.0,33084999.99999998,171265999.99999997,356000.0,4031000.0,13306000.0,0.07370071064190406,9275000.0,0.051373372253393966,15000.0,8934000.0,0.04948460460504816,1676000.0,7258000.0,0.040201394697049427,0.50267,0.50267,14516000,14516000,https://www.sec.gov/Archives/edgar/data/33488/000110465920023597/0001104659-20-023597-index.htm,https://www.sec.gov/Archives/edgar/data/33488/000110465920023597/tm205338-1_10k.htm,1620591765,16:22:45,20210509
2,2018-12-29,ESCA,USD,2019-02-22,2019-02-22 16:03:02,FY,175780000,130750000,45030000.0,0.25617248833769485,0.0,29807000.0,0.0,-89000.0,31212999.999999993,161963000.0,427000.0,3857000.0,17674000.0,0.10054613721697576,13817000.0,0.0786039367391057,-89000.0,26442000.0,0.15042666970076232,6000000.0,20442000.0,0.116293093639777,1.420000063907644,1.4100000331083071,14395774,14497872,https://www.sec.gov/Archives/edgar/data/33488/000114420419009589/0001144204-19-009589-index.htm,https://www.sec.gov/Archives/edgar/data/33488/000114420419009589/tv513639_10k.htm,1620591765,16:22:45,20210509
3,2017-12-30,ESCA,USD,2018-02-27,2018-02-27 16:36:12,FY,177333000,132606000,44727000.0,0.2522203989105243,0.0,28548000.0,0.0,-169000.0,29871000.00000001,162477000.0,804000.0,3910000.0,18766000.0,0.10582350718704359,14856000.0,0.0837745935612661,-169000.0,15517000.0,0.08750204417677476,1456000.0,14061000.0,0.07929150242763615,0.97707,0.97707,14347959,14347959,https://www.sec.gov/Archives/edgar/data/33488/000114420418011216/0001144204-18-011216-index.htm,https://www.sec.gov/Archives/edgar/data/33488/000114420418011216/tv486142_10k.htm,1620591765,16:22:45,20210509
4,2016-12-31,ESCA,USD,2017-02-28,2017-02-28 06:38:37,FY,167650000,123383000,44267000.0,0.26404413957649864,0.0,0.0,0.0,121000.0,29684000.0,153067000.0,834000.0,2327000.0,16910000.0,0.1008648971070683,14583000.0,0.08698478974053087,1793000.0,15542000.0,0.09270504026245154,4049000.0,11493000.0,0.0685535341485237,0.81,0.8,14188889,14366250,https://www.sec.gov/Archives/edgar/data/33488/000114420417011505/0001144204-17-011505-index.htm,https://www.sec.gov/Archives/edgar/data/33488/000114420417011505/v460023_10k.htm,1620591765,16:22:45,20210509
5,2015-12-26,ESCA,USD,2016-02-23,2016-02-23 08:05:12,FY,159463000,115989000,43474000.0,0.2726275060672382,0.0,27775000.0,0.0,0.0,30656000.000000007,146645000.0,470000.0,5218000.0,18036000.0,0.11310460733837943,12818000.0,0.08038228303744442,333000.0,15674000.0,0.09829239384684849,4068000.0,11606000.0,0.07278177382841161,0.81514,0.81514,14153658,14153658,https://www.sec.gov/Archives/edgar/data/33488/000114420416083756/0001144204-16-083756-index.htm,https://www.sec.gov/Archives/edgar/data/33488/000114420416083756/v431325_10k.htm,1620591765,16:22:45,20210509
6,2014-12-27,ESCA,USD,2015-02-25,2015-02-25 14:33:30,FY,137975000,96912000,41063000.0,0.29761188621127016,0.0,22938000.0,0.0,-4726000.0,25558999.999999996,122471000.0,447000.0,4383000.0,19887000.0,0.1441348070302591,15504000.0,0.11236818264178293,803000.0,19783000.0,0.14338104729117593,6438000.0,11817000.0,0.08564595035332488,0.85303,0.85303,12309375,12309375,https://www.sec.gov/Archives/edgar/data/33488/000114420415011858/0001144204-15-011858-index.htm,https://www.sec.gov/Archives/edgar/data/33488/000114420415011858/v401844_10k.htm,1620591765,16:22:45,20210509
7,2013-12-28,ESCA,USD,2014-02-25,2014-02-25 07:50:49,FY,163700000,113300000,50400000.0,0.30788026878436164,0.0,33500000.0,0.0,0.0,35899999.99999999,149200000.0,738000.0,4620000.0,19120000.0,0.11679902260232132,14500000.0,0.0885766646304215,-2929000.0,16700000.0,0.10201588271227856,6883000.0,9800000.0,0.05986560781918143,0.7296277870850819,0.7196328697453491,13431506,13618055,https://www.sec.gov/Archives/edgar/data/33488/000114420414011337/0001144204-14-011337-index.htm,https://www.sec.gov/Archives/edgar/data/33488/000114420414011337/v367948_10k.htm,1620591765,16:22:45,20210509
8,2012-12-29,ESCA,USD,2013-02-26,2013-02-26 11:09:18,FY,147600000,103200000,44400000.0,0.3008130081300813,0.0,31400000.0,0.0,0.0,47399999.99999999,150600000.0,2400000.0,4320000.0,1320000.0,0.00894308943089431,-3000000.0,-0.02032520325203252,3031000.0,-500000.0,-0.0033875338753387536,2434000.0,-4900000.0,-0.03319783197831978,-0.37121,-0.37121,13324324,13324324,https://www.sec.gov/Archives/edgar/data/33488/000114420413011121/0001144204-13-011121-index.htm,https://www.sec.gov/Archives/edgar/data/33488/000114420413011121/v333406_10k.htm,1620591765,16:22:45,20210509
9,2011-12-31,ESCA,USD,2012-03-05,2012-03-05 12:47:19,FY,134250000,92541000,41709000.0,0.31068156424581006,0.0,0.0,0.0,0.0,37538000.0,130079000.0,693000.0,1596000.0,5767000.0,0.04295716945996276,4171000.0,0.031068901303538177,3397000.0,6875000.0,0.051210428305400374,2434000.0,4441000.0,0.03308007448789572,0.35,0.33,12849000,13411000,https://www.sec.gov/Archives/edgar/data/33488/000101905612000307/0001019056-12-000307-index.htm,https://www.sec.gov/Archives/edgar/data/33488/000101905612000307/escalade_10k.htm,1620591765,16:22:45,20210509
10,2010-12-25,ESCA,USD,2011-03-01,2011-03-01 10:57:54,FY,120700000,83500000,37200000.0,0.30820215410107704,0.0,27700000.0,0.0,2050000.0,29000000.0,112500000.0,1163000.0,4330000.0,12530000.0,0.10381110190555096,8200000.0,0.06793703396851698,100000.0,9100000.0,0.07539353769676885,3017000.0,6100000.0,0.050538525269262634,0.4832480862583574,0.46311272945812243,12622916,13171739,https://www.sec.gov/Archives/edgar/data/33488/000101905611000282/0001019056-11-000282-index.htm,https://www.sec.gov/Archives/edgar/data/33488/000101905611000282/escalade_10k10.htm,1620591765,16:22:45,20210509
11,2009-12-26,ESCA,USD,2010-03-05,2010-03-05 12:17:50,FY,116000000,82300000,33700000.0,0.29051724137931034,0.0,29500000.0,0.0,2270000.0,31700000.000000004,114000000.0,1665000.0,5970000.0,7970000.0,0.06870689655172414,2000000.0,0.017241379310344827,200000.0,2600000.0,0.022413793103448276,948000.0,1700000.0,0.014655172413793103,0.13178,0.13178,12746153,12746153,https://www.sec.gov/Archives/edgar/data/33488/000101905610000272/0001019056-10-000272-index.htm,https://www.sec.gov/Archives/edgar/data/33488/000101905610000272/escalade_10k09.htm,1620591765,16:22:45,20210509
12,2008-12-27,ESCA,USD,2009-03-27,2009-03-27 10:30:18,FY,148700000,112100000,36600000.0,0.246133154001345,0.0,39900000.0,0.0,-34000.0,45599999.99999999,157700000.0,2025000.0,5540000.0,-3460000.0,-0.023268325487558843,-9000000.0,-0.0605245460659045,-34000.0,-10200000.0,-0.06859448554135844,-2684000.0,-7500000.0,-0.05043712172158709,-0.59524,-0.59524,12705084,12705084,https://www.sec.gov/Archives/edgar/data/33488/000101905609000381/0001019056-09-000381-index.htm,https://www.sec.gov/Archives/edgar/data/33488/000101905609000381/escalade_10k08.htm,1620591765,16:22:45,20210509
13,2007-12-29,ESCA,USD,2008-03-12,2008-03-12 10:13:47,FY,185600000,131400000,54200000.0,0.2920258620689655,0.0,38500000.0,0.0,0.0,39599999.99999999,171000000.0,2837000.0,6040000.0,20640000.0,0.11120689655172414,14600000.0,0.07866379310344827,700000.0,14200000.0,0.07650862068965517,4967000.0,9300000.0,0.050107758620689655,0.72093,0.72093,12854166,12854166,https://www.sec.gov/Archives/edgar/data/33488/000101905608000386/0001019056-08-000386-index.htm,https://www.sec.gov/Archives/edgar/data/33488/000101905608000386/escalade_10k07.htm,1620591765,16:22:45,20210509
14,2006-12-30,ESCA,USD,2007-03-15 00:00:00,2007-03-15 11:38:34,FY,191500000,137800000,53600000.0,0.2798955613577023,0.0,39900000.0,0.0,0.0,42299999.99999998,180099999.99999997,-800000.0,5650000.0,17050000.0,0.08903394255874673,11400000.0,0.05953002610966057,900000.0,11500000.0,0.06005221932114883,3000000.0,8500000.0,0.044386422976501305,0.65385,0.65385,13000000,13000000,https://www.sec.gov/Archives/edgar/data/33488/000101905607000264/0001019056-07-000264-index.html,https://www.sec.gov/Archives/edgar/data/33488/000101905607000264/escalade_10k06.txt,1620591765,16:22:45,20210509
15,2005-12-31,ESCA,USD,2005-12-31,2005-12-31,FY,185617000,130021000,55596000.0,0.2995199793122397,0.0,0.0,0.0,0.0,36444000.0,166465000.0,0.0,4735000.0,23887000.0,0.12868972130785433,19152000.0,0.10318020439938153,1546000.0,19216000.0,0.10352500040405782,7274000.0,11942000.0,0.06433677949756757,0.91,0.9,13123077,13268889,,,1620591765,16:22:45,20210509
16,2004-12-25,ESCA,USD,2004-12-25,2004-12-25,FY,220700000,158400000,62300000.0,0.2822836429542365,0.0,43000000.0,0.0,0.0,47900000.00000001,206300000.0,-1200000.0,5020000.0,19520000.0,0.08844585410058904,14500000.0,0.06570004531037607,600000.0,13900000.0,0.06298142274580878,5700000.0,8200000.0,0.03715450838241957,0.62121,0.62121,13200000,13200000,,,1620591765,16:22:45,20210509
17,2003-12-27,ESCA,USD,2003-12-27,2003-12-27,FY,221700000,154400000,67400000.0,0.30401443391971134,0.0,46400000.0,0.0,-2500000.0,46099999.99999999,200500000.0,0.0,5300000.0,26500000.0,0.11953089760938204,21200000.0,0.09562471808750564,-2500000.0,21200000.0,0.09562471808750564,6400000.0,14900000.0,0.06720793865584122,1.12879,1.12879,13200000,13200000,,,1620591765,16:22:45,20210509
18,2002-12-28,ESCA,USD,2002-12-28,2002-12-28,FY,155500000,111200000,44300000.0,0.284887459807074,0.0,26300000.0,0.0,100000.0,27299999.999999996,138500000.0,0.0,3800000.0,20700000.0,0.13311897106109324,16900000.0,0.10868167202572347,100000.0,16900000.0,0.10868167202572347,5800000.0,11100000.0,0.07138263665594856,0.82836,0.82836,13400000,13400000,,,1620591765,16:22:45,20210509
19,2001-12-29,ESCA,USD,2001-12-29,2001-12-29,FY,148900000,106900000,41900000.0,0.2813969106783076,0.0,21900000.0,0.0,400000.0,24500000.0,131400000.0,0.0,3590000.0,20990000.0,0.1409670920080591,17400000.0,0.11685695097380792,400000.0,17400000.0,0.11685695097380792,6300000.0,11100000.0,0.0745466756212223,0.84091,0.84091,13200000,13200000,,,1620591765,16:22:45,20210509
20,2000-12-30,ESCA,USD,2001-03-16 00:00:00,2001-03-16 00:00:00,FY,116100000,79300000,36800000.0,0.3169681309216193,0.0,20300000.0,0.0,300000.0,23500000.0,102800000.0,0.0,3180000.0,16480000.0,0.14194659776055124,13300000.0,0.11455641688199827,300000.0,13300000.0,0.11455641688199827,5200000.0,8100000.0,0.06976744186046512,0.57042,0.57042,14200000,14200000,https://www.sec.gov/Archives/edgar/data/33488/000095015201500424/0000950152-01-500424-index.html,https://www.sec.gov/Archives/edgar/data/33488/000095015201500424/l87029ae10-k.txt,1620591765,16:22:45,20210509
21,1999-12-25,ESCA,USD,1999-12-25,1999-12-25,FY,86200000,60000000,26100000.0,0.302784222737819,0.0,15500000.0,0.0,-100000.0,16500000.0,76500000.0,0.0,2760000.0,12360000.0,0.14338747099767982,9600000.0,0.11136890951276102,-100000.0,9600000.0,0.11136890951276102,3500000.0,6100000.0,0.07076566125290024,0.33333,0.33333,18300000,18300000,,,1620591765,16:22:45,20210509
22,1998-12-26,ESCA,USD,1998-12-26,1998-12-26,FY,90700000,60500000,30100000.0,0.3318632855567806,0.0,15800000.0,0.0,-400000.0,17599999.999999993,78100000.0,0.0,2800000.0,15400000.0,0.16979051819184124,12600000.0,0.13891951488423374,-400000.0,12600000.0,0.13891951488423374,4800000.0,6100000.0,0.06725468577728776,0.3262,0.3262,18700000,18700000,,,1620591765,16:22:45,20210509
23,1997-12-27,ESCA,USD,1997-12-27,1997-12-27,FY,91500000,61700000,29800000.0,0.3256830601092896,0.0,17400000.0,0.0,-500000.0,18799999.999999996,80500000.0,0.0,2380000.0,13480000.0,0.1473224043715847,11100000.0,0.12131147540983607,-500000.0,11100000.0,0.12131147540983607,4700000.0,6400000.0,0.06994535519125683,0.33862,0.33862,18900000,18900000,,,1620591765,16:22:45,20210509
24,1996-12-28,ESCA,USD,1997-03-20 00:00:00,1997-03-20 00:00:00,FY,93200000,66700000,26500000.0,0.2843347639484979,0.0,16600000.0,0.0,-200000.0,17700000.000000004,84400000.0,0.0,3020000.0,11820000.0,0.12682403433476394,8800000.0,0.0944206008583691,-200000.0,8800000.0,0.0944206008583691,3500000.0,5200000.0,0.055793991416309016,0.22222,0.22222,23400000,23400000,https://www.sec.gov/Archives/edgar/data/33488/000093637197000003/0000936371-97-000003-index.html,https://www.sec.gov/Archives/edgar/data/33488/0000936371-97-000003.txt,1620591765,16:22:45,20210509
25,1995-12-30,ESCA,USD,1995-12-30,1995-12-30,FY,91200000,73400000,17700000.0,0.19407894736842105,0.0,13900000.0,0.0,-300000.0,16899999.99999999,90299999.99999999,0.0,3620000.0,4420000.0,0.04846491228070175,800000.0,0.008771929824561403,-300000.0,800000.0,0.008771929824561403,400000.0,400000.0,0.0043859649122807015,0.01613,0.01613,24800000,24800000,,,1620591765,16:22:45,20210509
26,1994-12-31,ESCA,USD,1994-12-31,1994-12-31,FY,102600000,79000000,23600000.0,0.2300194931773879,0.0,0.0,0.0,0.0,0.0,99700000.0,0.0,4400000.0,7300000.0,0.07115009746588694,2900000.0,0.028265107212475632,-4400000.0,-3700000.0,-0.036062378167641324,-1300000.0,-2400000.0,-0.023391812865497075,-0.016095,-0.016095,24822822,24822822,,,1620591765,16:22:45,20210509
27,1993-12-31,ESCA,USD,1993-12-31,1993-12-31,FY,94700000,69100000,25600000.0,0.2703273495248152,0.0,0.0,0.0,0.0,0.0,88300000.0,0.0,3200000.0,9600000.0,0.10137275607180571,6400000.0,0.0675818373812038,200000.0,5100000.0,0.05385427666314678,2000000.0,6200000.0,0.06546990496304118,0.036437,0.036437,24696696,24696696,,,1620591765,16:22:45,20210509
28,1992-12-31,ESCA,USD,1992-12-31,1992-12-31,FY,91300000,68500000,22800000.0,0.2497261774370208,0.0,0.0,0.0,0.0,0.0,90100000.0,0.0,3100000.0,4300000.0,0.047097480832420595,1200000.0,0.013143483023001095,200000.0,-400000.0,-0.004381161007667032,-2200000.0,1800000.0,0.019715224534501644,0.010617,0.010617,24672672,24672672,,,1620591765,16:22:45,20210509
29,1991-12-31,ESCA,USD,1991-12-31,1991-12-31,FY,88600000,67400000,21200000.0,0.23927765237020315,0.0,0.0,0.0,0.0,0.0,86200000.0,0.0,3500000.0,5900000.0,0.06659142212189616,2400000.0,0.02708803611738149,200000.0,500000.0,0.0056433408577878106,900000.0,-400000.0,-0.004514672686230248,-0.002413,-0.002413,24672672,24672672,,,1620591765,16:22:45,20210509
30,1990-12-31,ESCA,USD,1990-12-31,1990-12-31,FY,81000000,65100000,15900000.0,0.1962962962962963,0.0,0.0,0.0,0.0,0.0,87100000.0,0.0,4000000.0,-2100000.0,-0.025925925925925925,-6100000.0,-0.07530864197530865,200000.0,-7000000.0,-0.08641975308641975,500000.0,-7500000.0,-0.09259259259259259,-0.043435,-0.043435,24756756,24756756,,,1620591765,16:22:45,20210509
31,1989-12-31,ESCA,USD,1989-12-31,1989-12-31,FY,81100000,60800000,20300000.0,0.25030826140567203,0.0,0.0,0.0,0.0,0.0,77400000.0,0.0,2400000.0,6100000.0,0.0752157829839704,3700000.0,0.04562268803945746,300000.0,3500000.0,0.04315659679408138,2300000.0,1200000.0,0.014796547472256474,0.006757,0.006757,25117118,25117118,,,1620591765,16:22:45,20210509
32,1988-12-31,ESCA,USD,1988-12-31,1988-12-31,FY,65200000,47100000,18100000.0,0.2776073619631902,0.0,0.0,0.0,0.0,0.0,58300000.0,0.0,1700000.0,8600000.0,0.13190184049079753,6900000.0,0.1058282208588957,300000.0,6700000.0,0.10276073619631902,2600000.0,4100000.0,0.06288343558282208,0.020621,0.020621,25717718,25717718,,,1620591765,16:22:45,20210509
33,1987-12-31,ESCA,USD,1987-12-31,1987-12-31,FY,66400000,47100000,19300000.0,0.29066265060240964,0.0,0.0,0.0,0.0,0.0,58500000.0,0.0,1600000.0,9500000.0,0.1430722891566265,7900000.0,0.11897590361445783,200000.0,7400000.0,0.11144578313253012,3300000.0,4100000.0,0.061746987951807226,0.022595,0.022595,26042042,26042042,,,1620591765,16:22:45,20210509
34,1986-12-31,ESCA,USD,1986-12-31,1986-12-31,FY,53200000,37400000,15800000.0,0.29699248120300753,0.0,0.0,0.0,0.0,0.0,47500000.0,0.0,1700000.0,7400000.0,0.13909774436090225,5700000.0,0.10714285714285714,200000.0,5200000.0,0.09774436090225563,2000000.0,3200000.0,0.06015037593984962,0.015356,0.015356,23009010,23009010,,,1620591765,16:22:45,20210509
35,1985-12-31,ESCA,USD,1985-12-31,1985-12-31,FY,35100000,26100000,9000000.0,0.2564102564102564,0.0,0.0,0.0,0.0,0.0,32400000.0,0.0,1100000.0,3800000.0,0.10826210826210826,2700000.0,0.07692307692307693,200000.0,2100000.0,0.05982905982905983,1000000.0,1100000.0,0.03133903133903134,0.005484,0.005484,22486486,22486486,,,1620591765,16:22:45,20210509
