,date,symbol,reportedCurrency,fillingDate,acceptedDate,period,revenue,costOfRevenue,grossProfit,grossProfitRatio,researchAndDevelopmentExpenses,generalAndAdministrativeExpenses,sellingAndMarketingExpenses,otherExpenses,operatingExpenses,costAndExpenses,interestExpense,depreciationAndAmortization,ebitda,ebitdaratio,operatingIncome,operatingIncomeRatio,totalOtherIncomeExpensesNet,incomeBeforeTax,incomeBeforeTaxRatio,incomeTaxExpense,netIncome,netIncomeRatio,eps,epsdiluted,weightedAverageShsOut,weightedAverageShsOutDil,link,finalLink,timestamp,est_time,est_date
0,2016-12-31,OKS,USD,2017-02-28 00:00:00,2017-02-28 16:12:13,FY,8918459000.0,6496124000,2422335000,0.2716091423417431,0.0,0.0,0.0,4264000.0,4264000.0,6496124000,366789000.0,388569000,1704693000,0.19114210201560605,1316124000,0.14757302803096364,373000.0,1086164000.0,0.12178830445932419,13900000.0,1066767000.0,0.11961337715405766,3.73223,3.73223,285826000,285826000,https://www.sec.gov/Archives/edgar/data/909281/000090928117000015/0000909281-17-000015-index.html,https://www.sec.gov/Archives/edgar/data/909281/000090928117000015/oks10-k2016.htm,1620596087,17:34:47,20210509
1,2015-12-31,OKS,USD,2016-02-23 00:00:00,2016-02-23 16:40:11,FY,7761068000.0,5641052000,2120016000,0.2731603433960378,0.0,0.0,0.0,1044300000.0,1044300000.0,6685352000,338911000.0,352196000,1350275000,0.1739805655613377,998079000,0.12860072866260158,126000.0,602016000.0,0.07756870575029107,4144000.0,589542000.0,0.07596145272789775,2.2057,2.2057,267281000,267281000,https://www.sec.gov/Archives/edgar/data/909281/000090928116000088/0000909281-16-000088-index.html,https://www.sec.gov/Archives/edgar/data/909281/000090928116000088/oks10-k2015.htm,1620596087,17:34:47,20210509
2,2014-12-31,OKS,USD,2015-02-25,2015-02-25 08:42:08,FY,12191665000.0,10088548000,2103117000,0.17250449384887134,0.0,0.0,0.0,960893000.0,960893000.0,11049441000,281908000.0,291236000,1440059000,0.118118321000454,1148823000,0.09423019743406663,5447000.0,924003000.0,0.07578973011479564,12668000.0,910298000.0,0.07466560145804531,3.74137,3.74137,243306000,243306000,https://www.sec.gov/Archives/edgar/data/909281/000090928115000015/0000909281-15-000015-index.htm,https://www.sec.gov/Archives/edgar/data/909281/000090928115000015/oks10-k2014.htm,1620596087,17:34:47,20210509
3,2013-12-31,OKS,USD,2014-02-25,2014-02-25 17:01:14,FY,11869273000.0,10222213000,1647060000,0.13876671300761217,0.0,0.0,0.0,758256000.0,758256000.0,10980469000,236714000.0,236743000,1137428000,0.0958296266334088,900685000,0.07588375463265526,12870000.0,814841000.0,0.06865129818818726,10858000.0,803626000.0,0.06770642144636828,3.57711,3.57711,224658000,224658000,https://www.sec.gov/Archives/edgar/data/909281/000090928114000016/0000909281-14-000016-index.htm,https://www.sec.gov/Archives/edgar/data/909281/000090928114000016/oks10-k2013.htm,1620596087,17:34:47,20210509
4,2012-12-31,OKS,USD,2013-02-26 00:00:00,2013-02-26 16:53:24,FY,10182151000.0,8540319000,1641832000,0.16124608641140756,0.0,0.0,0.0,685641000.0,685641000.0,9225960000,206018000.0,203101000,1166028000,0.1145168638728693,962927000,0.09457009623997915,7577000.0,898533000.0,0.08824589224811143,10105000.0,887990000.0,0.08721045287975006,4.08959,4.08959,217134000,217134000,https://www.sec.gov/Archives/edgar/data/909281/000090928113000023/0000909281-13-000023-index.html,https://www.sec.gov/Archives/edgar/data/909281/000090928113000023/oks10-k2012.htm,1620596087,17:34:47,20210509
5,2011-12-31,OKS,USD,2012-02-21 00:00:00,2012-02-21 16:05:35,FY,11322607000.0,9745227000,1577380000,0.13931243926420833,0.0,0.0,0.0,636913000.0,636913000.0,10382140000,223137000.0,177549000,1117053000,0.09865687292687983,939504000,0.08297594361439906,1060000.0,843461000.0,0.0744935331589271,12569000.0,830319000.0,0.07333284640189314,4.07387,4.07387,203816000,203816000,https://www.sec.gov/Archives/edgar/data/909281/000090928112000022/0000909281-12-000022-index.html,https://www.sec.gov/Archives/edgar/data/909281/000090928112000022/form_10-k.htm,1620596087,17:34:47,20210509
6,2010-12-15,OKS,USD,2011-02-22,2011-02-22 16:25:55,FY,8675900000.0,7531047000,1144853000,0.13195783722726173,0.0,0.0,0.0,577184000.0,577184000.0,8108231000,0.0,173708000,760009000,0.08760001844189075,586301000,0.06757811869661937,6009000.0,488390000.0,0.05629271891100635,0.0,473308000.0,0.05455434018372734,2.32223181693292,2.32223181693292,203816000,203816000,https://www.sec.gov/Archives/edgar/data/909281/000090928111000024/0000909281-11-000024-index.htm,https://www.sec.gov/Archives/edgar/data/909281/000090928111000024/form_10-k.htm,1620596087,17:34:47,20210509
7,2009-12-28,OKS,USD,2010-02-23 00:00:00,2010-02-23 14:02:02,FY,6474491000.0,5355194000,1119297000,0.1728779914899874,0.0,0.0,0.0,575363000.0,575363000.0,5930557000,206016000.0,164136000,710738000,0.10977511591258679,546602000,0.08442393386599811,10658000.0,447667000.0,0.06914319596706521,0.0,434704000.0,0.06714103085478071,2.132825685912784,2.132825685912784,203816000,203816000,https://www.sec.gov/Archives/edgar/data/909281/000090928110000028/0000909281-10-000028-index.html,https://www.sec.gov/Archives/edgar/data/909281/000090928110000028/form_10-k.htm,1620596087,17:34:47,20210509
8,2008-12-31,OKS,USD,2009-02-25 00:00:00,2009-02-24 17:33:32,FY,0.0,6579547000,-6579547000,0.0,0.0,0.0,0.0,496562000.0,496562000.0,7076109000,151056000.0,124765000,769575000,0.0,644810000,0.0,5621000.0,638392000.0,0.0,0.0,625616000.0,0.0,3.0695136790045923,3.0695136790045923,203816000,203816000,https://www.sec.gov/Archives/edgar/data/909281/000090928109000016/0000909281-09-000016-index.html,https://www.sec.gov/Archives/edgar/data/909281/000090928109000016/form_10-k.htm,1620596087,17:34:47,20210509
9,2007-12-31,OKS,USD,2008-02-27,2008-02-27 15:42:42,FY,148089000.0,1092139000,-944050000,-6.374882671906759,0.0,0.0,0.0,0.0,0.0,1092139000,0.0,113704000,301519000,2.036066149410152,187815000,1.2682576018475376,0.0,0.0,0.0,0.0,0.0,0.0,0.0,0.0,203816000,203816000,https://www.sec.gov/Archives/edgar/data/909281/000119312508040029/0001193125-08-040029-index.htm,https://www.sec.gov/Archives/edgar/data/909281/000119312508040029/d10k.htm,1620596087,17:34:47,20210509
10,2006-12-31,OKS,USD,2007-03-01,2007-02-28 18:29:10,FY,4714026000.0,3872869000,841157000,0.17843707268479214,0.0,0.0,0.0,445429000.0,445429000.0,4318298000,-133482000.0,122045000,632638000,0.13420333277754515,510593000,0.10831357315381798,31568000.0,472855000.0,0.10030810182209432,0.0,445186000.0,0.09443859664753652,2.1842544255603094,2.1842544255603094,203816000,203816000,https://www.sec.gov/Archives/edgar/data/909281/000119312507042951/0001193125-07-042951-index.htm,https://www.sec.gov/Archives/edgar/data/909281/000119312507042951/d10k.htm,1620596087,17:34:47,20210509
