,date,symbol,reportedCurrency,fillingDate,acceptedDate,period,revenue,costOfRevenue,grossProfit,grossProfitRatio,researchAndDevelopmentExpenses,generalAndAdministrativeExpenses,sellingAndMarketingExpenses,otherExpenses,operatingExpenses,costAndExpenses,interestExpense,depreciationAndAmortization,ebitda,ebitdaratio,operatingIncome,operatingIncomeRatio,totalOtherIncomeExpensesNet,incomeBeforeTax,incomeBeforeTaxRatio,incomeTaxExpense,netIncome,netIncomeRatio,eps,epsdiluted,weightedAverageShsOut,weightedAverageShsOutDil,link,finalLink,timestamp,est_time,est_date
0,2020-12-31,0807.HK,CNY,2020-12-31,2020-12-31,FY,6251939000,4067575000,2184364000,0.3493898452943959,0.0,454623000,72932000.0,44921000.0,0.0,4480807000,697079000.0,356619000.0,2127751000,0.3403345746015756,1771132000.0,0.28329323110798105,0.0,1184430000,0.18945002502423647,266592000.0,635344000,0.10162351232153737,0.2438381683736971,0.2438381683736971,2605597000,2605597000,https://www1.hkexnews.hk/search/titlesearch.xhtml,https://www1.hkexnews.hk/search/titlesearch.xhtml,1620584919,14:28:39,20210509
1,2019-12-31,0807.HK,CNY,2019-12-31,2019-12-31,FY,5959521000,4026072000,1933449000,0.32443026880851666,0.0,464255000,72585000.0,-1182000.0,0.0,4310001000,685475000.0,338326000.0,1987846000,0.333558015820399,1649520000.0,0.27678734582863285,0.0,1019567000,0.17108203830475638,265174000.0,600251000,0.10072134992057248,0.2304,0.2304,2605597000,2605597000,https://www1.hkexnews.hk/search/titlesearch.xhtml,https://www1.hkexnews.hk/search/titlesearch.xhtml,1620584919,14:28:39,20210509
2,2018-12-31,0807.HK,CNY,2018-12-31,2018-12-31,FY,5313344000,3728745000,1584599000,0.29823007883547537,0.0,437875000,74190000.0,31913000.0,0.0,3985973000,583680000.0,317753000.0,1645124000,0.3096212102961901,1327371000.0,0.24981838179496754,0.0,920681000,0.17327713018392937,236428000.0,540237000,0.10167551733898653,0.2073,0.2073,2606589000,2606589000,https://www1.hkexnews.hk/search/titlesearch.xhtml,https://www1.hkexnews.hk/search/titlesearch.xhtml,1620584919,14:28:39,20210509
3,2017-12-31,0807.HK,CNY,2017-12-31,2017-12-31,FY,4639274000,3252937000,1386337000,0.2988262818708272,0.0,336158000,73087000.0,5651000.0,0.0,3424974000,507872000.0,300359000.0,1514659000,0.32648621314455667,1214300000.0,0.26174354004527434,0.0,878528000,0.18936756052778947,194373000.0,535653000,0.1154605224869236,0.2151,0.2151,2490561000,2490561000,https://www1.hkexnews.hk/search/titlesearch.xhtml,https://www1.hkexnews.hk/search/titlesearch.xhtml,1620584919,14:28:39,20210509
4,2016-12-31,0807.HK,CNY,2016-12-31,2016-12-31,FY,2648097000,1835801000,812296000,0.30674707157630554,0.0,268907000,39114000.0,21150000.0,0.0,2022112000,230920000.0,175859000.0,801844000,0.30280008625061694,625985000.0,0.23639050986425347,0.0,664517000,0.2509413363634338,124099000.0,454926000,0.17179355590070908,0.2016,0.2016,2256589000,2256589000,https://www1.hkexnews.hk/search/titlesearch.xhtml,https://www1.hkexnews.hk/search/titlesearch.xhtml,1620584919,14:28:39,20210509
5,2015-12-31,0807.HK,CNY,2015-12-31,2015-12-31,FY,1803796000,1091666000,712130000,0.39479519857012657,0.0,185591000,15908000.0,-5190000.0,0.0,1206566000,166826000.0,116650000.0,713880000,0.39576537479848056,597230000.0,0.3310961993484851,0.0,523996000,0.29049626454432764,99584000.0,360390000,0.19979532053513813,0.1686,0.1686,2136918000,2136918000,https://www1.hkexnews.hk/search/titlesearch.xhtml,https://www1.hkexnews.hk/search/titlesearch.xhtml,1620584919,14:28:39,20210509
6,2014-12-31,0807.HK,CNY,2014-12-31,2014-12-31,FY,1287778000,918812000,368966000,0.2865136692815066,0.0,177493000,15116000.0,0.0,0.0,1078701000,144572000.0,76604000.0,285681000,0.2218402550750207,209077000.0,0.1623548468757814,0.0,409651000,0.318106847608827,75948000.0,262416000,0.20377425301565952,0.145,0.143,1811557000,1835317400,https://www1.hkexnews.hk/search/titlesearch.xhtml,https://www1.hkexnews.hk/search/titlesearch.xhtml,1620584919,14:28:39,20210509
7,2013-12-31,0807.HK,CNY,2013-12-31,2013-12-31,FY,1214474000,852972000,361502000,0.2976613743892418,0.0,153319000,15192000.0,4888000.0,0.0,981893000,123999000.0,56688000.0,289269000,0.23818459678840387,232581000.0,0.1915075991746221,0.0,288864000,0.2378511190852995,74242000.0,150095000,0.12358848357395877,0.136,0.135,1102454000,1110949000,https://www1.hkexnews.hk/search/titlesearch.xhtml,https://www1.hkexnews.hk/search/titlesearch.xhtml,1620584919,14:28:39,20210509
8,2012-12-31,0807.HK,CNY,2012-12-31,2012-12-31,FY,804479000,527128000,277351000,0.3447585331624567,0.0,113118000,17911000.0,-1115000.0,0.0,632862000,99698000.0,50838000.0,222455000,0.2765205804004828,171617000.0,0.2133268860964674,0.0,204882000,0.2546766292221425,27637000.0,130516000,0.16223667740239334,0.12921900302285896,0.129188715140645,1010037200,1010274000,https://www1.hkexnews.hk/search/titlesearch.xhtml,https://www1.hkexnews.hk/search/titlesearch.xhtml,1620584919,14:28:39,20210509
9,2011-12-31,0807.HK,CNY,2011-12-31,2011-12-31,FY,519464000,331231000,188233000,0.362360048049528,0.0,90429000,17233000.0,78072000.0,0.0,424188000,66466000.0,17981000.0,113257000,0.2180266582477323,95276000.0,0.18341213250581367,0.0,150206000,0.2891557451526959,14864000.0,110130000,0.21200699182233995,0.1605,0.1605,687080000,687080000,https://www1.hkexnews.hk/search/titlesearch.xhtml,https://www1.hkexnews.hk/search/titlesearch.xhtml,1620584919,14:28:39,20210509
10,2010-12-31,0807.HK,CNY,2010-12-31,2010-12-31,FY,282394000,205016000,77378000,0.27400723811412425,0.0,38579000,14000000.0,0.0,0.0,248981000,35220000.0,17981000.0,51394000,0.1819939517128551,33413000.0,0.1183205025602527,0.0,32573000,0.1153459351119358,12246000.0,22111000,0.07829840577349377,0.05,0.05,440433072,440433072,https://www1.hkexnews.hk/search/titlesearch.xhtml,https://www1.hkexnews.hk/search/titlesearch.xhtml,1620584919,14:28:39,20210509
11,2009-12-31,0807.HK,CNY,2009-12-31,2009-12-31,FY,321889000,267126000,54763000,0.17013007589572804,0.0,79703000,11403000.0,0.0,0.0,349831000,57619000.0,17216000.0,-10726000,-0.033322045798396344,-27942000.0,-0.08680632143378618,0.0,-168537000,-0.5235873235804889,11973000.0,-179470000,-0.5575524482041946,-2.798159,-2.798159,64139298,64139298,https://www1.hkexnews.hk/search/titlesearch.xhtml,https://www1.hkexnews.hk/search/titlesearch.xhtml,1620584919,14:28:39,20210509
12,2008-12-31,0807.HK,CNY,2008-12-31,2008-12-31,FY,386672000,328887000,57785000,0.14944190424959655,0.0,43686000,12351000.0,0.0,0.0,377225000,66354000.0,16122000.0,25569000,0.06612581205776472,9447000.0,0.02443155956469566,0.0,-14815000,-0.03831412670170067,3118000.0,-17538000,-0.04535627094798692,-0.273553,-0.273553,64135960,64135960,https://www1.hkexnews.hk/search/titlesearch.xhtml,https://www1.hkexnews.hk/search/titlesearch.xhtml,1620584919,14:28:39,20210509
13,2007-12-31,0807.HK,CNY,2007-12-31,2007-12-31,FY,486362000,362840000,123522000,0.2539713217726714,0.0,44650000,12129000.0,0.0,0.0,414861000,25823000.0,8458000.0,79959000,0.16440223537200685,71501000.0,0.1470118964886237,0.0,61927000,0.12732697044588187,8585000.0,53342000,0.10967550918862905,0.841842,0.810834,63365690,65775652,https://www1.hkexnews.hk/search/titlesearch.xhtml,https://www1.hkexnews.hk/search/titlesearch.xhtml,1620584919,14:28:39,20210509
14,2006-12-31,0807.HK,CNY,2006-12-31,2006-12-31,FY,379017000,288101000,90916000,0.23987314553173078,0.0,24619000,9182000.0,0.0,0.0,313040000,11082000.0,1953000.0,67930000,0.1792267892996884,65977000.0,0.17407398612727135,0.0,59296000,0.15644680845450204,5982000.0,53049000,0.13996469815338097,0.974474,0.91522,54432441,57961090,https://www1.hkexnews.hk/search/titlesearch.xhtml,https://www1.hkexnews.hk/search/titlesearch.xhtml,1620584919,14:28:39,20210509
15,2005-12-31,0807.HK,CNY,2005-12-31,2005-12-31,FY,397340000,322016000,75324000,0.18957064478783914,0.0,21675000,7485000.0,0.0,0.0,347485000,1645000.0,961000.0,50816000,0.12789047163638195,49855000.0,0.12547188805556952,0.0,49187000,0.1237907082095938,5334000.0,39429000,0.09923239542960688,0.951141,0.947456,41461083,41620132,https://www1.hkexnews.hk/search/titlesearch.xhtml,https://www1.hkexnews.hk/search/titlesearch.xhtml,1620584919,14:28:39,20210509
16,2004-12-31,0807.HK,CNY,2004-12-31,2004-12-31,FY,225597000,169386000,56211000,0.24916554741419433,0.0,18283000,10395000.0,0.0,0.0,198064000,473000.0,2213000.0,29746000,0.13185459026494148,27533000.0,0.12204506265597503,0.0,27417000,0.12153087142116252,225000.0,24022000,0.10648191243677886,0.76386,0.76386,31443316,31443316,https://www1.hkexnews.hk/search/titlesearch.xhtml,https://www1.hkexnews.hk/search/titlesearch.xhtml,1620584919,14:28:39,20210509
