,date,symbol,reportedCurrency,fillingDate,acceptedDate,period,revenue,costOfRevenue,grossProfit,grossProfitRatio,researchAndDevelopmentExpenses,generalAndAdministrativeExpenses,sellingAndMarketingExpenses,otherExpenses,operatingExpenses,costAndExpenses,interestExpense,depreciationAndAmortization,ebitda,ebitdaratio,operatingIncome,operatingIncomeRatio,totalOtherIncomeExpensesNet,incomeBeforeTax,incomeBeforeTaxRatio,incomeTaxExpense,netIncome,netIncomeRatio,eps,epsdiluted,weightedAverageShsOut,weightedAverageShsOutDil,link,finalLink,timestamp,est_time,est_date
0,2020-03-31,0590.HK,HKD,2020-03-31,2020-03-31,FY,11233771000,7910751000,3323020000,0.2958062791203417,0,173152000,1945100000,-71914000,0,9939311000,63075000,617357000,1911817000,0.17018479369038234,1294460000,0.11522933839402637,0,1091061000,0.09712330792571791,223409000,866315000,0.07711702508445294,1.48,1.48,587107850,587107850,https://www1.hkexnews.hk/search/titlesearch.xhtml,https://www1.hkexnews.hk/search/titlesearch.xhtml,1620584808,14:26:48,20210509
1,2019-03-31,0590.HK,HKD,2019-03-31,2019-03-31,FY,15859990000,11826154000,4033836000,0.2543403873520727,0,210775000,2231871000,13959000,0,14000595000,34253000,126447000,1985842000,0.12521079773694688,1859395000,0.11723809409715895,0,1806363000,0.11389433410739855,302708000,1492747000,0.09412029894091989,2.54,2.54,587107850,587107850,https://www1.hkexnews.hk/search/titlesearch.xhtml,https://www1.hkexnews.hk/search/titlesearch.xhtml,1620584808,14:26:48,20210509
2,2018-03-31,0590.HK,HKD,2018-03-31,2018-03-31,FY,14578409000,10837032000,3741377000,0.25663822437688505,0,166581000,2150937000,10778000,0,12976160000,6392000,127910000,1730159000,0.11867954863936113,1602249000,0.10990561452899285,0,1613439000,0.1106731880001446,243125000,1369393000,0.09393295249159218,2.33,2.33,587107850,587107850,https://www1.hkexnews.hk/search/titlesearch.xhtml,https://www1.hkexnews.hk/search/titlesearch.xhtml,1620584808,14:26:48,20210509
3,2017-03-31,0590.HK,HKD,2017-03-31,2017-03-31,FY,12807277000,9530216000,3277061000,0.2558749217339486,0,155253000,1994310000,-16925000,0,11508947000,9011000,131492000,1429822000,0.11164137388455017,1298330000,0.10137439832057978,0,1250015000,0.09760193365068937,223047000,1016838000,0.07939533126362458,1.73,1.73,587107850,587107850,https://www1.hkexnews.hk/search/titlesearch.xhtml,https://www1.hkexnews.hk/search/titlesearch.xhtml,1620584808,14:26:48,20210509
4,2016-03-31,0590.HK,HKD,2016-03-31,2016-03-31,FY,14031302000,10777191000,3254111000,0.23191796456237632,0,148818000,1981763000,-21356000,0,12775329000,13689000,135988000,1391961000,0.09920397978747802,1255973000,0.08951222060504435,0,1161085000,0.08274962651363359,199631000,958692000,0.06832523453632457,1.63,1.63,588636276,588636276,https://www1.hkexnews.hk/search/titlesearch.xhtml,https://www1.hkexnews.hk/search/titlesearch.xhtml,1620584808,14:26:48,20210509
5,2015-03-31,0590.HK,HKD,2015-03-31,2015-03-31,FY,15922708000,12091170000,3831538000,0.24063356559700774,0,147247000,1937059000,43280000,0,14011973000,20474000,157730000,2068465000,0.12990660885070554,1910735000,0.12000063054601014,0,1982818000,0.12452768712457706,362190000,1614805000,0.10141522409379108,2.74,2.74,589107850,589107850,https://www1.hkexnews.hk/search/titlesearch.xhtml,https://www1.hkexnews.hk/search/titlesearch.xhtml,1620584808,14:26:48,20210509
6,2014-03-31,0590.HK,HKD,2014-03-31,2014-03-31,FY,19214930000,15000776000,4214154000,0.21931664596228037,0,150841000,1923385000,12313000,0,16979637000,2844000,123949000,2359242000,0.12278171192921337,2235293000,0.11633105090676885,0,2320819000,0.12078206894326443,453545000,1864928000,0.09705619536475023,3.17,3.17,589107850,589107850,https://www1.hkexnews.hk/search/titlesearch.xhtml,https://www1.hkexnews.hk/search/titlesearch.xhtml,1620584808,14:26:48,20210509
7,2013-03-31,0590.HK,HKD,2013-03-31,2013-03-31,FY,13411691000,10581660000,2830031000,0.2110122429751774,0,114939000,1310567000,6129000,0,11906929000,311000,99969000,1604731000,0.11965165317333959,1504762000,0.11219778326237907,0,1529598000,0.11404960045679549,260342000,1265797000,0.09438011955390263,2.15,2.15,589107850,589107850,https://www1.hkexnews.hk/search/titlesearch.xhtml,https://www1.hkexnews.hk/search/titlesearch.xhtml,1620584808,14:26:48,20210509
8,2012-03-31,0590.HK,HKD,2012-03-31,2012-03-31,FY,11907440000,9148749000,2758691000,0.23167792573382692,0,136079000,1076388000,0,0,10315111000,3208000,72680000,1665009000,0.13982930000067184,1592329000,0.1337255530995747,0,1595212000,0.13396767063281445,247970000,1333941000,0.11202584266643376,2.43,2.43,550019872,550019872,https://www1.hkexnews.hk/search/titlesearch.xhtml,https://www1.hkexnews.hk/search/titlesearch.xhtml,1620584808,14:26:48,20210509
9,2011-03-31,0590.HK,HKD,2011-03-31,2011-03-31,FY,8091121000,6173877000,1917244000,0.23695653544175152,0,99169000,812593000,0,0,7067116000,4661000,50897000,1074902000,0.13284957671501885,1024005000,0.12655910101950027,0,1029223000,0.12720400547711497,152007000,866216000,0.10705760054756319,1.71,1.71,507987302,507987302,https://www1.hkexnews.hk/search/titlesearch.xhtml,https://www1.hkexnews.hk/search/titlesearch.xhtml,1620584808,14:26:48,20210509
10,2010-03-31,0590.HK,HKD,2010-03-31,2010-03-31,FY,5386432000,4092895000,1293537000,0.24014728116868458,0,69413000,610922000,0,0,4751319000,3548000,43759000,678872000,0.1260337083991778,635113000,0.11790977775269418,0,634250000,0.1177495603768877,97540000,531632000,0.09869835913643762,1.079,1.079,492507850,492507850,https://www1.hkexnews.hk/search/titlesearch.xhtml,https://www1.hkexnews.hk/search/titlesearch.xhtml,1620584808,14:26:48,20210509
11,2009-03-31,0590.HK,HKD,2009-03-31,2009-03-31,FY,3856984000,3038697000,818287000,0.21215721921584327,0,67995000,565564000,0,0,3538593000,8302000,36421000,354812000,0.0919920850073529,318391000,0.08254921461950582,0,316021000,0.08193474486801086,37781000,275160000,0.07134071595837577,0.559,0.559,492507850,492507850,https://www1.hkexnews.hk/search/titlesearch.xhtml,https://www1.hkexnews.hk/search/titlesearch.xhtml,1620584808,14:26:48,20210509
12,2008-03-31,0590.HK,HKD,2008-03-31,2008-03-31,FY,3367182000,2529490000,837692000,0.2487813251555752,0,62118000,497832000,-856000,0,2996101000,3429000,32323000,403404000,0.11980463188505996,371081000,0.1102052101727795,0,372187000,0.11053367474642001,54235000,313989000,0.0932497857258681,0.638,0.638,492507850,492507850,https://www1.hkexnews.hk/search/titlesearch.xhtml,https://www1.hkexnews.hk/search/titlesearch.xhtml,1620584808,14:26:48,20210509
13,2007-03-31,0590.HK,HKD,2007-03-31,2007-03-31,FY,2845147000,2257306000,587841000,0.20661182005710074,0,45886000,375504000,0,0,2610280000,179000,25662000,260529000,0.09156960958432024,234867000,0.0825500404724255,0,234688000,0.0824871263242286,35728000,198059000,0.06961292333928616,0.403,0.403,491645066,491645066,https://www1.hkexnews.hk/search/titlesearch.xhtml,https://www1.hkexnews.hk/search/titlesearch.xhtml,1620584808,14:26:48,20210509
14,2006-03-31,0590.HK,HKD,2006-03-31,2006-03-31,FY,2126297000,1663447000,462850000,0.21767890374674845,0,39243000,332311000,0,0,2012568000,1309000,19038000,132767000,0.06244047750619974,113729000,0.053486883535084705,0,112420000,0.05287125928315753,15891000,95695000,0.04500547195429425,0.197,0.195,486738371,490458067,https://www1.hkexnews.hk/search/titlesearch.xhtml,https://www1.hkexnews.hk/search/titlesearch.xhtml,1620584808,14:26:48,20210509
15,2005-03-31,0590.HK,HKD,2005-03-31,2005-03-31,FY,1961720000,1545748000,415972000,0.21204453234916298,0,33927000,273874000,0,0,1808997000,425000,12608000,165331000,0.08427859225577554,152723000,0.07785157922639316,0,152298000,0.07763493261015843,25146000,125988000,0.06422323267336827,0.261,0.258,482591036,488342001,https://www1.hkexnews.hk/search/titlesearch.xhtml,https://www1.hkexnews.hk/search/titlesearch.xhtml,1620584808,14:26:48,20210509
16,2004-03-31,0590.HK,HKD,2004-03-31,2004-03-31,FY,1598123000,1252232000,345891000,0.21643578122585058,0,28233000,240472000,0,0,1505248000,7000,12265000,105140000,0.0657896795177843,92875000,0.05811505121946183,0,92868000,0.058110671081011915,14796000,76965000,0.04815962225686008,0.161,0.158,478399954,486558652,https://www1.hkexnews.hk/search/titlesearch.xhtml,https://www1.hkexnews.hk/search/titlesearch.xhtml,1620584808,14:26:48,20210509
17,2003-03-31,0590.HK,HKD,2003-03-31,2003-03-31,FY,1461763000,1157410000,304353000,0.20820953875559856,0,27786000,227331000,0,0,1404218000,25000,12894000,70439000,0.04818770211039683,57545000,0.039366846746018334,0,57520000,0.03934974411036536,11408000,45783000,0.03132039872400656,0.097,0.095,473815212,484350454,https://www1.hkexnews.hk/search/titlesearch.xhtml,https://www1.hkexnews.hk/search/titlesearch.xhtml,1620584808,14:26:48,20210509
18,2002-03-31,0590.HK,HKD,2002-03-31,2002-03-31,FY,1478806000,1162660000,316146000,0.2137846343604232,0,22613000,222158000,0,0,1400254000,24000,15409000,93961000,0.06353842221359665,78552000,0.05311852940818471,0,78528000,0.05310230009886354,13901000,64225000,0.04343030796466879,0.138,0.135,466661716,475740741,https://www1.hkexnews.hk/search/titlesearch.xhtml,https://www1.hkexnews.hk/search/titlesearch.xhtml,1620584808,14:26:48,20210509
19,2001-03-31,0590.HK,HKD,2001-03-31,2001-03-31,FY,1605764000,1284116000,321648000,0.20030838902852474,0,21605000,223005000,0,0,1523189000,54000,12972000,95547000,0.05950251718185238,82575000,0.051424119609108185,0,82521000,0.051390490757047734,12168000,71305000,0.04440565363278788,0.155,0.153,460367382,467193758,https://www1.hkexnews.hk/search/titlesearch.xhtml,https://www1.hkexnews.hk/search/titlesearch.xhtml,1620584808,14:26:48,20210509
20,2000-03-31,0590.HK,HKD,2000-03-31,2000-03-31,FY,1711841000,1382643000,329198000,0.19230641163519274,0,22193000,195323000,0,0,1613012000,29000,12527000,111356000,0.06505043400642933,98829000,0.05773258147222785,0,98800000,0.05771564064653201,17840000,80371000,0.046950038000024535,0.176,0.176,456000796,456000796,https://www1.hkexnews.hk/search/titlesearch.xhtml,https://www1.hkexnews.hk/search/titlesearch.xhtml,1620584808,14:26:48,20210509
21,1999-03-31,0590.HK,HKD,1999-03-31,1999-03-31,FY,1444713000,1197524000,247189000,0.17109903489481995,0,11464000,179972000,0,0,1400465000,188000,9054000,53302000,0.03689452507176166,44248000,0.030627536403424072,0,44060000,0.030497406751375532,3776000,40680000,0.028157841730502876,0.089,0.089,456000438,456000438,https://www1.hkexnews.hk/search/titlesearch.xhtml,https://www1.hkexnews.hk/search/titlesearch.xhtml,1620584808,14:26:48,20210509
