,date,symbol,reportedCurrency,fillingDate,acceptedDate,period,revenue,costOfRevenue,grossProfit,grossProfitRatio,researchAndDevelopmentExpenses,generalAndAdministrativeExpenses,sellingAndMarketingExpenses,otherExpenses,operatingExpenses,costAndExpenses,interestExpense,depreciationAndAmortization,ebitda,ebitdaratio,operatingIncome,operatingIncomeRatio,totalOtherIncomeExpensesNet,incomeBeforeTax,incomeBeforeTaxRatio,incomeTaxExpense,netIncome,netIncomeRatio,eps,epsdiluted,weightedAverageShsOut,weightedAverageShsOutDil,link,finalLink,timestamp,est_time,est_date
0,2020-12-31,VTVT,USD,2021-02-24,2021-02-24 16:49:57,FY,6414.0,0.0,6414.0,1.0,11015.0,7251000.0,0.0,-270.0,18266.0,18266.0,692.0,94.0,-12708.0,-1.981290926099158,-12802.0,-1.9959463673214843,-270.0,-12802.0,-1.9959463673214843,0.0,-12802.0,-1.9959463673214843,-0.00026539086122153805,-0.00026539086122153805,48238285.0,48238285.0,https://www.sec.gov/Archives/edgar/data/1641489/000156459021008149/0001564590-21-008149-index.htm,https://www.sec.gov/Archives/edgar/data/1641489/000156459021008149/vtvt-10k_20201231.htm,1620599675,18:34:35,20210509
1,2019-12-31,VTVT,USD,2020-02-21 00:00:00,2020-02-20 19:13:34,FY,2764000.0,0.0,0.0,0.0,15119000.0,8537000.0,0.0,828000.0,23656000.0,23656000.0,1827000.0,39000.0,-20853000.0,-7.544500723589001,-20892000.0,-7.558610709117222,828000.0,-21838000.0,-7.900868306801737,100000.0,-13044000.0,-4.719247467438495,-0.59,-0.59,30292030.0,30292030.0,https://www.sec.gov/Archives/edgar/data/1641489/000156459020005627/0001564590-20-005627-index.html,https://www.sec.gov/Archives/edgar/data/1641489/000156459020005627/vtvt-10k_20191231.htm,1620599675,18:34:35,20210509
2,2018-12-31,VTVT,USD,2019-02-26 00:00:00,2019-02-26 17:16:27,FY,12434000.0,0.0,0.0,0.0,23035000.0,9223000.0,0.0,-592000.0,32258000.0,32258000.0,3290000.0,218000.0,-19606000.0,-1.5768055332153772,-19824000.0,-1.594338105195432,-592000.0,-23645000.0,-1.901640662699051,200000.0,-7911000.0,-0.6362393437349204,-0.69,-0.69,12449236.0,12449236.0,https://www.sec.gov/Archives/edgar/data/1641489/000156459019004516/0001564590-19-004516-index.html,https://www.sec.gov/Archives/edgar/data/1641489/000156459019004516/vtvt-10k_20181231.htm,1620599675,18:34:35,20210509
3,2017-12-31,VTVT,USD,2018-02-27 00:00:00,2018-02-27 16:23:13,FY,291000.0,0.0,0.0,0.0,39640000.0,11333000.0,0.0,-190000.0,50973000.0,50973000.0,3092000.0,197000.0,-50485000.0,-173.48797250859107,-50682000.0,-174.16494845360825,-190000.0,-53847000.0,-185.04123711340208,800000.0,-16144000.0,-55.47766323024055,-1.67,-1.67,9693254.0,9693254.0,https://www.sec.gov/Archives/edgar/data/1641489/000156459018003515/0001564590-18-003515-index.html,https://www.sec.gov/Archives/edgar/data/1641489/000156459018003515/vtvt-10k_20171231.htm,1620599675,18:34:35,20210509
4,2016-12-31,VTVT,USD,2017-02-24 00:00:00,2017-02-24 09:14:42,FY,634000.0,0.0,0.0,0.0,45748000.0,9906000.0,0.0,-22000.0,55654000.0,55654000.0,398000.0,265000.0,-54755000.0,-86.36435331230284,-55020000.0,-86.78233438485805,-22000.0,-55353000.0,-87.30757097791798,0.0,-16352000.0,-25.79179810725552,-1.71,-1.71,9545527.0,9545527.0,https://www.sec.gov/Archives/edgar/data/1641489/000156459017002317/0001564590-17-002317-index.html,https://www.sec.gov/Archives/edgar/data/1641489/000156459017002317/vtvt-10k_20161231.htm,1620599675,18:34:35,20210509
5,2015-12-31,VTVT,USD,2016-03-04 00:00:00,2016-03-04 11:36:21,FY,519000.0,0.0,519000.0,1.0,29584000.0,9077000.0,0.0,-1230000.0,38661000.0,38661000.0,1735000.0,501000.0,-37641000.0,-72.52601156069365,-38142000.0,-73.49132947976878,-1230000.0,-41107000.0,-79.20423892100193,0.0,-27498000.0,-52.982658959537574,-3.32,-3.32,8276520.0,8276520.0,https://www.sec.gov/Archives/edgar/data/1641489/000156459016014035/0001564590-16-014035-index.html,https://www.sec.gov/Archives/edgar/data/1641489/000156459016014035/vtvt-10k_20151231.htm,1620599675,18:34:35,20210509
6,2014-12-31,VTVT,USD,2014-12-31,2014-12-31,FY,1549000.0,0.0,1549000.0,1.0,18729000.0,11717000.0,0.0,-1126000.0,0.0,30446000.0,6009000.0,864000.0,-28033000.0,-18.097482246610717,-28897000.0,-18.65526145900581,-1195000.0,-36101000.0,-23.306003873466754,0.0,-36101000.0,-23.306003873466754,-1.1,-1.1,32812500.0,32812500.0,,,1620599675,18:34:35,20210509
7,2013-12-31,VTVT,USD,2013-12-31,2013-12-31,FY,976000.0,0.0,976000.0,1.0,25434000.0,11375000.0,0.0,-534000.0,0.0,36809000.0,11822000.0,1086000.0,-34747000.0,-35.60143442622951,-35833000.0,-36.71413934426229,-548000.0,-48203000.0,-49.388319672131146,0.0,-48203000.0,-49.388319672131146,-1.469044,-1.469044,32812500.0,32812500.0,,,1620599675,18:34:35,20210509
