,date,symbol,reportedCurrency,fillingDate,acceptedDate,period,revenue,costOfRevenue,grossProfit,grossProfitRatio,researchAndDevelopmentExpenses,generalAndAdministrativeExpenses,sellingAndMarketingExpenses,otherExpenses,operatingExpenses,costAndExpenses,interestExpense,depreciationAndAmortization,ebitda,ebitdaratio,operatingIncome,operatingIncomeRatio,totalOtherIncomeExpensesNet,incomeBeforeTax,incomeBeforeTaxRatio,incomeTaxExpense,netIncome,netIncomeRatio,eps,epsdiluted,weightedAverageShsOut,weightedAverageShsOutDil,link,finalLink,timestamp,est_time,est_date
0,2019-12-31,NMFC,USD,2020-02-26 00:00:00,2020-02-26 16:39:39,FY,109123000.0,0.0,0.0,0.0,0.0,8907000.0,0.0,0.0,-3440000.0,0.0,84297000.0,0.0,0.0,0.0,0.0,1.0315240600056816,0.0,112563000.0,1.0315240600056816,0.0,112563000.0,1.0315240600056816,1.32,1.22,85209378,100464045,https://www.sec.gov/Archives/edgar/data/1496099/000149609920000002/0001496099-20-000002-index.html,https://www.sec.gov/Archives/edgar/data/1496099/000149609920000002/nmfc-12312019x10k.htm,1620595734,17:28:54,20210509
1,2018-12-31,NMFC,USD,2019-02-27 00:00:00,2019-02-27 16:22:25,FY,75810000.0,0.0,0.0,0.0,0.0,10039000.0,0.0,0.0,3054000.0,0.0,57050000.0,0.0,0.0,0.0,0.0,0.9597150771666008,0.0,72756000.0,0.9597150771666008,403000.0,72353000.0,0.9543991557841973,0.95,0.91,76022375,88627741,https://www.sec.gov/Archives/edgar/data/1496099/000149609919000003/0001496099-19-000003-index.html,https://www.sec.gov/Archives/edgar/data/1496099/000149609919000003/nmfc-12312018x10k.htm,1620595734,17:28:54,20210509
2,2017-12-31,NMFC,USD,2018-02-28 00:00:00,2018-02-28 16:22:02,FY,109971000.0,0.0,0.0,0.0,0.0,8073000.0,0.0,0.0,157000.0,0.0,37094000.0,0.0,0.0,0.0,0.0,0.9985723508925081,0.0,109814000.0,0.9985723508925081,416000.0,109398000.0,0.9947895354229751,1.47,1.38,74171268,83995395,https://www.sec.gov/Archives/edgar/data/1496099/000149609918000002/0001496099-18-000002-index.html,https://www.sec.gov/Archives/edgar/data/1496099/000149609918000002/nmfc-12312017x10k.htm,1620595734,17:28:54,20210509
3,2016-12-31,NMFC,USD,2017-02-28 00:00:00,2017-02-28 16:48:08,FY,112998000.0,0.0,0.0,0.0,0.0,7359000.0,0.0,0.0,1810000.0,0.0,28452000.0,0.0,0.0,0.0,0.0,0.9839820173808386,0.0,111188000.0,0.9839820173808386,-490000.0,111678000.0,0.9883183773164127,1.72,1.6,64918191,72863387,https://www.sec.gov/Archives/edgar/data/1496099/000149609917000002/0001496099-17-000002-index.html,https://www.sec.gov/Archives/edgar/data/1496099/000149609917000002/nmfc-12312016x10k.htm,1620595734,17:28:54,20210509
4,2015-12-31,NMFC,USD,2016-02-29 00:00:00,2016-02-29 16:56:10,FY,35675000.0,0.0,0.0,0.0,0.0,7329000.0,0.0,0.0,1377000.0,0.0,23374000.0,0.0,0.0,0.0,0.0,0.9614015416958654,0.0,34298000.0,0.9614015416958654,1343000.0,32955000.0,0.9237561317449194,0.5518687090023342,0.4921000508167405,59715290,66968089,https://www.sec.gov/Archives/edgar/data/1496099/000149609916000008/0001496099-16-000008-index.html,https://www.sec.gov/Archives/edgar/data/1496099/000149609916000008/nmfc-12312015x10k.htm,1620595734,17:28:54,20210509
5,2014-12-31,NMFC,USD,2015-03-02,2015-03-02,FY,71244000.0,0.0,0.0,0.0,0.0,4998000.0,0.0,0.0,24740000.0,0.0,13269000.0,0.0,0.0,0.0,0.0,0.6527426871034754,0.0,46504000.0,0.6527426871034754,929000.0,45575000.0,0.6397029925327045,0.88,0.86,51846164,56157835,https://www.sec.gov/Archives/edgar/data/1496099/000104746915001516/0001047469-15-001516-index.htm,https://www.sec.gov/Archives/edgar/data/1496099/000104746915001516/a2223205z10-k.htm,1620595734,17:28:54,20210509
6,2013-12-31,NMFC,USD,2014-03-05,2014-03-05,FY,102275000.0,0.0,90876000.0,0.8885455878758249,0.0,0.0,0.0,0.0,40355000.0,40355000.0,0.0,0.0,39122000.0,0.3825177218284038,0.0,0.6054265460767538,11399000.0,61920000.0,0.6054265460767538,0.0,61920000.0,0.6054265460767538,1.7644684273850286,1.4065719986770227,35092722,44021920,https://www.sec.gov/Archives/edgar/data/1496099/000104746914001831/0001047469-14-001831-index.htm,https://www.sec.gov/Archives/edgar/data/1491925/000104746914001831/a2218496z10-k.htm,1620595734,17:28:54,20210509
7,2012-12-31,NMFC,USD,2013-03-06,2013-03-06,FY,49502748.0,0.0,0.0,0.0,0.0,0.0,0.0,0.0,17718744.0,0.0,0.0,0.0,0.0,0.0,0.0,0.6420654465485431,0.0,31784004.0,0.6420654465485431,0.0,31784004.0,0.6420654465485431,2.138776023263291,0.9345010243228382,14860838,34011738,https://www.sec.gov/Archives/edgar/data/1496099/000104746913002285/0001047469-13-002285-index.htm,https://www.sec.gov/Archives/edgar/data/1491925/000104746913002285/a2213275z10-k.htm,1620595734,17:28:54,20210509
8,2011-12-31,NMFC,USD,2011-12-31,2011-12-31,FY,0.0,0.0,0.0,0.0,0.0,0.0,0.0,0.0,0.0,0.0,0.0,0.0,0.0,0.0,0.0,0.0,0.0,0.0,0.0,0.0,0.0,0.0,0.0,0.0,14860838,14860838,,,1620595734,17:28:54,20210509
