,date,symbol,reportedCurrency,fillingDate,acceptedDate,period,revenue,costOfRevenue,grossProfit,grossProfitRatio,researchAndDevelopmentExpenses,generalAndAdministrativeExpenses,sellingAndMarketingExpenses,otherExpenses,operatingExpenses,costAndExpenses,interestExpense,depreciationAndAmortization,ebitda,ebitdaratio,operatingIncome,operatingIncomeRatio,totalOtherIncomeExpensesNet,incomeBeforeTax,incomeBeforeTaxRatio,incomeTaxExpense,netIncome,netIncomeRatio,eps,epsdiluted,weightedAverageShsOut,weightedAverageShsOutDil,link,finalLink,timestamp,est_time,est_date
0,2019-09-30,GRYO,USD,2019-11-12,2019-11-12 11:58:49,FY,0.0,0.0,0.0,0.0,0.0,20410.0,0.0,16641.0,20409.0,20410.0,15755.0,0.0,-20405.0,0.0,-20410.0,0.0,0.0,-36160.0,0.0,0.0,-36160.0,0.0,-0.00016,-0.00016,96525000,96525000,https://www.sec.gov/Archives/edgar/data/1372954/000101738619000298/0001017386-19-000298-index.htm,https://www.sec.gov/Archives/edgar/data/1372954/000101738619000298/gryo_20190930-10k.htm,1620592803,16:40:03,20210509
1,2018-09-30,GRYO,USD,2018-09-30,2018-09-30,FY,0.0,0.0,0.0,0.0,0.0,25090.0,0.0,0.0,25094.0,25090.0,-5960.0,0.0,-37010.0,0.0,-25090.0,0.0,0.0,-31050.0,0.0,0.0,-31050.0,0.0,-0.00026,-0.00026,117675000,117675000,,,1620592803,16:40:03,20210509
2,2011-09-30,GRYO,USD,2011-12-27 00:00:00,2011-12-27 16:41:16,FY,0.0,0.0,0.0,0.0,110000.0,120000.0,0.0,0.0,232621.0,350000.0,0.0,0.0,-350000.0,0.0,-350000.0,0.0,0.0,-350000.0,0.0,0.0,-350000.0,0.0,-0.0034,-0.0034,102850000,102850000,https://www.sec.gov/Archives/edgar/data/1372954/000112785511000717/0001127855-11-000717-index.html,https://www.sec.gov/Archives/edgar/data/1372954/000112785511000717/gryphon10k093011.htm,1620592803,16:40:03,20210509
3,2010-09-30,GRYO,USD,2010-09-30,2010-09-30,FY,0.0,0.0,0.0,0.0,30000.0,60000.0,0.0,0.0,90535.0,130000.0,-10000.0,0.0,-70000.0,0.0,-130000.0,0.0,0.0,-140000.0,0.0,0.0,-60000.0,0.0,-0.00062,-0.00062,96580000,96580000,,,1620592803,16:40:03,20210509
4,2009-09-30,GRYO,USD,2009-09-30,2009-09-30,FY,0.0,0.0,0.0,0.0,20000.0,100000.0,0.0,0.0,119365.0,120000.0,-10000.0,0.0,-140000.0,0.0,-120000.0,0.0,0.0,-130000.0,0.0,0.0,-130000.0,0.0,-0.00135,-0.00135,96530000,96530000,,,1620592803,16:40:03,20210509
5,2008-09-30,GRYO,USD,2008-09-30,2008-09-30,FY,0.0,0.0,0.0,0.0,0.0,50000.0,0.0,0.0,74065.0,70000.0,0.0,0.0,-80000.0,0.0,-70000.0,0.0,0.0,-80000.0,0.0,0.0,-80000.0,0.0,-0.00083,-0.00083,96530000,96530000,,,1620592803,16:40:03,20210509
6,2007-09-30,GRYO,USD,2007-09-30,2007-09-30,FY,0.0,0.0,0.0,0.0,0.0,50000.0,0.0,0.0,46813.0,50000.0,0.0,0.0,-50000.0,0.0,-50000.0,0.0,0.0,-50000.0,0.0,0.0,-50000.0,0.0,-0.00052,-0.00052,96530000,96530000,,,1620592803,16:40:03,20210509
7,2006-09-30,GRYO,USD,2006-09-30,2006-09-30,FY,0.0,0.0,0.0,0.0,0.0,0.0,0.0,0.0,0.0,0.0,0.0,0.0,0.0,0.0,0.0,0.0,0.0,0.0,0.0,0.0,0.0,0.0,0.0,0.0,64720000,64720000,,,1620592803,16:40:03,20210509
