,date,symbol,reportedCurrency,fillingDate,acceptedDate,period,revenue,costOfRevenue,grossProfit,grossProfitRatio,researchAndDevelopmentExpenses,generalAndAdministrativeExpenses,sellingAndMarketingExpenses,otherExpenses,operatingExpenses,costAndExpenses,interestExpense,depreciationAndAmortization,ebitda,ebitdaratio,operatingIncome,operatingIncomeRatio,totalOtherIncomeExpensesNet,incomeBeforeTax,incomeBeforeTaxRatio,incomeTaxExpense,netIncome,netIncomeRatio,eps,epsdiluted,weightedAverageShsOut,weightedAverageShsOutDil,link,finalLink,timestamp,est_time,est_date
0,2020-03-31,0262.HK,HKD,2020-03-31,2020-03-31,FY,351614000,267766000,83848000,0.23846604515178577,0.0,73498000.0,0.0,7363000.0,0.0,361928000,9544000.0,8931000.0,-1383000.0,-0.003933290483314089,-10314000.0,-0.02933330299703652,0.0,-35013000,-0.09957794627062631,2523000.0,-35296000.0,-0.10038280614537533,-0.0361,-0.0361,977880400,977880400,https://www1.hkexnews.hk/search/titlesearch.xhtml,https://www1.hkexnews.hk/search/titlesearch.xhtml,1620584630,14:23:50,20210509
1,2019-03-31,0262.HK,HKD,2019-03-31,2019-03-31,FY,259417000,168056000,91361000,0.3521781533207153,0.0,72349000.0,0.0,9722000.0,0.0,294907000,1566000.0,8435000.0,-27055000.0,-0.1042915460436286,-35490000.0,-0.1368067628567133,0.0,36567000,0.14095837975151976,13165000.0,27486000.0,0.10595296376104882,0.0281,0.0281,977880400,977880400,https://www1.hkexnews.hk/search/titlesearch.xhtml,https://www1.hkexnews.hk/search/titlesearch.xhtml,1620584630,14:23:50,20210509
2,2018-03-31,0262.HK,HKD,2018-03-31,2018-03-31,FY,190783000,142359000,48424000,0.253817164003082,0.0,68609000.0,0.0,15125000.0,0.0,205700000,3935000.0,10498000.0,-4419000.0,-0.023162441098001394,-14917000.0,-0.07818830818259488,0.0,63233000,0.33143938401220235,16198000.0,47776000.0,0.2504206349622346,0.0489,0.048857,977880400,977880400,https://www1.hkexnews.hk/search/titlesearch.xhtml,https://www1.hkexnews.hk/search/titlesearch.xhtml,1620584630,14:23:50,20210509
3,2017-03-31,0262.HK,HKD,2017-03-31,2017-03-31,FY,199683000,137650000,62033000,0.3106573919662665,0.0,70564000.0,0.0,11540000.0,0.0,205588000,24799000.0,9844000.0,3939000.0,0.019726266131818933,-5905000.0,-0.02957187141619467,0.0,38191000,0.1912581441584912,35069000.0,144934000.0,0.7258204253742181,0.1482,0.1482,977880400,977880400,https://www1.hkexnews.hk/search/titlesearch.xhtml,https://www1.hkexnews.hk/search/titlesearch.xhtml,1620584630,14:23:50,20210509
4,2016-03-31,0262.HK,HKD,2016-03-31,2016-03-31,FY,904421000,822324000,82097000,0.09077299178148229,0.0,101332000.0,0.0,28270000.0,0.0,918867000,33486000.0,6849000.0,-7597000.0,-0.008399849185279864,-14446000.0,-0.01597264990529853,0.0,220117000,0.24337891313890322,72331000.0,140998000.0,0.15589863570173626,0.1768,0.1768,797696205,797696205,https://www1.hkexnews.hk/search/titlesearch.xhtml,https://www1.hkexnews.hk/search/titlesearch.xhtml,1620584630,14:23:50,20210509
5,2015-03-31,0262.HK,HKD,2015-03-31,2015-03-31,FY,850198000,769220000,80978000,0.09524604856751015,0.0,126415000.0,0.0,50207000.0,0.0,882455000,17780000.0,6551000.0,-25706000.0,-0.030235309892519154,-32257000.0,-0.037940573842798975,0.0,144467000,0.16992159473440305,52076000.0,94476000.0,0.11112235032310121,0.146438,0.146438,645082094,645082094,https://www1.hkexnews.hk/search/titlesearch.xhtml,https://www1.hkexnews.hk/search/titlesearch.xhtml,1620584630,14:23:50,20210509
6,2014-03-31,0262.HK,HKD,2014-03-31,2014-03-31,FY,984190000,882208000,101982000,0.10362023593005415,0.0,93522000.0,0.0,42254000.0,0.0,975730000,1936000.0,6254000.0,14714000.0,0.014950365274997714,8460000.0,0.008595901197939423,0.0,200014000,0.20322701917312713,54296000.0,145712000.0,0.14805271339883558,0.231566,0.231566,629259535,629259535,https://www1.hkexnews.hk/search/titlesearch.xhtml,https://www1.hkexnews.hk/search/titlesearch.xhtml,1620584630,14:23:50,20210509
7,2013-03-31,0262.HK,HKD,2013-03-31,2013-03-31,FY,788095000,654975000,133120000,0.1689136461974762,0.0,84901000.0,0.0,34546000.0,0.0,731708000,3260000.0,4934000.0,61321000.0,0.07780914737436477,56387000.0,0.07154848083035675,0.0,87920000,0.11156015454989564,39131000.0,49135000.0,0.06234654451557236,0.076042,0.076042,646024168,646024168,https://www1.hkexnews.hk/search/titlesearch.xhtml,https://www1.hkexnews.hk/search/titlesearch.xhtml,1620584630,14:23:50,20210509
8,2012-03-31,0262.HK,HKD,2012-03-31,2012-03-31,FY,817580000,669638000,147942000,0.1809510995865848,0.0,-81007000.0,0.0,0.0,0.0,561209000,2782000.0,5090000.0,261461000.0,0.3197986741358644,256371000.0,0.3135729836835539,0.0,106532000,0.13030162185963454,34161000.0,72184000.0,0.08828983096455392,0.112122,0.112034,643994439,644101988,https://www1.hkexnews.hk/search/titlesearch.xhtml,https://www1.hkexnews.hk/search/titlesearch.xhtml,1620584630,14:23:50,20210509
9,2011-03-31,0262.HK,HKD,2011-03-31,2011-03-31,FY,446548000,387445000,59103000,0.13235531230685166,0.0,78355000.0,0.0,0.0,0.0,445987000,0.0,4836000.0,5397000.0,0.012086046740775907,561000.0,0.0012563039135770398,0.0,290533000,0.6506198661734013,13383000.0,162216000.0,0.36326665890341014,0.25556,0.255031,634737060,636149925,https://www1.hkexnews.hk/search/titlesearch.xhtml,https://www1.hkexnews.hk/search/titlesearch.xhtml,1620584630,14:23:50,20210509
10,2010-03-31,0262.HK,HKD,2010-03-31,2010-03-31,FY,498747000,378246000,120501000,0.2416074683155989,0.0,61744000.0,0.0,0.0,0.0,435889000,8455000.0,3837000.0,66695000.0,0.1337251151385372,62858000.0,0.12603183578046584,0.0,62723000,0.12576115746059627,34139000.0,26951000.0,0.05403741776892894,0.041902,0.041902,642713808,642713808,https://www1.hkexnews.hk/search/titlesearch.xhtml,https://www1.hkexnews.hk/search/titlesearch.xhtml,1620584630,14:23:50,20210509
11,2009-03-31,0262.HK,HKD,2009-03-31,2009-03-31,FY,698194000,587101000,111093000,0.15911480190319596,0.0,60515000.0,0.0,0.0,0.0,641000000,7613000.0,3756000.0,60950000.0,0.08729665393859014,57194000.0,0.08191706030129162,0.0,38614000,0.05530554545011845,24954000.0,12570000.0,0.018003592124824906,0.01944946896365999,0.018324530879363084,646290139,685965719,https://www1.hkexnews.hk/search/titlesearch.xhtml,https://www1.hkexnews.hk/search/titlesearch.xhtml,1620584630,14:23:50,20210509
12,2008-03-31,0262.HK,HKD,2008-03-31,2008-03-31,FY,599787000,517788000,81999000,0.13671353330432304,0.0,64784000.0,0.0,0.0,0.0,590224000,0.0,0.0,9563000.0,0.015943993451008442,9563000.0,0.015943993451008442,0.0,40238000,0.06708714927132466,18671000.0,16423000.0,0.027381387059072636,0.026024,0.026024,649142444,649142444,https://www1.hkexnews.hk/search/titlesearch.xhtml,https://www1.hkexnews.hk/search/titlesearch.xhtml,1620584630,14:23:50,20210509
13,2007-03-31,0262.HK,HKD,2007-03-31,2007-03-31,FY,453943000,355209000,98734000,0.2175030785803504,0.0,114264000.0,0.0,0.0,0.0,469473000,0.0,6660000.0,-8870000.0,-0.019539898181049162,-15530000.0,-0.034211343714959805,0.0,23802000,0.052433895885606784,17167000.0,6635000.0,0.014616372540164735,0.012703,0.012703,604895152,604895152,https://www1.hkexnews.hk/search/titlesearch.xhtml,https://www1.hkexnews.hk/search/titlesearch.xhtml,1620584630,14:23:50,20210509
14,2006-03-31,0262.HK,HKD,2006-03-31,2006-03-31,FY,617414000,509177000,108237000,0.17530700631990853,0.0,105106000.0,0.0,0.0,0.0,618283000,0.0,3886000.0,3017000.0,0.004886510509965761,-869000.0,-0.0014074834713822492,0.0,10119000,0.016389327096567295,1656000.0,8463000.0,0.0137071721729666,0.017996,0.017996,565738207,565738207,https://www1.hkexnews.hk/search/titlesearch.xhtml,https://www1.hkexnews.hk/search/titlesearch.xhtml,1620584630,14:23:50,20210509
15,2005-03-31,0262.HK,HKD,2005-03-31,2005-03-31,FY,647878000,549227000,98651000,0.15226786524623462,0.0,129553000.0,0.0,0.0,0.0,691448000,0.0,8213000.0,-35357000.0,-0.0545735462540787,-43570000.0,-0.06725031564584691,0.0,67719000,0.10452430858896274,14680000.0,40234000.0,0.06210119806506781,0.071455,0.070572,563071353,570109745,https://www1.hkexnews.hk/search/titlesearch.xhtml,https://www1.hkexnews.hk/search/titlesearch.xhtml,1620584630,14:23:50,20210509
16,2004-03-31,0262.HK,HKD,2004-03-31,2004-03-31,FY,538118000,451136000,86982000,0.16164112703905092,0.0,0.0,0.0,0.0,0.0,502289000,0.0,2586000.0,38415000.0,0.07138768820221587,35829000.0,0.06658205077696713,0.0,37751000,0.07015375809766632,17697000.0,23394000.0,0.0434737362437235,0.04499,0.04499,519983484,519983484,https://www1.hkexnews.hk/search/titlesearch.xhtml,https://www1.hkexnews.hk/search/titlesearch.xhtml,1620584630,14:23:50,20210509
17,2003-03-31,0262.HK,HKD,2003-03-31,2003-03-31,FY,529273000,472134000,57139000,0.10795751908750305,0.0,0.0,0.0,0.0,0.0,528928000,0.0,3092000.0,3437000.0,0.00649381321170738,345000.0,0.000651837520523435,0.0,10239000,0.019345403978665073,4986000.0,8560000.0,0.016173128045451023,0.015879,0.015879,539084071,539084071,https://www1.hkexnews.hk/search/titlesearch.xhtml,https://www1.hkexnews.hk/search/titlesearch.xhtml,1620584630,14:23:50,20210509
