,date,symbol,reportedCurrency,fillingDate,acceptedDate,period,revenue,costOfRevenue,grossProfit,grossProfitRatio,researchAndDevelopmentExpenses,generalAndAdministrativeExpenses,sellingAndMarketingExpenses,otherExpenses,operatingExpenses,costAndExpenses,interestExpense,depreciationAndAmortization,ebitda,ebitdaratio,operatingIncome,operatingIncomeRatio,totalOtherIncomeExpensesNet,incomeBeforeTax,incomeBeforeTaxRatio,incomeTaxExpense,netIncome,netIncomeRatio,eps,epsdiluted,weightedAverageShsOut,weightedAverageShsOutDil,link,finalLink,timestamp,est_time,est_date
0,2020-02-29,AUSI,USD,2020-07-13,2020-07-13 17:27:06,FY,821987.0,177079.0,644908.0,0.7845720187788858,172382.0,0.0,0.0,1507.0,1431694.0,1608773.0,1233912.0,0.0,-785279.0,-0.9553423594290421,-786786.0,-0.9571757217571567,-576288.0,-2596986.0,-3.1594003311487895,9880.0,-2606866.0,-3.1714199859608487,-0.05,-0.05,54762456.0,54762456.0,https://www.sec.gov/Archives/edgar/data/826253/000121390020017386/0001213900-20-017386-index.htm,https://www.sec.gov/Archives/edgar/data/826253/000121390020017386/f10k2020_aurasystemsinc.htm,1620588939,15:35:39,20210509
1,2019-02-28,AUSI,USD,2019-06-13,2019-06-13,FY,39274.0,170263.0,-130989.0,-3.335259968426949,494636.0,5470228.0,0.0,-44813.0,5964864.0,6135127.0,1078873.0,0.0,-6140666.0,-156.35448388246678,-6095853.0,-155.21344910118654,2718324.0,-4456402.0,-113.4695218210521,0.0,-4456401.0,-113.4694963589143,-0.1,-0.1,45648202.0,45648202.0,https://www.sec.gov/Archives/edgar/data/826253/000121390019010683/0001213900-19-010683-index.htm,https://www.sec.gov/Archives/edgar/data/826253/000121390019010683/f10k2019a1_aurasystems.htm,1620588939,15:35:39,20210509
2,2018-02-28,AUSI,USD,2018-06-13,2018-06-13,FY,0.0,0.0,0.0,0.0,102679.0,5803327.0,0.0,0.0,5906006.0,5906006.0,5482393.0,0.0,-5906006.0,0.0,-5906006.0,0.0,13089048.0,1700649.0,0.0,0.0,1700649.0,0.0,0.09,0.08,18783272.0,21534535.0,https://www.sec.gov/Archives/edgar/data/826253/000121390018007594/0001213900-18-007594-index.htm,https://www.sec.gov/Archives/edgar/data/826253/000121390018007594/f10k2018_aurasystems.htm,1620588939,15:35:39,20210509
3,2017-02-28,AUSI,USD,2017-02-28,2017-02-28,FY,0.0,0.0,0.0,0.0,34210.0,0.0,0.0,0.0,3556557.0,3556557.0,0.0,0.0,-3628612.0,0.0,-3556557.0,0.0,72055.0,-7731333.0,0.0,0.0,-7731333.0,0.0,-0.49,-0.49,16275041.0,16275041.0,,,1620588939,15:35:39,20210509
4,2016-02-29,AUSI,USD,2016-02-29,2016-02-29,FY,183032.0,170996.0,12036.0,0.06575899296297916,395727.0,0.0,0.0,0.0,3377508.0,3548504.0,0.0,945.0,-3364527.0,-18.38217907251191,-3365472.0,-18.387342104112943,58559.0,-6604967.0,-36.0864056558416,0.0,-6604967.0,-36.0864056558416,-0.42,-0.42,16148759.0,16148759.0,,,1620588939,15:35:39,20210509
5,2015-02-28,AUSI,USD,2015-02-28,2015-02-28,FY,1155811.0,490379.0,665432.0,0.575727346426016,845135.0,0.0,0.0,0.0,9743301.0,10233680.0,0.0,7010.0,-9070859.0,-7.848046955773911,-9077869.0,-7.854111961211651,5580.0,-12287252.0,-10.630848815247475,0.0,-12287252.0,-10.630848815247475,-0.770001,-0.770001,15648927.0,15648927.0,,,1620588939,15:35:39,20210509
6,2014-02-28,AUSI,USD,2014-06-13,2014-06-13,FY,2337226.0,2162328.0,174898.0,0.0748314454828074,1294619.0,0.0,0.0,0.0,10393849.0,12556177.0,0.0,32515.0,-10186436.0,-4.358344464762928,-10218951.0,-4.3722562559204805,252656.0,-13957451.0,-5.971802042250086,0.0,-13957451.0,-5.971802042250086,-1.120001,-1.120001,12111501.0,12111501.0,https://www.sec.gov/Archives/edgar/data/826253/000082625314000018/0000826253-14-000018-index.htm,https://www.sec.gov/Archives/edgar/data/826253/000082625314000018/form10k.htm,1620588939,15:35:39,20210509
7,2013-02-28,AUSI,USD,2013-02-28,2013-02-28,FY,2717446.0,1527700.0,1189746.0,0.4378177156050203,1313816.0,0.0,0.0,0.0,14690977.0,16218677.0,3874328.0,157668.0,-13343563.0,-4.910332348830483,-13501231.0,-4.968353004990716,2227711.0,-15147848.0,-5.5742958645728375,0.0,-15147848.0,-5.5742958645728375,-1.470001,-1.470001,10429884.0,10429884.0,,,1620588939,15:35:39,20210509
8,2012-02-29,AUSI,USD,2012-05-29,2012-05-29,FY,3335985.0,1772155.0,1563830.0,0.4687760886215016,1328133.0,0.0,0.0,0.0,14387424.0,16159579.0,0.0,182703.0,-12640891.0,-3.7892529492788487,-12823594.0,-3.8440202818657756,682428.0,-14153704.0,-4.2427361034297215,0.0,-14153704.0,-4.2427361034297215,-1.470001,-1.470001,9558935.0,9558935.0,https://www.sec.gov/Archives/edgar/data/826253/000082625312000007/0000826253-12-000007-index.htm,https://www.sec.gov/Archives/edgar/data/826253/000082625312000007/form10k.htm,1620588939,15:35:39,20210509
9,2011-02-28,AUSI,USD,2011-02-28,2011-02-28,FY,3439959.0,2097463.0,1342496.0,0.39026511653191215,1661319.0,0.0,0.0,0.0,11485843.0,13583306.0,0.0,186594.0,-9956753.0,-2.894439439539832,-10143347.0,-2.948682527902222,-134370.0,-11196018.0,-3.2546951867740286,0.0,-11196018.0,-3.2546951867740286,-1.400001,-1.400001,7941684.0,7941684.0,,,1620588939,15:35:39,20210509
10,2010-02-28,AUSI,USD,2010-02-28,2010-02-28,FY,3214792.0,1745107.0,1469685.0,0.4571633250300486,2260962.0,14595948.0,0.0,0.0,16856910.0,18602017.0,0.0,138448.0,-15248777.0,-4.743316830451239,-15387225.0,-4.78638275820022,-21991.0,0.0,0.0,0.0,-16092777.0,-5.005853255824949,-2.310002,-2.310002,6899195.0,6899195.0,,,1620588939,15:35:39,20210509
11,2009-02-28,AUSI,USD,2009-02-28,2009-02-28,FY,2415529.0,1539985.0,875544.0,0.36246470234884365,1872683.0,0.0,0.0,0.0,10077476.0,11617461.0,702650.0,78980.0,-9122952.0,-3.7767925783544722,-9201932.0,-3.809489349951915,-581410.0,0.0,0.0,0.0,-9843962.0,-4.075282060368557,-1.680002,-1.680002,5959559.0,5959559.0,,,1620588939,15:35:39,20210509
12,2008-02-29,AUSI,USD,2009-05-21,2009-05-21,FY,2849331.0,1746361.0,1102970.0,0.38709788367866,1541617.0,0.0,0.0,0.0,9788429.0,11534790.0,0.0,35462.0,-8649997.0,-3.0357992806030607,-8685459.0,-3.048245009091608,-106420.0,0.0,0.0,0.0,-8960486.0,-3.1447683684345553,-1.960002,-1.960002,4607552.0,4607552.0,https://www.sec.gov/Archives/edgar/data/826253/000082625309000025/0000826253-09-000025-index.htm,https://www.sec.gov/Archives/edgar/data/826253/000082625309000025/form10ka1-0208.htm,1620588939,15:35:39,20210509
13,2007-02-28,AUSI,USD,2007-02-28,2007-02-28,FY,1624074.0,745060.0,879014.0,0.5412401159060486,1048529.0,0.0,0.0,0.0,6248922.0,6993982.0,0.0,30948.0,-5338960.0,-3.287387151078091,-5369908.0,-3.306442933019062,-405562.0,0.0,0.0,0.0,-6168447.0,-3.79813173537659,-1.750002,-1.750002,3587732.0,3587732.0,,,1620588939,15:35:39,20210509
14,2006-02-28,AUSI,USD,2006-02-28,2006-02-28,FY,1756105.0,614327.0,1141778.0,0.6501763846694816,1483247.0,0.0,0.0,0.0,7618361.0,8232688.0,0.0,65091.0,-6411492.0,-3.650973034072564,-6476583.0,-3.6880385853921034,20382279.0,0.0,0.0,0.0,6864488.0,3.9089279969022352,15.680016,15.680016,437601.0,437601.0,,,1620588939,15:35:39,20210509
15,2005-02-28,AUSI,USD,2005-02-28,2005-02-28,FY,2525431.0,1573116.0,952315.0,0.37709008878088535,2482668.0,0.0,0.0,0.0,12134402.0,13707518.0,18965852.0,416161.0,-10765926.0,-4.263005403830079,-11182087.0,-4.427793513265656,3958009.0,0.0,0.0,0.0,-28274663.0,-11.195975261252435,-141.939986,-141.939986,184004.0,184004.0,,,1620588939,15:35:39,20210509
16,2004-02-29,AUSI,USD,2004-02-29,2004-02-29,FY,1864325.0,934769.0,929556.0,0.4986019068563689,2135061.0,0.0,0.0,0.0,9326986.0,10261755.0,2409732.0,571734.0,-7825696.0,-4.197602885762944,-8397430.0,-4.504273664731203,-2294160.0,0.0,0.0,0.0,-13584875.0,-7.286752578010808,-70.969993,-70.969993,182157.0,182157.0,,,1620588939,15:35:39,20210509
17,2003-02-28,AUSI,USD,2003-02-28,2003-02-28,FY,1103770.0,571099.0,532671.0,0.4825923879069009,442332.0,0.0,0.0,0.0,11806349.0,12377448.0,2656592.0,966852.0,-10306826.0,-9.337838498962647,-11273678.0,-10.21379272855758,-3396617.0,0.0,0.0,0.0,-16140873.0,-14.62340252045263,-94.626658,-94.626658,175791.0,175791.0,,,1620588939,15:35:39,20210509
18,2002-02-28,AUSI,USD,2002-02-28,2002-02-28,FY,3116295.0,1480736.0,1635559.0,0.5248408767462643,810949.0,10006844.0,0.0,0.0,8245013.0,9725749.0,0.0,5868089.0,-741365.0,-0.2378994928272195,-6609454.0,-2.1209333519451783,-11121588.0,-26826435.0,-8.608438867308775,0.0,-24936895.0,-8.002097041518855,-189.253315,-189.253315,138475.0,138475.0,,,1620588939,15:35:39,20210509
19,2001-02-28,AUSI,USD,2001-02-28,2001-02-28,FY,2512508.0,1216637.0,1295871.0,0.5157679099927244,547812.0,12695833.0,0.0,0.0,21458626.0,22675263.0,0.0,7619979.0,-12542776.0,-4.99213375639003,-20162755.0,-8.024951562343285,-767216.0,-20929971.0,-8.33031019204715,0.0,-20929971.0,-8.33031019204715,-189.253315,-189.253315,110568.0,110568.0,,,1620588939,15:35:39,20210509
20,2000-02-29,AUSI,USD,2000-02-29,2000-02-29,FY,5788221.0,13424303.0,-7636082.0,-1.3192450668348703,148443.0,10725397.0,0.0,0.0,10873840.0,24298143.0,0.0,6853924.0,-11655998.0,-2.0137444648364324,-18509922.0,-3.1978602752037286,5893449.0,-24403371.0,-4.216039954245009,0.0,-9465956.0,-1.6353826158330858,-189.253315,-189.253315,52540.0,52540.0,,,1620588939,15:35:39,20210509
21,1999-02-28,AUSI,USD,1999-02-28,1999-02-28,FY,81518162.0,158024723.0,-76506561.0,-0.9385216634300464,2831847.0,74419812.0,0.0,0.0,77251659.0,235276382.0,12383026.0,12985278.0,-140772942.0,-1.7268905302354585,-153758220.0,-1.88618359673026,9605718.0,-194186002.0,-2.3821194839991606,-570651.0,-149741582.0,-1.8369106751940751,-4127.158976903148,-4127.158976903148,36282.0,36282.0,,,1620588939,15:35:39,20210509
22,1998-02-28,AUSI,USD,1998-02-28,1998-02-28,FY,136715385.0,101622051.0,35093334.0,0.2566889893189417,1395160.0,45018066.0,0.0,0.0,46413226.0,148035277.0,7276039.0,8362110.0,-2957782.0,-0.021634595111588942,-11319892.0,-0.08279896223822944,-6200980.0,-11946181.0,-0.08737993167338116,-1256046.0,-11636540.0,-0.08511507318653273,-354.849966,-354.849966,33413.0,33413.0,,,1620588939,15:35:39,20210509
23,1997-02-28,AUSI,USD,1997-02-28,1997-02-28,FY,109950202.0,86350828.0,23599374.0,0.21463693172660112,6022586.0,18542840.0,0.0,0.0,24565426.0,110916254.0,1891692.0,4797436.0,3831384.0,0.03484653898134721,-966052.0,-0.008786268532730845,31717.0,-2350269.0,-0.021375758818524045,570484.0,-2920753.0,-0.02656432591183416,-94.626658,-94.626658,28927.0,28927.0,,,1620588939,15:35:39,20210509
24,1996-02-29,AUSI,USD,1996-02-29,1996-02-29,FY,77088850.0,71849204.0,5239646.0,0.06796892157555859,5225735.0,26399794.0,0.0,0.0,31625529.0,103474733.0,996641.0,4246133.0,-22139750.0,-0.28719782432868046,-26385883.0,-0.3422788509622338,0.0,0.0,0.0,0.0,-26087090.0,-0.3384028948414719,-1135.519892,-1135.519892,22767.0,22767.0,,,1620588939,15:35:39,20210509
25,1995-02-28,AUSI,USD,1995-02-28,1995-02-28,FY,44200000.0,26900000.0,17300000.0,0.3914027149321267,2000000.0,14600000.0,0.0,0.0,19800000.0,46700000.0,0.0,3200000.0,700000.0,0.01583710407239819,-2500000.0,-0.05656108597285068,100000.0,0.0,0.0,0.0,-2600000.0,-0.058823529411764705,-0.564291,-0.564291,4607552.0,4607552.0,,,1620588939,15:35:39,20210509
26,1994-02-28,AUSI,USD,1994-02-28,1994-02-28,FY,16400000.0,12200000.0,4200000.0,0.25609756097560976,0.0,8600000.0,0.0,0.0,10200000.0,22400000.0,400000.0,1600000.0,-4400000.0,-0.2682926829268293,-6000000.0,-0.36585365853658536,-4300000.0,0.0,0.0,0.0,-10600000.0,-0.6463414634146342,-2.300571,-2.300571,4607552.0,4607552.0,,,1620588939,15:35:39,20210509
27,1993-02-28,AUSI,USD,1993-02-28,1993-02-28,FY,11000000.0,9500000.0,1500000.0,0.13636363636363635,0.0,9400000.0,0.0,0.0,10500000.0,20000000.0,0.0,1100000.0,-7900000.0,-0.7181818181818181,-9000000.0,-0.8181818181818182,-500000.0,0.0,0.0,0.0,-9600000.0,-0.8727272727272727,-2.083536,-2.083536,4607552.0,4607552.0,,,1620588939,15:35:39,20210509
28,1992-02-29,AUSI,USD,1992-02-29,1992-02-29,FY,11100000.0,6600000.0,4500000.0,0.40540540540540543,0.0,7800000.0,0.0,0.0,8700000.0,15300000.0,0.0,900000.0,-3300000.0,-0.2972972972972973,-4200000.0,-0.3783783783783784,-600000.0,0.0,0.0,0.0,-4800000.0,-0.43243243243243246,-1.041768,-1.041768,4607552.0,4607552.0,,,1620588939,15:35:39,20210509
29,1991-02-28,AUSI,USD,1991-02-28,1991-02-28,FY,8300000.0,7000000.0,1300000.0,0.1566265060240964,0.0,5100000.0,0.0,0.0,5800000.0,12800000.0,0.0,700000.0,-3800000.0,-0.4578313253012048,-4500000.0,-0.5421686746987951,0.0,0.0,0.0,0.0,-5000000.0,-0.6024096385542169,-1.085175,-1.085175,4607552.0,4607552.0,,,1620588939,15:35:39,20210509
30,1990-02-28,AUSI,USD,1990-02-28,1990-02-28,FY,9100000.0,9700000.0,-600000.0,-0.06593406593406594,0.0,2200000.0,0.0,0.0,2700000.0,12400000.0,0.0,500000.0,-2800000.0,-0.3076923076923077,-3300000.0,-0.3626373626373626,0.0,0.0,0.0,0.0,-3400000.0,-0.37362637362637363,-0.737919,-0.737919,4607552.0,4607552.0,,,1620588939,15:35:39,20210509
31,1989-02-28,AUSI,USD,1989-02-28,1989-02-28,FY,2800000.0,2700000.0,100000.0,0.03571428571428571,0.0,1500000.0,0.0,0.0,1700000.0,4400000.0,0.0,200000.0,-1400000.0,-0.5,-1600000.0,-0.5714285714285714,0.0,0.0,0.0,0.0,-1600000.0,-0.5714285714285714,-0.347256,-0.347256,4607552.0,4607552.0,,,1620588939,15:35:39,20210509
32,1988-02-28,AUSI,USD,1988-02-28,1988-02-28,FY,500000.0,600000.0,-100000.0,-0.2,800000.0,1400000.0,0.0,0.0,2199999.9999999995,2799999.9999999995,0.0,70000.0,-2230000.0,-4.46,-2300000.0,-4.6,0.0,-2300000.0,-4.6,0.0,-2300000.0,-4.6,-372.56,-372.56,4607552.0,4607552.0,,,1620588939,15:35:39,20210509
33,1987-02-28,AUSI,USD,1987-02-28,1987-02-28,FY,1600000.0,1100000.0,500000.0,0.3125,100000.0,600000.0,0.0,0.0,700000.0,1800000.0,0.0,20000.0,-180000.0,-0.1125,-200000.0,-0.125,0.0,-200000.0,-0.125,0.0,-200000.0,-0.125,-138.07,-138.07,4607552.0,4607552.0,,,1620588939,15:35:39,20210509
34,1986-02-28,AUSI,USD,1986-02-28,1986-02-28,FY,400000.0,300000.0,0.0,0.0,100000.0,100000.0,0.0,0.0,200000.0,500000.0,0.0,0.0,-200000.0,-0.5,-200000.0,-0.5,0.0,-200000.0,-0.5,0.0,-200000.0,-0.5,-111.29,-111.29,4607552.0,4607552.0,,,1620588939,15:35:39,20210509
