,date,symbol,reportedCurrency,fillingDate,acceptedDate,period,revenue,costOfRevenue,grossProfit,grossProfitRatio,researchAndDevelopmentExpenses,generalAndAdministrativeExpenses,sellingAndMarketingExpenses,otherExpenses,operatingExpenses,costAndExpenses,interestExpense,depreciationAndAmortization,ebitda,ebitdaratio,operatingIncome,operatingIncomeRatio,totalOtherIncomeExpensesNet,incomeBeforeTax,incomeBeforeTaxRatio,incomeTaxExpense,netIncome,netIncomeRatio,eps,epsdiluted,weightedAverageShsOut,weightedAverageShsOutDil,link,finalLink,timestamp,est_time,est_date
0,2020-05-31,ORCL,USD,2020-06-22,2020-06-22 16:25:49,FY,39068000000,7938000000.0,31130000000,0.7968158083341865,6067000000.0,1181000000.0,8094000000.0,-16000000.0,16928000000,24866000000,1995000000.0,1586000000.0,15788000000,0.40411590048121226,14202000000,0.36352001638169346,-671000000.0,12063000000,0.3087693252790007,1928000000.0,10135000000.0,0.25941947373809765,3.16,3.08,3211000000,3294000000,https://www.sec.gov/Archives/edgar/data/1341439/000156459020030125/0001564590-20-030125-index.htm,https://www.sec.gov/Archives/edgar/data/1341439/000156459020030125/orcl-10k_20200531.htm,1620596182,17:36:22,20210509
1,2019-05-31,ORCL,USD,2019-06-21 00:00:00,2019-06-21 16:29:05,FY,39506000000,7995000000.0,31511000000,0.7976256771123373,6026000000.0,1265000000.0,8509000000.0,-14000000.0,17489000000,25484000000,2082000000.0,1689000000.0,15711000000,0.39768642737811977,14022000000,0.35493342783374676,-764000000.0,12268000000,0.31053510859110006,1185000000.0,11083000000.0,0.28053966486103377,3.05,2.97,3634000000,3732000000,https://www.sec.gov/Archives/edgar/data/1341439/000156459019023119/0001564590-19-023119-index.html,https://www.sec.gov/Archives/edgar/data/1341439/000156459019023119/orcl-10k_20190531.htm,1620596182,17:36:22,20210509
2,2018-05-31,ORCL,USD,2018-06-22 00:00:00,2018-06-22 16:09:07,FY,39831000000,8081000000.0,31750000000,0.7971178228013357,6091000000.0,1289000000.0,8431000000.0,245000000.0,17431000000,25512000000,2025000000.0,1620000000.0,15939000000,0.40016570008285,14319000000,0.3594938615651126,-604000000.0,12891000000,0.32364238909392185,9066000000.0,3825000000.0,0.09603072983354674,0.93,0.9,4121000000,4238000000,https://www.sec.gov/Archives/edgar/data/1341439/000119312518201034/0001193125-18-201034-index.html,https://www.sec.gov/Archives/edgar/data/1341439/000119312518201034/d568983d10k.htm,1620596182,17:36:22,20210509
3,2017-05-31,ORCL,USD,2017-06-27 00:00:00,2017-06-27 16:05:35,FY,37728000000,7469000000.0,30259000000,0.8020303223070399,6159000000.0,1176000000.0,8197000000.0,73000000.0,16983000000,24452000000,1798000000.0,1451000000.0,14727000000,0.39034669211195927,13276000000,0.3518871925360475,-763000000.0,11517000000,0.30526399491094147,2182000000.0,9335000000.0,0.24742896522476676,2.27,2.21,4115000000,4217000000,https://www.sec.gov/Archives/edgar/data/1341439/000119312517214833/0001193125-17-214833-index.html,https://www.sec.gov/Archives/edgar/data/1341439/000119312517214833/d385998d10k.htm,1620596182,17:36:22,20210509
4,2016-05-31,ORCL,USD,2016-06-22 00:00:00,2016-06-22 16:24:36,FY,37047000000,7479000000.0,29568000000,0.7981213053688557,5787000000.0,1155000000.0,7884000000.0,-7000000.0,16464000000,23943000000,1467000000.0,1638000000.0,14742000000,0.3979269576483926,13104000000,0.3537128512430156,-733000000.0,11442000000,0.30885091910276136,2541000000.0,8901000000.0,0.24026236942262533,2.11,2.07,4221000000,4305000000,https://www.sec.gov/Archives/edgar/data/1341439/000119312516628942/0001193125-16-628942-index.html,https://www.sec.gov/Archives/edgar/data/1341439/000119312516628942/d203801d10k.htm,1620596182,17:36:22,20210509
5,2015-05-31,ORCL,USD,2015-06-25 00:00:00,2015-06-25 17:03:14,FY,38226000000,7532000000.0,30694000000,0.8029613352168681,5524000000.0,1077000000.0,7655000000.0,27000000.0,16405000000,23937000000,1143000000.0,2149000000.0,16438000000,0.4300214513681787,14289000000,0.37380317061685764,-661000000.0,12834000000,0.33574007220216606,2896000000.0,9938000000.0,0.25998011824412703,2.26,2.21,4404000000,4503000000,https://www.sec.gov/Archives/edgar/data/1341439/000119312515235239/0001193125-15-235239-index.html,https://www.sec.gov/Archives/edgar/data/1341439/000119312515235239/d920711d10k.htm,1620596182,17:36:22,20210509
6,2014-05-31,ORCL,USD,2014-06-26 00:00:00,2014-06-26 17:07:01,FY,38275000000,7236000000.0,31039000000,0.8109470934030045,5151000000.0,1038000000.0,7567000000.0,69000000.0,16056000000,23292000000,914000000.0,2300000000.0,17283000000,0.45154800783801435,14983000000,0.39145656433703463,-628000000.0,13704000000,0.35804049640757674,2749000000.0,10955000000.0,0.2862181580666231,2.42,2.38,4528000000,4604000000,https://www.sec.gov/Archives/edgar/data/1341439/000119312514251351/0001193125-14-251351-index.html,https://www.sec.gov/Archives/edgar/data/1341439/000119312514251351/d725622d10k.htm,1620596182,17:36:22,20210509
7,2013-05-31,ORCL,USD,2013-06-26 00:00:00,2013-06-26 17:24:42,FY,37180000000,7113000000.0,30067000000,0.8086874663797741,4850000000.0,1072000000.0,7328000000.0,48000000.0,15635000000,22748000000,797000000.0,2385000000.0,16817000000,0.45231307154384076,14432000000,0.3881656804733728,26000000.0,13898000000,0.37380311995696613,2973000000.0,10925000000.0,0.2938407746100054,2.29,2.26,4769000000,4844000000,https://www.sec.gov/Archives/edgar/data/1341439/000119312513272832/0001193125-13-272832-index.html,https://www.sec.gov/Archives/edgar/data/1341439/000119312513272832/d531515d10k.htm,1620596182,17:36:22,20210509
8,2012-05-31,ORCL,USD,2012-06-26,2012-06-26 17:25:40,FY,37121000000,7858000000.0,29263000000,0.7883138924059158,4523000000.0,1126000000.0,7127000000.0,15000000.0,15206000000,23064000000,766000000.0,2430000000.0,16487000000,0.4441421297917621,14057000000,0.3786805312356887,-560000000.0,12962000000,0.34918240349128526,2981000000.0,9981000000.0,0.26887745480994585,1.99,1.96,5015000000,5095000000,https://www.sec.gov/Archives/edgar/data/1341439/000119312512284007/d369484d10k.htm,https://www.sec.gov/Archives/edgar/data/1341439/000119312512284007/d369484d10k.htm,1620596182,17:36:22,20210509
9,2011-05-31,ORCL,USD,2011-06-28 00:00:00,2011-06-27 21:44:56,FY,35622000000,8398000000.0,27224000000,0.7642468137667734,4519000000.0,970000000.0,6579000000.0,0.0,14496000000,22894000000,808000000.0,2428000000.0,15156000000,0.42546740778170794,12728000000,0.35730728201673123,-672000000.0,11411000000,0.32033574757172534,2864000000.0,8547000000.0,0.23993599461007242,1.69,1.67,5048000000,5128000000,https://www.sec.gov/Archives/edgar/data/1341439/000119312511174819/0001193125-11-174819-index.html,https://www.sec.gov/Archives/edgar/data/1341439/000119312511174819/d10k.htm,1620596182,17:36:22,20210509
10,2010-05-31,ORCL,USD,2010-07-01 00:00:00,2010-06-30 21:59:05,FY,26820000000,5764000000.0,21056000000,0.7850857568978374,3254000000.0,911000000.0,5080000000.0,0.0,11218000000,16982000000,754000000.0,1973000000.0,11811000000,0.44038031319910514,9838000000,0.3668158090976883,-841000000.0,8243000000,0.30734526472781504,2108000000.0,6135000000.0,0.22874720357941836,1.22,1.21,5014000000,5073000000,https://www.sec.gov/Archives/edgar/data/1341439/000119312510151896/0001193125-10-151896-index.html,https://www.sec.gov/Archives/edgar/data/1341439/000119312510151896/d10k.htm,1620596182,17:36:22,20210509
11,2009-05-31,ORCL,USD,2009-06-29 00:00:00,2009-06-29 17:05:21,FY,23252000000,4794000000.0,18458000000,0.7938241871666953,2767000000.0,785000000.0,4638000000.0,0.0,9903000000,14697000000,630000000.0,1713000000.0,10268000000,0.4415964218131774,8555000000,0.36792533975571995,-91000000.0,7834000000,0.3369172544297265,2241000000.0,5593000000.0,0.2405384483055221,1.1,1.09,5070000000,5130000000,https://www.sec.gov/Archives/edgar/data/1341439/000095012309018689/0000950123-09-018689-index.html,https://www.sec.gov/Archives/edgar/data/1341439/000095012309018689/f52658e10vk.htm,1620596182,17:36:22,20210509
12,2008-05-31,ORCL,USD,2008-07-02 00:00:00,2008-07-02 06:01:47,FY,22430000000,4981000000.0,17449000000,0.7779313419527418,2741000000.0,0.0,0.0,0.0,9440000000,14421000000,0.0,1212000000.0,9221000000,0.4111012037449844,8009000000,0.3570664288898796,-58000000.0,7834000000,0.3492643780650914,2313000000.0,5521000000.0,0.2461435577351761,1.08,1.06,5133000000,5229000000,https://www.sec.gov/Archives/edgar/data/1341439/000095013408012257/0000950134-08-012257-index.html,https://www.sec.gov/Archives/edgar/data/1341439/000095013408012257/f41477e10vk.htm,1620596182,17:36:22,20210509
13,2007-05-31,ORCL,USD,2007-06-29 00:00:00,2007-06-29 17:04:46,FY,17996000000,4191000000.0,13805000000,0.7671149144254279,2195000000.0,0.0,0.0,0.0,7672000000,11863000000,0.0,878000000.0,7011000000,0.38958657479439873,6133000000,0.3407979551011336,-99000000.0,5986000000,0.3326294732162703,1712000000.0,4274000000.0,0.23749722160480108,0.83,0.81,5170000000,5269000000,https://www.sec.gov/Archives/edgar/data/1341439/000095013407014478/0000950134-07-014478-index.html,https://www.sec.gov/Archives/edgar/data/1341439/000095013407014478/f31530e10vk.htm,1620596182,17:36:22,20210509
14,2006-05-31,ORCL,USD,2006-07-21,2006-07-21 17:24:26,FY,14380000000,3235000000.0,11145000000,0.7750347705146036,1872000000.0,0.0,0.0,0.0,6187000000,9422000000,0.0,583000000.0,5541000000,0.385326842837274,4958000000,0.3447844228094576,-149000000.0,4810000000,0.3344923504867872,1429000000.0,3381000000.0,0.2351182197496523,0.65,0.64,5196000000,5287000000,https://www.sec.gov/Archives/edgar/data/1341439/000119312506151154/d10k.htm,https://www.sec.gov/Archives/edgar/data/1341439/000119312506151154/d10k.htm,1620596182,17:36:22,20210509
15,2005-05-31,ORCL,USD,2005-05-31,2005-05-31,FY,11799000000,2651000000.0,9148000000,0.7753199423679973,1491000000.0,0.0,0.0,0.0,4771000000,7422000000,0.0,219000000.0,4596000000,0.3895245359776252,4377000000,0.3709636409865243,-376000000.0,4051000000,0.343334180862785,1165000000.0,2886000000.0,0.24459699974574117,0.56,0.55,5136000000,5231000000,,,1620596182,17:36:22,20210509
16,2004-05-31,ORCL,USD,2004-05-31,2004-05-31,FY,10156000000,2317000000.0,7839000000,0.7718589996061441,1278000000.0,0.0,0.0,0.0,3975000000,6292000000,0.0,234000000.0,4098000000,0.40350531705395826,3864000000,0.38046474990153606,-16000000.0,3945000000,0.38844033083891294,1264000000.0,2681000000.0,0.26398188263095707,0.51,0.5,5215000000,5326000000,,,1620596182,17:36:22,20210509
17,2003-05-31,ORCL,USD,2003-05-31,2003-05-31,FY,9475000000,2342000000.0,7133000000,0.7528232189973615,1180000000.0,0.0,0.0,0.0,3693000000,6035000000,0.0,327000000.0,3767000000,0.3975725593667546,3440000000,0.36306068601583114,-128000000.0,3425000000,0.36147757255936674,1118000000.0,2307000000.0,0.24348284960422165,0.44,0.43,5302000000,5418000000,,,1620596182,17:36:22,20210509
18,2002-05-31,ORCL,USD,2002-05-31,2002-05-31,FY,9673000000,2406000000.0,7267000000,0.7512664116613254,1076000000.0,2620000000.0,0.0,0.0,3696000000,6102000000,0.0,363000000.0,3934000000,0.4066990592370516,3571000000,0.3691719218443089,-309000000.0,3408000000,0.3523208932078983,1184000000.0,2224000000.0,0.22991832937041248,0.4,0.39,5518000000,5689000000,,,1620596182,17:36:22,20210509
19,2001-05-31,ORCL,USD,2001-05-31,2001-05-31,FY,10859672000,2796040000.0,8063632000,0.7425299769643134,1138591000.0,3147950000.0,0.0,0.0,4286541000,7082581000,0.0,346896000.0,4123987000,0.37975244556189175,3777091000,0.34780893934918106,-71345000.0,3971230000,0.3656859986194795,1410134000.0,2561096000.0,0.23583548379730068,0.46,0.44,5596721000,5864806000,,,1620596182,17:36:22,20210509
20,2000-05-31,ORCL,USD,2000-05-31,2000-05-31,FY,10130128000,2942679000.0,7187449000,0.7095121601622408,1009882000.0,3097407000.0,0.0,0.0,4107289000,7049968000,0.0,390925000.0,3471085000,0.34264966839510813,3080160000,0.30405933666386054,6920264000.0,10123434000,0.9993391988729067,3826631000.0,6296803000.0,0.6215916521489165,1.11,1.05,5678838000,5995842000,,,1620596182,17:36:22,20210509
21,1999-05-31,ORCL,USD,1999-05-31,1999-05-31,FY,8827252000,3064148000.0,5763104000,0.6528763424902789,841406000.0,3048817000.0,0.0,0.0,3890223000,6954371000,0.0,375384000.0,2248265000,0.25469591215929943,1872881000,0.21217033341746672,12135000.0,1982078000,0.22454077441088122,692320000.0,1289758000.0,0.1461109301059945,0.2225,0.2175,5782352000,5936900000,,,1620596182,17:36:22,20210509
22,1998-05-31,ORCL,USD,1998-05-31,1998-05-31,FY,7143866000,2273607000.0,4870259000,0.6817399710464894,719143000.0,2739862000.0,0.0,0.0,3459005000,5732612000,0.0,328563000.0,1739817000,0.243539982412884,1411254000,0.197547658368732,-152763000.0,1327819000,0.1858684079460617,514124000.0,813695000.0,0.1139012125927334,0.138333,0.135,5865594000,5998350000,,,1620596182,17:36:22,20210509
23,1997-05-31,ORCL,USD,1997-05-31,1997-05-31,FY,5684336000,1550466000.0,4133870000,0.7272388542830684,555476000.0,2278609000.0,0.0,0.0,2834085000,4384551000,0.0,264773000.0,1564558000,0.27524023914138784,1299785000,0.22866083215348285,-56833000.0,1283527000,0.2258006915847339,462070000.0,821457000.0,0.14451239335605778,0.13564871303668058,0.13400306290105146,6055767000,6130136000,,,1620596182,17:36:22,20210509
24,1996-05-31,ORCL,USD,1996-05-31,1996-05-31,FY,4223300000,1096013000.0,3127287000,0.7404842185021192,389093000.0,1782372000.0,0.0,0.0,2171465000,3267478000,0.0,219494000.0,1175316000,0.2782932777685696,955822000,0.22632112329221224,-59915000.0,919510000,0.21772310752255344,316231000.0,603279000.0,0.1428454052518173,0.09994811066146977,0.09449838299226787,6035922000,6384014000,,,1620596182,17:36:22,20210509
25,1995-05-31,ORCL,USD,1995-05-31,1995-05-31,FY,2966900000,631200000.0,2335700000,0.7872526879908321,260600000.0,1277500000.0,0.0,0.0,1685900000,2317100000,0.0,147800000.0,797600000,0.26883278843237046,649800000,0.21901648184974215,16200000.0,659000000,0.2221173615558327,217500000.0,441500000.0,0.1488085206781489,0.074074,0.074074,5988586500,5988586500,,,1620596182,17:36:22,20210509
26,1994-05-31,ORCL,USD,1994-05-31,1994-05-31,FY,2001100000,394600000.0,1606500000,0.8028084553495577,197100000.0,884900000.0,0.0,0.0,1186600000,1581200000,0.0,104600000.0,524500000,0.2621058417870171,419900000,0.20983459097496376,10300000.0,423400000,0.21158362900404779,139700000.0,283700000.0,0.14177202538603767,0.047407,0.047407,5988613500,5988613500,,,1620596182,17:36:22,20210509
27,1993-05-31,ORCL,USD,1993-05-31,1993-05-31,FY,1502800000,243500000.0,1259300000,0.8379691243013042,0.0,939100000.0,0.0,0.0,1018300000,1261800000,0.0,79200000.0,320200000,0.2130689379824328,241000000,0.1603673143465531,-14000000.0,218000000,0.14506254990684056,76300000.0,98200000.0,0.06534468991216397,0.02,0.02,4910000000,4910000000,,,1620596182,17:36:22,20210509
28,1992-05-31,ORCL,USD,1992-05-31,1992-05-31,FY,1178500000,215800000.0,962700000,0.8168858718710225,0.0,783200000.0,0.0,0.0,849000000,1064800000,0.0,65800000.0,179500000,0.15231226134917267,113700000,0.09647857445905812,1100000.0,96100000,0.08154433602036487,34600000.0,61500000.0,0.05218498090793382,0.02,0.02,5654508000,5654508000,,,1620596182,17:36:22,20210509
29,1991-05-31,ORCL,USD,1991-05-31,1991-05-31,FY,1027900000,195700000.0,832200000,0.8096118299445472,0.0,743600000.0,0.0,0.0,814300000,1010000000,0.0,70700000.0,88600000,0.08619515517073645,17900000,0.017414145344877906,-31100000.0,-13200000,-0.01284171612024516,-800000.0,-12400000.0,-0.012063430294775756,-0.01,-0.01,5509008000,5509008000,,,1620596182,17:36:22,20210509
30,1990-05-31,ORCL,USD,1990-05-31,1990-05-31,FY,970800000,116300000.0,854500000,0.8802018953440461,0.0,620600000.0,0.0,0.0,664700000,781000000,0.0,44100000.0,233900000,0.24093531108364236,189800000,0.19550885867325918,-5000000.0,172700000,0.17789451998351874,55300000.0,117400000.0,0.12093119077049856,0.03,0.03,3913333333,3913333333,,,1620596182,17:36:22,20210509
31,1989-05-31,ORCL,USD,1989-05-31,1989-05-31,FY,583700000,77800000.0,505900000,0.8667123522357375,0.0,359700000.0,0.0,0.0,382900000,460700000,0.0,23200000.0,146200000,0.25047113243104335,123000000,0.21072468733938668,1600000.0,120300000,0.20609902347096112,38500000.0,81800000.0,0.1401404831248929,0.02,0.02,4090000000,4090000000,,,1620596182,17:36:22,20210509
32,1988-05-31,ORCL,USD,1988-05-31,1988-05-31,FY,282100000,38300000.0,243800000,0.8642325416518964,0.0,167000000.0,0.0,0.0,180000000,218300000,0.0,13000000.0,76800000,0.27224388514711095,63800000,0.2261609358383552,2600000.0,65000000,0.2304147465437788,22100000.0,42900000.0,0.15207373271889402,0.01,0.01,4290000000,4290000000,,,1620596182,17:36:22,20210509
33,1987-05-31,ORCL,USD,1987-05-31,1987-05-31,FY,131300000,-5300000.0,136600000,1.0403655750190404,0.0,102900000.0,0.0,0.0,108200000,102900000,0.0,5300000.0,33700000,0.25666412795125665,28400000,0.2162985529322163,600000.0,27900000,0.2124904798172125,12300000.0,15600000.0,0.1188118811881188,0.01,0.01,4654664000,4654664000,,,1620596182,17:36:22,20210509
34,1986-05-31,ORCL,USD,1986-05-31,1986-05-31,FY,55400000,-2000000.0,57400000,1.036101083032491,0.0,44500000.0,0.0,0.0,46500000,44500000,0.0,2000000.0,12900000,0.2328519855595668,10900000,0.1967509025270758,100000.0,10500000,0.18953068592057762,4600000.0,5900000.0,0.10649819494584838,0.01,0.01,4264700000,4264700000,,,1620596182,17:36:22,20210509
