,date,symbol,reportedCurrency,fillingDate,acceptedDate,period,revenue,costOfRevenue,grossProfit,grossProfitRatio,researchAndDevelopmentExpenses,generalAndAdministrativeExpenses,sellingAndMarketingExpenses,otherExpenses,operatingExpenses,costAndExpenses,interestExpense,depreciationAndAmortization,ebitda,ebitdaratio,operatingIncome,operatingIncomeRatio,totalOtherIncomeExpensesNet,incomeBeforeTax,incomeBeforeTaxRatio,incomeTaxExpense,netIncome,netIncomeRatio,eps,epsdiluted,weightedAverageShsOut,weightedAverageShsOutDil,link,finalLink,timestamp,est_time,est_date
0,2020-12-31,0724.HK,HKD,2020-12-31,2020-12-31,FY,358522000,336634000,21888000.0,0.06105064682223127,0.0,41455000,15788000.0,2813000.0,0.0,393707000,16435000.0,0.0,-32372000.0,-0.09029292484143232,-35185000,-0.15726510507026067,0.0,-56383000,-0.15726510507026067,0.0,-56383000.0,-0.15726510507026067,-0.06710871795604244,-0.06710871795604244,840174000,840174000,https://www1.hkexnews.hk/search/titlesearch.xhtml,https://www1.hkexnews.hk/search/titlesearch.xhtml,1620584882,14:28:02,20210509
1,2019-12-31,0724.HK,HKD,2019-12-31,2019-12-31,FY,332743000,313901000,18842000.0,0.056626285151002424,0.0,49896000,17041000.0,961000.0,0.0,380838000,15611000.0,19121000.0,-28974000.0,-0.08707621197140135,-48095000,-0.1445409820792624,0.0,-60282000,-0.18116684648512515,0.0,-60282000.0,-0.18116684648512515,-0.0717,-0.0717,840174000,840174000,https://www1.hkexnews.hk/search/titlesearch.xhtml,https://www1.hkexnews.hk/search/titlesearch.xhtml,1620584882,14:28:02,20210509
2,2018-12-31,0724.HK,HKD,2018-12-31,2018-12-31,FY,445933000,443746000,2187000.0,0.004904324192199276,0.0,48135000,21782000.0,-178000.0,0.0,513663000,16941000.0,11255000.0,-56475000.0,-0.12664458562160683,-67730000,-0.1518838031722254,0.0,-85881000,-0.1925872272292026,0.0,-85881000.0,-0.1925872272292026,-0.124,-0.124,694859150,694859150,https://www1.hkexnews.hk/search/titlesearch.xhtml,https://www1.hkexnews.hk/search/titlesearch.xhtml,1620584882,14:28:02,20210509
3,2017-12-31,0724.HK,HKD,2017-12-31,2017-12-31,FY,542082000,500910000,41172000.0,0.07595160879719305,0.0,48685000,22899000.0,-4000.0,0.0,572494000,15203000.0,9584000.0,-20828000.0,-0.03842223132293638,-30412000,-0.05610221331828026,0.0,-42749000,-0.07886076276282925,0.0,-42749000.0,-0.07886076276282925,-0.062,-0.062,694459950,694459950,https://www1.hkexnews.hk/search/titlesearch.xhtml,https://www1.hkexnews.hk/search/titlesearch.xhtml,1620584882,14:28:02,20210509
4,2016-12-31,0724.HK,HKD,2016-12-31,2016-12-31,FY,478845000,457869000,20976000.0,0.04380540676001629,0.0,50356000,20938000.0,-6000.0,0.0,524091000,12422000.0,9863000.0,-35383000.0,-0.07389238688928568,-45246000,-0.09448986624064154,0.0,-50011000,-0.10444089423508651,16692000.0,-66703000.0,-0.13929977341310862,-0.096,-0.096,694459950,694459950,https://www1.hkexnews.hk/search/titlesearch.xhtml,https://www1.hkexnews.hk/search/titlesearch.xhtml,1620584882,14:28:02,20210509
5,2015-12-31,0724.HK,HKD,2015-12-31,2015-12-31,FY,545055000,512435000,32620000.0,0.059847171386373854,0.0,50079000,20375000.0,27397000.0,0.0,582705000,12288000.0,13312000.0,-24338000.0,-0.04465237453101063,-37650000,-0.06907559787544376,0.0,-23211000,-0.04258469328783334,0.0,-23211000.0,-0.04258469328783334,-0.036,-0.036,638265400,638265400,https://www1.hkexnews.hk/search/titlesearch.xhtml,https://www1.hkexnews.hk/search/titlesearch.xhtml,1620584882,14:28:02,20210509
6,2014-12-31,0724.HK,HKD,2014-12-31,2014-12-31,FY,599867000,566567000,33300000.0,0.0555123052276588,0.0,50166000,11247000.0,-1011000.0,0.0,620644000,18941000.0,23822000.0,3045000.0,0.005076125207754386,-20777000,-0.03463601098243444,0.0,-40434000,-0.06740494142868336,0.0,-40434000.0,-0.06740494142868336,-0.068,-0.068,598334950,598334950,https://www1.hkexnews.hk/search/titlesearch.xhtml,https://www1.hkexnews.hk/search/titlesearch.xhtml,1620584882,14:28:02,20210509
7,2013-12-31,0724.HK,HKD,2013-12-31,2013-12-31,FY,660388000,615924000,44464000.0,0.06733011502328934,0.0,46933000,12343000.0,0.0,0.0,674231000,20021000.0,26085000.0,12242000.0,0.018537586994312436,-13843000,-0.020961919356499513,0.0,-23581000,-0.035707796022944084,0.0,-24675000.0,-0.03736439789941671,-0.042,-0.042,598334950,598334950,https://www1.hkexnews.hk/search/titlesearch.xhtml,https://www1.hkexnews.hk/search/titlesearch.xhtml,1620584882,14:28:02,20210509
8,2012-12-31,0724.HK,HKD,2012-12-31,2012-12-31,FY,572451000,567666000,4785000.0,0.008358794027785785,0.0,45790000,12877000.0,0.0,0.0,633633000,18607000.0,46049000.0,-15133000.0,-0.026435450370424718,-61182000,-0.10687726984492996,0.0,-80710000,-0.1409902332252018,-8000.0,-339412000.0,-0.5929101355399851,-0.568,-0.568,597755200,597755200,https://www1.hkexnews.hk/search/titlesearch.xhtml,https://www1.hkexnews.hk/search/titlesearch.xhtml,1620584882,14:28:02,20210509
9,2011-12-31,0724.HK,HKD,2011-12-31,2011-12-31,FY,784467000,826382000,-41915000.0,-0.053431183211020986,0.0,56379000,9961000.0,0.0,0.0,973849000,25618000.0,51519000.0,-137863000.0,-0.17574098081882347,-189382000,-0.24141487149873736,0.0,-945173000,-1.2048601152119847,-8357000.0,-936734000.0,-1.1941024925203991,-1.774,-1.774,528255150,528255150,https://www1.hkexnews.hk/search/titlesearch.xhtml,https://www1.hkexnews.hk/search/titlesearch.xhtml,1620584882,14:28:02,20210509
10,2010-12-31,0724.HK,HKD,2010-12-31,2010-12-31,FY,785121000,733425000,51696000.0,0.06584462777075126,0.0,53167000,6934000.0,0.0,0.0,962303000,47016000.0,143885000.0,-33297000.0,-0.042410023423141145,-177182000,-0.22567476860254662,0.0,-527826000,-0.6722861826393639,4354000.0,-532180000.0,-0.6778318246486847,-1.522,-1.522,349839650,349839650,https://www1.hkexnews.hk/search/titlesearch.xhtml,https://www1.hkexnews.hk/search/titlesearch.xhtml,1620584882,14:28:02,20210509
11,2009-12-31,0724.HK,HKD,2009-12-31,2009-12-31,FY,538855000,461161000,77694000.0,0.14418350019949708,0.0,28721000,4481000.0,0.0,0.0,513034000,5581000.0,16557000.0,42378000.0,0.07864453331601266,25821000,0.0479182711490104,0.0,-762474000,-1.414989190041848,8430000.0,-779991000.0,-1.4474970075437734,-3.856,-3.856,202328100,202328100,https://www1.hkexnews.hk/search/titlesearch.xhtml,https://www1.hkexnews.hk/search/titlesearch.xhtml,1620584882,14:28:02,20210509
12,2008-12-31,0724.HK,HKD,2008-12-31,2008-12-31,FY,729045000,635633000,93412000.0,0.12812926499735955,0.0,39216000,14097000.0,0.0,0.0,687462000,121000.0,26360000.0,67943000.0,0.09319452160017558,41583000,0.057037631421928685,0.0,13530000,0.018558525193918072,7131000.0,6399000.0,0.00877723597308808,0.034,0.032,189875000,196743400,https://www1.hkexnews.hk/search/titlesearch.xhtml,https://www1.hkexnews.hk/search/titlesearch.xhtml,1620584882,14:28:02,20210509
13,2007-12-31,0724.HK,HKD,2007-12-31,2007-12-31,FY,795909000,662766000,133143000.0,0.16728419957557963,0.0,39208000,0.0,0.0,0.0,717898000,0.0,21307000.0,99318000.0,0.12478562247694146,78011000,0.09801497407366923,0.0,86617000,0.10882776799860286,16132000.0,70485000.0,0.08855911919578746,0.372,0.352,189475806,200241477,https://www1.hkexnews.hk/search/titlesearch.xhtml,https://www1.hkexnews.hk/search/titlesearch.xhtml,1620584882,14:28:02,20210509
14,2006-12-31,0724.HK,HKD,2006-12-31,2006-12-31,FY,636237000,505839000,130398000.0,0.20495192829087275,0.0,41131000,0.0,0.0,0.0,569727000,0.0,16810000.0,83320000.0,0.1309574891117618,66510000,0.10453651705260776,0.0,76803000,0.12071445074712725,14606000.0,62197000.0,0.09775759661887001,0.3462,0.3462,179656268,179656268,https://www1.hkexnews.hk/search/titlesearch.xhtml,https://www1.hkexnews.hk/search/titlesearch.xhtml,1620584882,14:28:02,20210509
15,2005-12-31,0724.HK,HKD,2005-12-31,2005-12-31,FY,553983000,454060000,99923000.0,0.18037196087244556,0.0,32367000,0.0,0.0,0.0,500665000,0.0,15404000.0,68722000.0,0.12405073801903668,53318000,0.09624483061754603,0.0,53307000,0.09622497441257223,10577000.0,42730000.0,0.07713233077549311,0.2906,0.2882,147040606,148265094,https://www1.hkexnews.hk/search/titlesearch.xhtml,https://www1.hkexnews.hk/search/titlesearch.xhtml,1620584882,14:28:02,20210509
16,2004-12-31,0724.HK,HKD,2004-12-31,2004-12-31,FY,559882000,450084000,109798000.0,0.19610918014867418,0.0,38438000,20446000.0,0.0,0.0,499822000,1381000.0,12114000.0,72174000.0,0.1289093058894553,60060000,0.1072726038701012,0.0,58679000,0.10480601269553227,10248000.0,48430000.0,0.0865003697207626,0.4238,0.4238,114302000,114302000,https://www1.hkexnews.hk/search/titlesearch.xhtml,https://www1.hkexnews.hk/search/titlesearch.xhtml,1620584882,14:28:02,20210509
