,date,symbol,reportedCurrency,fillingDate,acceptedDate,period,revenue,costOfRevenue,grossProfit,grossProfitRatio,researchAndDevelopmentExpenses,generalAndAdministrativeExpenses,sellingAndMarketingExpenses,otherExpenses,operatingExpenses,costAndExpenses,interestExpense,depreciationAndAmortization,ebitda,ebitdaratio,operatingIncome,operatingIncomeRatio,totalOtherIncomeExpensesNet,incomeBeforeTax,incomeBeforeTaxRatio,incomeTaxExpense,netIncome,netIncomeRatio,eps,epsdiluted,weightedAverageShsOut,weightedAverageShsOutDil,link,finalLink,timestamp,est_time,est_date
0,2020-09-30,MATW,USD,2020-11-20,2020-11-20 15:20:30,FY,1498306000,1000537000,497769000,0.33222118846216997,0.0,274923000.0,125117000.0,-9221000.0,471554000.0,1472091000,34885000.0,71514000.0,97729000,0.06522632893414296,26215000,0.017496425963721696,-97667000.0,-106337000,-0.07097148379569994,-18685000.0,-87155000,-0.058169025552857696,-2.79,-2.79,31190000,31190000,https://www.sec.gov/Archives/edgar/data/63296/000006329620000098/0000063296-20-000098-index.htm,https://www.sec.gov/Archives/edgar/data/63296/000006329620000098/matw-20200930.htm,1620594775,17:12:55,20210509
1,2019-09-30,MATW,USD,2019-11-22 00:00:00,2019-11-22 16:13:59,FY,1537276000,994810000,542466000,0.3528748253404073,0.0,275467000.0,133368000.0,-8918000.0,454591000.0,1449401000,40962000.0,45756000.0,133631000,0.08692713605104094,87875000,0.05716279965341292,-84996000.0,-38083000,-0.024773040104704686,806000.0,-37988000,-0.02471124248345775,-1.2117970361820367,-1.210000012422344,31348484,31395041,https://www.sec.gov/Archives/edgar/data/63296/000006329619000119/0000063296-19-000119-index.html,https://www.sec.gov/Archives/edgar/data/63296/000006329619000119/matw-93019x10k.htm,1620594775,17:12:55,20210509
2,2018-09-30,MATW,USD,2018-11-20 00:00:00,2018-11-20 15:51:12,FY,1602580000,1021230000,581350000,0.3627588014326898,0.0,274477000.0,142477000.0,1016000.0,448516000.0,1469746000,37427000.0,31562000.0,164396000,0.10258208638570306,132834000,0.08288759375506995,2586000.0,97993000,0.061147025421507815,-9118000.0,107371000,0.06699883937151344,3.34752,3.34752,32074786,32074786,https://www.sec.gov/Archives/edgar/data/63296/000006329618000124/0000063296-18-000124-index.html,https://www.sec.gov/Archives/edgar/data/63296/000006329618000124/matw-93018x10k.htm,1620594775,17:12:55,20210509
3,2017-09-30,MATW,USD,2017-11-21 00:00:00,2017-11-21 14:47:39,FY,1515608000,952221000,563387000,0.3717234271658635,0.0,306610000.0,144174000.0,7587000.0,450784000.0,1403005000,26371000.0,67981000.0,180584000,0.1191495426257977,112603000,0.07429559622277,10055000.0,96287000,0.0635302795973629,22354000.0,74368000,0.049068096763807,2.313259,2.28,32148579,32617544,https://www.sec.gov/Archives/edgar/data/63296/000006329617000098/0000063296-17-000098-index.html,https://www.sec.gov/Archives/edgar/data/63296/000006329617000098/matw-93017x10k.htm,1620594775,17:12:55,20210509
4,2016-09-30,MATW,USD,2016-11-22 00:00:00,2016-11-22 15:52:55,FY,1480464000,924010000,556454000,0.3758645938030239,0.0,296715000.0,140924000.0,-1298000.0,437639000.0,1361649000,24344000.0,65480000.0,184295000,0.12448462103772871,118815000,0.08025524430178646,763000.0,95234000,0.06432712987279664,29073000.0,66749000,0.04508654043597143,2.076711,2.03,32141685,32881281,https://www.sec.gov/Archives/edgar/data/63296/000006329616000200/0000063296-16-000200-index.html,https://www.sec.gov/Archives/edgar/data/63296/000006329616000200/matw-93016x10k.htm,1620594775,17:12:55,20210509
5,2015-09-30,MATW,USD,2015-11-24 00:00:00,2015-11-24 16:47:10,FY,1426068000,896693000,529375000,0.3712130136851819,0.0,281053000.0,143299000.0,5064000.0,424352000.0,1321045000,20610000.0,62620000.0,167643000,0.11755610531896095,105023000,0.07364515577097305,5239000.0,89652000,0.06286656737266386,26364000.0,63449000,0.044492268250882844,1.93,1.91,32939000,33196000,https://www.sec.gov/Archives/edgar/data/63296/000006329615000097/0000063296-15-000097-index.html,https://www.sec.gov/Archives/edgar/data/63296/000006329615000097/form10k-2015.htm,1620594775,17:12:55,20210509
6,2014-09-30,MATW,USD,2014-11-26 00:00:00,2014-11-26 09:18:29,FY,1106597000,714101000,392496000,0.3546873884530683,0.0,191700000.0,117905000.0,-4530000.0,309605000.0,1023706000,12628000.0,42864000.0,125755000,0.11364119006286842,82891000,0.07490622150611288,-2467000.0,67796000,0.06126530254464814,23476000.0,43674000,0.03946694234667182,1.32829,1.32829,32879865,32879865,https://www.sec.gov/Archives/edgar/data/63296/000006329614000145/0000063296-14-000145-index.html,https://www.sec.gov/Archives/edgar/data/63296/000006329614000145/form10k-2014.htm,1620594775,17:12:55,20210509
7,2013-09-30,MATW,USD,2013-11-27 00:00:00,2013-11-27 14:09:05,FY,985357000,628839000,356518000,0.36181607275332694,0.0,154763000.0,105963000.0,-3715000.0,260726000.0,889565000,12925000.0,37865000.0,133657000,0.13564322372500526,95792000,0.09721552696129424,-1431000.0,81436000,0.08264618813282902,26664000.0,54888000,0.05570366882256888,2.014232,1.98,27250082,27721212,https://www.sec.gov/Archives/edgar/data/63296/000006329613000102/0000063296-13-000102-index.html,https://www.sec.gov/Archives/edgar/data/63296/000006329613000102/form10k-2013.htm,1620594775,17:12:55,20210509
8,2012-09-30,MATW,USD,2012-11-27 00:00:00,2012-11-27 11:14:04,FY,900317000,563747000,336570000,0.3738349936744502,0.0,139334000.0,103659000.0,-2071000.0,242993000.0,806740000,11476000.0,28821000.0,122398000,0.1359498932042825,93577000,0.10393783522914707,1820000.0,83921000,0.093212723962782,28717000.0,55843000,0.06202593086657255,2.021681,1.98,27622068,28203535,https://www.sec.gov/Archives/edgar/data/63296/000006329612000053/0000063296-12-000053-index.html,https://www.sec.gov/Archives/edgar/data/63296/000006329612000053/form10k-2012.htm,1620594775,17:12:55,20210509
9,2011-09-30,MATW,USD,2011-11-22 00:00:00,2011-11-22 14:14:05,FY,898821000,547161000,351660000,0.39124586541702966,0.0,133893000.0,99251000.0,0.0,233144000.0,780305000,8241000.0,27661000.0,146177000,0.16263193672599996,118516000,0.13185717734676872,298000.0,112016000,0.12462548160312231,38556000.0,72372000,0.08051881297833495,2.47,2.46,28775000,28812000,https://www.sec.gov/Archives/edgar/data/63296/000006329611000076/0000063296-11-000076-index.html,https://www.sec.gov/Archives/edgar/data/63296/000006329611000076/form10k-2011.htm,1620594775,17:12:55,20210509
10,2010-09-30,MATW,USD,2010-11-23 00:00:00,2010-11-23 11:43:45,FY,821829000,498442000,323387000,0.3934967006518388,0.0,115591000.0,91215000.0,0.0,206806000.0,705248000,7419000.0,27322000.0,143903000,0.17510090298590095,116581000,0.14185554415821297,1251000.0,110413000,0.13435033322017112,38639000.0,69057000,0.08402842927178282,2.31,2.31,29898352,29898352,https://www.sec.gov/Archives/edgar/data/63296/000006329610000079/0000063296-10-000079-index.html,https://www.sec.gov/Archives/edgar/data/63296/000006329610000079/form10k-2010.htm,1620594775,17:12:55,20210509
11,2009-09-30,MATW,USD,2009-11-24 00:00:00,2009-11-24 15:26:15,FY,780908000,486131000,294777000,0.3774798055596818,0.0,110190000.0,83576000.0,0.0,193766000.0,679897000,12053000.0,30292000.0,131303000,0.16814144559922553,101011000,0.12935070456443012,2036000.0,90994000,0.11652332925261362,30811000.0,57732000,0.07392932330056806,1.8968906593610595,1.8926192635018937,30435070,30503758,https://www.sec.gov/Archives/edgar/data/63296/000006329609000056/0000063296-09-000056-index.html,https://www.sec.gov/Archives/edgar/data/63296/000006329609000056/form10k-2009.htm,1620594775,17:12:55,20210509
12,2008-09-30,MATW,USD,2008-11-25 00:00:00,2008-11-25 10:07:27,FY,818623000,495659000,322964000,0.39452104326411547,0.0,190012000.0,0.0,0.0,190012000.0,685671000,0.0,24935000.0,157887000,0.19286900074881844,132952000,0.16240931417758847,2318000.0,121572000,0.14850792122869746,42088000.0,79484000,0.09709475546130514,2.57,2.55,30928000,31158000,https://www.sec.gov/Archives/edgar/data/63296/000006329608000081/0000063296-08-000081-index.html,https://www.sec.gov/Archives/edgar/data/63296/000006329608000081/form10k-2008.htm,1620594775,17:12:55,20210509
13,2007-09-30,MATW,USD,2007-11-27 00:00:00,2007-11-27 15:21:40,FY,749352000,468895000,280457000,0.3742660325187629,0.0,168633000.0,0.0,0.0,168633000.0,637528000,0.0,20528000.0,132352000,0.1766219346849011,111824000,0.14922759931247265,2744000.0,103716000,0.13840758415270793,38990000.0,64726000,0.08637596216464359,2.05,2.04,31573659,31728431,https://www.sec.gov/Archives/edgar/data/63296/000006329607000061/0000063296-07-000061-index.html,https://www.sec.gov/Archives/edgar/data/63296/000006329607000061/form10k-2007.htm,1620594775,17:12:55,20210509
14,2006-09-30,MATW,USD,2006-12-13,2006-12-13 17:15:43,FY,715891000,443958000,271933000,0.379852519447793,0.0,158049000.0,0.0,0.0,158049000.0,602007000,0.0,21463000.0,135347000,0.18906090452317462,113884000,0.1590800834205207,1490000.0,105408000,0.14724029216738302,38964000.0,66444000,0.0928130120367486,2.08,2.06,31944231,32254369,https://www.sec.gov/Archives/edgar/data/63296/000006329606000066/form10k-2006.htm,https://www.sec.gov/Archives/edgar/data/63296/000006329606000066/form10k-2006.htm,1620594775,17:12:55,20210509
15,2005-09-30,MATW,USD,2005-12-14,2005-12-14 16:22:54,FY,639822000,416747000,223075000,0.34865165624189226,0.0,121788000.0,0.0,0.0,121788000.0,538535000,0.0,19893000.0,121180000,0.18939642588094813,101287000,0.15830496606868785,3384000.0,95930000,0.14993232492787056,36106000.0,59824000,0.09350100496700645,1.86,1.84,32163441,32513043,https://www.sec.gov/Archives/edgar/data/63296/000006329605000071/form10k-2005.htm,https://www.sec.gov/Archives/edgar/data/63296/000006329605000071/form10k-2005.htm,1620594775,17:12:55,20210509
16,2004-09-30,MATW,USD,2004-09-30,2004-09-30,FY,508801000,315047000,193754000,0.38080506917242696,0.0,95960000.0,0.0,0.0,95960000.0,411007000,0.0,15628000.0,113422000,0.2229201593550327,97794000,0.19220481091821753,1555000.0,91833000,0.18048903205772002,35638000.0,56195000,0.11044593072733741,1.74,1.72,32295977,32671512,,,1620594775,17:12:55,20210509
17,2003-09-30,MATW,USD,2003-09-30,2003-09-30,FY,458865000,288563000,170302000,0.37113748052259377,0.0,89174000.0,0.0,0.0,89174000.0,377737000,0.0,14872000.0,96000000,0.20921185969729658,81128000,0.17680145576585707,-1186000.0,73354000,0.1598596537107864,28461000.0,44893000,0.0978348751811535,1.42,1.39,31614789,32297122,,,1620594775,17:12:55,20210509
18,2002-09-30,MATW,USD,2002-09-30,2002-09-30,FY,428086000,267722000,160364000,0.37460697149638156,0.0,92177000.0,0.0,0.0,92177000.0,359899000,0.0,13856000.0,82043000,0.1916507430749896,68187000,0.15928341501474003,1468000.0,62457000,0.14589825408913162,24225000.0,35006000,0.0817732885448251,1.14,1.1,30707018,31823636,,,1620594775,17:12:55,20210509
19,2001-09-30,MATW,USD,2001-12-20 00:00:00,2001-12-20 00:00:00,FY,283282000,163846000,119436000,0.4216152102851575,0.0,68256000.0,0.0,0.0,68256000.0,232102000,0.0,12932000.0,64112000,0.2263186506731808,51180000,0.18066802691311132,6440000.0,51458000,0.18164938118200238,19859000.0,31599000,0.11154609188017593,1.03,1.01,30678641,31286139,https://www.sec.gov/Archives/edgar/data/63296/000006329601500018/0000063296-01-500018-index.html,https://www.sec.gov/Archives/edgar/data/63296/000006329601500018/form10k-2001.txt,1620594775,17:12:55,20210509
20,2000-09-30,MATW,USD,2000-12-22 00:00:00,2000-12-22 00:00:00,FY,262364902,132268734,130096168,0.4958596481780936,0.0,70312756.0,0.0,0.0,82320116.0,214588850,0.0,12007360.0,59783412,0.22786360349373255,47776052,0.18209772586121295,1953321.0,45938350,0.17509335147275149,18015431.0,27922919,0.10642779879147098,0.9,0.88,31025466,31730590,https://www.sec.gov/Archives/edgar/data/63296/000006329600000011/0000063296-00-000011-index.html,https://www.sec.gov/Archives/edgar/data/63296/000006329600000011/0000063296-00-000011-0001.txt,1620594775,17:12:55,20210509
21,1999-09-30,MATW,USD,1999-12-20 00:00:00,1999-12-20 00:00:00,FY,239300000,125700000,113600000,0.4747179272879231,0.0,62100000.0,0.0,0.0,72700000.0,198400000,0.0,10600000.0,51500000,0.21521103217718346,40900000,0.17091516924362724,1200000.0,41300000,0.17258671124111993,16300000.0,25000000,0.10447137484329294,0.79,0.77,31645570,32467532,https://www.sec.gov/Archives/edgar/data/63296/000006329699000019/0000063296-99-000019-index.html,https://www.sec.gov/Archives/edgar/data/63296/0000063296-99-000019.txt,1620594775,17:12:55,20210509
22,1998-09-30,MATW,USD,1998-12-21 00:00:00,1998-12-21 00:00:00,FY,211600000,110500000,101100000,0.4777882797731569,0.0,57100000.0,0.0,0.0,65100000.0,175600000,0.0,8000000.0,44000000,0.20793950850661624,36000000,0.17013232514177692,2100000.0,37100000,0.17533081285444235,14600000.0,22500000,0.10633270321361059,0.69,0.67,32608696,33582090,https://www.sec.gov/Archives/edgar/data/63296/000006329698000018/0000063296-98-000018-index.html,https://www.sec.gov/Archives/edgar/data/63296/0000063296-98-000018.txt,1620594775,17:12:55,20210509
23,1997-09-30,MATW,USD,1997-12-19 00:00:00,1997-12-19 00:00:00,FY,189200000,99600000,89600000,0.47357293868921774,0.0,52600000.0,0.0,0.0,58600000.0,158200000,0.0,6000000.0,37000000,0.19556025369978858,31000000,0.1638477801268499,1700000.0,32300000,0.17071881606765327,12700000.0,19600000,0.10359408033826638,0.5699638805746539,0.5495945884673576,34388144,35662651,https://www.sec.gov/Archives/edgar/data/63296/000006329697000014/0000063296-97-000014-index.html,https://www.sec.gov/Archives/edgar/data/63296/0000063296-97-000014.txt,1620594775,17:12:55,20210509
24,1996-09-30,MATW,USD,1996-12-20 00:00:00,1996-12-20 00:00:00,FY,172000000,88000000,84000000,0.4883720930232558,0.0,49900000.0,0.0,0.0,57200000.0,145200000,0.0,7300000.0,34100000,0.19825581395348837,26800000,0.1558139534883721,6900000.0,33600000,0.19534883720930232,13300000.0,20300000,0.11802325581395348,0.57,0.57,35563648,35563648,https://www.sec.gov/Archives/edgar/data/63296/000006329696000026/0000063296-96-000026-index.html,https://www.sec.gov/Archives/edgar/data/63296/0000063296-96-000026.txt,1620594775,17:12:55,20210509
25,1995-09-30,MATW,USD,1995-12-22 00:00:00,1995-12-22 00:00:00,FY,166700000,87100000,79600000,0.47750449910017995,0.0,50300000.0,0.0,0.0,55200000.0,142300000,0.0,4900000.0,29300000,0.1757648470305939,24400000,0.14637072585482905,700000.0,25100000,0.15056988602279545,9600000.0,15500000,0.09298140371925614,0.4375,0.4375,35401400,35401400,https://www.sec.gov/Archives/edgar/data/63296/000006329695000049/0000063296-95-000049-index.html,https://www.sec.gov/Archives/edgar/data/63296/0000063296-95-000049.txt,1620594775,17:12:55,20210509
26,1994-09-30,MATW,USD,1994-09-30,1994-09-30,FY,158700000,82800000,75900000,0.4782608695652174,0.0,0.0,0.0,0.0,0.0,134800000,0.0,4300000.0,28200000,0.1776937618147448,23900000,0.15059861373660996,100000.0,23700000,0.14933837429111532,9700000.0,14000000,0.08821676118462508,0.39,0.39,35897436,35897436,,,1620594775,17:12:55,20210509
