,date,symbol,reportedCurrency,fillingDate,acceptedDate,period,revenue,costOfRevenue,grossProfit,grossProfitRatio,researchAndDevelopmentExpenses,generalAndAdministrativeExpenses,sellingAndMarketingExpenses,otherExpenses,operatingExpenses,costAndExpenses,interestExpense,depreciationAndAmortization,ebitda,ebitdaratio,operatingIncome,operatingIncomeRatio,totalOtherIncomeExpensesNet,incomeBeforeTax,incomeBeforeTaxRatio,incomeTaxExpense,netIncome,netIncomeRatio,eps,epsdiluted,weightedAverageShsOut,weightedAverageShsOutDil,link,finalLink,timestamp,est_time,est_date
0,2020-03-31,MYHI,USD,2020-07-02,2020-07-02 15:42:49,FY,0.0,0.0,0.0,0.0,0.0,215327.0,0.0,6020.0,265560.0,265560.0,25027.0,50233.0,-215327.0,0.0,-265560.0,0.0,-194949.0,-485536.0,0.0,0.0,-485536.0,0.0,-0.003378533201838927,-0.003378533201838927,143712070,143712070,https://www.sec.gov/Archives/edgar/data/1507181/000155479520000170/myhi0629form10k.htm,https://www.sec.gov/Archives/edgar/data/1507181/000155479520000170/myhi0629form10k.htm,1620595464,17:24:24,20210509
1,2019-03-31,MYHI,USD,2019-06-25 00:00:00,2019-06-25 14:54:03,FY,141120.0,0.0,141120.0,1.0,0.0,295961.0,0.0,7375.0,354772.0,354772.0,26454.0,58811.0,-154841.0,-1.0972293083900226,-213652.0,-1.5139739229024944,-5194759.0,-5434865.0,-38.51236536281179,0.0,-5434865.0,-38.51236536281179,-0.04,-0.04,143712070,143712070,https://www.sec.gov/Archives/edgar/data/1507181/000155479519000189/0001554795-19-000189-index.html,https://www.sec.gov/Archives/edgar/data/1507181/000155479519000189/myhi0618form10k.htm,1620595464,17:24:24,20210509
2,2018-03-31,MYHI,USD,2018-06-28 00:00:00,2018-06-28 16:09:28,FY,150000.0,0.0,150000.0,1.0,0.0,669002.0,0.0,-2111550.0,699002.0,699002.0,512071.0,30000.0,-519002.0,-3.4600133333333334,-549002.0,-3.660013333333333,-2226650.0,-3351723.0,-22.34482,0.0,-3351723.0,-22.34482,-0.04,-0.04,76569111,76569111,https://www.sec.gov/Archives/edgar/data/1507181/000155479518000169/0001554795-18-000169-index.html,https://www.sec.gov/Archives/edgar/data/1507181/000155479518000169/myhi0613form10k.htm,1620595464,17:24:24,20210509
3,2017-03-31,MYHI,USD,2017-06-06 00:00:00,2017-06-06 10:55:36,FY,16374.0,4135.0,12239.0,0.7474654940759741,0.0,589446.0,0.0,-40000.0,589446.0,593581.0,269731.0,0.0,-617207.0,-37.69433247831929,-577207.0,-35.25143520214975,-95161.0,-942099.0,-57.53627702455112,0.0,-942099.0,-57.53627702455112,-0.02,-0.02,50095492,50095492,https://www.sec.gov/Archives/edgar/data/1507181/000155479517000243/0001554795-17-000243-index.html,https://www.sec.gov/Archives/edgar/data/1507181/000155479517000243/myhi0602form10k.htm,1620595464,17:24:24,20210509
4,2016-03-31,MYHI,USD,2017-03-23,2017-03-23,FY,23057.0,2204.0,20853.0,0.9044108079975712,0.0,328841.0,0.0,0.0,328841.0,331045.0,173798.0,0.0,-307988.0,-13.357678796027237,-307988.0,-13.357678796027237,-2456689.0,-2938475.0,-127.44394327102398,0.0,-2938475.0,-127.44394327102398,-0.087928,-0.087928,33418934,33418934,https://www.sec.gov/Archives/edgar/data/1507181/000155479517000113/0001554795-17-000113-index.htm,https://www.sec.gov/Archives/edgar/data/1507181/000155479517000113/myhi0322form10ka.htm,1620595464,17:24:24,20210509
5,2015-03-31,MYHI,USD,2015-03-31,2015-03-31,FY,0.0,0.0,0.0,0.0,0.0,1474633.0,0.0,0.0,1474633.0,1474633.0,0.0,0.0,-624633.0,0.0,-1474633.0,0.0,-850000.0,-2324633.0,0.0,0.0,-2324633.0,0.0,-0.1,-0.1,23982315,23982315,,,1620595464,17:24:24,20210509
6,2014-03-31,MYHI,USD,2014-03-31,2014-03-31,FY,0.0,0.0,0.0,0.0,0.0,0.0,0.0,0.0,0.0,0.0,0.0,0.0,0.0,0.0,0.0,0.0,0.0,0.0,0.0,0.0,0.0,0.0,0.0,0.0,23982315,23982315,,,1620595464,17:24:24,20210509
7,2013-03-31,MYHI,USD,2013-06-24 00:00:00,2013-06-24 13:29:34,FY,0.0,0.0,0.0,0.0,0.0,39696.0,0.0,0.0,39696.0,39696.0,0.0,0.0,-39696.0,0.0,-39696.0,0.0,0.0,-39693.0,0.0,0.0,-39693.0,0.0,-0.000307,-0.000307,129288000,129288000,https://www.sec.gov/Archives/edgar/data/1507181/000102189013000028/0001021890-13-000028-index.html,https://www.sec.gov/Archives/edgar/data/1507181/000102189013000028/wai201310k.htm,1620595464,17:24:24,20210509
8,2012-03-31,MYHI,USD,2012-03-31,2012-03-31,FY,0.0,0.0,0.0,0.0,0.0,18397.0,0.0,0.0,18397.0,18397.0,0.0,0.0,-18397.0,0.0,-18397.0,0.0,0.0,0.0,0.0,0.0,-18381.0,0.0,-0.00014217096714312235,-0.00014217096714312235,129288000,129288000,,,1620595464,17:24:24,20210509
