,date,symbol,reportedCurrency,fillingDate,acceptedDate,period,revenue,costOfRevenue,grossProfit,grossProfitRatio,researchAndDevelopmentExpenses,generalAndAdministrativeExpenses,sellingAndMarketingExpenses,otherExpenses,operatingExpenses,costAndExpenses,interestExpense,depreciationAndAmortization,ebitda,ebitdaratio,operatingIncome,operatingIncomeRatio,totalOtherIncomeExpensesNet,incomeBeforeTax,incomeBeforeTaxRatio,incomeTaxExpense,netIncome,netIncomeRatio,eps,epsdiluted,weightedAverageShsOut,weightedAverageShsOutDil,link,finalLink,timestamp,est_time,est_date
0,2020-12-31,FREN.SW,CHF,2020-12-31,2020-12-31,FY,33584000.0,4605000.0,28979000.0,0.862881133873273,0.0,6452000.0,0.0,0.0,0.0,11048000.0,4280000.0,0.0,37555000.0,1.1182408289661743,22536000.0,0.671033825631253,0.0,33165000.0,0.9875238208670796,6473000.0,26692000.0,0.794783230109576,1.0657327357745023,1.0657327357745023,25045679,25045679,https://www.six-group.com/en/products-services/the-swiss-stock-exchange.html,https://www.six-group.com/en/products-services/the-swiss-stock-exchange.html,1620592241,16:30:41,20210509
1,2019-12-31,FREN.SW,CHF,2019-12-31,2019-12-31,FY,29512000.0,4143000.0,25369000.0,0.8596164272160477,0.0,6069000.0,0.0,0.0,6064000.0,10207000.0,4055000.0,0.0,30995000.0,1.050250745459474,19305000.0,0.654140688533478,0.0,26940000.0,0.9128490105719708,4432000.0,22508000.0,0.7626728110599078,0.9,0.9,25045679,25045679,https://www.six-group.com/en/products-services/the-swiss-stock-exchange.html,https://www.six-group.com/en/products-services/the-swiss-stock-exchange.html,1620592241,16:30:41,20210509
2,2018-12-31,FREN.SW,CHF,2018-12-31,2018-12-31,FY,25800806.0,3742993.0,22057813.0,0.8549272840546144,0.0,4958732.0,0.0,0.0,4927331.0,8670324.0,4172543.0,0.0,33042696.0,1.2806846421774576,17130482.0,0.6639514284941331,0.0,28870153.0,1.1189632215365675,5888296.0,22981857.0,0.8907418241120064,1.19,1.19,19340792,19340792,https://www.six-group.com/en/products-services/the-swiss-stock-exchange.html,https://www.six-group.com/en/products-services/the-swiss-stock-exchange.html,1620592241,16:30:41,20210509
3,2017-12-31,FREN.SW,CHF,2017-12-31,2017-12-31,FY,22263618.0,3393042.0,18870576.0,0.8475970078178668,0.0,3215753.0,0.0,0.0,4015526.0,7408568.0,4100658.0,0.0,20433005.0,0.9177755834653649,14855050.0,0.6672343192377806,0.0,16247644.0,0.7297845300795226,3451177.0,12796467.0,0.574770327086999,0.67622,0.67622,18923521,18923521,https://www.six-group.com/en/products-services/the-swiss-stock-exchange.html,https://www.six-group.com/en/products-services/the-swiss-stock-exchange.html,1620592241,16:30:41,20210509
4,2016-12-31,FREN.SW,CHF,2016-12-31,2016-12-31,FY,19369464.0,2892441.0,16477023.0,0.8506700546798817,0.0,2786876.0,0.0,0.0,3325036.0,6217477.0,3915728.0,0.0,21758231.0,1.1233264379437655,13151987.0,0.6790062440550756,0.0,17842503.0,0.9211665846819509,3630711.0,14211792.0,0.7337214906927729,1.251687,1.251687,18923521,18923521,https://www.six-group.com/en/products-services/the-swiss-stock-exchange.html,https://www.six-group.com/en/products-services/the-swiss-stock-exchange.html,1620592241,16:30:41,20210509
5,2015-12-31,FREN.SW,CHF,2015-12-31,2015-12-31,FY,17062057.0,2865068.0,14196989.0,0.8320795669595993,0.0,2412790.0,0.0,0.0,2851972.0,5717040.0,3842248.0,0.0,16500107.0,0.9670643463446407,11345017.0,0.6649266849829419,0.0,12657859.0,0.7418718036166448,2475007.0,10182852.0,0.5968126820816505,0.896843,0.896843,18923521,18923521,https://www.six-group.com/en/products-services/the-swiss-stock-exchange.html,https://www.six-group.com/en/products-services/the-swiss-stock-exchange.html,1620592241,16:30:41,20210509
6,2014-12-31,FREN.SW,CHF,2014-12-31,2014-12-31,FY,16302642.0,2691394.0,13611248.0,0.8349105623493419,0.0,2194245.0,0.0,0.0,2670913.0,5362307.0,3002034.0,0.0,11840269.0,0.7262791515632865,10940335.0,0.6710774241377563,0.0,8838235.0,0.5421351336795595,1730564.0,7107671.0,0.43598276892788296,0.626,0.626,18923521,18923521,https://www.six-group.com/en/products-services/the-swiss-stock-exchange.html,https://www.six-group.com/en/products-services/the-swiss-stock-exchange.html,1620592241,16:30:41,20210509
7,2013-12-31,FREN.SW,CHF,2013-12-31,2013-12-31,FY,13571231.0,2661028.0,10910203.0,0.8039213981399329,0.0,1844407.0,0.0,0.0,2199697.0,4860725.0,2622384.0,0.0,9761109.0,0.7192500812932887,8710506.0,0.6418361016771433,0.0,7138725.0,0.5260189735183197,1378259.0,5760466.0,0.42446156874052177,0.634183,0.634183,18923521,18923521,https://www.six-group.com/en/products-services/the-swiss-stock-exchange.html,https://www.six-group.com/en/products-services/the-swiss-stock-exchange.html,1620592241,16:30:41,20210509
8,2012-12-31,FREN.SW,CHF,2012-12-31,2012-12-31,FY,9573904.0,1563075.0,8010829.0,0.8367358812037389,0.0,1374916.0,0.0,0.0,1408003.0,2971078.0,1776375.0,0.0,6829271.0,0.7133214412845585,6602826.0,0.689669125573016,0.0,5052896.0,0.5277780098902183,908198.0,4144699.0,0.43291628994817577,0.219024,0.219024,18923521,18923521,https://www.six-group.com/en/products-services/the-swiss-stock-exchange.html,https://www.six-group.com/en/products-services/the-swiss-stock-exchange.html,1620592241,16:30:41,20210509
