,date,symbol,reportedCurrency,fillingDate,acceptedDate,period,revenue,costOfRevenue,grossProfit,grossProfitRatio,researchAndDevelopmentExpenses,generalAndAdministrativeExpenses,sellingAndMarketingExpenses,otherExpenses,operatingExpenses,costAndExpenses,interestExpense,depreciationAndAmortization,ebitda,ebitdaratio,operatingIncome,operatingIncomeRatio,totalOtherIncomeExpensesNet,incomeBeforeTax,incomeBeforeTaxRatio,incomeTaxExpense,netIncome,netIncomeRatio,eps,epsdiluted,weightedAverageShsOut,weightedAverageShsOutDil,link,finalLink,timestamp,est_time,est_date
0,2020-12-31,NC,USD,2021-03-03,2021-03-03 17:01:37,FY,128432000,111463000,16969000,0.1321243926747228,0.0,53062000.0,0.0,1140000.0,57275000.0,168738000,1354000.0,2572000.0,-37734000.0,-0.29380528217266727,-40306000.0,-0.3138314438769154,54718000.0,14258000,0.11101594618163697,-535000.0,14793000.0,0.11518157468543665,2.121164324634356,2.121164324634356,6974000.0,6974000.0,https://www.sec.gov/Archives/edgar/data/789933/000078993321000011/0000789933-21-000011-index.htm,https://www.sec.gov/Archives/edgar/data/789933/000078993321000011/nacco-20201231.htm,1620595552,17:25:52,20210509
1,2019-12-31,NC,USD,2020-03-04,2020-03-04 17:03:12,FY,140990000,109862000,31128000,0.22078161571742677,0.0,53783000.0,0.0,527000.0,57934000.0,167796000,872000.0,2614000.0,-24192000.0,-0.1715866373501667,-26806000.0,-0.19012695935881976,67461000.0,43399000,0.3078161571742677,3767000.0,39632000.0,0.28109795020923467,5.68,5.66,6974000.0,7007000.0,https://www.sec.gov/Archives/edgar/data/789933/000078993320000017/0000789933-20-000017-index.htm,https://www.sec.gov/Archives/edgar/data/789933/000078993320000017/nc201910k.htm,1620595552,17:25:52,20210509
2,2018-12-31,NC,USD,2019-03-06,2019-03-06 17:03:20,FY,135375000,105407000,29968000,0.2213702677746999,0.0,49192000.0,0.0,558000.0,53527000.0,158934000,1998000.0,3038000.0,-20521000.0,-0.15158633425669438,-23559000.0,-0.17402770083102492,67720000.0,42163000,0.3114533702677747,7378000.0,34785000.0,0.2569529085872576,5.02,5.0,6924000.0,6960000.0,https://www.sec.gov/Archives/edgar/data/789933/000078993319000013/0000789933-19-000013-index.htm,https://www.sec.gov/Archives/edgar/data/789933/000078993319000013/nc201810k.htm,1620595552,17:25:52,20210509
3,2017-12-31,NC,USD,2018-03-07,2018-03-07 17:07:22,FY,104778000,87859000,16919000,0.16147473706312393,0.0,47491000.0,0.0,72000.0,51204000.0,139063000,3440000.0,2123000.0,-32162000.0,-0.3069537498329802,-34285000.0,-0.3272156368703354,66827000.0,29102000,0.2777491458130524,639000.0,30337000.0,0.28953597129168335,4.44,4.41,6830000.0,6873000.0,https://www.sec.gov/Archives/edgar/data/789933/000078993318000019/0000789933-18-000019-index.htm,https://www.sec.gov/Archives/edgar/data/789933/000078993318000019/nc201710k.htm,1620595552,17:25:52,20210509
4,2016-12-31,NC,USD,2017-03-01,2017-03-01 17:13:51,FY,856438000,650585000,205853000,0.24035948895308243,0.0,197903000.0,0.0,-2988000.0,201573000.0,852158000,5692000.0,3884000.0,8164000.0,0.009532505563741918,4280000.0,0.004997442897209138,35882000.0,34470000,0.04024809735205584,4863000.0,29607000.0,0.03456992800412873,4.34,4.32,6818000.0,6854000.0,https://www.sec.gov/Archives/edgar/data/789933/000078993317000007/0000789933-17-000007-index.htm,https://www.sec.gov/Archives/edgar/data/789933/000078993317000007/nc201610k.htm,1620595552,17:25:52,20210509
5,2015-12-31,NC,USD,2016-03-02,2016-03-02 17:11:09,FY,915860000,736364000,179496000,0.19598628611359814,0.0,193925000.0,0.0,-1225000.0,198831000.0,935195000,6924000.0,3987000.0,-15348000.0,-0.016758019784683248,-19335000.0,-0.021111305221322037,51058000.0,24799000,0.027077282554102154,2815000.0,21984000.0,0.024003668682986482,3.14,3.13,7001000.0,7022000.0,https://www.sec.gov/Archives/edgar/data/789933/000078993316000069/0000789933-16-000069-index.htm,https://www.sec.gov/Archives/edgar/data/789933/000078993316000069/nc201510k.htm,1620595552,17:25:52,20210509
6,2014-12-31,NC,USD,2015-03-09,2015-03-09 17:09:37,FY,896782000,711710000,185072000,0.20637345531020918,0.0,198697000.0,0.0,-277000.0,204579000.0,916289000,7566000.0,3300000.0,-16207000.0,-0.01807239663597173,-19507000.0,-0.02175222071807864,-49500000.0,-76573000,-0.08538641498156743,-38455000.0,-38118000.0,-0.04250531344295492,-5.02,-5.02,7590000.0,7590000.0,https://www.sec.gov/Archives/edgar/data/789933/000078993315000015/0000789933-15-000015-index.htm,https://www.sec.gov/Archives/edgar/data/789933/000078993315000015/nc201410k.htm,1620595552,17:25:52,20210509
7,2013-12-31,NC,USD,2014-03-04,2014-03-04 17:09:23,FY,932666000,711375000,221291000,0.23726714600939672,0.0,199331000.0,0.0,-456000.0,204816000.0,916191000,4775000.0,3668000.0,20143000.0,0.021597227732114175,16475000.0,0.017664415771562383,44020000.0,55720000,0.059742716041970005,11270000.0,44450000.0,0.04765907623951125,5.48,5.47,8105000.0,8124000.0,https://www.sec.gov/Archives/edgar/data/789933/000078993314000020/0000789933-14-000020-index.htm,https://www.sec.gov/Archives/edgar/data/789933/000078993314000020/nc201310k.htm,1620595552,17:25:52,20210509
8,2012-12-31,NC,USD,2013-03-06,2013-03-06 17:12:44,FY,873400000,647500000,225900000,0.2586443782917335,0.0,210400000.0,0.0,-400000.0,215000000.0,862500000,6100000.0,19100000.0,30000000.0,0.03434852301351042,10900000.0,0.012479963361575452,53200000.0,58000000,0.06640714449278681,15800000.0,108700000.0,0.12445614838561941,12.97,12.92,8384000.0,8414000.0,https://www.sec.gov/Archives/edgar/data/789933/000078993313000013/0000789933-13-000013-index.htm,https://www.sec.gov/Archives/edgar/data/789933/000078993313000013/nc201210k.htm,1620595552,17:25:52,20210509
9,2011-12-31,NC,USD,2012-02-29,2012-02-29 17:04:12,FY,3331200000,2738100000,593100000,0.17804394812680116,0.0,465300000.0,0.0,0.0,419000000.0,3157100000,24500000.0,0.0,221800000.0,0.06658261287223824,174100000.0,0.05226344860710855,64200000.0,213800000,0.06418107588856868,51700000.0,162100000.0,0.048661143131604224,19.34,19.28,8383000.0,8408000.0,https://www.sec.gov/Archives/edgar/data/789933/000078993312000026/0000789933-12-000026-index.htm,https://www.sec.gov/Archives/edgar/data/789933/000078993312000026/nc201110k.htm,1620595552,17:25:52,20210509
10,2010-12-31,NC,USD,2011-03-02,2011-03-02 17:10:03,FY,2687500000,2161300000,526200000,0.1957953488372093,0.0,425300000.0,0.0,0.0,431200000.0,2592500000,27400000.0,0.0,193200000.0,0.07188837209302326,95000000.0,0.035348837209302326,-16800000.0,96800000,0.03601860465116279,17400000.0,79500000.0,0.02958139534883721,9.55,9.53,8328000.0,8344000.0,https://www.sec.gov/Archives/edgar/data/789933/000078993311000019/0000789933-11-000019-index.htm,https://www.sec.gov/Archives/edgar/data/789933/000078993311000019/nc201010k.htm,1620595552,17:25:52,20210509
11,2009-12-31,NC,USD,2010-03-02,2010-03-02 17:16:18,FY,2310600000,1902500000,408100000,0.17662079113650134,0.0,388300000.0,0.0,0.0,378300000.0,2280800000,32200000.0,0.0,125200000.0,0.05418506015753484,29800000.0,0.012897083008742318,-10500000.0,28900000,0.012507573790357484,20500000.0,31100000.0,0.013459707435298191,3.7515078407720144,3.748794599807136,8290000.0,8296000.0,https://www.sec.gov/Archives/edgar/data/789933/000095012310020094/0000950123-10-020094-index.htm,https://www.sec.gov/Archives/edgar/data/789933/000095012310020094/l38668e10vk.htm,1620595552,17:25:52,20210509
12,2008-12-31,NC,USD,2009-03-13,2009-03-13 06:23:27,FY,3680300000,3187000000,493300000,0.13403798603374725,0.0,475500000.0,0.0,0.0,435000000.0,3622000000,40600000.0,60500000.0,118800000.0,0.032279977175773716,58300000.0,0.015841099910333396,-839300000.0,-418800000,-0.11379507105399016,18600000.0,-437600000.0,-0.1189033502703584,-52.84,-52.84,8281000.0,8281000.0,https://www.sec.gov/Archives/edgar/data/789933/000095015209002559/0000950152-09-002559-index.htm,https://www.sec.gov/Archives/edgar/data/789933/000095015209002559/l35051ae10vk.htm,1620595552,17:25:52,20210509
13,2007-12-31,NC,USD,2008-02-26,2008-02-26 06:08:14,FY,3602700000,3003400000,599300000,0.16634746162600272,0.0,492300000.0,0.0,0.0,453300000.0,3456700000,40700000.0,62800000.0,208800000.0,0.05795653260054959,146000000.0,0.040525161684292335,34000000.0,112300000,0.031171066144835818,23100000.0,89300000.0,0.024786965331556887,10.81,10.8,8263000.0,8272000.0,https://www.sec.gov/Archives/edgar/data/789933/000095015208001379/0000950152-08-001379-index.htm,https://www.sec.gov/Archives/edgar/data/789933/000095015208001379/l29689ae10vk.htm,1620595552,17:25:52,20210509
14,2006-12-31,NC,USD,2007-02-28,2007-02-28 17:12:52,FY,3349000000,2786800000,562200000,0.1678710062705285,0.0,450400000.0,0.0,0.0,365300000.0,3152100000,41800000.0,64900000.0,261800000.0,0.07817258883248732,196900000.0,0.05879366975216482,32200000.0,120500000,0.03598088981785608,27800000.0,106200000.0,0.031710958495073154,12.9,12.89,8232558.0,8238945.0,https://www.sec.gov/Archives/edgar/data/789933/000095015207001632/0000950152-07-001632-index.htm,https://www.sec.gov/Archives/edgar/data/789933/000095015207001632/l24271ae10vk.htm,1620595552,17:25:52,20210509
15,2005-12-31,NC,USD,2006-03-01,2006-02-28 17:34:23,FY,3157400000,2644200000,513200000,0.16253879774498003,0.0,436300000.0,0.0,0.0,402500000.0,3046700000,47500000.0,67000000.0,177700000.0,0.056280483942484326,110700000.0,0.03506049281054032,41400000.0,70800000,0.022423513017039338,13100000.0,62500000.0,0.019794767846962692,7.6,7.6,8223684.0,8223684.0,https://www.sec.gov/Archives/edgar/data/789933/000095015206001530/0000950152-06-001530-index.htm,https://www.sec.gov/Archives/edgar/data/789933/000095015206001530/l17959ae10vk.htm,1620595552,17:25:52,20210509
16,2004-12-31,NC,USD,2005-03-15,2005-03-15 17:16:00,FY,2782600000,2304900000,477700000,0.17167397398116868,0.0,413600000.0,0.0,0.0,382100000.0,2687000000,47400000.0,67600000.0,163200000.0,0.058650183281822754,95600000.0,0.03435635736361676,35600000.0,52300000,0.01879537123553511,5300000.0,47900000.0,0.01721411629411342,5.83,5.83,8216123.0,8216123.0,https://www.sec.gov/Archives/edgar/data/789933/000095015205002157/0000950152-05-002157-index.htm,https://www.sec.gov/Archives/edgar/data/789933/000095015205002157/l12290ae10vk.htm,1620595552,17:25:52,20210509
17,2003-12-31,NC,USD,2003-12-31,2003-12-31,FY,2472600000,2005900000,466700000,0.18874868559411145,0.0,381200000.0,0.0,0.0,350700000.0,2356600000,51000000.0,68400000.0,184400000.0,0.07457736795276228,116000000.0,0.04691417940629297,30500000.0,65000000,0.026288117770767613,15800000.0,52800000.0,0.021354040281485076,6.44,6.44,8198758.0,8198758.0,,,1620595552,17:25:52,20210509
18,2002-12-31,NC,USD,2002-12-31,2002-12-31,FY,2548100000,2047800000,500300000,0.19634237274832228,0.0,355000000.0,0.0,0.0,355000000.0,2402800000,69300000.0,92700000.0,238000000.0,0.09340292767159844,145300000.0,0.05702287979278678,-17500000.0,59700000,0.023429221773085828,11300000.0,42400000.0,0.01663984929947804,5.17,5.17,8201161.0,8201161.0,,,1620595552,17:25:52,20210509
19,2001-12-31,NC,USD,2001-12-31,2001-12-31,FY,2637900000,2203400000,434500000,0.1647143561166079,0.0,381000000.0,0.0,0.0,403600000.0,2607000000,56900000.0,15900000.0,46800000.0,0.017741385192766974,30900000.0,0.011713863300352553,-29800000.0,-44600000,-0.01690738845293605,-9900000.0,-36000000.0,-0.013647219379051518,-4.4,-4.4,8181818.0,8181818.0,,,1620595552,17:25:52,20210509
20,2000-12-31,NC,USD,2001-03-30 00:00:00,2001-03-30 00:00:00,FY,2871300000,2355100000,516200000,0.17977919409326787,0.0,367000000.0,0.0,0.0,377100000.0,2732200000,47100000.0,15700000.0,154800000.0,0.053912861769929994,139100000.0,0.048444955246752346,-32000000.0,60100000,0.020931285480444397,22300000.0,67700000.0,0.02357817016682339,8.29,8.29,8166466.0,8166466.0,https://www.sec.gov/Archives/edgar/data/789933/000095015201001970/0000950152-01-001970-index.html,https://www.sec.gov/Archives/edgar/data/789933/000095015201001970/l87125be10-k.txt,1620595552,17:25:52,20210509
21,1999-12-31,NC,USD,1999-12-31,1999-12-31,FY,2602800000,2029300000,573500000,0.22033963424004918,0.0,337000000.0,0.0,0.0,441000000.0,2470300000,0.0,104000000.0,236500000.0,0.09086368526202551,132500000.0,0.05090671584447518,-3800000.0,86000000,0.03304134009528201,31700000.0,53100000.0,0.020401106500691563,6.52,6.51,8144172.0,8156682.0,,,1620595552,17:25:52,20210509
22,1998-12-31,NC,USD,1998-12-31,1998-12-31,FY,2536200000,1946400000,589800000,0.23255263780458954,0.0,301100000.0,0.0,0.0,390100000.0,2336500000,34600000.0,89000000.0,288700000.0,0.11383171674158189,199700000.0,0.07873984701521962,-700000.0,163000000,0.06426937938648372,60700000.0,102300000.0,0.04033593565176248,12.56,12.53,8144904.0,8164405.0,,,1620595552,17:25:52,20210509
23,1997-12-31,NC,USD,1997-12-31,1997-12-31,FY,2246900000,1753100000,493800000,0.2197694601450888,0.0,265200000.0,0.0,0.0,353800000.0,2106900000,0.0,88600000.0,228600000.0,0.10174017535270817,140000000.0,0.062308068894921895,-22300000.0,88200000,0.039254083403800794,26400000.0,61800000.0,0.02750456184075838,7.56,7.55,8174603.0,8185430.0,,,1620595552,17:25:52,20210509
24,1996-12-31,NC,USD,1996-12-31,1996-12-31,FY,2273200000,1774300000,498900000,0.21947035016716523,0.0,282400000.0,0.0,0.0,367700000.0,2142000000,45900000.0,85300000.0,216500000.0,0.09524019004047159,131200000.0,0.05771599507302481,1000000.0,84900000,0.037348231567833894,34300000.0,50600000.0,0.022259370051029386,5.670000163600795,5.646666642115942,8924162.0,8961039.0,,,1620595552,17:25:52,20210509
25,1995-12-31,NC,USD,1996-03-29 00:00:00,1996-03-29 00:00:00,FY,2190400000,1713300000,477100000,0.21781409788166545,0.0,260900000.0,0.0,0.0,340200000.0,2053500000,51900000.0,79300000.0,216200000.0,0.09870343316289262,136900000.0,0.0625,18400000.0,100200000,0.045745069393718044,34700000.0,94400000.0,0.04309715120525932,10.539999689605942,10.538835945379358,8956357.0,8957346.0,https://www.sec.gov/Archives/edgar/data/789933/000095015296001243/0000950152-96-001243-index.html,https://www.sec.gov/Archives/edgar/data/789933/0000950152-96-001243.txt,1620595552,17:25:52,20210509
26,1994-12-31,NC,USD,1995-03-31 00:00:00,1995-03-31 00:00:00,FY,1853500000,1420900000,432600000,0.23339627731319126,0.0,228600000.0,0.0,0.0,308800000.0,1729700000,60400000.0,80200000.0,204000000.0,0.11006204478014567,123800000.0,0.06679255462638252,15200000.0,76000000,0.0410035068788778,30700000.0,42100000.0,0.022713784731588887,4.699999899524943,4.699040413533415,8957447.0,8959276.0,https://www.sec.gov/Archives/edgar/data/789933/000095015295000516/0000950152-95-000516-index.html,https://www.sec.gov/Archives/edgar/data/789933/0000950152-95-000516.txt,1620595552,17:25:52,20210509
27,1993-12-31,NC,USD,1993-12-31,1993-12-31,FY,1549400000,1179800000,369600000,0.23854395249774107,0.0,0.0,0.0,0.0,0.0,1456000000,65900000.0,78100000.0,171500000.0,0.11068800826126242,93400000.0,0.060281399251323094,-2800000.0,25100000,0.01619981928488447,13500000.0,8300000.0,0.005356912353168969,0.93,0.93,8924731.0,8924731.0,,,1620595552,17:25:52,20210509
28,1992-12-31,NC,USD,1992-12-31,1992-12-31,FY,1467000000,1097400000,369600000,0.2519427402862986,0.0,0.0,0.0,0.0,0.0,1363200000,61800000.0,67900000.0,171700000.0,0.11704158145875937,103800000.0,0.07075664621676891,1500000.0,43500000,0.02965235173824131,19400000.0,-85900000.0,-0.0585548738922972,-9.66,-9.66,8892340.0,8892340.0,,,1620595552,17:25:52,20210509
29,1991-12-31,NC,USD,1991-12-31,1991-12-31,FY,1359300000,1001900000,357400000,0.2629294489810932,0.0,0.0,0.0,0.0,0.0,1256500000,72300000.0,66500000.0,169300000.0,0.1245494004266902,102800000.0,0.07562716103876996,-600000.0,30000000,0.022070183182520416,9500000.0,20500000.0,0.01508129184138895,2.31,2.31,8874459.0,8874459.0,,,1620595552,17:25:52,20210509
30,1990-12-31,NC,USD,1990-12-31,1990-12-31,FY,1374100000,971400000,402700000,0.29306455134269704,0.0,0.0,0.0,0.0,0.0,1257600000,79000000.0,64300000.0,180800000.0,0.1315770322392839,116500000.0,0.0847827669019722,12500000.0,50000000,0.036387453605996656,19100000.0,30900000.0,0.022487446328505932,3.49,3.49,8853868.0,8853868.0,,,1620595552,17:25:52,20210509
31,1989-12-31,NC,USD,1989-12-31,1989-12-31,FY,1176700000,810600000,366100000,0.31112433075550266,0.0,0.0,0.0,0.0,0.0,1045000000,69000000.0,52300000.0,184000000.0,0.15636950794595053,131700000.0,0.11192317498087873,29600000.0,92200000,0.07835472082943826,38300000.0,53900000.0,0.04580606781677573,6.08,6.08,8865132.0,8865132.0,,,1620595552,17:25:52,20210509
32,1988-12-31,NC,USD,1988-12-31,1988-12-31,FY,602400000,434700000,167700000,0.2783864541832669,0.0,0.0,0.0,0.0,0.0,555800000,21900000.0,32200000.0,78800000.0,0.13081009296148738,46600000.0,0.07735723771580345,35600000.0,60300000,0.10009960159362549,15300000.0,45000000.0,0.07470119521912351,5.08,5.08,8858268.0,8858268.0,,,1620595552,17:25:52,20210509
33,1987-12-31,NC,USD,1987-12-31,1987-12-31,FY,458600000,340200000,118400000,0.25817706061927603,0.0,0.0,0.0,0.0,0.0,420200000,0.0,32100000.0,70500000.0,0.1537287396423899,38400000.0,0.08373310074138683,35900000.0,47500000,0.10357610117749673,13500000.0,34000000.0,0.07413868294810293,3.75,3.75,9066667.0,9066667.0,,,1620595552,17:25:52,20210509
34,1986-12-31,NC,USD,1986-12-31,1986-12-31,FY,584000000,429900000,154100000,0.26386986301369864,0.0,0.0,0.0,0.0,0.0,513000000,54000000.0,38300000.0,109300000.0,0.18715753424657533,71000000.0,0.12157534246575342,37100000.0,53400000,0.09143835616438356,20100000.0,33300000.0,0.05702054794520548,3.48,3.48,9568966.0,9568966.0,,,1620595552,17:25:52,20210509
35,1985-12-31,NC,USD,1985-12-31,1985-12-31,FY,542000000,389000000,153000000,0.2822878228782288,0.0,0.0,0.0,0.0,0.0,469500000,54300000.0,38400000.0,110900000.0,0.20461254612546126,72500000.0,0.13376383763837638,24900000.0,41900000,0.07730627306273062,10500000.0,31400000.0,0.05793357933579336,3.31,3.31,9486405.0,9486405.0,,,1620595552,17:25:52,20210509
