,date,symbol,reportedCurrency,fillingDate,acceptedDate,period,revenue,costOfRevenue,grossProfit,grossProfitRatio,researchAndDevelopmentExpenses,generalAndAdministrativeExpenses,sellingAndMarketingExpenses,otherExpenses,operatingExpenses,costAndExpenses,interestExpense,depreciationAndAmortization,ebitda,ebitdaratio,operatingIncome,operatingIncomeRatio,totalOtherIncomeExpensesNet,incomeBeforeTax,incomeBeforeTaxRatio,incomeTaxExpense,netIncome,netIncomeRatio,eps,epsdiluted,weightedAverageShsOut,weightedAverageShsOutDil,link,finalLink,timestamp,est_time,est_date
0,2021-01-30,ULTA,USD,2021-03-26,2021-03-26 13:07:31,FY,6151953000,4202794000.0,1949159000.0,0.31683580807590694,0.0,1583017000.0,0.0,0.0,1583017000.0,5785811000.0,-5735000.0,297772000.0,534592000,0.08689793306288263,236820000,0.03849509253402944,0.0,231085000.0,0.0375628682468803,55250000.0,175835000.0,0.02858198038899192,3.1216823193140057,3.1216823193140057,56327000.0,56546000.0,https://www.sec.gov/Archives/edgar/data/1403568/000155837021003523/0001558370-21-003523-index.htm,https://www.sec.gov/Archives/edgar/data/1403568/000155837021003523/ulta-20210130x10k.htm,1620599266,18:27:46,20210509
1,2020-02-01,ULTA,USD,2020-03-27 00:00:00,2020-03-27 16:43:34,FY,7398068000,4717004000.0,2681064000.0,0.36240056187642505,0.0,1779970000.0,0.0,0.0,1779970000.0000002,6496974000.0,5056000.0,295599000.0,1196693000,0.1617575020937899,901094000,0.12180125946395734,0.0,906150000.0,0.12248468113566947,200205000.0,705945000.0,0.09542288608323146,12.14947,12.14947,58105000.0,58105000.0,https://www.sec.gov/Archives/edgar/data/1403568/000155837020003272/0001558370-20-003272-index.html,https://www.sec.gov/Archives/edgar/data/1403568/000155837020003272/ulta-20200201x10k11b4b7.htm,1620599266,18:27:46,20210509
2,2019-02-02,ULTA,USD,2019-04-02 00:00:00,2019-04-02 13:31:13,FY,6716615000,4307304000.0,2409311000.0,0.358709111658179,0.0,1555231000.0,0.0,0.0,1555230999.9999998,5862535000.0,5061000.0,279472000.0,1133552000,0.16876834536444324,854080000,0.12715929080347765,0.0,859141000.0,0.12791279535897174,200582000.0,658559000.0,0.09804924057728484,10.94297,10.94297,60181000.0,60181000.0,https://www.sec.gov/Archives/edgar/data/1403568/000155837019002739/0001558370-19-002739-index.html,https://www.sec.gov/Archives/edgar/data/1403568/000155837019002739/ulta-20190202x10k.htm,1620599266,18:27:46,20210509
3,2018-02-03,ULTA,USD,2018-04-03 00:00:00,2018-04-03 14:32:45,FY,5884506000,3787697000.0,2096809000.0,0.35632710715224014,0.0,1311518000.0,0.0,0.0,1311518000.0,5099215000.0,1568000.0,252713000.0,1038004000,0.17639611549380696,785291000,0.13345062440245622,0.0,786859000.0,0.13371708687186315,231625000.0,555234000.0,0.09435524409355688,8.959,8.959,61975000.0,61975000.0,https://www.sec.gov/Archives/edgar/data/1403568/000155837018002733/0001558370-18-002733-index.html,https://www.sec.gov/Archives/edgar/data/1403568/000155837018002733/ulta-20180203x10k.htm,1620599266,18:27:46,20210509
4,2017-01-28,ULTA,USD,2017-03-28 00:00:00,2017-03-28 12:35:05,FY,4854737000,3107508000.0,1747229000.0,0.3599018855192362,0.0,1092405000.0,0.0,0.0,1092404999.9999998,4199912999.9999995,890000.0,210295000.0,865119000,0.17820100244359272,654824000,0.1348835168619845,0.0,655714000.0,0.13506684296183294,245954000.0,409760000.0,0.08440416030775715,6.51955,6.51955,62851000.0,62851000.0,https://www.sec.gov/Archives/edgar/data/1403568/000119312517099261/0001193125-17-099261-index.html,https://www.sec.gov/Archives/edgar/data/1403568/000119312517099261/d329810d10k.htm,1620599266,18:27:46,20210509
5,2016-01-30,ULTA,USD,2016-03-30 00:00:00,2016-03-30 12:19:07,FY,3924116000,2539783000.0,1384333000.0,0.3527757589225191,0.0,878036000.0,0.0,0.0,878036000.0000001,3417819000.0,1143000.0,165049000.0,671346000,0.17108209849046258,506297000,0.12902192493799877,0.0,507440000.0,0.1293132007310691,187432000.0,320008000.0,0.08154906735682635,4.97873,4.97873,64275000.0,64275000.0,https://www.sec.gov/Archives/edgar/data/1403568/000119312516523101/0001193125-16-523101-index.html,https://www.sec.gov/Archives/edgar/data/1403568/000119312516523101/d101485d10k.htm,1620599266,18:27:46,20210509
6,2015-01-31,ULTA,USD,2015-04-01 00:00:00,2015-04-01 12:30:24,FY,3241369000,2104582000.0,1136787000.0,0.35071199854135704,0.0,712006000.0,0.0,0.0,726372000.0,2830954000.0,0.0,131764000.0,542179000,0.16726852141795642,410415000,0.12661779636937356,0.0,411309000.0,0.12689360575732045,154174000.0,257135000.0,0.07932913531288786,4.0,3.98,64335000.0,64651000.0,https://www.sec.gov/Archives/edgar/data/1403568/000119312515115602/0001193125-15-115602-index.html,https://www.sec.gov/Archives/edgar/data/1403568/000119312515115602/d842591d10k.htm,1620599266,18:27:46,20210509
7,2014-02-01,ULTA,USD,2014-04-02 00:00:00,2014-04-02 14:20:56,FY,2670600000,1729300000.0,941200000.0,0.35243016550587886,0.0,613700000.0,0.0,0.0,613700000.0,2343000000.0,100000.0,106300000.0,433900000,0.16247285254249982,327600000,0.12266906313188047,0.0,327700000.0,0.12270650790084625,124857000.0,202800000.0,0.07593799146259268,3.14419,3.14419,64500000.0,64500000.0,https://www.sec.gov/Archives/edgar/data/1403568/000119312514127781/0001193125-14-127781-index.html,https://www.sec.gov/Archives/edgar/data/1403568/000119312514127781/d661459d10k.htm,1620599266,18:27:46,20210509
8,2013-02-02,ULTA,USD,2013-04-03 00:00:00,2013-04-03 14:12:08,FY,2220300000,1436600000.0,783700000.0,0.3529703193262172,0.0,503700000.0,0.0,0.0,503700000.00000006,1940300000.0,185000.0,88200000.0,368200000,0.16583344593073007,280000000,0.12610908435796964,0.0,279800000.0,0.1260190064405711,107244000.0,172500000.0,0.07769220375624916,2.67857,2.67857,64400000.0,64400000.0,https://www.sec.gov/Archives/edgar/data/1403568/000119312513140116/0001193125-13-140116-index.html,https://www.sec.gov/Archives/edgar/data/1403568/000119312513140116/d466694d10k.htm,1620599266,18:27:46,20210509
9,2012-01-28,ULTA,USD,2012-03-28 00:00:00,2012-03-28 12:14:23,FY,1776200000,1159300000.0,616800000.0,0.34725819164508503,0.0,420600000.0,0.0,0.0,420700000.00000006,1580000000.0,587000.0,75900000.0,272100000,0.15319220808467515,196200000,0.11046053372367977,0.0,195600000.0,0.11012273392635964,75344000.0,120300000.0,0.06772885936268438,1.90047,1.90047,63300000.0,63300000.0,https://www.sec.gov/Archives/edgar/data/1403568/000119312512136579/0001193125-12-136579-index.html,https://www.sec.gov/Archives/edgar/data/1403568/000119312512136579/d265737d10k.htm,1620599266,18:27:46,20210509
10,2011-01-29,ULTA,USD,2011-03-30,2011-03-30 17:08:20,FY,1454800000,970800000.0,484100000.0,0.33276051690954084,0.0,365200000.0,0.0,0.0,365200000.00000006,1336000000.0,-755000.0,64900000.0,183800000,0.12634039043167447,118900000,0.08172944734671432,0.0,118100000.0,0.08117954357987352,47099000.0,71000000.0,0.04880395930712125,1.15824,1.15824,61300000.0,61300000.0,https://www.sec.gov/Archives/edgar/data/1403568/000095012311030900/c63694e10vk.htm,https://www.sec.gov/Archives/edgar/data/1403568/000095012311030900/c63694e10vk.htm,1620599266,18:27:46,20210509
11,2010-01-30,ULTA,USD,2010-03-31 00:00:00,2010-03-31 16:57:02,FY,1222800000,846200000.0,376600000.0,0.3079816813869807,0.0,308400000.0,0.0,0.0,308399999.9999999,1154599999.9999998,-2202000.0,62200000.0,130400000,0.10664049721949624,68200000,0.05577363428197579,0.0,66000000.0,0.053974484789008834,26595000.0,39400000.0,0.03222113182859012,0.66554,0.66554,59200000.0,59200000.0,https://www.sec.gov/Archives/edgar/data/1403568/000095012310030932/0000950123-10-030932-index.html,https://www.sec.gov/Archives/edgar/data/1403568/000095012310030932/c57102e10vk.htm,1620599266,18:27:46,20210509
12,2009-01-31,ULTA,USD,2009-04-02 00:00:00,2009-04-02 12:42:31,FY,1084646000,756712000.0,327934000.0,0.30234196226234183,0.0,281633000.0,0.0,0.0,281633000.0,1038345000.0,3943000.0,51445000.0,97746000,0.09011788177893985,46301000,0.04268766030575875,0.0,42358000.0,0.03905237284791536,17090000.0,25268000.0,0.023296080011358546,0.44,0.43,57425000.0,58967000.0,https://www.sec.gov/Archives/edgar/data/1403568/000095013709002518/0000950137-09-002518-index.html,https://www.sec.gov/Archives/edgar/data/1403568/000095013709002518/c50340e10vk.htm,1620599266,18:27:46,20210509
13,2008-02-02,ULTA,USD,2008-04-16 00:00:00,2008-04-16 15:27:31,FY,912100000,628500000.0,283600000.0,0.31093081898914593,0.0,236900000.0,0.0,0.0,236899999.99999997,865400000.0,-4542000.0,39500000.0,86200000,0.09450718123012827,46700000,0.051200526258085736,0.0,42200000.0,0.04626685670430874,16844000.0,25300000.0,0.027738186602346233,0.47467,0.47467,53300000.0,53300000.0,https://www.sec.gov/Archives/edgar/data/1403568/000095013708005469/0000950137-08-005469-index.html,https://www.sec.gov/Archives/edgar/data/1403568/000095013708005469/c25684e10vk.htm,1620599266,18:27:46,20210509
14,2007-01-31,ULTA,USD,2007-01-31,2007-01-31,FY,755113000,519929000.0,235184000.0,0.31145537158014763,0.0,0.0,0.0,0.0,0.0,715025000.0,0.0,29736000.0,69824000,0.09246827958199634,40088000,0.04869999589465418,0.0,36774000.0,0.04869999589465418,14231000.0,22543000.0,0.029853809959568964,1.38,0.45,5770601.0,49920577.0,,,1620599266,18:27:46,20210509
15,2006-01-31,ULTA,USD,2006-01-31,2006-01-31,FY,579075000,404794000.0,174281000.0,0.3009644691965635,0.0,0.0,0.0,0.0,0.0,549651000.0,0.0,22285000.0,51709000,0.08929585977636749,29424000,0.04571601260631179,0.0,26473000.0,0.04571601260631179,10504000.0,15969000.0,0.027576738764408755,0.74,0.33,4094233.0,48196240.0,,,1620599266,18:27:46,20210509
16,2005-01-31,ULTA,USD,2005-01-31,2005-01-31,FY,491152000,0.0,0.0,0.0,0.0,0.0,0.0,0.0,0.0,0.0,0.0,0.0,491152000,1.0,491152000,0.0,0.0,0.0,0.0,0.0,9460000.0,0.019260839821480927,-0.7,-0.7,3180611.0,3180611.0,,,1620599266,18:27:46,20210509
17,2004-01-31,ULTA,USD,2004-01-31,2004-01-31,FY,423863000,312203000.0,111660000.0,0.26343417566525035,0.0,0.0,0.0,0.0,0.0,412967000.0,0.0,15411000.0,26307000,0.062064865298457284,10896000,0.019126463031687125,0.0,8107000.0,0.019126463031687125,3023000.0,5084000.0,0.011994441600234038,-2.36,-2.36,2331000.0,2331000.0,,,1620599266,18:27:46,20210509
18,2003-01-31,ULTA,USD,2003-01-31,2003-01-31,FY,362217000,259836000.0,102381000.0,0.2826510075452008,0.0,0.0,0.0,0.0,0.0,348969000.0,0.0,12522000.0,25770000,0.07114519749211108,13248000,0.030089697612204837,0.0,10899000.0,0.030089697612204837,1203000.0,9696000.0,0.026768484085506753,0.05,0.02,1936416.0,3960891.0,,,1620599266,18:27:46,20210509
