,date,symbol,reportedCurrency,fillingDate,acceptedDate,period,revenue,costOfRevenue,grossProfit,grossProfitRatio,researchAndDevelopmentExpenses,generalAndAdministrativeExpenses,sellingAndMarketingExpenses,otherExpenses,operatingExpenses,costAndExpenses,interestExpense,depreciationAndAmortization,ebitda,ebitdaratio,operatingIncome,operatingIncomeRatio,totalOtherIncomeExpensesNet,incomeBeforeTax,incomeBeforeTaxRatio,incomeTaxExpense,netIncome,netIncomeRatio,eps,epsdiluted,weightedAverageShsOut,weightedAverageShsOutDil,link,finalLink,timestamp,est_time,est_date
0,2020-09-30,IPE.L,GBP,2020-09-30,2020-09-30,FY,5646000.0,0.0,0.0,0.0,0.0,450000.0,0.0,0.0,0.0,0.0,162000.0,0.0,0.0,0.0,0.0,0.9202975557917109,0.0,5196000.0,0.9202975557917109,16000.0,5180000.0,0.9174636911087496,0.03113010383987006,0.03113010383987006,166398417,166398417,https://find-and-update.company-information.service.gov.uk/search/companies?q=Invesco+Enhanced+Income+Ltd,https://find-and-update.company-information.service.gov.uk/search/companies?q=Invesco+Enhanced+Income+Ltd,1620593708,16:55:08,20210509
1,2019-09-30,IPE.L,GBP,2019-09-30,2019-09-30,FY,10309000.0,0.0,0.0,0.0,0.0,321000.0,0.0,0.0,321000.0,0.0,194000.0,0.0,0.0,0.0,0.0,0.9688621592783005,0.0,9988000.0,0.9688621592783005,0.0,9988000.0,0.9688621592783005,0.06,0.06,166398417,166398417,https://find-and-update.company-information.service.gov.uk/search/companies?q=Invesco+Enhanced+Income+Ltd,https://find-and-update.company-information.service.gov.uk/search/companies?q=Invesco+Enhanced+Income+Ltd,1620593708,16:55:08,20210509
2,2018-09-30,IPE.L,GBP,2018-09-30,2018-09-30,FY,1762000.0,0.0,0.0,0.0,0.0,725000.0,0.0,0.0,725000.0,0.0,202000.0,0.0,0.0,0.0,0.0,0.5885357548240636,0.0,1037000.0,0.5885357548240636,0.0,1037000.0,0.5885357548240636,0.006,0.006,164635825,164635825,https://find-and-update.company-information.service.gov.uk/search/companies?q=Invesco+Enhanced+Income+Ltd,https://find-and-update.company-information.service.gov.uk/search/companies?q=Invesco+Enhanced+Income+Ltd,1620593708,16:55:08,20210509
3,2017-09-30,IPE.L,GBP,2017-09-30,2017-09-30,FY,11370000.0,0.0,0.0,0.0,0.0,344000.0,0.0,0.0,344000.0,0.0,216000.0,0.0,0.0,0.0,0.0,0.9697449428320141,0.0,11026000.0,0.9697449428320141,56000.0,10970000.0,0.9648197009674582,0.076,0.076,144860901,144860901,https://find-and-update.company-information.service.gov.uk/search/companies?q=Invesco+Enhanced+Income+Ltd,https://find-and-update.company-information.service.gov.uk/search/companies?q=Invesco+Enhanced+Income+Ltd,1620593708,16:55:08,20210509
4,2016-09-30,IPE.L,GBP,2016-09-30,2016-09-30,FY,14024000.0,0.0,0.0,0.0,0.0,347000.0,0.0,0.0,347000.0,0.0,246000.0,0.0,0.0,0.0,0.0,0.9752567027952083,0.0,13677000.0,0.9752567027952083,93000.0,13584000.0,0.968625213918996,0.108,0.108,126281410,126281410,https://find-and-update.company-information.service.gov.uk/search/companies?q=Invesco+Enhanced+Income+Ltd,https://find-and-update.company-information.service.gov.uk/search/companies?q=Invesco+Enhanced+Income+Ltd,1620593708,16:55:08,20210509
5,2015-09-30,IPE.L,GBP,2015-09-30,2015-09-30,FY,1267000.0,0.0,0.0,0.0,0.0,312000.0,0.0,0.0,312000.0,0.0,302000.0,0.0,0.0,0.0,0.0,0.7537490134175217,0.0,955000.0,0.7537490134175217,81000.0,874000.0,0.6898184688239937,0.007,0.007,118346693,118346693,https://find-and-update.company-information.service.gov.uk/search/companies?q=Invesco+Enhanced+Income+Ltd,https://find-and-update.company-information.service.gov.uk/search/companies?q=Invesco+Enhanced+Income+Ltd,1620593708,16:55:08,20210509
6,2014-09-30,IPE.L,GBP,2014-09-30,2014-09-30,FY,6953000.0,0.0,0.0,0.0,0.0,368000.0,0.0,0.0,368000.0,0.0,278000.0,0.0,0.0,0.0,0.0,0.9470732058104415,0.0,6585000.0,0.9470732058104415,61000.0,6524000.0,0.9383000143822811,0.059,0.059,111491293,111491293,https://find-and-update.company-information.service.gov.uk/search/companies?q=Invesco+Enhanced+Income+Ltd,https://find-and-update.company-information.service.gov.uk/search/companies?q=Invesco+Enhanced+Income+Ltd,1620593708,16:55:08,20210509
7,2013-09-30,IPE.L,GBP,2013-09-30,2013-09-30,FY,13299000.0,0.0,0.0,0.0,0.0,292000.0,0.0,0.0,292000.0,0.0,272000.0,0.0,0.0,0.0,0.0,0.9780434619144297,0.0,13007000.0,0.9780434619144297,25000.0,12982000.0,0.9761636213249116,0.117,0.117,111292526,111292526,https://find-and-update.company-information.service.gov.uk/search/companies?q=Invesco+Enhanced+Income+Ltd,https://find-and-update.company-information.service.gov.uk/search/companies?q=Invesco+Enhanced+Income+Ltd,1620593708,16:55:08,20210509
8,2012-09-30,IPE.L,GBP,2012-09-30,2012-09-30,FY,17878000.0,0.0,0.0,0.0,0.0,311000.0,0.0,0.0,311000.0,0.0,426000.0,0.0,0.0,0.0,0.0,0.9826043181563934,0.0,17567000.0,0.9826043181563934,29000.0,17538000.0,0.9809822127754783,0.158,0.158,111342253,111342253,https://find-and-update.company-information.service.gov.uk/search/companies?q=Invesco+Enhanced+Income+Ltd,https://find-and-update.company-information.service.gov.uk/search/companies?q=Invesco+Enhanced+Income+Ltd,1620593708,16:55:08,20210509
9,2011-09-30,IPE.L,GBP,2011-09-30,2011-09-30,FY,-5621000.0,0.0,0.0,0.0,0.0,277000.0,0.0,0.0,277000.0,0.0,528000.0,0.0,0.0,0.0,0.0,1.049279487635652,0.0,-5898000.0,1.049279487635652,33000.0,-5931000.0,1.0551503291229318,-0.053,-0.053,111392526,111392526,https://find-and-update.company-information.service.gov.uk/search/companies?q=Invesco+Enhanced+Income+Ltd,https://find-and-update.company-information.service.gov.uk/search/companies?q=Invesco+Enhanced+Income+Ltd,1620593708,16:55:08,20210509
10,2010-09-30,IPE.L,GBP,2010-09-30,2010-09-30,FY,16211000.0,0.0,0.0,0.0,0.0,316000.0,0.0,0.0,316000.0,0.0,512000.0,0.0,0.0,0.0,0.0,0.9805070631052989,0.0,15895000.0,0.9805070631052989,0.0,15895000.0,0.9805070631052989,0.143,0.143,111392526,111392526,https://find-and-update.company-information.service.gov.uk/search/companies?q=Invesco+Enhanced+Income+Ltd,https://find-and-update.company-information.service.gov.uk/search/companies?q=Invesco+Enhanced+Income+Ltd,1620593708,16:55:08,20210509
11,2009-09-30,IPE.L,GBP,2009-09-30,2009-09-30,FY,7554000.0,0.0,0.0,0.0,0.0,293000.0,0.0,0.0,293000.0,0.0,962000.0,0.0,0.0,0.0,0.0,0.9612126025946518,0.0,7261000.0,0.9612126025946518,0.0,7261000.0,0.9612126025946518,0.068,0.068,106103587,106103587,https://find-and-update.company-information.service.gov.uk/search/companies?q=Invesco+Enhanced+Income+Ltd,https://find-and-update.company-information.service.gov.uk/search/companies?q=Invesco+Enhanced+Income+Ltd,1620593708,16:55:08,20210509
12,2008-09-30,IPE.L,GBP,2008-09-30,2008-09-30,FY,-23750000.0,0.0,0.0,0.0,0.0,276000.0,0.0,0.0,276000.0,0.0,4088000.0,0.0,0.0,0.0,0.0,1.011621052631579,0.0,-24026000.0,1.011621052631579,0.0,-24026000.0,1.011621052631579,-0.298,-0.298,80865902,80865902,https://find-and-update.company-information.service.gov.uk/search/companies?q=Invesco+Enhanced+Income+Ltd,https://find-and-update.company-information.service.gov.uk/search/companies?q=Invesco+Enhanced+Income+Ltd,1620593708,16:55:08,20210509
