,date,symbol,reportedCurrency,fillingDate,acceptedDate,period,revenue,costOfRevenue,grossProfit,grossProfitRatio,researchAndDevelopmentExpenses,generalAndAdministrativeExpenses,sellingAndMarketingExpenses,otherExpenses,operatingExpenses,costAndExpenses,interestExpense,depreciationAndAmortization,ebitda,ebitdaratio,operatingIncome,operatingIncomeRatio,totalOtherIncomeExpensesNet,incomeBeforeTax,incomeBeforeTaxRatio,incomeTaxExpense,netIncome,netIncomeRatio,eps,epsdiluted,weightedAverageShsOut,weightedAverageShsOutDil,link,finalLink,timestamp,est_time,est_date
0,2020-03-31,AGYS,USD,2020-05-22,2020-05-22 16:07:04,FY,160757000,79805000,80952000,0.5035674962832101,41463000.0,24374000.0,19864000.0,-176000.0,90816000,170621000,9000.0,5115000.0,-4749000.0,-0.029541481863931275,-9864000.0,-0.061359691957426424,-24373000.0,-33866000.0,-0.2106657874929241,201000.0,-34067000.0,-0.21191612184850425,-1.47,-1.47,23233000,23233000,https://www.sec.gov/Archives/edgar/data/78749/000156459020026737/agys-10k_20200331.htm,https://www.sec.gov/Archives/edgar/data/78749/000156459020026737/agys-10k_20200331.htm,1620586341,14:52:21,20210509
1,2019-03-31,AGYS,USD,2019-05-24 00:00:00,2019-05-24 14:11:59,FY,140842000,66962000,73880000,0.5245594353956916,37817000.0,23118000.0,19646000.0,-191000.0,85652000,152614000,10000.0,5071000.0,-6701000.0,-0.04757813720339103,-11772000.0,-0.083583022109882,-1500000.0,-12943000.0,-0.09189730336121328,221000.0,-13164000.0,-0.09346643756833899,-0.57,-0.57,23037000,23037000,https://www.sec.gov/Archives/edgar/data/78749/000007874919000021/0000078749-19-000021-index.html,https://www.sec.gov/Archives/edgar/data/78749/000007874919000021/agys-3312019xfy1910k.htm,1620586341,14:52:21,20210509
2,2018-03-31,AGYS,USD,2018-05-25 00:00:00,2018-05-25 16:31:44,FY,127360000,62943000,64417000,0.5057867462311558,27936000.0,24028000.0,18075000.0,391000.0,74549000,137492000,10000.0,4510000.0,-5622000.0,-0.04414258793969849,-10132000.0,-0.07955402010050251,-1557000.0,-11601000.0,-0.09108825376884422,-3251000.0,-8350000.0,-0.06556218592964824,-0.37,-0.37,22801000,22801000,https://www.sec.gov/Archives/edgar/data/78749/000007874918000022/0000078749-18-000022-index.html,https://www.sec.gov/Archives/edgar/data/78749/000007874918000022/agys-3312018x10k.htm,1620586341,14:52:21,20210509
3,2017-03-31,AGYS,USD,2017-06-02 00:00:00,2017-06-02 17:08:52,FY,127678000,63893000,63785000,0.4995770610441893,29048000.0,19875000.0,20823000.0,-224000.0,73547000,137440000,15000.0,3801000.0,-5961000.0,-0.0466877613997713,-9762000.0,-0.07645796456711415,-1870000.0,-11485000.0,-0.08995285013863,236000.0,-11721000.0,-0.0918012500195805,-0.52,-0.52,22615000,22615000,https://www.sec.gov/Archives/edgar/data/78749/000007874917000021/0000078749-17-000021-index.html,https://www.sec.gov/Archives/edgar/data/78749/000007874917000021/agys-3312017x10k.htm,1620586341,14:52:21,20210509
4,2016-03-31,AGYS,USD,2016-06-10 00:00:00,2016-06-10 16:53:56,FY,120366000,52260000,68106000,0.5658242360799561,26688000.0,21818000.0,19740000.0,491000.0,71688000,123948000,29000.0,3442000.0,-140000.0,-0.0011631191532492564,-3582000.0,-0.029759234335277406,-240000.0,-3759000.0,-0.031229749264742535,6000.0,-3765000.0,-0.03127959722845322,-0.17,-0.17,22483000,22483000,https://www.sec.gov/Archives/edgar/data/78749/000007874916000080/0000078749-16-000080-index.html,https://www.sec.gov/Archives/edgar/data/78749/000007874916000080/agys-3312016x10k.htm,1620586341,14:52:21,20210509
5,2015-03-31,AGYS,USD,2015-06-05 00:00:00,2015-06-05 13:00:25,FY,103514000,43433000,60081000,0.5804142434839732,25316000.0,21668000.0,16357000.0,-146000.0,69027000,112460000,48000.0,5686000.0,-3260000.0,-0.031493324574453696,-8946000.0,-0.08642309252854687,-3667000.0,-12551000.0,-0.12124929961164674,-1054000.0,-11497000.0,-0.11106710203450741,-0.51,-0.51,22338000,22338000,https://www.sec.gov/Archives/edgar/data/78749/000007874915000020/0000078749-15-000020-index.html,https://www.sec.gov/Archives/edgar/data/78749/000007874915000020/agys-3312015x10k.htm,1620586341,14:52:21,20210509
6,2014-03-31,AGYS,USD,2014-06-04 00:00:00,2014-06-04 08:39:43,FY,101261000,37221000,64040000,0.6324251192463041,25212000.0,20750000.0,14059000.0,863000.0,68509000,105730000,184000.0,8488000.0,4019000.0,0.039689515213162024,-4469000.0,-0.04413347685683531,-856000.0,-5386000.0,-0.05318928313960952,-2491000.0,17097000.0,0.1688409160486268,0.68,0.68,22135000,22135000,https://www.sec.gov/Archives/edgar/data/78749/000007874914000013/0000078749-14-000013-index.html,https://www.sec.gov/Archives/edgar/data/78749/000007874914000013/agys-3312014x10k.htm,1620586341,14:52:21,20210509
7,2013-03-31,AGYS,USD,2013-06-14 00:00:00,2013-06-14 13:05:30,FY,236140000,145970000,90170000,0.38184975014821715,32680000.0,27601000.0,21664000.0,-139000.0,88001000,233971000,346000.0,6056000.0,8225000.0,0.03483103243838401,2169000.0,0.009185229101380537,-3419000.0,-1582000.0,-0.0066994156009147115,-284000.0,-1298000.0,-0.00549673922249513,-0.06,-0.06,21880000,21880000,https://www.sec.gov/Archives/edgar/data/78749/000007874913000023/0000078749-13-000023-index.html,https://www.sec.gov/Archives/edgar/data/78749/000007874913000023/agys-3312013x10k.htm,1620586341,14:52:21,20210509
8,2012-03-31,AGYS,USD,2012-06-12,2012-06-12 16:22:55,FY,208889000,129053000,79836000,0.38219341372690757,30309000.0,32889000.0,24006000.0,0.0,95492000,224545000,978000.0,8288000.0,-7368000.0,-0.03527232166365869,-15656000.0,-0.07494889630377856,-25715000.0,-42246000.0,-0.20224138178649906,-8007000.0,-22783000.0,-0.10906749517686427,-1.02,-1.02,22432000,22432000,https://www.sec.gov/Archives/edgar/data/78749/000119312512268267/d355444d10k.htm,https://www.sec.gov/Archives/edgar/data/78749/000119312512268267/d355444d10k.htm,1620586341,14:52:21,20210509
9,2011-03-31,AGYS,USD,2011-06-14 00:00:00,2011-06-14 16:42:34,FY,675470000,517779000,157691000,0.23345374331946644,0.0,0.0,0.0,0.0,173211000,690990000,1301000.0,14138000.0,-1382000.0,-0.0020459827971634563,-15520000.0,-0.0229765940752365,-36596000.0,-53287000.0,-0.07888877374272729,2188000.0,-55475000.0,-0.0821279997631279,-2.44,-2.44,22785192,22785192,https://www.sec.gov/Archives/edgar/data/78749/000119312511164802/0001193125-11-164802-index.html,https://www.sec.gov/Archives/edgar/data/78749/000119312511164802/d10k.htm,1620586341,14:52:21,20210509
10,2010-03-31,AGYS,USD,2010-06-11 00:00:00,2010-06-10 17:47:11,FY,640431000,478904000,161527000,0.25221608572976634,0.0,0.0,0.0,0.0,167248000,646152000,970000.0,16314000.0,10593000.0,0.016540423558509817,-5721000.0,-0.008933046651395701,5078000.0,-1600000.0,-0.0024983175392821397,-5176000.0,3547000.0,0.005538457694896093,0.16,0.15,22626586,23087742,https://www.sec.gov/Archives/edgar/data/78749/000095012310057335/0000950123-10-057335-index.html,https://www.sec.gov/Archives/edgar/data/78749/000095012310057335/l39868e10vk.htm,1620586341,14:52:21,20210509
11,2009-03-31,AGYS,USD,2009-06-09 00:00:00,2009-06-09 06:01:56,FY,730720000,532042000,198678000,0.2718934749288373,0.0,0.0,0.0,0.0,206075000,738117000,1183000.0,27683000.0,20286000.0,0.027761659732866213,-7397000.0,-0.0101228924895993,-275227000.0,-283283000.0,-0.38767653820888986,-1096000.0,-284134000.0,-0.3888411429822641,-12.58,-12.58,22586603,22586603,https://www.sec.gov/Archives/edgar/data/78749/000095012309012356/0000950123-09-012356-index.html,https://www.sec.gov/Archives/edgar/data/78749/000095012309012356/l36561ae10vk.htm,1620586341,14:52:21,20210509
12,2008-03-31,AGYS,USD,2008-12-16,2008-12-16 13:18:14,FY,770960000,590806000,180154000,0.23367489882743592,0.0,0.0,0.0,0.0,199258000,790064000,945000.0,23921000.0,4817000.0,0.00624805437376777,-19104000.0,-0.024779495693680605,6707000.0,-241000.0,-0.0003125972813116115,-922000.0,3659000.0,0.004746030922486251,0.12951232680203978,0.12719828108852527,28252137,28766112,https://www.sec.gov/Archives/edgar/data/78749/000095015208010319/l34793ae10vk.htm,https://www.sec.gov/Archives/edgar/data/78749/000095015208010319/l34793ae10vk.htm,1620586341,14:52:21,20210509
13,2007-03-31,AGYS,USD,2007-06-12 00:00:00,2007-06-12 17:10:59,FY,474570000,353863000,120707000,0.25435025391406957,0.0,0.0,0.0,0.0,133185000,487048000,0.0,7880000.0,-4598000.0,-0.009688770887329582,-12478000.0,-0.02629327601829024,-3494000.0,-13570000.0,-0.02859430642476347,-1935000.0,232855000.0,0.49066523379058935,7.5888663731824835,7.514359427603017,30683766,30988004,https://www.sec.gov/Archives/edgar/data/78749/000095015207005074/0000950152-07-005074-index.html,https://www.sec.gov/Archives/edgar/data/78749/000095015207005074/l26142ae10vk.htm,1620586341,14:52:21,20210509
14,2006-03-31,AGYS,USD,2006-06-09,2006-06-09 16:48:56,FY,1742460000,1513481000,228979000,0.13141133799341162,0.0,0.0,0.0,0.0,167779000,1681260000,0.0,11041000.0,72241000.0,0.0414592013589982,61200000.0,0.035122757480803006,-3948000.0,50693000.0,0.029092776878665794,21158000.0,28114000.0,0.016134660193060386,0.94,0.89,29935200,32480576,https://www.sec.gov/Archives/edgar/data/78749/000095015206005048/l20398ae10vk.htm,https://www.sec.gov/Archives/edgar/data/78749/000095015206005048/l20398ae10vk.htm,1620586341,14:52:21,20210509
15,2005-03-31,AGYS,USD,2005-06-29,2005-06-29 16:00:09,FY,1622925000,1415477000,207448000,0.12782352850563028,0.0,0.0,0.0,0.0,164470000,1579947000,0.0,11595000.0,54573000.0,0.03362632284301493,42978000.0,0.026481815241000045,1469000.0,41240000.0,0.025410909314971426,15725000.0,19485000.0,0.012006100097046998,0.69,0.67,28100612,36989981,https://www.sec.gov/Archives/edgar/data/78749/000095015205005588/l14195ae10vk.htm,https://www.sec.gov/Archives/edgar/data/78749/000095015205005588/l14195ae10vk.htm,1620586341,14:52:21,20210509
16,2004-03-31,AGYS,USD,2004-06-14,2004-06-14 17:01:31,FY,1403216000,1222314000,180902000,0.1289195676218059,0.0,0.0,0.0,0.0,141868000,1364182000,0.0,9946000.0,48980000.0,0.03490553129382789,39034000.0,0.02781752773628579,-3690000.0,26708000.0,0.019033420371489494,9684000.0,8663000.0,0.0061736753286735615,0.32,0.31,27743769,27955865,https://www.sec.gov/Archives/edgar/data/78749/000095015204004628/l07661ae10vk.htm,https://www.sec.gov/Archives/edgar/data/78749/000095015204004628/l07661ae10vk.htm,1620586341,14:52:21,20210509
17,2003-03-31,AGYS,USD,2003-06-19,2003-06-19 13:14:26,FY,1171631000,1022378000,149253000,0.12738908410583197,0.0,0.0,0.0,0.0,135899000,1158277000,0.0,16823000.0,30177000.0,0.02575640282648718,13354000.0,0.011397786504454048,-35495000.0,-31484000.0,-0.02687194176323433,-11739000.0,-42078000.0,-0.03591403778151995,-1.5417883902579406,-1.5191291568100296,27291683,27698764,https://www.sec.gov/Archives/edgar/data/78749/000095015203006226/l00546ae10vk.htm,https://www.sec.gov/Archives/edgar/data/78749/000095015203006226/l00546ae10vk.htm,1620586341,14:52:21,20210509
18,2002-03-31,AGYS,USD,2002-06-14,2002-06-14 13:32:05,FY,2323593000,2007618000,315975000,0.13598551897858188,0.0,293903000.0,0.0,0.0,297699000,2305317000,0.0,28972000.0,47248000.0,0.02033402579539532,18276000.0,0.00786540499992899,-3075000.0,-3049000.0,-0.0013121919372282495,-1256000.0,-7047000.0,-0.0030328030769588305,-0.26,-0.26,27040171,27040171,https://www.sec.gov/Archives/edgar/data/78749/000095015202004851/l93981ae10vk.htm,https://www.sec.gov/Archives/edgar/data/78749/000095015202004851/l93981ae10vk.htm,1620586341,14:52:21,20210509
19,2001-03-31,AGYS,USD,2001-06-28 00:00:00,2001-06-28 00:00:00,FY,2901353000,2454384000,446969000,0.1540553665824186,0.0,318400000.0,0.0,0.0,346787000,2801171000,0.0,14187000.0,114369000.0,0.03941919511345224,100182000.0,0.03452940748678289,-13720000.0,61170000.0,0.02108326701370016,26124000.0,34576000.0,0.01191719863112141,1.29,1.11,26793457,36615950,https://www.sec.gov/Archives/edgar/data/78749/000095015201502944/0000950152-01-502944-index.html,https://www.sec.gov/Archives/edgar/data/78749/000095015201502944/l89012ae10-k.htm,1620586341,14:52:21,20210509
20,2000-03-31,AGYS,USD,2000-06-29 00:00:00,2000-06-29 00:00:00,FY,2550685000,2154932000,395753000,0.15515557585511344,0.0,294299000.0,0.0,0.0,294299000,2449231000,0.0,26343000.0,127797000.0,0.0501030115439578,101454000.0,0.0397751976429861,1845000.0,77225000.0,0.030276180712240044,31210000.0,40145000.0,0.015738909351801576,1.52,1.27,26411184,31610236,https://www.sec.gov/Archives/edgar/data/78749/000095015200005079/0000950152-00-005079-index.html,https://www.sec.gov/Archives/edgar/data/78749/000095015200005079/e10-k.txt,1620586341,14:52:21,20210509
21,1999-03-31,AGYS,USD,1999-03-31,1999-03-31,FY,2259083000,1906657000,352426000,0.1560040069355575,0.0,267505000.0,0.0,0.0,267505000,2174162000,0.0,22990000.0,107911000.0,0.047767611902705655,84921000.0,0.03759091631427442,0.0,60668000.0,0.026855144321833238,24018000.0,30809000.0,0.013637834466462719,1.17,1.03,26332479,29911650,,,1620586341,14:52:21,20210509
22,1998-03-31,AGYS,USD,1998-03-31,1998-03-31,FY,1685265000,1386666000,298599000,0.17718222356721347,0.0,225649000.0,0.0,0.0,225649000,1612315000,0.0,14981000.0,87931000.0,0.05217636395463028,72950000.0,0.04328696080438388,0.0,52233000.0,0.030993938638730407,21624000.0,30497000.0,0.018096263792341263,1.16,1.14,26204310,26664035,,,1620586341,14:52:21,20210509
23,1997-03-31,AGYS,USD,1997-03-31,1997-03-31,FY,1508709000,1249873000,258836000,0.17156124872324616,0.0,201449000.0,0.0,0.0,201449000,1451322000,0.0,14573000.0,71960000.0,0.0476964079885518,57387000.0,0.03803715627069236,0.0,40321000.0,0.026725498422823752,17067000.0,23254000.0,0.015413177756611779,1.0,1.0,23254000,23254000,,,1620586341,14:52:21,20210509
24,1996-03-31,AGYS,USD,1996-03-31,1996-03-31,FY,1105281000,902629000,202652000,0.1833488497495207,0.0,150704000.0,0.0,0.0,150704000,1053333000,0.0,8998000.0,60946000.0,0.05514072891870936,51948000.0,0.04699981271730899,-173000.0,43639000.0,0.03948226740530236,18387000.0,25252000.0,0.022846678808375428,1.09,1.09,23166972,23166972,,,1620586341,14:52:21,20210509
25,1995-03-31,AGYS,USD,1995-03-31,1995-03-31,FY,832152000,677171000,154981000,0.18624121554715967,0.0,111302000.0,0.0,0.0,111302000,788473000,0.0,6230000.0,49909000.0,0.059975821724877185,43679000.0,0.05248920870225632,2500000.0,42213000.0,0.0507275113200473,17204000.0,25009000.0,0.030053403705092338,1.093333,0.7290882085659308,22874085,34301748,,,1620586341,14:52:21,20210509
26,1994-03-31,AGYS,USD,1994-06-28 00:00:00,1994-06-28 00:00:00,FY,580800000,460300000,120500000,0.20747245179063362,0.0,83800000.0,0.0,0.0,89100000,549400000,0.0,5300000.0,36700000.0,0.06318870523415977,31400000.0,0.0540633608815427,3000000.0,31700000.0,0.05457988980716254,12000000.0,19700000.0,0.03391873278236915,0.386667,0.386667,22282000,22282000,https://www.sec.gov/Archives/edgar/data/78749/000095015294000662/0000950152-94-000662-index.html,https://www.sec.gov/Archives/edgar/data/78749/0000950152-94-000662.txt,1620586341,14:52:21,20210509
27,1993-03-31,AGYS,USD,1993-03-31,1993-03-31,FY,430000000,331900000,98100000,0.22813953488372093,0.0,72400000.0,0.0,0.0,77000000,408900000,0.0,4600000.0,25700000.0,0.05976744186046511,21100000.0,0.049069767441860465,2500000.0,20000000.0,0.046511627906976744,7100000.0,12900000.0,0.03,0.28,0.262222,22012000,22012000,,,1620586341,14:52:21,20210509
28,1992-03-31,AGYS,USD,1992-03-31,1992-03-31,FY,362400000,280800000,81600000,0.2251655629139073,0.0,65100000.0,0.0,0.0,69200000,350000000,0.0,4100000.0,16500000.0,0.04552980132450331,12400000.0,0.03421633554083885,700000.0,8500000.0,0.02345474613686534,3200000.0,5300000.0,0.014624724061810155,0.085926,0.082963,18436000,18436000,,,1620586341,14:52:21,20210509
29,1991-03-31,AGYS,USD,1991-03-31,1991-03-31,FY,345100000,264100000,81000000,0.23471457548536656,0.0,60100000.0,0.0,0.0,63600000,327700000,0.0,3500000.0,20900000.0,0.060562155896841496,17400000.0,0.05042016806722689,700000.0,13400000.0,0.038829324833381626,5100000.0,8300000.0,0.02405099971022892,0.133333,0.124444,18393000,18393000,,,1620586341,14:52:21,20210509
30,1990-03-31,AGYS,USD,1990-03-31,1990-03-31,FY,319900000,244500000,75400000,0.23569865582994687,0.0,58500000.0,0.0,0.0,61300000,305800000,0.0,2800000.0,16900000.0,0.052829009065332916,14100000.0,0.044076273835573616,500000.0,9500000.0,0.029696780243826194,3800000.0,5700000.0,0.017818068146295718,0.091852,0.088889,18204000,18204000,,,1620586341,14:52:21,20210509
31,1989-03-31,AGYS,USD,1989-03-31,1989-03-31,FY,302300000,230500000,71800000,0.23751240489579886,0.0,52500000.0,0.0,0.0,55300000,285800000,0.0,2800000.0,19300000.0,0.06384386371154482,16500000.0,0.05458154151505128,100000.0,11100000.0,0.03671849156467086,4600000.0,6700000.0,0.02216341382732385,0.106667,0.100741,18204000,18204000,,,1620586341,14:52:21,20210509
32,1988-03-31,AGYS,USD,1988-03-31,1988-03-31,FY,254600000,191500000,63100000,0.2478397486252946,0.0,47400000.0,0.0,0.0,50200000,241700000,0.0,2800000.0,15700000.0,0.06166535742340927,12900000.0,0.05066771406127259,900000.0,8600000.0,0.03377847604084839,3400000.0,5200000.0,0.0204241948153967,0.085926,0.085926,18204000,18204000,,,1620586341,14:52:21,20210509
33,1987-03-31,AGYS,USD,1987-03-31,1987-03-31,FY,212200000,159800000,52400000,0.2469368520263902,0.0,42000000.0,0.0,0.0,44500000,204300000,0.0,2500000.0,10400000.0,0.049010367577756835,7900000.0,0.03722902921771913,500000.0,3100000.0,0.014608859566446749,1300000.0,400000.0,0.001885014137606032,0.008889,0.008889,18204000,18204000,,,1620586341,14:52:21,20210509
34,1986-03-31,AGYS,USD,1986-03-31,1986-03-31,FY,202000000,154600000,47400000,0.23465346534653464,0.0,43600000.0,0.0,0.0,46000000,200600000,0.0,2400000.0,3800000.0,0.01881188118811881,1400000.0,0.006930693069306931,100000.0,-4100000.0,-0.020297029702970298,-2000000.0,-2100000.0,-0.010396039603960397,-0.032593,-0.032593,18204000,18204000,,,1620586341,14:52:21,20210509
