,date,symbol,reportedCurrency,fillingDate,acceptedDate,period,revenue,costOfRevenue,grossProfit,grossProfitRatio,researchAndDevelopmentExpenses,generalAndAdministrativeExpenses,sellingAndMarketingExpenses,otherExpenses,operatingExpenses,costAndExpenses,interestExpense,depreciationAndAmortization,ebitda,ebitdaratio,operatingIncome,operatingIncomeRatio,totalOtherIncomeExpensesNet,incomeBeforeTax,incomeBeforeTaxRatio,incomeTaxExpense,netIncome,netIncomeRatio,eps,epsdiluted,weightedAverageShsOut,weightedAverageShsOutDil,link,finalLink,timestamp,est_time,est_date
0,2020-07-31,SCS.L,GBP,2020-07-31,2020-07-31,FY,255491000,135911000,119580000,0.468039970096794,0.0,97884000,16988000,0.0,114872000,250783000,3980000.0,28281000.0,32989000.0,0.12912000814118696,4708000.0,0.01842726358267023,0.0,-3121000.0,-0.012215694486302844,-898000.0,-2223000.0,-0.008700893573550536,-0.05566566127087033,-0.05566566127087033,39934853,39934853,https://find-and-update.company-information.service.gov.uk/search/companies?q=SCS+Group+PLC,https://find-and-update.company-information.service.gov.uk/search/companies?q=SCS+Group+PLC,1620597688,18:01:28,20210509
1,2019-07-31,SCS.L,GBP,2019-07-31,2019-07-31,FY,317406000,167547000,149859000,0.47213663257783406,0.0,118610000,17310000,0.0,135920000,303467000,0.0,5500000.0,19439000.0,0.06124332873354631,13939000.0,0.0439153639187665,0.0,14260000.0,0.0449266869561382,2880000.0,11376000.0,0.03584053231507911,0.285,0.274,39934853,41497853,https://find-and-update.company-information.service.gov.uk/search/companies?q=SCS+Group+PLC,https://find-and-update.company-information.service.gov.uk/search/companies?q=SCS+Group+PLC,1620597688,18:01:28,20210509
2,2018-07-31,SCS.L,GBP,2018-07-31,2018-07-31,FY,337313000,179975000,157338000,0.46644511181009923,0.0,126223000,17873000,0.0,144096000,324071000,0.0,5553000.0,18795000.0,0.05571976176429607,13242000.0,0.039257307011588645,0.0,13219000.0,0.03918912108338546,2541000.0,10678000.0,0.031656058319720855,0.268,0.26,39804480,41025136,https://find-and-update.company-information.service.gov.uk/search/companies?q=SCS+Group+PLC,https://find-and-update.company-information.service.gov.uk/search/companies?q=SCS+Group+PLC,1620597688,18:01:28,20210509
3,2017-07-31,SCS.L,GBP,2017-07-31,2017-07-31,FY,332965000,179224000,153741000,0.4617332152027991,0.0,125249000,16503000,0.0,141752000,320976000,0.0,5405000.0,17394000.0,0.052239724896010094,11989000.0,0.03600678750018771,0.0,11963000.0,0.0359287012148424,2561000.0,9402000.0,0.028237202108329706,0.235,0.229,40009109,41094205,https://find-and-update.company-information.service.gov.uk/search/companies?q=SCS+Group+PLC,https://find-and-update.company-information.service.gov.uk/search/companies?q=SCS+Group+PLC,1620597688,18:01:28,20210509
4,2016-07-31,SCS.L,GBP,2016-07-31,2016-07-31,FY,317305000,168177000,149128000,0.4699831392508785,0.0,122622000,15491000,0.0,138113000,306290000,0.0,5034000.0,16049000.0,0.050579095822631225,11015000.0,0.03471423393895463,0.0,10884000.0,0.034301381951119585,2155000.0,8729000.0,0.027509809174138446,0.218,0.213,40006654,40972543,https://find-and-update.company-information.service.gov.uk/search/companies?q=SCS+Group+PLC,https://find-and-update.company-information.service.gov.uk/search/companies?q=SCS+Group+PLC,1620597688,18:01:28,20210509
5,2015-07-31,SCS.L,GBP,2015-07-31,2015-07-31,FY,276734000,149583000,127151000,0.45947010486604467,0.0,110343000,14041000,0.0,124384000,273967000,955000.0,4781000.0,7548000.0,0.027275289628307327,2767000.0,0.009998771383350076,0.0,-1728000.0,-0.006244263444318371,496000.0,-2224000.0,-0.008036598321854199,-0.0556,-0.0556,40000000,40000000,https://find-and-update.company-information.service.gov.uk/search/companies?q=SCS+Group+PLC,https://find-and-update.company-information.service.gov.uk/search/companies?q=SCS+Group+PLC,1620597688,18:01:28,20210509
6,2014-07-31,SCS.L,GBP,2014-07-31,2014-07-31,FY,258206000,145204000,113002000,0.4376428123281411,0.0,94091000,12303000,0.0,106394000,251598000,1778000.0,4163000.0,10771000.0,0.04171475488563395,6608000.0,0.025591969202884517,0.0,7156000.0,0.02771430563193729,1243000.0,5913000.0,0.022900319899615038,0.1478,0.1478,40000000,40000000,https://find-and-update.company-information.service.gov.uk/search/companies?q=SCS+Group+PLC,https://find-and-update.company-information.service.gov.uk/search/companies?q=SCS+Group+PLC,1620597688,18:01:28,20210509
7,2013-07-31,SCS.L,GBP,2013-07-31,2013-07-31,FY,245647000,138258000,107389000,0.43716796867049057,0.0,88937000,12337000,0.0,101274000,239532000,2076000.0,4487000.0,10602000.0,0.04315949309374835,6115000.0,0.02489344465839192,0.0,3445000.0,0.01402418918203764,820000.0,2625000.0,0.010686065777314601,0.0656,0.0656,40000000,40000000,https://find-and-update.company-information.service.gov.uk/search/companies?q=SCS+Group+PLC,https://find-and-update.company-information.service.gov.uk/search/companies?q=SCS+Group+PLC,1620597688,18:01:28,20210509
8,2012-07-31,SCS.L,GBP,2012-07-31,2012-07-31,FY,208284000,114499000,93785000,0.4502746250312074,0.0,82032000,10774000,0.0,92806000,207305000,2133000.0,4951000.0,5930000.0,0.028470741871675212,979000.0,0.004700313034126481,0.0,-2428000.0,-0.01165716041558641,-516000.0,-1912000.0,-0.009179773770428837,-0.0478,-0.0478,40000000,40000000,https://find-and-update.company-information.service.gov.uk/search/companies?q=SCS+Group+PLC,https://find-and-update.company-information.service.gov.uk/search/companies?q=SCS+Group+PLC,1620597688,18:01:28,20210509
