,date,symbol,reportedCurrency,fillingDate,acceptedDate,period,revenue,costOfRevenue,grossProfit,grossProfitRatio,researchAndDevelopmentExpenses,generalAndAdministrativeExpenses,sellingAndMarketingExpenses,otherExpenses,operatingExpenses,costAndExpenses,interestExpense,depreciationAndAmortization,ebitda,ebitdaratio,operatingIncome,operatingIncomeRatio,totalOtherIncomeExpensesNet,incomeBeforeTax,incomeBeforeTaxRatio,incomeTaxExpense,netIncome,netIncomeRatio,eps,epsdiluted,weightedAverageShsOut,weightedAverageShsOutDil,link,finalLink,timestamp,est_time,est_date
0,2020-03-31,0674.HK,HKD,2020-03-31,2020-03-31,FY,78417058,28700006.0,49717052,0.6340081261401059,0.0,7955010.0,0.0,1522058.0,0.0,86609346,18291340.0,1180905.0,-7011383.0,-0.08941145177876987,-8192288.0,-0.1044707390068115,0.0,-32959352.0,-0.4203084487051274,704047.0,-37308877,-0.47577501568600034,-0.0346,-0.0346,1077778570,1077778570,https://www1.hkexnews.hk/search/titlesearch.xhtml,https://www1.hkexnews.hk/search/titlesearch.xhtml,1620584851,14:27:31,20210509
1,2019-03-31,0674.HK,HKD,2019-03-31,2019-03-31,FY,81438154,12031657.0,69406497,0.8522601948958716,0.0,0.0,0.0,743252.0,0.0,92473729,6496826.0,5020743.0,-6014832.0,-0.07385766627273993,-11035575.0,-0.13550865850913074,0.0,-14253883.0,-0.17502708865429342,744760.0,-18871185,-0.23172412527916583,-0.0175,-0.0175,1077778570,1077778570,https://www1.hkexnews.hk/search/titlesearch.xhtml,https://www1.hkexnews.hk/search/titlesearch.xhtml,1620584851,14:27:31,20210509
2,2018-03-31,0674.HK,HKD,2018-03-31,2018-03-31,FY,81333379,7783976.0,73549403,0.9042954307849426,0.0,0.0,0.0,3491676.0,0.0,147644676,6657000.0,10324796.0,-55986501.0,-0.6883582323562384,-66311297.0,-0.8153023741949784,0.0,-4776294.0,-0.05872489325692469,-1377306.0,-11058371,-0.13596350152868972,-0.0103,-0.0103,1077778570,1077778570,https://www1.hkexnews.hk/search/titlesearch.xhtml,https://www1.hkexnews.hk/search/titlesearch.xhtml,1620584851,14:27:31,20210509
3,2017-03-31,0674.HK,HKD,2017-03-31,2017-03-31,FY,81280068,58643.0,81221425,0.9992785070012491,0.0,0.0,0.0,0.0,0.0,163326434,3196095.0,13920421.0,-68125945.0,-0.838162992186473,-82046366.0,-1.0094278710495173,0.0,-88345983.0,-1.0869329366210667,830271.0,-89855350,-1.1055028890969925,-0.0893,-0.0893,1006724266,1006724266,https://www1.hkexnews.hk/search/titlesearch.xhtml,https://www1.hkexnews.hk/search/titlesearch.xhtml,1620584851,14:27:31,20210509
4,2016-03-31,0674.HK,HKD,2016-03-31,2016-03-31,FY,111977069,1938038.0,110039031,0.9826925457389852,0.0,0.0,0.0,-41615998.0,0.0,153585278,3371646.0,16413404.0,-25194805.0,-0.2249996827475454,-41608209.0,-0.37157794333766675,0.0,-133046719.0,-1.188160399161725,765325.0,-131334493,-1.1728695363512327,-0.164378,-0.164378,799042758,799042758,https://www1.hkexnews.hk/search/titlesearch.xhtml,https://www1.hkexnews.hk/search/titlesearch.xhtml,1620584851,14:27:31,20210509
5,2015-03-31,0674.HK,HKD,2015-03-31,2015-03-31,FY,141378969,9152937.0,132226032,0.9352595575937465,0.0,0.0,0.0,0.0,0.0,228869486,4313268.0,37292753.0,-50197764.0,-0.3550582123710352,-87490517.0,-0.6188368582600147,0.0,-471977280.0,-3.3383839430884517,-21417725.0,-445229478,-3.1491917160606824,-0.629997,-0.629997,706734157,706734157,https://www1.hkexnews.hk/search/titlesearch.xhtml,https://www1.hkexnews.hk/search/titlesearch.xhtml,1620584851,14:27:31,20210509
6,2014-03-31,0674.HK,HKD,2014-03-31,2014-03-31,FY,224247041,1183575.0,223063466,0.9947220039349371,0.0,0.0,0.0,0.0,0.0,288173315,13275762.0,47566769.0,-16359505.0,-0.07295304734924016,-63926274.0,-0.2850707581911861,0.0,-127399498.0,-0.568121199869032,1526529.0,-52291302,-0.23318614045837063,-0.078502,-0.078502,665870271,665870271,https://www1.hkexnews.hk/search/titlesearch.xhtml,https://www1.hkexnews.hk/search/titlesearch.xhtml,1620584851,14:27:31,20210509
7,2013-03-31,0674.HK,HKD,2013-03-31,2013-03-31,FY,296502446,21093075.0,275409371,0.9288603676476922,0.0,0.0,0.0,2960318.0,0.0,362153843,16559226.0,68906136.0,3254739.0,0.01097710674535211,-65651397.0,-0.22141941115723546,0.0,-95672422.0,-0.32266992495569496,-12177858.0,-78395277,-0.26440010211585235,-0.117709,-0.117709,665870271,665870271,https://www1.hkexnews.hk/search/titlesearch.xhtml,https://www1.hkexnews.hk/search/titlesearch.xhtml,1620584851,14:27:31,20210509
8,2012-03-31,0674.HK,HKD,2012-03-31,2012-03-31,FY,298982929,26678968.0,272303961,0.9107675876705322,0.0,0.0,0.0,0.0,0.0,381380020,11111432.0,98300421.0,15903330.0,0.0531914315415647,-82397091.0,-0.2755912896953391,0.0,-315397524.0,-1.0549014455604588,-4680828.0,-293520701,-0.9817306358651667,-0.453209,-0.453209,648489938,648489938,https://www1.hkexnews.hk/search/titlesearch.xhtml,https://www1.hkexnews.hk/search/titlesearch.xhtml,1620584851,14:27:31,20210509
9,2011-03-31,0674.HK,HKD,2011-03-31,2011-03-31,FY,173791595,39102938.0,134688657,0.7750009832178593,0.0,0.0,0.0,0.0,0.0,265220387,56953.0,91994308.0,565516.0,0.0032539893543183144,-91428792.0,-0.5260829328368843,0.0,-288297429.0,-1.6588686524224603,-24751161.0,-266227812,-1.5318796746183265,-0.478388,-0.478388,556486709,556486709,https://www1.hkexnews.hk/search/titlesearch.xhtml,https://www1.hkexnews.hk/search/titlesearch.xhtml,1620584851,14:27:31,20210509
10,2010-03-31,0674.HK,HKD,2010-03-31,2010-03-31,FY,198823668,48363426.0,150460242,0.7567521689620976,0.0,0.0,0.0,0.0,0.0,284281965,15568.0,85382772.0,-75525.0,-0.0003798592026780232,-85458297.0,-0.42981953738022777,0.0,-1175024725.0,-5.909883550684721,-15778654.0,-1153700747,-5.802632848519825,-2.253457,-2.253457,528392013,528392013,https://www1.hkexnews.hk/search/titlesearch.xhtml,https://www1.hkexnews.hk/search/titlesearch.xhtml,1620584851,14:27:31,20210509
11,2009-03-31,0674.HK,HKD,2009-03-31,2009-03-31,FY,216463492,58116767.0,158346725,0.7315170033383736,0.0,0.0,0.0,0.0,0.0,435054956,0.0,92260367.0,-126331097.0,-0.5836138733269627,-218591464.0,-1.0098306276977183,0.0,-222334464.0,-1.0271222271513571,-24160201.0,-190772881,-0.8813166563902609,-1.00893,-1.00893,188953389,188953389,https://www1.hkexnews.hk/search/titlesearch.xhtml,https://www1.hkexnews.hk/search/titlesearch.xhtml,1620584851,14:27:31,20210509
12,2008-03-31,0674.HK,HKD,2008-03-31,2008-03-31,FY,276016114,151339908.0,124676206,0.4516990120366668,0.0,0.0,0.0,0.0,0.0,339004876,0.0,0.0,-62988762.0,-0.2282068285332066,-62988762.0,-0.2282068285332066,0.0,38991254.0,0.14126441183068028,6038558.0,32952696,0.11938685579784665,0.196031,0.196031,162737443,162737443,https://www1.hkexnews.hk/search/titlesearch.xhtml,https://www1.hkexnews.hk/search/titlesearch.xhtml,1620584851,14:27:31,20210509
13,2007-03-31,0674.HK,HKD,2007-03-31,2007-03-31,FY,202150157,96669711.0,105480446,0.5217925504752391,0.0,0.0,0.0,0.0,0.0,248669555,0.0,0.0,-46519398.0,-0.23012298724061836,-46519398.0,-0.23012298724061836,0.0,-38799572.0,-0.19193441437693268,-1055059.0,50781363,0.2512061516726895,0.390264,0.38307,146393670,149142847,https://www1.hkexnews.hk/search/titlesearch.xhtml,https://www1.hkexnews.hk/search/titlesearch.xhtml,1620584851,14:27:31,20210509
14,2006-03-31,0674.HK,HKD,2006-03-31,2006-03-31,FY,266771390,141401937.0,125369453,0.46995089315986993,0.0,0.0,0.0,0.0,0.0,258217189,0.0,0.0,8554201.0,0.03206566116404012,8554201.0,0.03206566116404012,0.0,45650897.0,0.17112366134914242,3271377.0,42379520,0.1588608133728283,0.438822,0.437023,103668045,104094663,https://www1.hkexnews.hk/search/titlesearch.xhtml,https://www1.hkexnews.hk/search/titlesearch.xhtml,1620584851,14:27:31,20210509
15,2005-03-31,0674.HK,HKD,2005-03-31,2005-03-31,FY,143650259,35672933.0,107977326,0.7516681609324491,0.0,0.0,0.0,0.0,0.0,124590432,0.0,0.0,19059827.0,0.13268216244566605,19059827.0,0.13268216244566605,0.0,19628357.0,0.1366398998278172,4060611.0,15567746,0.10837255782462599,0.25538,0.25538,60959182,60959182,https://www1.hkexnews.hk/search/titlesearch.xhtml,https://www1.hkexnews.hk/search/titlesearch.xhtml,1620584851,14:27:31,20210509
16,2004-03-31,0674.HK,HKD,2004-03-31,2004-03-31,FY,39450091,12947838.0,26502253,0.6717919357904649,0.0,0.0,0.0,0.0,0.0,37696709,0.0,0.0,1753382.0,0.04444557555012991,1753382.0,0.04444557555012991,0.0,14496376.0,0.3674611549058277,2550459.0,11945917,0.3028108857847755,0.196031,0.196031,60938917,60938917,https://www1.hkexnews.hk/search/titlesearch.xhtml,https://www1.hkexnews.hk/search/titlesearch.xhtml,1620584851,14:27:31,20210509
