,date,symbol,reportedCurrency,fillingDate,acceptedDate,period,revenue,costOfRevenue,grossProfit,grossProfitRatio,researchAndDevelopmentExpenses,generalAndAdministrativeExpenses,sellingAndMarketingExpenses,otherExpenses,operatingExpenses,costAndExpenses,interestExpense,depreciationAndAmortization,ebitda,ebitdaratio,operatingIncome,operatingIncomeRatio,totalOtherIncomeExpensesNet,incomeBeforeTax,incomeBeforeTaxRatio,incomeTaxExpense,netIncome,netIncomeRatio,eps,epsdiluted,weightedAverageShsOut,weightedAverageShsOutDil,link,finalLink,timestamp,est_time,est_date
0,2020-12-31,0725.HK,HKD,2020-12-31,2020-12-31,FY,282342000,229573000,52769000,0.18689745060954446,0.0,51825000,8323000.0,885000.0,0.0,285186000,1675000.0,0.0,-6766000.0,-0.023963845265670712,-2844000.0,-0.07569543319803643,0.0,-21372000.0,-0.07569543319803643,-2141000.0,-19231000.0,-0.06811243102336882,-0.09665859126046704,-0.09665859126046704,198958000,198958000,https://www1.hkexnews.hk/search/titlesearch.xhtml,https://www1.hkexnews.hk/search/titlesearch.xhtml,1620584883,14:28:03,20210509
1,2019-12-31,0725.HK,HKD,2019-12-31,2019-12-31,FY,301357000,245570000,55787000,0.1851193103196541,0.0,53976000,7305000.0,892000.0,0.0,301956000,2468000.0,21003000.0,20404000.0,0.06770707167910485,-599000.0,-0.0019876757467057345,0.0,-14384000.0,-0.047730764508539705,-1186000.0,-13198000.0,-0.04379523289653136,-0.066,-0.066,198958000,198958000,https://www1.hkexnews.hk/search/titlesearch.xhtml,https://www1.hkexnews.hk/search/titlesearch.xhtml,1620584883,14:28:03,20210509
2,2018-12-31,0725.HK,HKD,2018-12-31,2018-12-31,FY,355744000,299538000,56206000,0.15799563731222452,0.0,54186000,9220000.0,1291000.0,0.0,355371000,1104000.0,16146000.0,16519000.0,0.04643507690923811,373000.0,0.0010485067914005578,0.0,622000.0,0.0017484483223891337,2382000.0,-1760000.0,-0.004947377889718449,-0.009,-0.009,198958000,198958000,https://www1.hkexnews.hk/search/titlesearch.xhtml,https://www1.hkexnews.hk/search/titlesearch.xhtml,1620584883,14:28:03,20210509
3,2017-12-31,0725.HK,HKD,2017-12-31,2017-12-31,FY,364401000,282099000,82302000,0.2258555821745824,0.0,52213000,9150000.0,1253000.0,0.0,336615000,1000000.0,14881000.0,42667000.0,0.11708804311733502,27786000.0,0.07625116286728083,0.0,25461000.0,0.06987082911408037,6178000.0,19283000.0,0.052916978822780396,0.097,0.097,198958000,198958000,https://www1.hkexnews.hk/search/titlesearch.xhtml,https://www1.hkexnews.hk/search/titlesearch.xhtml,1620584883,14:28:03,20210509
4,2016-12-31,0725.HK,HKD,2016-12-31,2016-12-31,FY,359035000,278766000,80269000,0.223568732853343,0.0,54159000,8887000.0,691000.0,0.0,337423000,1138000.0,15056000.0,36668000.0,0.10212931886863398,21612000.0,0.06019468854011447,0.0,18735000.0,0.05218154218948014,4113000.0,14622000.0,0.04072583452866712,0.073,0.073,198958000,198958000,https://www1.hkexnews.hk/search/titlesearch.xhtml,https://www1.hkexnews.hk/search/titlesearch.xhtml,1620584883,14:28:03,20210509
5,2015-12-31,0725.HK,HKD,2015-12-31,2015-12-31,FY,401669000,327721000,73948000,0.18410183509307415,0.0,53054000,10011000.0,488000.0,0.0,384077000,965000.0,15086000.0,32678000.0,0.0813555439926905,17592000.0,0.0437972559495505,0.0,15210000.0,0.03786699994273892,3522000.0,11688000.0,0.029098586149292078,0.059,0.059,198958000,198958000,https://www1.hkexnews.hk/search/titlesearch.xhtml,https://www1.hkexnews.hk/search/titlesearch.xhtml,1620584883,14:28:03,20210509
6,2014-12-31,0725.HK,HKD,2014-12-31,2014-12-31,FY,455403000,370935000,84468000,0.18547967404694304,0.0,49668000,10408000.0,754000.0,0.0,424585000,1029000.0,14875000.0,45693000.0,0.1003353074090421,30818000.0,0.06767193013660429,0.0,25916000.0,0.05690783767344528,6999000.0,18917000.0,0.0415390324613584,0.095,0.095,198958000,198958000,https://www1.hkexnews.hk/search/titlesearch.xhtml,https://www1.hkexnews.hk/search/titlesearch.xhtml,1620584883,14:28:03,20210509
7,2013-12-31,0725.HK,HKD,2013-12-31,2013-12-31,FY,466706000,382952000,83754000,0.17945773141978033,0.0,50235000,9182000.0,396000.0,0.0,436032000,2072000.0,12776000.0,43450000.0,0.09309929591648704,30674000.0,0.06572446036691193,0.0,29470000.0,0.0631446778057278,8254000.0,21216000.0,0.045459025596414016,0.107,0.107,198958000,198958000,https://www1.hkexnews.hk/search/titlesearch.xhtml,https://www1.hkexnews.hk/search/titlesearch.xhtml,1620584883,14:28:03,20210509
8,2012-12-31,0725.HK,HKD,2012-12-31,2012-12-31,FY,430958000,362290000,68668000,0.15933803294056498,0.0,45490000,7339000.0,0.0,0.0,404952000,2593000.0,11593000.0,37599000.0,0.08724516078132905,26006000.0,0.0603446275507126,0.0,23413000.0,0.05432779992481866,3459000.0,19954000.0,0.04630149573740364,0.1,0.1,198958000,198958000,https://www1.hkexnews.hk/search/titlesearch.xhtml,https://www1.hkexnews.hk/search/titlesearch.xhtml,1620584883,14:28:03,20210509
9,2011-12-31,0725.HK,HKD,2011-12-31,2011-12-31,FY,472445000,402696000,69749000,0.14763411614050312,0.0,45143000,8328000.0,0.0,0.0,451111000,1584000.0,10975000.0,32309000.0,0.0683867963466647,21334000.0,0.045156579072696296,0.0,15500000.0,0.03280805173088931,225000.0,15275000.0,0.03233180581866672,0.077,0.077,198958000,198958000,https://www1.hkexnews.hk/search/titlesearch.xhtml,https://www1.hkexnews.hk/search/titlesearch.xhtml,1620584883,14:28:03,20210509
10,2010-12-31,0725.HK,HKD,2010-12-31,2010-12-31,FY,477320000,379951000,97369000,0.20399103326908574,0.0,46645000,8461000.0,0.0,0.0,432637000,1133000.0,10949000.0,55632000.0,0.11655074164082796,44683000.0,0.09361225173887538,0.0,43554000.0,0.09124696220564821,6130000.0,37424000.0,0.07840442470460068,0.188,0.188,198958000,198958000,https://www1.hkexnews.hk/search/titlesearch.xhtml,https://www1.hkexnews.hk/search/titlesearch.xhtml,1620584883,14:28:03,20210509
11,2009-12-31,0725.HK,HKD,2009-12-31,2009-12-31,FY,411192000,313807000,97385000,0.23683583338197242,0.0,45286000,8875000.0,0.0,0.0,374289000,1589000.0,0.0,36903000.0,0.08974639584427713,36903000.0,0.08974639584427713,0.0,35314000.0,0.08588202105099321,5123000.0,30191000.0,0.0734231210723944,0.152,0.152,198958000,198958000,https://www1.hkexnews.hk/search/titlesearch.xhtml,https://www1.hkexnews.hk/search/titlesearch.xhtml,1620584883,14:28:03,20210509
12,2008-12-31,0725.HK,HKD,2008-12-31,2008-12-31,FY,507628000,421229000,86399000,0.17020140732977693,0.0,43999000,11522000.0,0.0,0.0,477944000,4724000.0,900000.0,30584000.0,0.0602488436414067,29684000.0,0.058475891794778856,0.0,24960000.0,0.04916986454647892,2666000.0,22294000.0,0.04391798718746799,0.112,0.112,198958000,198958000,https://www1.hkexnews.hk/search/titlesearch.xhtml,https://www1.hkexnews.hk/search/titlesearch.xhtml,1620584883,14:28:03,20210509
13,2007-12-31,0725.HK,HKD,2007-12-31,2007-12-31,FY,470496000,390008000,80488000,0.17107052982384546,0.0,46067000,9521000.0,9876000.0,0.0,447826000,6306000.0,0.0,32546000.0,0.06917380806638102,22670000.0,0.048183193906005575,0.0,26240000.0,0.05577093110249609,1842000.0,24398000.0,0.05185591375909678,0.123,0.123,198958000,198958000,https://www1.hkexnews.hk/search/titlesearch.xhtml,https://www1.hkexnews.hk/search/titlesearch.xhtml,1620584883,14:28:03,20210509
14,2006-12-31,0725.HK,HKD,2006-12-31,2006-12-31,FY,439352000,349764000,89588000,0.20390939383455634,0.0,43538000,8692000.0,1892000.0,0.0,404973000,5268000.0,1726000.0,36105000.0,0.08217784373349843,34379000.0,0.07824933083268086,0.0,31003000.0,0.07056528705912343,1543000.0,29460000.0,0.06705329667328247,0.148,0.148,198958000,198958000,https://www1.hkexnews.hk/search/titlesearch.xhtml,https://www1.hkexnews.hk/search/titlesearch.xhtml,1620584883,14:28:03,20210509
15,2005-12-31,0725.HK,HKD,2005-12-31,2005-12-31,FY,375383000,294940000,80443000,0.21429579922372616,0.0,40756000,9677000.0,731000.0,0.0,348172000,3464000.0,8307000.0,35518000.0,0.09461803011857223,27211000.0,0.07248863161091472,0.0,26849000.0,0.07152428319875967,1441000.0,25408000.0,0.06768553717136898,0.128,0.128,198958000,198958000,https://www1.hkexnews.hk/search/titlesearch.xhtml,https://www1.hkexnews.hk/search/titlesearch.xhtml,1620584883,14:28:03,20210509
16,2004-12-31,0725.HK,HKD,2004-12-31,2004-12-31,FY,303143000,236976000,66167000,0.21826992541473825,0.0,40727000,7284000.0,220000.0,0.0,287547000,2004000.0,9280000.0,24876000.0,0.08206028178120557,15596000.0,0.051447666612786706,0.0,13975000.0,0.04610035527787216,-1175000.0,15150000.0,0.0499764137717183,0.076,0.076,198958000,198958000,https://www1.hkexnews.hk/search/titlesearch.xhtml,https://www1.hkexnews.hk/search/titlesearch.xhtml,1620584883,14:28:03,20210509
17,2003-12-31,0725.HK,HKD,2003-12-31,2003-12-31,FY,238928000,176161000,62767000,0.26270257148597065,0.0,39489000,7682000.0,213000.0,0.0,224868000,1396000.0,8147000.0,22207000.0,0.09294431795352574,14060000.0,0.05884617960222326,0.0,15615000.0,0.06535441639322306,-104000.0,15719000.0,0.06578969396638318,0.079,0.079,198958000,198958000,https://www1.hkexnews.hk/search/titlesearch.xhtml,https://www1.hkexnews.hk/search/titlesearch.xhtml,1620584883,14:28:03,20210509
18,2002-12-31,0725.HK,HKD,2002-12-31,2002-12-31,FY,227635000,170277000,57358000,0.2519735541546774,0.0,38991000,5610000.0,211000.0,0.0,216329000,1454000.0,9303000.0,20609000.0,0.09053528675291585,11306000.0,0.049667230434687105,0.0,10063000.0,0.044206734465262375,1584000.0,8479000.0,0.03724822632723439,0.043,0.043,198958000,198958000,https://www1.hkexnews.hk/search/titlesearch.xhtml,https://www1.hkexnews.hk/search/titlesearch.xhtml,1620584883,14:28:03,20210509
