,date,symbol,reportedCurrency,fillingDate,acceptedDate,period,revenue,costOfRevenue,grossProfit,grossProfitRatio,researchAndDevelopmentExpenses,generalAndAdministrativeExpenses,sellingAndMarketingExpenses,otherExpenses,operatingExpenses,costAndExpenses,interestExpense,depreciationAndAmortization,ebitda,ebitdaratio,operatingIncome,operatingIncomeRatio,totalOtherIncomeExpensesNet,incomeBeforeTax,incomeBeforeTaxRatio,incomeTaxExpense,netIncome,netIncomeRatio,eps,epsdiluted,weightedAverageShsOut,weightedAverageShsOutDil,link,finalLink,timestamp,est_time,est_date
0,2020-12-31,FLS,USD,2021-02-23,2021-02-23 16:03:20,FY,3728134000,2611365000,1116769000,0.29955173285080416,0.0,878245000,0.0,-10254000.0,878245000,3489610000,57386000.0,100753000,339277000,0.09100450788517794,238524000,0.06397945996576303,1499000.0,186812000,0.05010871390352385,60031000.0,116326000.0,0.031202204641785945,0.8877543233054016,0.8877543233054016,130343000,130995000,https://www.sec.gov/Archives/edgar/data/30625/000003062521000034/0000030625-21-000034-index.htm,https://www.sec.gov/Archives/edgar/data/30625/000003062521000034/fls-20201231.htm,1620592125,16:28:45,20210509
1,2019-12-31,FLS,USD,2020-02-18 00:00:00,2020-02-18 06:07:43,FY,3944850000,2649480000,1295370000,0.3283698999961976,0.0,899813000,0.0,-17619000.0,899813000,3549293000,54980000.0,104481000,500038000,0.12675716440422322,395557000,0.10027174670773287,-7136000.0,341850000,0.08665728734932887,80070000.0,253668000.0,0.06430358568766874,1.94,1.93,131034000,131689000,https://www.sec.gov/Archives/edgar/data/30625/000003062520000007/0000030625-20-000007-index.html,https://www.sec.gov/Archives/edgar/data/30625/000003062520000007/fls12312019financialst.htm,1620592125,16:28:45,20210509
2,2018-12-31,FLS,USD,2019-02-20 00:00:00,2019-02-20 16:04:30,FY,3832666000,2644830000,1187836000,0.30992421463284303,0.0,943714000,0.0,-19569000.0,943714000,3588544000,58160000.0,112473000,356595000,0.09304097982970601,244122000,0.06369508848409958,-16153000.0,176274000,0.04599252843842902,51224000.0,119671000.0,0.031223957422848742,0.9147550507173815,0.9116331863092382,130823000,131271000,https://www.sec.gov/Archives/edgar/data/30625/000003062519000009/0000030625-19-000009-index.html,https://www.sec.gov/Archives/edgar/data/30625/000003062519000009/fls12312018financialstatem.htm,1620592125,16:28:45,20210509
3,2017-12-31,FLS,USD,2018-02-28 00:00:00,2018-02-28 16:03:59,FY,3660831000,2575454000,1085377000,0.29648377649774055,0.0,903864000,0.0,-16114000.0,903864000,3479318000,59730000.0,118454000,299967000,0.08193959240401974,181513000,0.04958245819050374,137795000.0,263007000,0.07184352405232583,258679000.0,2652000.0,0.0007244256836767389,0.020310477663835556,0.02021649641713676,130573000,131180000,https://www.sec.gov/Archives/edgar/data/30625/000162828018002486/0001628280-18-002486-index.html,https://www.sec.gov/Archives/edgar/data/30625/000162828018002486/fls12312017financialstatem.htm,1620592125,16:28:45,20210509
4,2016-12-31,FLS,USD,2017-02-16 00:00:00,2017-02-16 16:02:46,FY,3991462000,2759908000,1231554000,0.3085470937716556,0.0,965322000,0.0,3301000.0,965322000,3725230000,60137000.0,116752000,382984000,0.09595080699753625,266232000,0.06670037194391429,14524000.0,223423000,0.055975229126570665,75286000.0,145060000.0,0.03634257322254352,1.1121503925417076,1.10753960679519,130432000,130975000,https://www.sec.gov/Archives/edgar/data/30625/000003062517000046/0000030625-17-000046-index.html,https://www.sec.gov/Archives/edgar/data/30625/000003062517000046/fls12312016financialstatem.htm,1620592125,16:28:45,20210509
5,2015-12-31,FLS,USD,2016-02-18 00:00:00,2016-02-18 16:02:55,FY,4561030000,3073712000,1487318000,0.32609257119554136,0.0,971611000,0.0,-40167000.0,971611000,4045323000,65270000.0,127087000,642794000,0.14093176322014983,515707000,0.11306810084564232,-30306000.0,422196000,0.09256593357202211,148922000.0,267669000.0,0.05868608625683234,2.01,2.0,133074000,133811000,https://www.sec.gov/Archives/edgar/data/30625/000003062516000121/0000030625-16-000121-index.html,https://www.sec.gov/Archives/edgar/data/30625/000003062516000121/fls12312015financialstatem.htm,1620592125,16:28:45,20210509
6,2014-12-31,FLS,USD,2015-02-17,2015-02-17 16:08:50,FY,4877885000,3163268000,1714617000,0.3515082868907324,0.0,936900000,0.0,2000000.0,936900000,4100168000,60322000.0,110277000,887994000,0.18204488215691841,777717000,0.159437338108627,14115000.0,733190000,0.15030899662456168,208305000.0,518824000.0,0.10636249112063938,3.79,3.76,136912000,137843000,https://www.sec.gov/Archives/edgar/data/30625/000003062515000021/fls12312014financialstatem.htm,https://www.sec.gov/Archives/edgar/data/30625/000003062515000021/fls12312014financialstatem.htm,1620592125,16:28:45,20210509
7,2013-12-31,FLS,USD,2014-02-18,2014-02-18 16:02:50,FY,4954619000,3266524000,1688095000,0.34071136448635103,0.0,966829000,0.0,-14280000.0,966829000,4233353000,54413000.0,106392000,827658000,0.16704775886904724,721266000,0.14557446294054094,24737000.0,693021000,0.13987372187447714,204701000.0,485530000.0,0.09799542608624397,3.43,3.41,141599000,142429000,https://www.sec.gov/Archives/edgar/data/30625/000003062514000017/fls12312013financialstatem.htm,https://www.sec.gov/Archives/edgar/data/30625/000003062514000017/fls12312013financialstatem.htm,1620592125,16:28:45,20210509
8,2012-12-31,FLS,USD,2013-02-21 00:00:00,2013-02-21 16:04:05,FY,4751339000,3170388000,1580951000,0.3327379923848835,0.0,922125000,0.0,-21647000.0,922125000,4092513000,43520000.0,107226000,766052000,0.16122865575367282,658826000,0.13866112268562608,-4695000.0,611565000,0.1287142424482867,160766000.0,448339000.0,0.09436055815002886,2.86,2.836667,156849000,157968000,https://www.sec.gov/Archives/edgar/data/30625/000003062513000019/0000030625-13-000019-index.html,https://www.sec.gov/Archives/edgar/data/30625/000003062513000019/fls12312012financialstatem.htm,1620592125,16:28:45,20210509
9,2011-12-31,FLS,USD,2012-02-22 00:00:00,2012-02-22 16:07:42,FY,4510201000,2996555000,1513646000,0.335604998535542,0.0,914080000,0.0,0.0,894969000,3891524000,36181000.0,104821000,723498000,0.16041369331433344,618677000,0.13717282223120433,3678000.0,587755000,0.1303168084970049,158524000.0,428582000.0,0.09502503325239829,2.573333,2.546667,165819000,168306000,https://www.sec.gov/Archives/edgar/data/30625/000003062512000005/0000030625-12-000005-index.html,https://www.sec.gov/Archives/edgar/data/30625/000003062512000005/fls1231201110k.htm,1620592125,16:28:45,20210509
10,2010-12-31,FLS,USD,2011-02-23,2011-02-23 16:07:09,FY,4032036000,2622343000,1409693000,0.349623118444379,0.0,844990000,0.0,0.0,844990000,3467333000,34301000.0,101294000,665997000,0.16517635259208996,564703000,0.14005405705703025,-1700000.0,530277000,0.1315159388457841,141596000.0,388290000.0,0.09630122350098065,2.32,2.293333,167292000,169245000,https://www.sec.gov/Archives/edgar/data/30625/000095012311017117/d78719e10vk.htm,https://www.sec.gov/Archives/edgar/data/30625/000095012311017117/d78719e10vk.htm,1620592125,16:28:45,20210509
11,2009-12-31,FLS,USD,2010-02-24 00:00:00,2010-02-24 16:37:13,FY,4365262000,2817130000,1548132000,0.3546481287950185,0.0,934451000,0.0,0.0,934451000,3751581000,40005000.0,95445000,709126000,0.1624475231956295,613681000,0.14058285619511499,7868000.0,584791000,0.13396469673527042,156460000.0,427887000.0,0.09802092062286295,2.553333,2.53,167520000,169086000,https://www.sec.gov/Archives/edgar/data/30625/000095012310016384/0000950123-10-016384-index.html,https://www.sec.gov/Archives/edgar/data/30625/000095012310016384/d70823e10vk.htm,1620592125,16:28:45,20210509
12,2008-12-31,FLS,USD,2009-02-25 00:00:00,2009-02-25 17:08:29,FY,4473473000,2893161000,1580312000,0.35326288992914456,0.0,984403000,0.0,0.0,984403000,3877564000,51293000.0,81442000,677351000,0.15141501915849273,595909000,0.13320947728979252,20163000.0,590134000,0.13191853398913997,147721000.0,442413000.0,0.09889698674832731,2.606667,2.58,169803000,171540000,https://www.sec.gov/Archives/edgar/data/30625/000095013409003726/0000950134-09-003726-index.html,https://www.sec.gov/Archives/edgar/data/30625/000095013409003726/d66474e10vk.htm,1620592125,16:28:45,20210509
13,2007-12-31,FLS,USD,2008-02-27,2008-02-27 16:52:48,FY,3762694000,2514972000,1247722000,0.3316033671619324,0.0,856501000,0.0,0.0,837806000,3352778000,0.0,79463000,489379000,0.13006080218056532,409916000,0.10894215686951955,24642000.0,360068000,0.09569420207968014,104294000.0,255774000.0,0.06797629570727781,1.51,1.486667,169386755,172045291,https://www.sec.gov/Archives/edgar/data/30625/000095013408003592/d54035e10vk.htm,https://www.sec.gov/Archives/edgar/data/30625/000095013408003592/d54035e10vk.htm,1620592125,16:28:45,20210509
14,2006-12-31,FLS,USD,2007-03-01,2007-03-01 17:09:50,FY,3061063000,2053761000,1007302000,0.329069346171575,0.0,782503000,0.0,0.0,767683000,2821444000,0.0,72714000,312333000,0.10203416264219325,239619000,0.07827966951349907,20558000.0,187276000,0.06118005411845493,73238000.0,115032000.0,0.03757910242291648,0.686667,0.673333,167522330,170839604,https://www.sec.gov/Archives/edgar/data/30625/000095013407004599/d42679e10vk.htm,https://www.sec.gov/Archives/edgar/data/30625/000095013407004599/d42679e10vk.htm,1620592125,16:28:45,20210509
15,2005-12-31,FLS,USD,2006-06-30,2006-06-30 06:05:57,FY,2695277000,1833446000,861831000,0.31975600281529504,0.0,671738000,0.0,0.0,671738000,2505184000,0.0,73482000,263575000,0.09779143293991675,190093000,0.07052818689878629,-36095000.0,-83272000,-0.030895525765997335,37092000.0,11835000.0,0.004391014355852849,0.07,0.07,169071429,169071429,https://www.sec.gov/Archives/edgar/data/30625/000095013406012442/d37184e10vk.htm,https://www.sec.gov/Archives/edgar/data/30625/000095013406012442/d37184e10vk.htm,1620592125,16:28:45,20210509
16,2004-12-31,FLS,USD,2006-02-13,2006-02-13 16:33:17,FY,2638199000,1859383000,778816000,0.2952074502340422,0.0,623035000,0.0,0.0,623035000,2482418000,0.0,78205000,233986000,0.08869156572343481,155781000,0.059048237073852275,-17083000.0,59624000,0.022600266318045,39470000.0,24200000.0,0.009172924407900997,0.146667,0.143333,165000000,168837209,https://www.sec.gov/Archives/edgar/data/30625/000095013406002644/d26473e10vk.htm,https://www.sec.gov/Archives/edgar/data/30625/000095013406002644/d26473e10vk.htm,1620592125,16:28:45,20210509
17,2003-12-31,FLS,USD,2004-04-27,2004-04-27 11:38:23,FY,2404371000,1681950000,722421000,0.3004615344304186,0.0,539782000,0.0,0.0,559550000,2241500000,0.0,77592000,240463000,0.10001077204807411,162871000,0.0677395460184805,-28583000.0,73835000,0.03070865519505933,20947000.0,98310000.0,0.040888032670498856,0.5943269614421995,0.5932080663263459,165414000,165726000,https://www.sec.gov/Archives/edgar/data/30625/000104746904013685/a2132200z10-k.htm,https://www.sec.gov/Archives/edgar/data/30625/000104746904013685/a2132200z10-k.htm,1620592125,16:28:45,20210509
18,2002-12-31,FLS,USD,2002-12-31,2002-12-31,FY,2251331000,1565800000,685531000,0.3045003155910881,0.0,476923000,0.0,0.0,493102000,2058902000,0.0,70462000,262891000,0.11677136769315574,192429000,0.08547343771306841,-23605000.0,92070000,0.040895807857662864,31674000.0,53025000.0,0.023552733916070094,0.34,0.34,155955882,155955882,,,1620592125,16:28:45,20210509
19,2001-12-31,FLS,USD,2001-12-31,2001-12-31,FY,1917507000,1302955000,614552000,0.32049530979547924,0.0,410563000,0.0,0.0,410563000,1713518000,0.0,80591000,284580000,0.1484114529959995,203989000,0.10638240173308364,-60288000.0,25629000,0.013365792145739233,9275000.0,-1497000.0,-0.0007807011917036026,-0.013333333333333334,-0.012971820734116669,112275000,115404000,,,1620592125,16:28:45,20210509
20,2000-12-31,FLS,USD,2000-12-31,2000-12-31,FY,1538293000,974344000,563949000,0.3666070117981425,24800000.0,335506000,0.0,0.0,417343000,1391687000,0.0,57037000,203643000,0.1323824524976711,146606000,0.0953043405905117,-53101000.0,23184000,0.015071251055553136,7876000.0,13241000.0,0.008607592961808967,0.116667,0.116667,113526000,113526000,,,1620592125,16:28:45,20210509
21,1999-12-31,FLS,USD,1999-12-31,1999-12-31,FY,1061300000,658300000,403000000,0.3797229812494111,25600000.0,275900000,0.0,0.0,341100000,999400000,0.0,39600000,101500000,0.09563742579854895,61900000,0.05832469612739093,-28100000.0,18300000,0.017243003863186657,6100000.0,12200000.0,0.011495335908791105,0.106667,0.106667,113568000,113568000,,,1620592125,16:28:45,20210509
22,1998-12-31,FLS,USD,1998-12-31,1998-12-31,FY,1083100000,628500000,454600000,0.4197211707136922,26400000.0,265600000,0.0,0.0,331300000,959800000,0.0,39300000,162600000,0.1501246422306343,123300000,0.11383990397931862,-37000000.0,73200000,0.06758378727725972,25500000.0,48900000.0,0.045148185763087434,0.40854178154293447,0.4026139078108506,119694000,121456311,,,1620592125,16:28:45,20210509
23,1997-12-31,FLS,USD,1997-12-31,1997-12-31,FY,1152200000,664300000,487900000,0.42345078979343864,26900000.0,285900000,0.0,0.0,351800000,1016100000,0.0,39000000,175100000,0.15197014407220968,136100000,0.1181218538448186,-33000000.0,89800000,0.07793785801076202,38200000.0,51600000.0,0.04478389168547127,0.42057902973395933,0.4202874751668951,122688000,122773109,,,1620592125,16:28:45,20210509
24,1996-12-31,FLS,USD,1996-12-31,1996-12-31,FY,605454000,361354000,244100000,0.4031685313830613,15482000.0,147223000,0.0,0.0,169250000,530604000,0.0,20089000,94939000,0.15680629742309077,74850000,0.12362623750111487,-5778000.0,64151000,0.10595520056024074,20900000.0,43251000.0,0.07143564994202697,0.5897005890052356,0.5842183011627174,73344000,74032258,,,1620592125,16:28:45,20210509
25,1995-12-31,FLS,USD,1995-12-31,1995-12-31,FY,532726000,317306000,215420000,0.4043729797306683,14972000.0,137346000,0.0,0.0,152145000,469451000,0.0,19093000,82368000,0.15461606904862912,63275000,0.11877588103452807,-5042000.0,50122000,0.09408589030758777,19450000.0,30672000.0,0.057575564173702805,0.413333,0.413333,74211000,74211000,,,1620592125,16:28:45,20210509
26,1994-12-31,FLS,USD,1995-02-24 00:00:00,1995-02-24 00:00:00,FY,345388000,217249000,128139000,0.3710001505553175,9613000.0,85345000,0.0,0.0,96855000,314104000,0.0,14017000,45301000,0.13115973919186538,31284000,0.09057639524245197,0.0,26938000,0.0779934450530997,9780000.0,17158000.0,0.0496774641852062,0.3,0.3,57441000,57441000,https://www.sec.gov/Archives/edgar/data/30625/000095015295000230/0000950152-95-000230-index.html,https://www.sec.gov/Archives/edgar/data/30625/0000950152-95-000230.txt,1620592125,16:28:45,20210509
