,date,symbol,reportedCurrency,fillingDate,acceptedDate,period,revenue,costOfRevenue,grossProfit,grossProfitRatio,researchAndDevelopmentExpenses,generalAndAdministrativeExpenses,sellingAndMarketingExpenses,otherExpenses,operatingExpenses,costAndExpenses,interestExpense,depreciationAndAmortization,ebitda,ebitdaratio,operatingIncome,operatingIncomeRatio,totalOtherIncomeExpensesNet,incomeBeforeTax,incomeBeforeTaxRatio,incomeTaxExpense,netIncome,netIncomeRatio,eps,epsdiluted,weightedAverageShsOut,weightedAverageShsOutDil,link,finalLink,timestamp,est_time,est_date
0,2020-12-31,TRU,USD,2021-02-16,2021-02-16 06:42:48,FY,2716000000,920000000,1796000000,0.6612665684830633,0.0,860000000,0.0,1288000000.0,2148000000.0,3068000000.0,126000000,367000000,934000000,0.3438880706921944,567000000,0.20876288659793815,0.0,455000000.0,0.16752577319587628,-100000000.0,355000000.0,0.13070692194403535,1.8783068783068784,1.8489583333333333,189000000,192000000,https://www.sec.gov/Archives/edgar/data/1552033/000155203321000008/0001552033-21-000008-index.htm,https://www.sec.gov/Archives/edgar/data/1552033/000155203321000008/ck0001552033-20201231.htm,1620599055,18:24:15,20210509
1,2019-12-31,TRU,USD,2020-02-18,2020-02-18 07:00:14,FY,2656100000,874100000,1782000000,0.6709084748315199,0.0,812100000,0.0,3900000.0,1174200000.0,2048300000.0,173600000,362100000,969900000,0.36515944429803093,607800000,0.2288317457927036,15800000.0,440500000.0,0.16584465946312263,83900000.0,346900000.0,0.130605022401265,1.85,1.81,187800000,191800000,https://www.sec.gov/Archives/edgar/data/1552033/000155203320000014/0001552033-20-000014-index.htm,https://www.sec.gov/Archives/edgar/data/1552033/000155203320000014/transunion-20191231x10k.htm,1620599055,18:24:15,20210509
2,2018-12-31,TRU,USD,2019-02-14,2019-02-14 16:22:10,FY,2317200000,790100000,1527100000,0.6590281374072156,0.0,707700000,0.0,-5100000.0,1014600000.0,1804700000.0,137500000,306900000,819400000,0.35361643362679096,512500000,0.22117210426376663,-23400000.0,343500000.0,0.14823925427239773,54500000.0,276600000.0,0.11936820300362506,1.5,1.45,184600000,190900000,https://www.sec.gov/Archives/edgar/data/1552033/000155203319000010/0001552033-19-000010-index.htm,https://www.sec.gov/Archives/edgar/data/1552033/000155203319000010/transunion-20181231x10k.htm,1620599055,18:24:15,20210509
3,2017-12-31,TRU,USD,2018-02-13,2018-02-13 16:56:33,FY,1933800000,645700000,1288100000,0.6660978384527872,0.0,585400000,0.0,-19200000.0,823400000.0,1469100000.0,87600000,238000000,702700000,0.36337780535732755,464700000,0.24030406453614644,1800000.0,372500000.0,0.19262591788189057,-79100000.0,441200000.0,0.22815182542145,2.42,2.32,182400000,189900000,https://www.sec.gov/Archives/edgar/data/1552033/000155203318000018/0001552033-18-000018-index.htm,https://www.sec.gov/Archives/edgar/data/1552033/000155203318000018/transunion-20171231x10k.htm,1620599055,18:24:15,20210509
4,2016-12-31,TRU,USD,2017-02-15,2017-02-15 06:50:01,FY,1704900000,579100000,1125800000,0.6603319842806029,0.0,560100000,0.0,-4700000.0,825300000.0,1404400000.0,85500000,265200000,565700000,0.331808317203355,300500000,0.17625667194556865,-12800000.0,205400000.0,0.12047627426828553,74000000.0,120600000.0,0.07073728664437796,0.66,0.65,182600000,184600000,https://www.sec.gov/Archives/edgar/data/1552033/000155203317000014/0001552033-17-000014-index.htm,https://www.sec.gov/Archives/edgar/data/1552033/000155203317000014/transunion-20161231x10k.htm,1620599055,18:24:15,20210509
5,2015-12-31,TRU,USD,2016-02-19,2016-02-19 16:58:28,FY,1506800000,531600000,975200000,0.64719936288824,0.0,499700000,0.0,-4900000.0,778100000.0,1309700000.0,134200000,278400000,475500000,0.31556941863551896,197100000,0.13080700822936023,-1100000.0,26600000.0,0.01765330501725511,11300000.0,5900000.0,0.003915582691797186,0.03569267997580157,0.03537170263788969,165300000,166800000,https://www.sec.gov/Archives/edgar/data/1552033/000155203316000079/0001552033-16-000079-index.htm,https://www.sec.gov/Archives/edgar/data/1552033/000155203316000079/transunion-20151231x10k.htm,1620599055,18:24:15,20210509
6,2014-12-31,TRU,USD,2015-03-30,2015-03-30 17:15:36,FY,1304700000,499100000,805600000,0.6174599524794973,0.0,436000000,0.0,60700000.0,677200000.0,1176300000.0,190000000,241200000,369600000,0.28328351345136815,128400000,0.09841342837433893,71100000.0,-1800000.0,-0.0013796275005748448,2600000.0,-12500000.0,-0.009580746531769756,-0.084517,-0.084517,147900000,147900000,https://www.sec.gov/Archives/edgar/data/1552033/000155203315000013/0001552033-15-000013-index.htm,https://www.sec.gov/Archives/edgar/data/1552033/000155203315000013/transunion-20141231x10k.htm,1620599055,18:24:15,20210509
7,2013-12-31,TRU,USD,2014-02-27,2014-02-27 14:59:33,FY,1183200000,473900000,709300000,0.59947599729547,0.0,353300000,0.0,700000.0,540100000.0,1014000000.0,197600000,186800000,356000000,0.3008789722785666,169200000,0.14300202839756593,4600000.0,-25900000.0,-0.02188979039891819,2300000.0,-35100000.0,-0.02966531440162272,-0.237323,-0.237323,147900000,147900000,https://www.sec.gov/Archives/edgar/data/1552033/000155203314000018/0001552033-14-000018-index.htm,https://www.sec.gov/Archives/edgar/data/1552033/000155203314000018/transunion-20131231x10k.htm,1620599055,18:24:15,20210509
8,2012-12-31,TRU,USD,2013-02-25,2013-02-25 17:19:36,FY,1140000000,470200000,669800000,0.5875438596491228,0.0,383700000,0.0,413200000.0,527900000.0000001,998100000.0000001,125000000,144200000,286100000,0.2509649122807018,141900000,0.12447368421052632,-21700000.0,8300000.0,0.007280701754385965,6600000.0,-11900000.0,-0.01043859649122807,-0.119,-0.119,147900000,147900000,https://www.sec.gov/Archives/edgar/data/1552033/000119312513074352/0001193125-13-074352-index.htm,https://www.sec.gov/Archives/edgar/data/1552033/000119312513074352/d443807d10k.htm,1620599055,18:24:15,20210509
