,date,symbol,reportedCurrency,fillingDate,acceptedDate,period,revenue,costOfRevenue,grossProfit,grossProfitRatio,researchAndDevelopmentExpenses,generalAndAdministrativeExpenses,sellingAndMarketingExpenses,otherExpenses,operatingExpenses,costAndExpenses,interestExpense,depreciationAndAmortization,ebitda,ebitdaratio,operatingIncome,operatingIncomeRatio,totalOtherIncomeExpensesNet,incomeBeforeTax,incomeBeforeTaxRatio,incomeTaxExpense,netIncome,netIncomeRatio,eps,epsdiluted,weightedAverageShsOut,weightedAverageShsOutDil,link,finalLink,timestamp,est_time,est_date
0,2021-01-02,USNA,USD,2021-03-02,2021-03-02 15:31:47,FY,1134644000.0,209111000.0,925533000.0,0.8157034276830442,0.0,0.0,0.0,-571000.0,749042000.0,958153000.0,507000.0,22509000.0,199000000.0,0.17538540722905158,176491000.0,0.15554746687066603,-571000.0,177948000.0,0.1568315700783682,53284000.0,124664000.0,0.10987058495880646,5.463406082916995,5.463406082916995,22818000,22818000,https://www.sec.gov/Archives/edgar/data/896264/000143774921004694/0001437749-21-004694-index.htm,https://www.sec.gov/Archives/edgar/data/896264/000143774921004694/usna20210102_10k.htm,1620599362,18:29:22,20210509
1,2019-12-28,USNA,USD,2020-02-25 00:00:00,2020-02-25 15:22:20,FY,1060902000.0,187503000.0,873399000.0,0.8232607724370394,10259000.0,716950000.0,0.0,449219000.0,727209000.0000001,914712000.0000001,66000.0,14743000.0,160933000.0,0.15169450147138944,146190000.0,0.1377978361809102,-335000.0,150496000.0,0.14185664651400412,49970000.0,100526000.0,0.09475521772981858,4.40556,4.40556,22818000,22818000,https://www.sec.gov/Archives/edgar/data/896264/000156276220000071/0001562762-20-000071-index.html,https://www.sec.gov/Archives/edgar/data/896264/000156276220000071/usna-20191228x10k.htm,1620599362,18:29:22,20210509
2,2018-12-29,USNA,USD,2019-02-26 00:00:00,2019-02-26 15:57:16,FY,1189248000.0,200710000.0,988538000.0,0.831229482832849,8842000.0,791343000.0,0.0,514884000.0,800185000.0,1000895000.0,36000.0,16843000.0,205196000.0,0.1725426487999139,188353000.0,0.1583799173931762,-1234000.0,191510000.0,0.16103453611021418,65286000.0,126224000.0,0.10613766010117318,5.12231,5.12231,24642000,24642000,https://www.sec.gov/Archives/edgar/data/896264/000104746919000707/0001047469-19-000707-index.html,https://www.sec.gov/Archives/edgar/data/896264/000104746919000707/a2237822z10-k.htm,1620599362,18:29:22,20210509
3,2017-12-30,USNA,USD,2018-02-28 00:00:00,2018-02-28 15:08:00,FY,1047265000.0,179404000.0,867861000.0,0.8286928332370508,8952000.0,726405000.0,0.0,461311000.0,735357000.0,914761000.0,46000.0,16110000.0,148614000.0,0.14190677622187317,132504000.0,0.12652385021938095,-3000.0,134640000.0,0.1285634486018343,72105000.0,62535000.0,0.059712680171685295,2.53096,2.53096,24708000,24708000,https://www.sec.gov/Archives/edgar/data/896264/000104746918001146/0001047469-18-001146-index.html,https://www.sec.gov/Archives/edgar/data/896264/000104746918001146/a2234661z10-k.htm,1620599362,18:29:22,20210509
4,2016-12-31,USNA,USD,2017-03-01 00:00:00,2017-03-01 17:14:37,FY,1006083000.0,180190000.0,825893000.0,0.8208994685329143,0.0,234194000.0,0.0,-1106000.0,687271000.0,867461000.0,444000.0,13482000.0,152104000.0,0.1511843456255597,138622000.0,0.13778386077490626,-1106000.0,138552000.0,0.13771428401036495,38511000.0,100041000.0,0.09943613002108176,4.085808,3.99,24485000,25047000,https://www.sec.gov/Archives/edgar/data/896264/000104746917001138/0001047469-17-001138-index.html,https://www.sec.gov/Archives/edgar/data/896264/000104746917001138/a2231102z10-k.htm,1620599362,18:29:22,20210509
5,2016-01-02,USNA,USD,2016-03-01 00:00:00,2016-03-01 16:02:05,FY,918499000.0,159682000.0,758817000.0,0.8261489669558704,6420000.0,610735000.0,0.0,401740000.0,617155000.0,776837000.0,15000.0,9978000.0,151640000.0,0.1650954437620509,141662000.0,0.15423206775402043,-174000.0,142589000.0,0.15524132307166366,47917000.0,94672000.0,0.10307251287154368,3.59232,3.59232,26354000,26354000,https://www.sec.gov/Archives/edgar/data/896264/000104746916010629/0001047469-16-010629-index.html,https://www.sec.gov/Archives/edgar/data/896264/000104746916010629/a2227525z10-k.htm,1620599362,18:29:22,20210509
6,2015-01-03,USNA,USD,2015-03-17,2015-03-17 16:28:43,FY,790500000.0,140800000.0,649700000.0,0.8218848829854523,5100000.0,528400000.0,0.0,343916000.0,533599999.9999999,674399999.9999999,129000.0,8810000.0,124910000.0,0.15801391524351677,116100000.0,0.14686907020872866,-800000.0,115700000.0,0.1463630613535737,39017000.0,76600000.0,0.09690069576217583,2.79562,2.79562,27400000,27400000,https://www.sec.gov/Archives/edgar/data/896264/000104746915002349/a2223703z10-k.htm,https://www.sec.gov/Archives/edgar/data/896264/000104746915002349/a2223703z10-k.htm,1620599362,18:29:22,20210509
7,2013-12-28,USNA,USD,2014-03-13,2014-03-13 17:04:33,FY,718200000.0,127400000.0,590700000.0,0.8224728487886382,5100000.0,468900000.0,0.0,302737000.0,474100000.0,601500000.0,1000.0,9000000.0,125700000.0,0.17502088554720133,116700000.0,0.16248955722639932,-600000.0,116600000.0,0.16235032024505708,37557000.0,79000000.0,0.10999721526037315,2.78169,2.78169,28400000,28400000,https://www.sec.gov/Archives/edgar/data/896264/000104746914002329/a2218950z10-k.htm,https://www.sec.gov/Archives/edgar/data/896264/000104746914002329/a2218950z10-k.htm,1620599362,18:29:22,20210509
8,2012-12-29,USNA,USD,2013-03-11 00:00:00,2013-03-11 16:48:27,FY,648700000.0,115800000.0,532900000.0,0.8214891321103746,4700000.0,430100000.0,0.0,275842000.0,434700000.0,550500000.0,20000.0,8800000.0,107000000.0,0.16494527516571605,98200000.0,0.1513796824418067,0.0,98400000.0,0.1516879913673501,31993000.0,66400000.0,0.10235856328040696,2.22819,2.22819,29800000,29800000,https://www.sec.gov/Archives/edgar/data/896264/000104746913002524/0001047469-13-002524-index.html,https://www.sec.gov/Archives/edgar/data/896264/000104746913002524/a2213469z10-k.htm,1620599362,18:29:22,20210509
9,2011-12-31,USNA,USD,2012-03-14 00:00:00,2012-03-14 15:16:13,FY,581939000.0,101692000.0,480247000.0,0.8252531622730217,0.0,402991000.0,0.0,0.0,402991000.0,504683000.0,9000.0,8474000.0,85730000.0,0.14731784602853565,77256000.0,0.1327561823490091,40000.0,77478000.0,0.1331376656316212,26726000.0,50752000.0,0.0872118899059867,1.698527,1.63,29880000,31148000,https://www.sec.gov/Archives/edgar/data/896264/000104746912002617/0001047469-12-002617-index.html,https://www.sec.gov/Archives/edgar/data/896264/000104746912002617/a2208091z10-k.htm,1620599362,18:29:22,20210509
10,2011-01-01,USNA,USD,2011-03-14,2011-03-14 13:19:07,FY,517600000.0,95500000.0,422200000.0,0.8156877897990726,0.0,353900000.0,0.0,178309000.0,353900000.0,449400000.0,792000.0,7900000.0,76100000.0,0.14702472952086554,68200000.0,0.13176197836166925,600000.0,68900000.0,0.13311437403400309,23200000.0,45700000.0,0.08829211746522411,1.4326,1.4326,31900000,31900000,https://www.sec.gov/Archives/edgar/data/896264/000110465911014052/a11-2105_110k.htm,https://www.sec.gov/Archives/edgar/data/896264/000110465911014052/a11-2105_110k.htm,1620599362,18:29:22,20210509
11,2010-01-02,USNA,USD,2010-03-17 00:00:00,2010-03-17 12:31:16,FY,436900000.0,89800000.0,347100000.0,0.7944609750514992,0.0,296300000.0,0.0,170383000.0,296300000.0,386100000.0,806000.0,7100000.0,57900000.0,0.13252460517280842,50800000.0,0.11627374685282674,700000.0,51000000.0,0.11673151750972763,17400000.0,33600000.0,0.07690547035934997,1.08738,1.08738,30900000,30900000,https://www.sec.gov/Archives/edgar/data/896264/000104746910002352/0001047469-10-002352-index.html,https://www.sec.gov/Archives/edgar/data/896264/000104746910002352/a2197323z10-k.htm,1620599362,18:29:22,20210509
12,2009-01-03,USNA,USD,2009-03-06 00:00:00,2009-03-06 13:44:23,FY,429000000.0,88900000.0,340100000.0,0.7927738927738928,0.0,292100000.0,0.0,146251000.0,292100000.0,381000000.0,110000.0,6700000.0,54700000.0,0.1275058275058275,48000000.0,0.11188811188811189,-1100000.0,46300000.0,0.10792540792540793,16400000.0,29900000.0,0.0696969696969697,0.9257,0.9257,32300000,32300000,https://www.sec.gov/Archives/edgar/data/896264/000104746909002300/0001047469-09-002300-index.html,https://www.sec.gov/Archives/edgar/data/896264/000104746909002300/a2191328z10-k.htm,1620599362,18:29:22,20210509
13,2007-12-29,USNA,USD,2008-03-13,2008-03-13 13:54:59,FY,423100000.0,87900000.0,335300000.0,0.7924840463247459,0.0,264600000.0,0.0,124045000.0,264500000.0,352400000.0,12000.0,5300000.0,76000000.0,0.17962656582368233,70700000.0,0.16709997636492555,700000.0,71200000.0,0.1682817300874498,25500000.0,45000000.0,0.10635783502718034,1.30814,1.30814,34400000,34400000,https://www.sec.gov/Archives/edgar/data/896264/000104746908002668/a2183527z10-k.htm,https://www.sec.gov/Archives/edgar/data/896264/000104746908002668/a2183527z10-k.htm,1620599362,18:29:22,20210509
14,2006-12-30,USNA,USD,2007-03-08,2007-03-08 12:19:32,FY,365200000.0,79800000.0,285300000.0,0.7812157721796276,0.0,222800000.0,0.0,146251000.0,222899999.99999997,302700000.0,110000.0,5600000.0,68100000.0,0.18647316538882805,62500000.0,0.17113910186199344,900000.0,63900000.0,0.17497261774370207,22700000.0,40400000.0,0.11062431544359255,1.08021,1.08021,37400000,37400000,https://www.sec.gov/Archives/edgar/data/896264/000110465907017321/a07-5557_110k.htm,https://www.sec.gov/Archives/edgar/data/896264/000110465907017321/a07-5557_110k.htm,1620599362,18:29:22,20210509
15,2005-12-31,USNA,USD,2006-03-06,2006-03-06 16:20:31,FY,327742000.0,78016000.0,249726000.0,0.7619591019765547,2339000.0,189024000.0,0.0,0.0,191363000.0,269379000.0,0.0,5904000.0,64267000.0,0.19609021730507534,58363000.0,0.17807604762282528,-62000.0,58850000.0,0.17956197252717077,19856000.0,38994000.0,0.11897773248469833,1.035,0.99,37746000,39442000,https://www.sec.gov/Archives/edgar/data/896264/000110465906014297/a06-2013_110k.htm,https://www.sec.gov/Archives/edgar/data/896264/000110465906014297/a06-2013_110k.htm,1620599362,18:29:22,20210509
16,2005-01-01,USNA,USD,2005-03-15,2005-03-15 14:23:48,FY,259000000.0,57700000.0,201300000.0,0.7772200772200772,0.0,156700000.0,0.0,51174000.0,156700000.0,214400000.0,326000.0,4800000.0,49400000.0,0.19073359073359072,44600000.0,0.1722007722007722,200000.0,44800000.0,0.17297297297297298,14200000.0,30800000.0,0.11891891891891893,0.7549,0.7549,40800000,40800000,https://www.sec.gov/Archives/edgar/data/896264/000110465905011081/a05-1863_110k.htm,https://www.sec.gov/Archives/edgar/data/896264/000110465905011081/a05-1863_110k.htm,1620599362,18:29:22,20210509
17,2004-01-03,USNA,USD,2004-03-12,2004-03-12 15:55:47,FY,200000000.0,44400000.0,155600000.0,0.778,1400000.0,123100000.0,0.0,43912000.0,124500000.0,168900000.0,799000.0,3900000.0,35000000.0,0.175,31100000.0,0.1555,100000.0,31300000.0,0.1565,10500000.0,20800000.0,0.104,0.48826,0.48826,42600000,42600000,https://www.sec.gov/Archives/edgar/data/896264/000110465904007222/a04-3363_110k.htm,https://www.sec.gov/Archives/edgar/data/896264/000110465904007222/a04-3363_110k.htm,1620599362,18:29:22,20210509
18,2002-12-28,USNA,USD,2003-03-27,2003-03-27 16:03:14,FY,133800000.0,33400000.0,100400000.0,0.750373692077728,1000000.0,86600000.0,0.0,51174000.0,87600000.0,121000000.0,326000.0,4100000.0,16900000.0,0.12630792227204785,12800000.0,0.09566517189835576,0.0,12600000.0,0.09417040358744394,4100000.0,8500000.0,0.06352765321375187,0.20581,0.20581,41300000,41300000,https://www.sec.gov/Archives/edgar/data/896264/000110465903005124/j8827_10k.htm,https://www.sec.gov/Archives/edgar/data/896264/000110465903005124/j8827_10k.htm,1620599362,18:29:22,20210509
19,2001-12-29,USNA,USD,2002-03-25,2002-03-25 00:00:00,FY,114300000.0,32800000.0,81500000.0,0.7130358705161854,1100000.0,76200000.0,0.0,43912000.0,77300000.0,110100000.0,799000.0,4100000.0,8300000.0,0.0726159230096238,4200000.0,0.03674540682414698,0.0,3500000.0,0.03062117235345582,1300000.0,2200000.0,0.019247594050743656,0.0567,0.0567,38800000,38800000,https://www.sec.gov/Archives/edgar/data/896264/000110465902000881/j3085_10k.htm,https://www.sec.gov/Archives/edgar/data/896264/000110465902000881/j3085_10k.htm,1620599362,18:29:22,20210509
20,2000-12-31,USNA,USD,2001-03-30,2001-03-30 00:00:00,FY,123180000.0,32158000.0,91022000.0,0.7389348920279266,1410000.0,79971000.0,0.0,0.0,85567000.0,117725000.0,0.0,4186000.0,9641000.0,0.07826757590517941,5455000.0,0.044284786491313524,381000.0,4778000.0,0.03878876440980679,1911000.0,2867000.0,0.023274882286085402,0.07323490344334321,0.0724721941354904,39148000,39560000,https://www.sec.gov/Archives/edgar/data/896264/000091205701505753/0000912057-01-505753-index.htm,https://www.sec.gov/Archives/edgar/data/896264/000091205701505753/a2043321z10-k.htm,1620599362,18:29:22,20210509
21,2000-12-30,USNA,USD,2000-12-30,2000-12-30,FY,123200000.0,36300000.0,86800000.0,0.7045454545454546,1400000.0,80000000.0,0.0,0.0,81400000.0,117700000.0,-1100000.0,4200000.0,9700000.0,0.07873376623376624,5500000.0,0.044642857142857144,400000.0,4800000.0,0.03896103896103896,1900000.0,2900000.0,0.02353896103896104,0.07323,0.07323,39600000,39600000,,,1620599362,18:29:22,20210509
22,2000-01-01,USNA,USD,2000-01-01,2000-01-01,FY,134300000.0,30100000.0,104200000.0,0.7758749069247952,1400000.0,88800000.0,0.0,0.0,94600000.0,124700000.0,-100000.0,4500000.0,14100000.0,0.10498883097542815,9600000.0,0.07148175725986597,0.0,9600000.0,0.07148175725986597,3700000.0,5900000.0,0.04393149664929263,0.11824,0.11824,49900000,49900000,,,1620599362,18:29:22,20210509
23,1999-01-02,USNA,USD,1999-01-02,1999-01-02,FY,126300000.0,30100000.0,96200000.0,0.7616785431512272,1400000.0,79600000.0,0.0,0.0,81000000.0,111100000.0,300000.0,3400000.0,18600000.0,0.14726840855106887,15200000.0,0.12034837688044339,-100000.0,15400000.0,0.12193190815518606,5900000.0,9500000.0,0.07521773555027712,0.17056,0.17056,55700000,55700000,,,1620599362,18:29:22,20210509
24,1997-12-27,USNA,USD,1997-12-27,1997-12-27,FY,88500000.0,21200000.0,67400000.0,0.7615819209039548,1200000.0,55600000.0,0.0,0.0,56800000.0,78000000.0,100000.0,2200000.0,12700000.0,0.14350282485875707,10500000.0,0.11864406779661017,0.0,10700000.0,0.12090395480225989,4100000.0,6600000.0,0.07457627118644068,0.12383,0.12383,53300000,53300000,,,1620599362,18:29:22,20210509
25,1996-12-28,USNA,USD,1996-12-28,1996-12-28,FY,57500000.0,12600000.0,44900000.0,0.7808695652173913,800000.0,36200000.0,0.0,0.0,37000000.0,49600000.0,200000.0,900000.0,8800000.0,0.15304347826086956,7900000.0,0.1373913043478261,100000.0,8100000.0,0.1408695652173913,3100000.0,5000000.0,0.08695652173913043,0.09381,0.09381,53300000,53300000,,,1620599362,18:29:22,20210509
26,1995-12-31,USNA,USD,1995-12-31,1995-12-31,FY,24500000.0,5400000.0,19100000.0,0.7795918367346939,300000.0,0.0,0.0,0.0,0.0,21000000.0,0.0,300000.0,3800000.0,0.15510204081632653,3500000.0,0.14285714285714285,200000.0,3700000.0,0.1510204081632653,1400000.0,2300000.0,0.09387755102040816,0.0525,0.05,43809524,46000000,,,1620599362,18:29:22,20210509
27,1994-12-31,USNA,USD,1994-12-31,1994-12-31,FY,7300000.0,0.0,0.0,0.0,0.0,0.0,0.0,0.0,0.0,0.0,0.0,0.0,7300000.0,1.0,7300000.0,1.0,0.0,0.0,0.0,0.0,300000.0,0.0410958904109589,0.0075,0.0075,40000000,40000000,,,1620599362,18:29:22,20210509
