,date,symbol,reportedCurrency,fillingDate,acceptedDate,period,revenue,costOfRevenue,grossProfit,grossProfitRatio,researchAndDevelopmentExpenses,generalAndAdministrativeExpenses,sellingAndMarketingExpenses,otherExpenses,operatingExpenses,costAndExpenses,interestExpense,depreciationAndAmortization,ebitda,ebitdaratio,operatingIncome,operatingIncomeRatio,totalOtherIncomeExpensesNet,incomeBeforeTax,incomeBeforeTaxRatio,incomeTaxExpense,netIncome,netIncomeRatio,eps,epsdiluted,weightedAverageShsOut,weightedAverageShsOutDil,link,finalLink,timestamp,est_time,est_date
0,2020-12-31,2331.HK,CNY,2020-12-31,2020-12-31,FY,14456971000,7362627000,7094344000,0.4907213274481909,0.0,805058000,4424718000.0,0.0,0.0,12340687000,56789000.0,1012816000.0,3129100000.0,0.21644229624587336,2116284000,0.146385020762648,0.0,2247865000,0.15548658152527248,549381000,1698484000,0.11748546773732893,0.6921,0.6762,2454086000,2511747000,https://www1.hkexnews.hk/search/titlesearch.xhtml,https://www1.hkexnews.hk/search/titlesearch.xhtml,1620585507,14:38:27,20210509
1,2019-12-31,2331.HK,CNY,2019-12-31,2019-12-31,FY,13869630000,7064168000,6805462000,0.4906736517124105,0.0,968264000,4445070000.0,0.0,5339239000.0,12403407000,48597000.0,820971000.0,2287194000.0,0.1649066341351572,1466223000,0.10571464415416994,0.0,1856546000,0.13385692336421376,357403000,1499139000,0.1080878869876125,0.6194,0.6013,2420222000,2493006000,https://www1.hkexnews.hk/search/titlesearch.xhtml,https://www1.hkexnews.hk/search/titlesearch.xhtml,1620585507,14:38:27,20210509
2,2018-12-31,2331.HK,CNY,2018-12-31,2018-12-31,FY,10510898000,5458124000,5052774000,0.4807176323088665,0.0,679873000,3708446000.0,0.0,4337709000.0,9795833000,4320000.0,411412000.0,1126477000.0,0.10717228918023941,715065000,0.06803081906036954,0.0,850321000,0.08089898693717701,135058000,715263000,0.06804965665160104,0.2963,0.2919,2413636000,2450505000,https://www1.hkexnews.hk/search/titlesearch.xhtml,https://www1.hkexnews.hk/search/titlesearch.xhtml,1620585507,14:38:27,20210509
3,2017-12-31,2331.HK,CNY,2017-12-31,2017-12-31,FY,8873912000,4697429000,4176483000,0.4706473311883192,0.0,501066000,3273375000.0,0.0,3726245000.0,8423674000,16902000.0,369787000.0,820025000.0,0.09240851160119685,450238000,0.05073726221310286,0.0,537524000,0.060573510307517134,22369000,515155000,0.05805275057945132,0.2147,0.2087,2399231000,2435300000,https://www1.hkexnews.hk/search/titlesearch.xhtml,https://www1.hkexnews.hk/search/titlesearch.xhtml,1620585507,14:38:27,20210509
4,2016-12-31,2331.HK,CNY,2016-12-31,2016-12-31,FY,8015293000,4310065000,3705228000,0.4622698134678296,0.0,424129000,2969341000.0,0.0,3321221000.0,7631286000,84339000.0,317626000.0,701633000.0,0.08753678748861707,384007000,0.047909290402733874,0.0,287946000,0.03592457568300997,32435000,643254000,0.08025333571710978,0.2903,0.2895,2216001000,2222275000,https://www1.hkexnews.hk/search/titlesearch.xhtml,https://www1.hkexnews.hk/search/titlesearch.xhtml,1620585507,14:38:27,20210509
5,2015-12-31,2331.HK,CNY,2015-12-31,2015-12-31,FY,7089495000,3896836000,3192659000,0.4503365895596231,0.0,346149000,2720361000.0,0.0,3035590000.0,6932426000,107604000.0,253876000.0,410945000.0,0.05796534167807439,157069000,0.022155174663357546,0.0,30814000,0.004346430881184062,73768000,14309000,0.002018338400690035,0.0066,0.0066,2158877000,2158877000,https://www1.hkexnews.hk/search/titlesearch.xhtml,https://www1.hkexnews.hk/search/titlesearch.xhtml,1620585507,14:38:27,20210509
6,2014-12-31,2331.HK,CNY,2014-12-31,2014-12-31,FY,6727601000,3724092000,3003509000,0.44644576870715136,0.0,703145000,2863516000.0,0.0,3532382000.0,7256474000,116611000.0,198460000.0,-330413000.0,-0.04911304936187506,-528873000,-0.07861242068309342,0.0,-664627000,-0.09879108466747656,78877000,-781481000,-0.11616042627973924,-0.453554,-0.453554,1722978880,1722978880,https://www1.hkexnews.hk/search/titlesearch.xhtml,https://www1.hkexnews.hk/search/titlesearch.xhtml,1620585507,14:38:27,20210509
7,2013-12-31,2331.HK,CNY,2013-12-31,2013-12-31,FY,5824110000,3230134000,2593976000,0.4453858186057612,0.0,235860000,2674235000.0,0.0,2797022000.0,6027156000,130788000.0,193195000.0,-9851000.0,-0.001691417229413593,-203046000,-0.034863009112121854,0.0,-317172000,-0.054458449445494675,42219000,-391540000,-0.06722743904218842,-0.271479,-0.271479,1442066111,1442066111,https://www1.hkexnews.hk/search/titlesearch.xhtml,https://www1.hkexnews.hk/search/titlesearch.xhtml,1620585507,14:38:27,20210509
8,2012-12-31,2331.HK,CNY,2012-12-31,2012-12-31,FY,6738911000,4188977000,2549934000,0.3783896240802112,0.0,1675656000,2635404000.0,0.0,4210570000.0,8399547000,185653000.0,226839000.0,-1433797000.0,-0.21276390206073356,-1660636000,-0.2464249787539856,0.0,-1805024000,-0.26785099254167327,150375000,-1979114000,-0.29368454339284195,-1.706022,-1.706022,1160071429,1160071429,https://www1.hkexnews.hk/search/titlesearch.xhtml,https://www1.hkexnews.hk/search/titlesearch.xhtml,1620585507,14:38:27,20210509
9,2011-12-31,2331.HK,CNY,2011-12-31,2011-12-31,FY,8928526000,4814013000,4114513000,0.4608278006918499,0.0,717068000,2909922000.0,0.0,3483557000.0,8297570000,99231000.0,260009000.0,890965000.0,0.09978858772433434,630956000,0.07066743155589175,0.0,547377000,0.0613065359276548,136408000,385813000,0.04321127585897157,0.333108,0.331838,1158072865,1162555861,https://www1.hkexnews.hk/search/titlesearch.xhtml,https://www1.hkexnews.hk/search/titlesearch.xhtml,1620585507,14:38:27,20210509
10,2010-12-31,2331.HK,CNY,2010-12-31,2010-12-31,FY,9478527000,4996928000,4481599000,0.4728159765752632,0.0,618280000,2511175000.0,0.0,2934824000.0,7931752000,52178000.0,211123000.0,1757898000.0,0.18546109537906047,1546775000,0.16318727582882867,0.0,1509514000,0.15925617978405293,377378000,1108487000,0.11694717966198756,0.960659,0.947498,1153925901,1169903392,https://www1.hkexnews.hk/search/titlesearch.xhtml,https://www1.hkexnews.hk/search/titlesearch.xhtml,1620585507,14:38:27,20210509
11,2009-12-31,2331.HK,CNY,2009-12-31,2009-12-31,FY,8386910000,4417046000,3969864000,0.4733404793899064,0.0,602929000,2152150000.0,-41234000.0,2627968000.0,7045014000,24954000.0,183015000.0,1524911000.0,0.1818203605380289,1341896000,0.15999885535912511,-41234000.0,1283130000,0.15299198393687305,313799000,944524000,0.11261883101165984,0.823694,0.813347,1146647780,1161274533,https://www1.hkexnews.hk/search/titlesearch.xhtml,https://www1.hkexnews.hk/search/titlesearch.xhtml,1620585507,14:38:27,20210509
12,2008-12-31,2331.HK,CNY,2008-12-31,2008-12-31,FY,6690073000,3469699000,3220374000,0.481366047874216,0.0,441842000,1883206000.0,-8745000.0,2260161000.0,5729860000,33921000.0,110303000.0,1070516000.0,0.16001559325286885,960213000,0.1435280302621511,-8745000.0,929238000,0.13889803594071395,201938000,721267000,0.1078115291118647,0.631998,0.623012,1141314237,1157703781,https://www1.hkexnews.hk/search/titlesearch.xhtml,https://www1.hkexnews.hk/search/titlesearch.xhtml,1620585507,14:38:27,20210509
13,2007-12-31,2331.HK,CNY,2007-12-31,2007-12-31,FY,4348747000,2265901000,2082846000,0.4789531329369126,0.0,282357000,1221619000.0,-2143000.0,1472991000.0,3738892000,327000.0,71909000.0,681764000.0,0.15677251401380674,609855000,0.14023694641238038,-2143000.0,618532000,0.14223223379056082,144535000,473606000,0.10890631255393796,0.415977,0.40926,1138479450,1157180452,https://www1.hkexnews.hk/search/titlesearch.xhtml,https://www1.hkexnews.hk/search/titlesearch.xhtml,1620585507,14:38:27,20210509
14,2006-12-31,2331.HK,CNY,2006-12-31,2006-12-31,FY,3180543000,1671991000,1508552000,0.4743064313232049,0.0,234730000,900865000.0,-15813000.0,1111004000.0,2782995000,0.0,35889000.0,433437000.0,0.13627767334068427,397548000,0.12499375106703478,4970000.0,401153000,0.12612720532311622,106090000,294846000,0.0927030384434356,0.260042,0.256412,1133727628,1149743680,https://www1.hkexnews.hk/search/titlesearch.xhtml,https://www1.hkexnews.hk/search/titlesearch.xhtml,1620585507,14:38:27,20210509
15,2005-12-31,2331.HK,CNY,2005-12-31,2005-12-31,FY,2450536000,1297991000,1152545000,0.4703236353189669,0.0,913674000,0.0,1954000.0,881048000.0,2179039000,0.0,0.0,271497000.0,0.11079086371308154,271497000,0.11079086371308154,0.0,273451000,0.11158824028702292,85106000,186800000,0.07622822109122249,0.165646,0.164557,1127702900,1135167012,https://www1.hkexnews.hk/search/titlesearch.xhtml,https://www1.hkexnews.hk/search/titlesearch.xhtml,1620585507,14:38:27,20210509
