,date,symbol,reportedCurrency,fillingDate,acceptedDate,period,revenue,costOfRevenue,grossProfit,grossProfitRatio,researchAndDevelopmentExpenses,generalAndAdministrativeExpenses,sellingAndMarketingExpenses,otherExpenses,operatingExpenses,costAndExpenses,interestExpense,depreciationAndAmortization,ebitda,ebitdaratio,operatingIncome,operatingIncomeRatio,totalOtherIncomeExpensesNet,incomeBeforeTax,incomeBeforeTaxRatio,incomeTaxExpense,netIncome,netIncomeRatio,eps,epsdiluted,weightedAverageShsOut,weightedAverageShsOutDil,link,finalLink,timestamp,est_time,est_date
0,2020-12-31,INTZ,USD,2021-03-09,2021-03-09 15:30:54,FY,6619000.0,2709000.0,3910000.0,0.5907236742710379,3797000.0,2815000.0,3821000.0,0.0,10433000.0,13142000.0,6000.0,231000.0,-6292000.0,-0.950596766883215,-6523000.0,-0.9854962985345218,-1092000.0,-6518000.0,-0.9847408974165281,0.0,-6518000.0,-0.9847408974165281,-0.4827432972892905,-0.4827432972892905,13502000.0,13502000.0,https://www.sec.gov/Archives/edgar/data/736012/000168316821000836/0001683168-21-000836-index.htm,https://www.sec.gov/Archives/edgar/data/736012/000168316821000836/intrusion_10k-123120.htm,1620593675,16:54:35,20210509
1,2019-12-31,INTZ,USD,2020-03-27,2020-03-27 13:32:07,FY,13643000.0,5342000.0,8301000.0,0.6084438906398886,1314000.0,1182000.0,1298000.0,0.0,3794000.0,9136000.0,46000.0,416000.0,4923000.0,0.36084438906398886,4507000.0,0.3303525617532801,0.0,4465000.0,0.3272740599574874,0.0,4465000.0,0.3272740599574874,0.33069174937046364,0.2908415841584158,13502000.0,15352000.0,https://www.sec.gov/Archives/edgar/data/736012/000143774920006294/0001437749-20-006294-index.htm,https://www.sec.gov/Archives/edgar/data/736012/000143774920006294/intz20191231_10k.htm,1620593675,16:54:35,20210509
2,2018-12-31,INTZ,USD,2019-03-28,2019-03-28 14:53:47,FY,10276000.0,3847000.0,6429000.0,0.6256325418450759,1237000.0,1112000.0,1604000.0,0.0,3953000.0,7800000.0,0.0,133000.0,2609000.0,0.2538925652004671,2476000.0,0.24094978590891397,0.0,2287000.0,0.2225574153367069,0.0,2287000.0,0.2225574153367069,0.1752624722200935,0.15182898492996083,13049000.0,15063000.0,https://www.sec.gov/Archives/edgar/data/736012/000143774919005894/0001437749-19-005894-index.htm,https://www.sec.gov/Archives/edgar/data/736012/000143774919005894/intz20181231_10k.htm,1620593675,16:54:35,20210509
3,2017-12-31,INTZ,USD,2018-03-29,2018-03-29 15:21:03,FY,6862000.0,2824000.0,4038000.0,0.5884581754590499,2162000.0,1094000.0,1531000.0,0.0,4787000.0,7611000.0,0.0,206000.0,-543000.0,-0.07913144855727193,-749000.0,-0.10915185077236957,928000.0,-30000.0,-0.004371903235208394,0.0,-30000.0,-0.004371903235208394,-0.00234,-0.00234,12836000.0,12836000.0,https://www.sec.gov/Archives/edgar/data/736012/000143774918005827/0001437749-18-005827-index.htm,https://www.sec.gov/Archives/edgar/data/736012/000143774918005827/intz20171231_10k.htm,1620593675,16:54:35,20210509
4,2016-12-31,INTZ,USD,2017-03-29,2017-03-29 15:44:16,FY,6102000.0,2183000.0,3919000.0,0.6422484431333989,2499000.0,1190000.0,1637000.0,0.0,5326000.0,7509000.0,0.0,291000.0,-1116000.0,-0.18289085545722714,-1407000.0,-0.2305801376597837,0.0,-1552000.0,-0.25434283841363486,0.0,-1552000.0,-0.25434283841363486,-0.12185,-0.12185,12737000.0,12737000.0,https://www.sec.gov/Archives/edgar/data/736012/000143774917005498/0001437749-17-005498-index.htm,https://www.sec.gov/Archives/edgar/data/736012/000143774917005498/intz20161231_10k.htm,1620593675,16:54:35,20210509
5,2015-12-31,INTZ,USD,2016-03-29,2016-03-29 15:40:37,FY,6824000.0,2530000.0,4294000.0,0.6292497069167644,2315000.0,1227000.0,1894000.0,0.0,5436000.0,7966000.0,0.0,305000.0,-837000.0,-0.12265533411488863,-1142000.0,-0.16735052754982416,0.0,-1249000.0,-0.18303048065650646,0.0,-1249000.0,-0.18303048065650646,-0.09914,-0.09914,12598000.0,12598000.0,https://www.sec.gov/Archives/edgar/data/736012/000110465916108278/0001104659-16-108278-index.htm,https://www.sec.gov/Archives/edgar/data/736012/000110465916108278/a15-23367_110k.htm,1620593675,16:54:35,20210509
6,2014-12-31,INTZ,USD,2015-03-27,2015-03-27 13:04:01,FY,7219000.0,2532000.0,4687000.0,0.649258900124671,1941000.0,1232000.0,1735000.0,0.0,4908000.0,7440000.0,0.0,236000.0,15000.0,0.00207785011774484,-221000.0,-0.030613658401440643,54000.0,-274000.0,-0.03795539548413908,0.0,-274000.0,-0.03795539548413908,-0.02211,-0.02211,12393000.0,12393000.0,https://www.sec.gov/Archives/edgar/data/736012/000110465915023367/0001104659-15-023367-index.htm,https://www.sec.gov/Archives/edgar/data/736012/000110465915023367/a14-25756_110k.htm,1620593675,16:54:35,20210509
7,2013-12-31,INTZ,USD,2014-03-28,2014-03-28 15:07:10,FY,7663000.0,2751000.0,4912000.0,0.6410022184523033,1579000.0,1144000.0,1435000.0,0.0,4158000.0,6909000.0,0.0,147000.0,901000.0,0.11757797207360042,754000.0,0.09839488450998303,0.0,623000.0,0.08129975205533081,0.0,623000.0,0.08129975205533081,0.05118304304962208,0.04359692092372288,12172000.0,14290000.0,https://www.sec.gov/Archives/edgar/data/736012/000110465914024007/0001104659-14-024007-index.htm,https://www.sec.gov/Archives/edgar/data/736012/000110465914024007/a14-3022_110k.htm,1620593675,16:54:35,20210509
8,2012-12-31,INTZ,USD,2013-03-28,2013-03-28 11:25:24,FY,6697000.0,2707000.0,3990000.0,0.5957891593250709,1660000.0,1143000.0,1317000.0,0.0,4120000.0,6827000.0,0.0,155000.0,25000.0,0.0037330147827385396,-130000.0,-0.019411676870240407,0.0,-246000.0,-0.03673286546214723,0.0,-246000.0,-0.03673286546214723,-0.02044,-0.02044,12035000.0,12035000.0,https://www.sec.gov/Archives/edgar/data/736012/000110465913025150/0001104659-13-025150-index.htm,https://www.sec.gov/Archives/edgar/data/736012/000110465913025150/a13-1416_110k.htm,1620593675,16:54:35,20210509
9,2011-12-31,INTZ,USD,2012-03-30,2012-03-30 11:27:16,FY,5348000.0,2057000.0,3291000.0,0.6153702318623785,1555000.0,1102000.0,1383000.0,-118000.0,4040000.0,6097000.0,0.0,109000.0,-640000.0,-0.11967090501121914,-749000.0,-0.1400523560209424,-118000.0,-933000.0,-0.1744577412116679,0.0,-933000.0,-0.1744577412116679,-0.07856,-0.07856,11877000.0,11877000.0,https://www.sec.gov/Archives/edgar/data/736012/000110465912022692/0001104659-12-022692-index.htm,https://www.sec.gov/Archives/edgar/data/736012/000110465912022692/a12-1144_110k.htm,1620593675,16:54:35,20210509
10,2010-12-31,INTZ,USD,2011-03-29,2011-03-29 13:52:14,FY,5588000.0,4120000.0,1468000.0,0.262705798138869,1395000.0,992000.0,921000.0,0.0,3308000.0,7428000.0,41000.0,76000.0,296000.0,0.052970651395848244,220000.0,0.03937007874015748,47000.0,226000.0,0.04044380816034359,0.0,226000.0,0.04044380816034359,0.01924223073648361,0.0162158283705245,11745000.0,13937000.0,https://www.sec.gov/Archives/edgar/data/736012/000110465911017369/0001104659-11-017369-index.htm,https://www.sec.gov/Archives/edgar/data/736012/000110465911017369/a11-2119_110k.htm,1620593675,16:54:35,20210509
11,2009-12-31,INTZ,USD,2010-03-29,2010-03-29 16:05:36,FY,4920000.0,3324000.0,1596000.0,0.32439024390243903,1106000.0,980000.0,922000.0,0.0,3008000.0,6332000.0,64000.0,81000.0,331000.0,0.06727642276422764,250000.0,0.0508130081300813,0.0,186000.0,0.03780487804878049,0.0,186000.0,0.03780487804878049,15.92738,15.92738,11678000.0,11678000.0,https://www.sec.gov/Archives/edgar/data/736012/000110465910016982/0001104659-10-016982-index.htm,https://www.sec.gov/Archives/edgar/data/736012/000110465910016982/a09-35869_110k.htm,1620593675,16:54:35,20210509
12,2008-12-31,INTZ,USD,2009-03-27,2009-03-27 16:40:55,FY,4140000.0,2750000.0,1390000.0,0.3357487922705314,1136000.0,968000.0,1407000.0,0.0,3511000.0,6261000.0,62000.0,50000.0,-12000.0,-0.002898550724637681,-62000.0,-0.01497584541062802,0.0,-62000.0,-0.01497584541062802,0.0,-808000.0,-0.19516908212560385,-0.06943,-0.06943,11638000.0,11638000.0,https://www.sec.gov/Archives/edgar/data/736012/000110465909020965/0001104659-09-020965-index.htm,https://www.sec.gov/Archives/edgar/data/736012/000110465909020965/a09-1400_110k.htm,1620593675,16:54:35,20210509
13,2007-12-31,INTZ,USD,2008-03-28,2008-03-28 14:49:43,FY,3510000.0,2752000.0,758000.0,0.21595441595441595,1655000.0,0.0,1933000.0,1000.0,4535000.0,7287000.0,0.0,56000.0,-2339000.0,-0.6663817663817664,-2395000.0,-0.6823361823361823,1000.0,-2395000.0,-0.6823361823361823,0.0,-2395000.0,-0.6823361823361823,-0.24121,-0.24121,9929000.0,9929000.0,https://www.sec.gov/Archives/edgar/data/736012/000110465908020710/0001104659-08-020710-index.htm,https://www.sec.gov/Archives/edgar/data/736012/000110465908020710/a08-2610_110ksb.htm,1620593675,16:54:35,20210509
14,2006-12-31,INTZ,USD,2007-03-30,2007-03-30 16:00:48,FY,5242000.0,2406000.0,2836000.0,0.5410148798168638,2067000.0,0.0,2714000.0,-65000.0,6032000.0,8438000.0,0.0,97000.0,-2927000.0,-0.558374666157955,-3024000.0,-0.5768790537962609,-65000.0,-3024000.0,-0.5768790537962609,0.0,-3024000.0,-0.5768790537962609,-0.42936,-0.42936,7043000.0,7043000.0,https://www.sec.gov/Archives/edgar/data/736012/000110465907024227/0001104659-07-024227-index.htm,https://www.sec.gov/Archives/edgar/data/736012/000110465907024227/a07-5601_110ksb.htm,1620593675,16:54:35,20210509
15,2005-12-31,INTZ,USD,2006-03-29,2006-03-29 16:47:29,FY,5978000.0,5028000.0,950000.0,0.15891602542656408,2553000.0,0.0,3137000.0,0.0,6871000.0,11844000.0,0.0,185000.0,-3136000.0,-0.5245901639344263,-3321000.0,-0.555536968885915,2000.0,-3321000.0,-0.555536968885915,0.0,-3321000.0,-0.555536968885915,-0.51697,-0.51697,6424000.0,6424000.0,https://www.sec.gov/Archives/edgar/data/736012/000110465906020224/0001104659-06-020224-index.htm,https://www.sec.gov/Archives/edgar/data/736012/000110465906020224/a06-2123_110ksb.htm,1620593675,16:54:35,20210509
16,2004-12-31,INTZ,USD,2005-03-29,2005-03-29 12:54:44,FY,6019000.0,5900000.0,119000.0,0.019770726034224955,2549000.0,0.0,3690000.0,0.0,7385000.0,13285000.0,0.0,201000.0,-4327000.0,-0.7188901810932049,-4528000.0,-0.752284432630005,19000.0,-4528000.0,-0.752284432630005,0.0,-4528000.0,-0.752284432630005,-0.87464,-0.87464,5177000.0,5177000.0,https://www.sec.gov/Archives/edgar/data/736012/000110465905013311/0001104659-05-013311-index.htm,https://www.sec.gov/Archives/edgar/data/736012/000110465905013311/a05-1937_210ksb.htm,1620593675,16:54:35,20210509
17,2003-12-31,INTZ,USD,2004-03-26,2004-03-26 12:52:38,FY,6478000.0,3988000.0,2490000.0,0.3843778944118555,3498000.0,0.0,6230000.0,10000.0,11810000.0,15348000.0,0.0,1400000.0,-8200000.0,-1.2658227848101267,-9600000.0,-1.4819388700216116,10000.0,-9600000.0,-1.4819388700216116,0.0,-9600000.0,-1.4819388700216116,-0.46491,-0.46491,20649000.0,20649000.0,https://www.sec.gov/Archives/edgar/data/736012/000110465904008540/0001104659-04-008540-index.htm,https://www.sec.gov/Archives/edgar/data/736012/000110465904008540/a04-3802_110k.htm,1620593675,16:54:35,20210509
18,2002-12-31,INTZ,USD,2003-03-11,2003-03-11 11:31:23,FY,7834000.0,6147000.0,1687000.0,0.21534337503191217,6088000.0,0.0,11789000.0,-7000.0,24260000.0,26600000.0,0.0,2955000.0,-18866000.0,-2.4082205769721727,-21821000.0,-2.785422517232576,-7000.0,-22429000.0,-2.863032933367373,-608000.0,-21277000.0,-2.7159816185856522,-1.03086,-1.03086,20640000.0,20640000.0,https://www.sec.gov/Archives/edgar/data/736012/000104746903008299/0001047469-03-008299-index.htm,https://www.sec.gov/Archives/edgar/data/736012/000104746903008299/a2105255z10-k.htm,1620593675,16:54:35,20210509
