,date,symbol,reportedCurrency,fillingDate,acceptedDate,period,revenue,costOfRevenue,grossProfit,grossProfitRatio,researchAndDevelopmentExpenses,generalAndAdministrativeExpenses,sellingAndMarketingExpenses,otherExpenses,operatingExpenses,costAndExpenses,interestExpense,depreciationAndAmortization,ebitda,ebitdaratio,operatingIncome,operatingIncomeRatio,totalOtherIncomeExpensesNet,incomeBeforeTax,incomeBeforeTaxRatio,incomeTaxExpense,netIncome,netIncomeRatio,eps,epsdiluted,weightedAverageShsOut,weightedAverageShsOutDil,link,finalLink,timestamp,est_time,est_date
0,2019-12-31,IMMU,USD,2020-02-27 00:00:00,2020-02-27 16:06:06,FY,295000.0,254871000.0,-254576000.0,-862.9694915254237,0.0,43803000.0,26459000.0,0.0,70262000.0,325133000,40337000.0,3822000.0,-321016000.0,-1088.1898305084746,-324838000.0,-1101.1457627118643,0.0,-357319000.0,-1211.250847457627,0.0,-357190000.0,-1210.8135593220338,-1.84,-1.84,193617000,193617000,https://www.sec.gov/Archives/edgar/data/722830/000072283020000003/0000722830-20-000003-index.html,https://www.sec.gov/Archives/edgar/data/722830/000072283020000003/immu201910-k.htm,1620593559,16:52:39,20210509
1,2018-12-31,IMMU,USD,2019-02-25,2019-02-25 16:05:35,FY,0.0,0.0,0.0,1.0,93887000.0,30814000.0,19834000.0,0.0,145432000.0,145432000,-12507000.0,2099000.0,-143333000.0,-5.051275394301292,-145432000.0,-5.119393782047122,190000.0,-157749000.0,-5.119393782047122,0.0,-157668000.0,-5.119393782047122,-0.8362,-0.8362,188554000,188554000,https://www.sec.gov/Archives/edgar/data/722830/000072283019000005/immu201810-kt.htm,https://www.sec.gov/Archives/edgar/data/722830/000072283019000005/immu201810-kt.htm,1620593559,16:52:39,20210509
2,2018-06-30,IMMU,USD,2018-08-23 00:00:00,2018-08-23 16:07:52,FY,2155996.0,99896465.0,-97740469.0,-45.334253403067535,0.0,36484641.0,6822174.0,0.0,43306815.0,143203280,23254787.0,1297273.0,-139750011.0,-64.81923482232806,-141047284.0,-65.42093955647412,-101916394.0,-273731162.0,-126.96274111825811,155808.0,-273836887.0,-127.01177877881035,-1.78,-1.78,153474943,153474943,https://www.sec.gov/Archives/edgar/data/722830/000072283018000006/0000722830-18-000006-index.html,https://www.sec.gov/Archives/edgar/data/722830/000072283018000006/immu201810-k.htm,1620593559,16:52:39,20210509
3,2017-06-30,IMMU,USD,2017-08-16 00:00:00,2017-08-16 16:16:58,FY,3091250.0,52259052.0,-49167802.0,-15.905475778406794,0.0,29108777.0,873154.0,0.0,29981931.0,82240983,5479821.0,923348.0,-78226385.0,-25.305745248685806,-79149733.0,-25.604442539425797,-68699892.0,-153245419.0,-49.573932551556815,20867.0,-153205945.0,-49.56116295996765,-1.47,-1.47,104535577,104535577,https://www.sec.gov/Archives/edgar/data/722830/000155837017006705/0001558370-17-006705-index.html,https://www.sec.gov/Archives/edgar/data/722830/000155837017006705/immu-20170630x10k.htm,1620593559,16:52:39,20210509
4,2016-06-30,IMMU,USD,2016-08-18 00:00:00,2016-08-18 16:48:46,FY,3233247.0,54651644.0,-51418397.0,-15.903021637381864,0.0,6562555.0,1027139.0,0.0,7589694.0,62241338,5479821.0,737661.0,-58270430.0,-18.022263687246905,-59008091.0,-18.250412356371164,-39538.0,-64189549.0,-19.852967929762247,-5053833.0,-59036950.0,-18.25933805861414,-0.62,-0.62,94770172,94770172,https://www.sec.gov/Archives/edgar/data/722830/000155837016008055/0001558370-16-008055-index.html,https://www.sec.gov/Archives/edgar/data/722830/000155837016008055/immu-20160630x10k.htm,1620593559,16:52:39,20210509
5,2015-06-30,IMMU,USD,2015-08-19 00:00:00,2015-08-19 16:36:28,FY,5653091.0,42000803.0,-36347712.0,-6.42970580165789,0.0,9102926.0,768871.0,0.0,9871797.0,51872600,2090750.0,578066.0,-45641443.0,-8.073714539532443,-46219509.0,-8.175971163386544,-1188.0,-48065742.0,-8.502559396266573,58229.0,-48002366.0,-8.491348538348312,-0.51,-0.51,93314872,93314872,https://www.sec.gov/Archives/edgar/data/722830/000119312515296226/0001193125-15-296226-index.html,https://www.sec.gov/Archives/edgar/data/722830/000119312515296226/d28769d10k.htm,1620593559,16:52:39,20210509
6,2014-06-30,IMMU,USD,2014-08-25 00:00:00,2014-08-25 16:56:36,FY,9041605.0,35207900.0,-26166295.0,-2.8939878483963852,0.0,8281025.0,1132921.0,0.0,9413946.0,44621846,0.0,569442.0,-35010799.0,-3.8721885107787832,-35580241.0,-3.935168700689756,938.0,-35523387.0,-3.928880657803565,7791.0,-35425826.0,-3.918090427529183,-0.42,-0.42,84631567,84631567,https://www.sec.gov/Archives/edgar/data/722830/000119312514320153/0001193125-14-320153-index.html,https://www.sec.gov/Archives/edgar/data/722830/000119312514320153/d755192d10k.htm,1620593559,16:52:39,20210509
7,2013-06-30,IMMU,USD,2013-08-22 00:00:00,2013-08-22 16:33:57,FY,4961997.0,29557833.0,-24595836.0,-4.956842174632512,0.0,6154214.0,826375.0,2637879.0,6980589.0,36538422,0.0,1036035.0,-30540390.0,-6.154858618415126,-31576425.0,-6.3636525777826956,19339727.0,-12226141.0,-2.4639557420127423,44070.0,-12165450.0,-2.451724577826226,-0.16,-0.16,78040005,78040005,https://www.sec.gov/Archives/edgar/data/722830/000119312513343873/0001193125-13-343873-index.html,https://www.sec.gov/Archives/edgar/data/722830/000119312513343873/d566443d10k.htm,1620593559,16:52:39,20210509
8,2012-06-30,IMMU,USD,2012-08-23 00:00:00,2012-08-23 16:39:51,FY,32733827.0,427035.0,32306792.0,0.9869543209842222,24824024.0,5762576.0,846025.0,0.0,31432625.0,31859660,0.0,1496783.0,2370950.0,0.07243118869052494,874167.0,0.026705310075720752,13234.0,906163.0,0.02768276987594515,209785.0,809952.0,0.024743577950723575,0.010730540465629983,0.010632866744679776,75481007,76174377,https://www.sec.gov/Archives/edgar/data/722830/000119312512366797/0001193125-12-366797-index.html,https://www.sec.gov/Archives/edgar/data/722830/000119312512366797/d366718d10k.htm,1620593559,16:52:39,20210509
9,2011-06-30,IMMU,USD,2011-08-24 00:00:00,2011-08-24 16:19:17,FY,14709479.0,419352.0,14290127.0,0.9714910364942225,25368586.0,7116055.0,828148.0,0.0,33312789.0,33732141,0.0,1477639.0,-17545023.0,-1.1927698458932503,-19022662.0,-1.293224729441471,3369126.0,-15134527.0,-1.0288961967993564,109880.0,-15070421.0,-1.0245380546788911,-0.2,-0.2,75313349,75313349,https://www.sec.gov/Archives/edgar/data/722830/000119312511230979/0001193125-11-230979-index.html,https://www.sec.gov/Archives/edgar/data/722830/000119312511230979/d10k.htm,1620593559,16:52:39,20210509
10,2010-06-30,IMMU,USD,2010-08-26 00:00:00,2010-08-26 16:25:23,FY,60930342.0,960222.0,59970120.0,0.9842406596043725,19853880.0,5348640.0,834469.0,0.0,26036989.0,26997211,0.0,1436017.0,35369148.0,0.5804849741365312,33933131.0,0.5569167985303611,1045355.0,35767341.0,0.5870201910240386,-1228885.0,36996226.0,0.6071888780798244,0.4919654249726326,0.4868296642151196,75200866,75994190,https://www.sec.gov/Archives/edgar/data/722830/000119312510198333/0001193125-10-198333-index.html,https://www.sec.gov/Archives/edgar/data/722830/000119312510198333/d10k.htm,1620593559,16:52:39,20210509
11,2009-06-30,IMMU,USD,2009-08-27 00:00:00,2009-08-27 16:09:04,FY,30020766.0,283612.0,29737154.0,0.9905528060143436,21484857.0,4959507.0,810501.0,0.0,27254865.0,27538477,6500.0,1483800.0,3966089.0,0.13211151907316424,2482289.0,0.08268573160325089,-2349894.0,1373307.0,0.045745235148230395,-900386.0,2273693.0,0.07573734127903332,0.030265437234152485,0.029884461900985693,75125067,76082782,https://www.sec.gov/Archives/edgar/data/722830/000119312509182946/0001193125-09-182946-index.html,https://www.sec.gov/Archives/edgar/data/722830/000119312509182946/d10k.htm,1620593559,16:52:39,20210509
12,2008-06-30,IMMU,USD,2008-08-29 00:00:00,2008-08-28 17:56:36,FY,3650695.0,443601.0,3207094.0,0.8784886165510951,22208671.0,4037211.0,0.0,0.0,26245882.0,26689483,0.0,1558546.0,-21480242.0,-5.883877453471189,-23038788.0,-6.3107950677884626,-2828575.0,-23599400.0,-6.464358156460619,-690326.0,-22909074.0,-6.275263751148754,-0.31,-0.31,75092779,75092779,https://www.sec.gov/Archives/edgar/data/722830/000119312508186908/0001193125-08-186908-index.html,https://www.sec.gov/Archives/edgar/data/722830/000119312508186908/d10k.htm,1620593559,16:52:39,20210509
13,2007-06-30,IMMU,USD,2007-09-13 00:00:00,2007-09-13 16:37:02,FY,8506012.0,599406.0,7906606.0,0.9295314890221176,19840878.0,3767232.0,0.0,0.0,23608110.0,24207516,3234266.0,-3352774.0,-19054278.0,-2.2400953584358922,-15701504.0,-1.8459301491697873,35097.0,-17053405.0,-2.0048649120175237,-397491.0,-16655914.0,-1.958134317233505,-0.26,-0.26,63277095,63277095,https://www.sec.gov/Archives/edgar/data/722830/000119312507200675/0001193125-07-200675-index.html,https://www.sec.gov/Archives/edgar/data/722830/000119312507200675/d10k.htm,1620593559,16:52:39,20210509
14,2006-06-30,IMMU,USD,2006-08-29,2006-08-29 14:54:58,FY,4352778.0,473733.0,3879045.0,0.8911653661179136,22780529.0,5648840.0,0.0,0.0,28429369.0,28903102,0.0,2822538.0,-21727786.0,-4.991705526907184,-24550324.0,-5.640150726731297,-286774.0,-29254823.0,-6.720954526052099,-490415.0,-28764408.0,-6.608287397151888,-0.52,-0.52,55263365,55263365,https://www.sec.gov/Archives/edgar/data/722830/000119312506181414/d10k.htm,https://www.sec.gov/Archives/edgar/data/722830/000119312506181414/d10k.htm,1620593559,16:52:39,20210509
15,2005-06-30,IMMU,USD,2005-09-12,2005-09-12 17:23:18,FY,3813442.0,606901.0,3206541.0,0.840852175016691,27028272.0,4879086.0,0.0,0.0,31907358.0,32514259,1035498.0,2345193.0,-26355624.0,-6.911242913881999,-28700817.0,-7.526223553419719,2046541.0,-27143054.0,-7.117730910814954,-385120.0,-26757934.0,-7.016740781687515,-0.5,-0.5,53683834,53683834,https://www.sec.gov/Archives/edgar/data/722830/000119312505184019/d10k.htm,https://www.sec.gov/Archives/edgar/data/722830/000119312505184019/d10k.htm,1620593559,16:52:39,20210509
16,2004-06-30,IMMU,USD,2004-06-30,2004-06-30,FY,4305840.0,713332.0,3592508.0,0.8343338349776118,21934287.0,4651455.0,0.0,0.0,26585742.0,27299074,0.0,2164554.0,-20828680.0,-4.837309328725638,-22993234.0,-5.340011240547721,30055.0,-22589391.0,-5.246221643163703,-234136.0,-22355255.0,-5.19184526131951,-0.45,-0.45,49886484,49886484,,,1620593559,16:52:39,20210509
17,2003-06-30,IMMU,USD,2003-09-26,2003-09-26 15:43:12,FY,13719472.0,543400.0,13176072.0,0.9603920617353204,18174806.0,4814718.0,0.0,0.0,22989524.0,23532924,0.0,1814102.0,-7999350.0,-0.5830654415855071,-9813452.0,-0.715293708096055,84864.0,-8553760.0,-0.6234758888680264,-679454.0,-7874306.0,-0.5739510966602797,-0.16,-0.16,49877889,49877889,https://www.sec.gov/Archives/edgar/data/722830/000119312503054680/d10k.htm,https://www.sec.gov/Archives/edgar/data/722830/000119312503054680/d10k.htm,1620593559,16:52:39,20210509
18,2002-06-30,IMMU,USD,2002-09-30 00:00:00,2002-09-30 17:35:40,FY,14286761.0,675240.0,13611521.0,0.9527366629847032,14202275.0,5495006.0,0.0,0.0,19697281.0,20372521,0.0,1223664.0,-4862096.0,-0.3403217846228407,-6085760.0,-0.4259719890323636,-935889.0,-4952435.0,-0.34664505131709,-1205530.0,-3746905.0,-0.2622641339069086,-0.08,-0.08,49651547,49651547,https://www.sec.gov/Archives/edgar/data/722830/000072283002000037/0000722830-02-000037-index.html,https://www.sec.gov/Archives/edgar/data/722830/000072283002000037/sept2002_10k.txt,1620593559,16:52:39,20210509
19,2001-06-30,IMMU,USD,2001-09-28 00:00:00,2001-09-28 00:00:00,FY,8399793.0,890813.0,7508980.0,0.8939482199144669,10264042.0,5628558.0,0.0,0.0,15892600.0,16783413,0.0,1074253.0,-7309367.0,-0.8701841819197211,-8383620.0,-0.9980745954096726,0.0,-5554105.0,-0.6612192705224997,-803315.0,-4750790.0,-0.5655841757052823,-0.1,-0.1,49498002,49498002,https://www.sec.gov/Archives/edgar/data/722830/000072283001500013/0000722830-01-500013-index.html,https://www.sec.gov/Archives/edgar/data/722830/000072283001500013/a10k-2001.txt,1620593559,16:52:39,20210509
20,2000-06-30,IMMU,USD,2000-09-28 00:00:00,2000-09-28 00:00:00,FY,4777194.0,-598513.0,5375707.0,1.1252854709270756,8669599.0,6564307.0,0.0,0.0,16207495.0,15608982,0.0,973589.0,-9858199.0,-2.0635961193956116,-10831788.0,-2.267395462692116,0.0,0.0,0.0,0.0,-9635527.0,-2.0169846566834004,-0.23,-0.23,43976658,43976658,https://www.sec.gov/Archives/edgar/data/722830/000072283000000011/0000722830-00-000011-index.html,https://www.sec.gov/Archives/edgar/data/722830/000072283000000011/0000722830-00-000011-0001.txt,1620593559,16:52:39,20210509
21,1999-06-30,IMMU,USD,1999-06-30,1999-06-30,FY,6800000.0,-700000.0,7500000.0,1.1029411764705883,10100000.0,8400000.0,0.0,0.0,19500000.0,18800000,0.0,1000000.0,-11000000.0,-1.6176470588235294,-12000000.0,-1.7647058823529411,0.0,0.0,0.0,0.0,-11300000.0,-1.661764705882353,-0.31,-0.31,37782376,37782376,,,1620593559,16:52:39,20210509
22,1998-06-30,IMMU,USD,1998-09-28 00:00:00,1998-09-28 00:00:00,FY,7600000.0,-800000.0,8400000.0,1.105263157894737,11700000.0,7500000.0,0.0,0.0,20200000.0,19400000,0.0,1000000.0,-10800000.0,-1.4210526315789473,-11800000.0,-1.5526315789473684,0.0,0.0,0.0,0.0,-11800000.0,-1.5526315789473684,-0.32,-0.32,36643319,36643319,https://www.sec.gov/Archives/edgar/data/722830/000072283098000009/0000722830-98-000009-index.html,https://www.sec.gov/Archives/edgar/data/722830/0000722830-98-000009.txt,1620593559,16:52:39,20210509
23,1997-06-30,IMMU,USD,1997-09-29 00:00:00,1997-09-29 00:00:00,FY,3800000.0,-1100000.0,4900000.0,1.2894736842105263,13100000.0,4600000.0,0.0,0.0,18800000.0,17700000,0.0,1100000.0,-12800000.0,-3.3684210526315788,-13900000.0,-3.6578947368421053,0.0,0.0,0.0,0.0,-13900000.0,-3.6578947368421053,-0.39,-0.39,35445033,35445033,https://www.sec.gov/Archives/edgar/data/722830/000101905697000232/0001019056-97-000232-index.html,https://www.sec.gov/Archives/edgar/data/722830/0001019056-97-000232.txt,1620593559,16:52:39,20210509
24,1996-06-30,IMMU,USD,1996-09-30 00:00:00,1996-09-30 00:00:00,FY,1700000.0,-1000000.0,2700000.0,1.588235294117647,12500000.0,2500000.0,0.0,0.0,16000000.0,15000000,0.0,1000000.0,-12300000.0,-7.235294117647059,-13300000.0,-7.823529411764706,0.0,0.0,0.0,0.0,-13300000.0,-7.823529411764706,-0.4042090746821549,-0.403030303030303,32903764,33000000,https://www.sec.gov/Archives/edgar/data/722830/000095010996006351/0000950109-96-006351-index.html,https://www.sec.gov/Archives/edgar/data/722830/0000950109-96-006351.txt,1620593559,16:52:39,20210509
25,1995-06-30,IMMU,USD,1995-09-27 00:00:00,1995-09-27 00:00:00,FY,3200000.0,-1100000.0,4300000.0,1.34375,12500000.0,2100000.0,0.0,0.0,15700000.0,14600000,0.0,1100000.0,-10300000.0,-3.21875,-11400000.0,-3.5625,0.0,0.0,0.0,0.0,-11400000.0,-3.5625,-0.38,-0.38,30097584,30097584,https://www.sec.gov/Archives/edgar/data/722830/000072283095000006/0000722830-95-000006-index.html,https://www.sec.gov/Archives/edgar/data/722830/0000722830-95-000006.txt,1620593559,16:52:39,20210509
