,date,symbol,reportedCurrency,fillingDate,acceptedDate,period,revenue,costOfRevenue,grossProfit,grossProfitRatio,researchAndDevelopmentExpenses,generalAndAdministrativeExpenses,sellingAndMarketingExpenses,otherExpenses,operatingExpenses,costAndExpenses,interestExpense,depreciationAndAmortization,ebitda,ebitdaratio,operatingIncome,operatingIncomeRatio,totalOtherIncomeExpensesNet,incomeBeforeTax,incomeBeforeTaxRatio,incomeTaxExpense,netIncome,netIncomeRatio,eps,epsdiluted,weightedAverageShsOut,weightedAverageShsOutDil,link,finalLink,timestamp,est_time,est_date
0,2020-12-31,HLF.TO,USD,2020-12-31,2020-12-31,FY,827453000.0,649529000.0,177924000.0,0.21502611024432808,0.0,73736000.0,45076000.0,0.0,0.0,768341000.0,18188000.0,23228000.0,82340000.0,0.09951018365997827,59112000.0,0.07143849862167398,-2981000.0,36672000.0,0.04431913353386839,7870000.0,28802000.0,0.03480801930744103,0.85,0.83,33853881,34519305,https://www.sedar.com/ModifyCompanyDocumentSearchForm.do?lang=EN&company_search=High Liner Foods Inc&document_selection=0&industry_group=A&FromDate=13&FromMonth=05&FromYear=2000&ToDate=13&ToMonth=11&ToYear=2020&Variable=Issuer,https://www.sedar.com/ModifyCompanyDocumentSearchForm.do?lang=EN&company_search=High Liner Foods Inc&document_selection=0&industry_group=A&FromDate=13&FromMonth=05&FromYear=2000&ToDate=13&ToMonth=11&ToYear=2020&Variable=Issuer,1620593122,16:45:22,20210509
1,2019-12-31,HLF.TO,USD,2019-12-31,2019-12-31,FY,942224000.0,756364000.0,185860000.0,0.19725670328923908,0.0,90019000.0,45759000.0,0.0,135778000.0,892142000.0,21078000.0,22455000.0,72537000.0,0.07698487833041824,50082000.0,0.05315296574912123,-2440000.0,14524000.0,0.015414593557370647,4235000.0,10289000.0,0.010919908641681807,0.31,0.3,33801217,34195365,https://www.sedar.com/ModifyCompanyDocumentSearchForm.do?lang=EN&company_search=High Liner Foods Inc&document_selection=0&industry_group=A&FromDate=13&FromMonth=05&FromYear=2000&ToDate=13&ToMonth=11&ToYear=2020&Variable=Issuer,https://www.sedar.com/ModifyCompanyDocumentSearchForm.do?lang=EN&company_search=High Liner Foods Inc&document_selection=0&industry_group=A&FromDate=13&FromMonth=05&FromYear=2000&ToDate=13&ToMonth=11&ToYear=2020&Variable=Issuer,1620593122,16:45:22,20210509
2,2018-12-31,HLF.TO,USD,2018-12-31,2018-12-31,FY,1048531000.0,860374000.0,188157000.0,0.1794481994333024,0.0,92208000.0,52649000.0,0.0,144857000.0,1005231000.0,20534000.0,17771000.0,61071000.0,0.0582443437533082,43300000.0,0.04129587012687274,974000.0,22866000.0,0.021807652801872333,6090000.0,16776000.0,0.015999526957238268,0.49903021378667345,0.4990047419430708,33617203,33618919,https://www.sedar.com/ModifyCompanyDocumentSearchForm.do?lang=EN&company_search=High Liner Foods Inc&document_selection=0&industry_group=A&FromDate=13&FromMonth=05&FromYear=2000&ToDate=13&ToMonth=11&ToYear=2020&Variable=Issuer,https://www.sedar.com/ModifyCompanyDocumentSearchForm.do?lang=EN&company_search=High Liner Foods Inc&document_selection=0&industry_group=A&FromDate=13&FromMonth=05&FromYear=2000&ToDate=13&ToMonth=11&ToYear=2020&Variable=Issuer,1620593122,16:45:22,20210509
3,2017-12-31,HLF.TO,USD,2017-12-31,2017-12-31,FY,1053846000.0,867767000.0,186079000.0,0.17657133964545105,0.0,99449000.0,49827000.0,0.0,149276000.0,1017043000.0,16028000.0,16311000.0,53114000.0,0.05040015334308808,36803000.0,0.034922559842709464,-2516000.0,17538000.0,0.016641900239693464,-14115000.0,31653000.0,0.030035697815430338,0.98,0.97,32412215,32527296,https://www.sedar.com/ModifyCompanyDocumentSearchForm.do?lang=EN&company_search=High Liner Foods Inc&document_selection=0&industry_group=A&FromDate=13&FromMonth=05&FromYear=2000&ToDate=13&ToMonth=11&ToYear=2020&Variable=Issuer,https://www.sedar.com/ModifyCompanyDocumentSearchForm.do?lang=EN&company_search=High Liner Foods Inc&document_selection=0&industry_group=A&FromDate=13&FromMonth=05&FromYear=2000&ToDate=13&ToMonth=11&ToYear=2020&Variable=Issuer,1620593122,16:45:22,20210509
4,2016-12-31,HLF.TO,USD,2016-12-31,2016-12-31,FY,956016000.0,753179000.0,202837000.0,0.21216904319592977,0.0,96978000.0,43610000.0,0.0,140588000.0,893767000.0,13740000.0,17114000.0,79363000.0,0.08301430101588259,62249000.0,0.06511292698030159,-6998000.0,40839000.0,0.04271790430285686,7889000.0,32950000.0,0.03446595036066342,1.07,1.06,30917412,31174788,https://www.sedar.com/ModifyCompanyDocumentSearchForm.do?lang=EN&company_search=High Liner Foods Inc&document_selection=0&industry_group=A&FromDate=13&FromMonth=05&FromYear=2000&ToDate=13&ToMonth=11&ToYear=2020&Variable=Issuer,https://www.sedar.com/ModifyCompanyDocumentSearchForm.do?lang=EN&company_search=High Liner Foods Inc&document_selection=0&industry_group=A&FromDate=13&FromMonth=05&FromYear=2000&ToDate=13&ToMonth=11&ToYear=2020&Variable=Issuer,1620593122,16:45:22,20210509
5,2015-12-31,HLF.TO,USD,2015-12-31,2015-12-31,FY,1001507000.0,799843000.0,201664000.0,0.20136054965167494,0.0,93597000.0,48037000.0,0.0,141634000.0,941477000.0,15760000.0,16740000.0,76770000.0,0.076654481696084,60030000.0,0.059939670915929694,-7044000.0,36310000.0,0.036255363167706264,6729000.0,29581000.0,0.0295364885118127,0.96,0.95,30818804,31264671,https://www.sedar.com/ModifyCompanyDocumentSearchForm.do?lang=EN&company_search=High Liner Foods Inc&document_selection=0&industry_group=A&FromDate=13&FromMonth=05&FromYear=2000&ToDate=13&ToMonth=11&ToYear=2020&Variable=Issuer,https://www.sedar.com/ModifyCompanyDocumentSearchForm.do?lang=EN&company_search=High Liner Foods Inc&document_selection=0&industry_group=A&FromDate=13&FromMonth=05&FromYear=2000&ToDate=13&ToMonth=11&ToYear=2020&Variable=Issuer,1620593122,16:45:22,20210509
6,2014-12-31,HLF.TO,USD,2014-12-31,2014-12-31,FY,1051613000.0,831208000.0,220405000.0,0.20958755739991802,0.0,105313000.0,52558000.0,0.0,157871000.0,989079000.0,16664000.0,16797000.0,79331000.0,0.07543744704563371,62534000.0,0.059464841153542225,-7762000.0,37531000.0,0.035688984445798974,7231000.0,30300000.0,0.028812880784090725,0.99,0.97,30665183,31316842,https://www.sedar.com/ModifyCompanyDocumentSearchForm.do?lang=EN&company_search=High Liner Foods Inc&document_selection=0&industry_group=A&FromDate=13&FromMonth=05&FromYear=2000&ToDate=13&ToMonth=11&ToYear=2020&Variable=Issuer,https://www.sedar.com/ModifyCompanyDocumentSearchForm.do?lang=EN&company_search=High Liner Foods Inc&document_selection=0&industry_group=A&FromDate=13&FromMonth=05&FromYear=2000&ToDate=13&ToMonth=11&ToYear=2020&Variable=Issuer,1620593122,16:45:22,20210509
7,2013-12-31,HLF.TO,USD,2013-12-31,2013-12-31,FY,947301000.0,731884000.0,215417000.0,0.2274007944676507,0.0,98902000.0,53368000.0,0.0,152270000.0,884154000.0,14284000.0,15159000.0,78306000.0,0.08266221612771442,63147000.0,0.06665991063030652,-4327000.0,43648000.0,0.04607616797617653,12292000.0,31356000.0,0.03310035564197652,1.035,1.005,30367494,31186332,https://www.sedar.com/ModifyCompanyDocumentSearchForm.do?lang=EN&company_search=High Liner Foods Inc&document_selection=0&industry_group=A&FromDate=13&FromMonth=05&FromYear=2000&ToDate=13&ToMonth=11&ToYear=2020&Variable=Issuer,https://www.sedar.com/ModifyCompanyDocumentSearchForm.do?lang=EN&company_search=High Liner Foods Inc&document_selection=0&industry_group=A&FromDate=13&FromMonth=05&FromYear=2000&ToDate=13&ToMonth=11&ToYear=2020&Variable=Issuer,1620593122,16:45:22,20210509
8,2012-12-31,HLF.TO,USD,2012-12-31,2012-12-31,FY,942631000.0,733105000.0,209526000.0,0.22227785846211295,0.0,0.0,0.0,0.0,148199000.0,881304000.0,36624000.0,19381000.0,80708000.0,0.08561992974981726,61327000.0,0.06505939227545031,-24167000.0,536000.0,0.0005686212314256586,-1667000.0,2203000.0,0.0023370756955797124,0.075,0.07,30237504,30920834,https://www.sedar.com/ModifyCompanyDocumentSearchForm.do?lang=EN&company_search=High Liner Foods Inc&document_selection=0&industry_group=A&FromDate=13&FromMonth=05&FromYear=2000&ToDate=13&ToMonth=11&ToYear=2020&Variable=Issuer,https://www.sedar.com/ModifyCompanyDocumentSearchForm.do?lang=EN&company_search=High Liner Foods Inc&document_selection=0&industry_group=A&FromDate=13&FromMonth=05&FromYear=2000&ToDate=13&ToMonth=11&ToYear=2020&Variable=Issuer,1620593122,16:45:22,20210509
9,2011-12-31,HLF.TO,USD,2011-12-31,2011-12-31,FY,654837414.299706,506032321.253673,148805093.046033,0.2272397541688537,0.0,0.0,0.0,0.0,137761998.041136,643794319.294809,5859941.234084,9533790.401567,20576885.406464003,0.03142289209065622,11043095.004897,0.01686387302214042,-11043095.004897,26946131.243879,0.041149345861209906,9140058.765916,17806072.477963,0.02719159304146528,0.587659,0.582762,30217646,30681926,https://www.sedar.com/ModifyCompanyDocumentSearchForm.do?lang=EN&company_search=High Liner Foods Inc&document_selection=0&industry_group=A&FromDate=13&FromMonth=05&FromYear=2000&ToDate=13&ToMonth=11&ToYear=2020&Variable=Issuer,https://www.sedar.com/ModifyCompanyDocumentSearchForm.do?lang=EN&company_search=High Liner Foods Inc&document_selection=0&industry_group=A&FromDate=13&FromMonth=05&FromYear=2000&ToDate=13&ToMonth=11&ToYear=2020&Variable=Issuer,1620593122,16:45:22,20210509
10,2010-12-31,HLF.TO,USD,2010-12-31,2010-12-31,FY,583256857.855362,472768079.800499,110488778.054863,0.18943416878308247,0.0,0.0,0.0,-59850.374065,71819451.371571,544587531.17207,5223940.149626,1200997.506234,39870324.189526,0.06835808898352151,38669326.683292,0.06629896616300283,-932668.329177,32512718.204489,0.05574339635548976,12746134.663342,19766583.541147,0.03389001479353164,0.613466,0.608479,32192020,32489456,https://www.sedar.com/ModifyCompanyDocumentSearchForm.do?lang=EN&company_search=High Liner Foods Inc&document_selection=0&industry_group=A&FromDate=13&FromMonth=05&FromYear=2000&ToDate=13&ToMonth=11&ToYear=2020&Variable=Issuer,https://www.sedar.com/ModifyCompanyDocumentSearchForm.do?lang=EN&company_search=High Liner Foods Inc&document_selection=0&industry_group=A&FromDate=13&FromMonth=05&FromYear=2000&ToDate=13&ToMonth=11&ToYear=2020&Variable=Issuer,1620593122,16:45:22,20210509
11,2009-12-31,HLF.TO,USD,2009-12-31,2009-12-31,FY,587197827.918734,491448366.257841,95749461.660893,0.16306167548382752,0.0,0.0,0.0,-1076678.21365,62793745.903942,554242112.161783,5097837.281153,1403426.645445,34359142.402397,0.058513742334810166,32955715.756952,0.05612370174079212,-1507349.499111,26350528.976688,0.04487504504246024,7862559.685423,18487969.291265,0.03148507779191524,0.5028020023798011,0.5024978787929235,36769880,36792134,https://www.sedar.com/ModifyCompanyDocumentSearchForm.do?lang=EN&company_search=High Liner Foods Inc&document_selection=0&industry_group=A&FromDate=13&FromMonth=05&FromYear=2000&ToDate=13&ToMonth=11&ToYear=2020&Variable=Issuer,https://www.sedar.com/ModifyCompanyDocumentSearchForm.do?lang=EN&company_search=High Liner Foods Inc&document_selection=0&industry_group=A&FromDate=13&FromMonth=05&FromYear=2000&ToDate=13&ToMonth=11&ToYear=2020&Variable=Issuer,1620593122,16:45:22,20210509
12,2008-12-31,HLF.TO,USD,2008-12-31,2008-12-31,FY,506156943.303205,425984387.838948,80172555.464256,0.15839465708214132,0.0,0.0,0.0,-399342.64585,55468364.831553,481452752.670501,5310599.835661,1136400.986031,25840591.618734,0.05105252819431268,24704190.632703,0.0488073728110539,-4408381.265407,14985209.531635,0.029605855910699926,3323746.918652,11661462.612983,0.02303922284831207,0.361545,0.316352,30118592,36406200,https://www.sedar.com/ModifyCompanyDocumentSearchForm.do?lang=EN&company_search=High Liner Foods Inc&document_selection=0&industry_group=A&FromDate=13&FromMonth=05&FromYear=2000&ToDate=13&ToMonth=11&ToYear=2020&Variable=Issuer,https://www.sedar.com/ModifyCompanyDocumentSearchForm.do?lang=EN&company_search=High Liner Foods Inc&document_selection=0&industry_group=A&FromDate=13&FromMonth=05&FromYear=2000&ToDate=13&ToMonth=11&ToYear=2020&Variable=Issuer,1620593122,16:45:22,20210509
13,2007-12-31,HLF.TO,USD,2007-12-31,2007-12-31,FY,278088458.043017,223368676.15874,54719781.884277,0.19677113631164259,0.0,0.0,0.0,146420.276684,42497223.063718,265865899.222458,0.0,3117237.200848,15339796.021407,0.05516157027644101,12222558.820559,0.04395205362557088,-757346.258709,10689689.992931,0.03843989091872857,3704937.897607,7360395.839645,0.026467822114740313,0.292841,0.287792,20886562,21183386,https://www.sedar.com/ModifyCompanyDocumentSearchForm.do?lang=EN&company_search=High Liner Foods Inc&document_selection=0&industry_group=A&FromDate=13&FromMonth=05&FromYear=2000&ToDate=13&ToMonth=11&ToYear=2020&Variable=Issuer,https://www.sedar.com/ModifyCompanyDocumentSearchForm.do?lang=EN&company_search=High Liner Foods Inc&document_selection=0&industry_group=A&FromDate=13&FromMonth=05&FromYear=2000&ToDate=13&ToMonth=11&ToYear=2020&Variable=Issuer,1620593122,16:45:22,20210509
14,2006-12-31,HLF.TO,USD,2006-12-31,2006-12-31,FY,224541008.922443,182235758.407687,42305250.514756,0.18840767981660017,0.0,0.0,0.0,0.0,33619595.058339,215855353.466026,0.0,2588366.50652,11274021.962937,0.05020918903428938,8685655.456417,0.038681822523639976,215339.73919,8081674.673988,0.035991976311015104,3686513.383665,3714824.982841,0.016544082529370435,0.18022616625121324,0.1790972083644699,20612018,20741948,https://www.sedar.com/ModifyCompanyDocumentSearchForm.do?lang=EN&company_search=High Liner Foods Inc&document_selection=0&industry_group=A&FromDate=13&FromMonth=05&FromYear=2000&ToDate=13&ToMonth=11&ToYear=2020&Variable=Issuer,https://www.sedar.com/ModifyCompanyDocumentSearchForm.do?lang=EN&company_search=High Liner Foods Inc&document_selection=0&industry_group=A&FromDate=13&FromMonth=05&FromYear=2000&ToDate=13&ToMonth=11&ToYear=2020&Variable=Issuer,1620593122,16:45:22,20210509
15,2005-12-31,HLF.TO,USD,2005-12-31,2005-12-31,FY,224240571.723782,182603754.089892,41636817.63389,0.1856792341984302,0.0,0.0,0.0,0.0,36945066.299294,219548820.389185,0.0,2900809.368004,7592560.7025999995,0.033858996363746625,4691751.334596,0.02092284771899024,-36923540.554503,-32578784.225934,-0.14528496772682298,2266230.411572,-34845014.637506,-0.15539121386306423,-1.691924,-1.691924,21133604,21133604,https://www.sedar.com/ModifyCompanyDocumentSearchForm.do?lang=EN&company_search=High Liner Foods Inc&document_selection=0&industry_group=A&FromDate=13&FromMonth=05&FromYear=2000&ToDate=13&ToMonth=11&ToYear=2020&Variable=Issuer,https://www.sedar.com/ModifyCompanyDocumentSearchForm.do?lang=EN&company_search=High Liner Foods Inc&document_selection=0&industry_group=A&FromDate=13&FromMonth=05&FromYear=2000&ToDate=13&ToMonth=11&ToYear=2020&Variable=Issuer,1620593122,16:45:22,20210509
16,2004-12-31,HLF.TO,USD,2004-12-31,2004-12-31,FY,224178548.255611,176509391.585007,47669156.670604,0.21263924243211293,0.0,0.0,0.0,0.0,35302044.686975,211811436.271982,0.0,2872377.593292,15239489.576921,0.06797925000185458,12367111.983629,0.055166348786985064,395960.537042,12481075.415509,0.05567470889889934,3106959.255993,6789558.62046,0.03028638856523625,0.27451,0.270351,21726130,22150304,https://www.sedar.com/ModifyCompanyDocumentSearchForm.do?lang=EN&company_search=High Liner Foods Inc&document_selection=0&industry_group=A&FromDate=13&FromMonth=05&FromYear=2000&ToDate=13&ToMonth=11&ToYear=2020&Variable=Issuer,https://www.sedar.com/ModifyCompanyDocumentSearchForm.do?lang=EN&company_search=High Liner Foods Inc&document_selection=0&industry_group=A&FromDate=13&FromMonth=05&FromYear=2000&ToDate=13&ToMonth=11&ToYear=2020&Variable=Issuer,1620593122,16:45:22,20210509
17,2003-12-31,HLF.TO,USD,2003-12-31,2003-12-31,FY,243589071.307942,193844706.462981,49744364.844961,0.20421427192057748,0.0,0.0,0.0,0.0,37200891.445669,231045597.90865,0.0,3015955.02672,15559428.426012,0.06387572456541772,12543473.399292,0.051494401337220545,24758438.273557,35471980.382026,0.14562221610173473,-92537.612684,35564517.99471,0.14600210840226824,1.742792,1.592418,19890202,21881722,https://www.sedar.com/ModifyCompanyDocumentSearchForm.do?lang=EN&company_search=High Liner Foods Inc&document_selection=0&industry_group=A&FromDate=13&FromMonth=05&FromYear=2000&ToDate=13&ToMonth=11&ToYear=2020&Variable=Issuer,https://www.sedar.com/ModifyCompanyDocumentSearchForm.do?lang=EN&company_search=High Liner Foods Inc&document_selection=0&industry_group=A&FromDate=13&FromMonth=05&FromYear=2000&ToDate=13&ToMonth=11&ToYear=2020&Variable=Issuer,1620593122,16:45:22,20210509
18,2002-12-31,HLF.TO,USD,2002-12-31,2002-12-31,FY,206095368.764729,161633350.483704,44462018.281025,0.21573516448970392,0.0,0.0,0.0,0.0,30012513.418577,191645863.902281,0.0,3584427.46346,18033932.325907998,0.08750285090828451,14449504.862448,0.07011076934456995,-1439995.934727,8826088.889736,0.042825265519729094,2320381.627507,6505707.262229,0.03156648934530732,0.295367,0.276312,19644088,21539858,https://www.sedar.com/ModifyCompanyDocumentSearchForm.do?lang=EN&company_search=High Liner Foods Inc&document_selection=0&industry_group=A&FromDate=13&FromMonth=05&FromYear=2000&ToDate=13&ToMonth=11&ToYear=2020&Variable=Issuer,https://www.sedar.com/ModifyCompanyDocumentSearchForm.do?lang=EN&company_search=High Liner Foods Inc&document_selection=0&industry_group=A&FromDate=13&FromMonth=05&FromYear=2000&ToDate=13&ToMonth=11&ToYear=2020&Variable=Issuer,1620593122,16:45:22,20210509
19,2001-12-31,HLF.TO,USD,2001-12-31,2001-12-31,FY,206735637.382379,146999334.162489,59736303.21989,0.28895019734503496,0.0,44001180.919358,0.0,0.0,44001180.919358,191000515.081848,0.0,4409603.135718,20144725.436249,0.09744195868363634,15735122.300531,0.07611228765279235,484302.566615,7607507.632005,0.03679824015021718,3102425.909873,3883214.613249,0.018783479531719983,0.157037,0.150756,19576984,21440118,https://www.sedar.com/ModifyCompanyDocumentSearchForm.do?lang=EN&company_search=High Liner Foods Inc&document_selection=0&industry_group=A&FromDate=13&FromMonth=05&FromYear=2000&ToDate=13&ToMonth=11&ToYear=2020&Variable=Issuer,https://www.sedar.com/ModifyCompanyDocumentSearchForm.do?lang=EN&company_search=High Liner Foods Inc&document_selection=0&industry_group=A&FromDate=13&FromMonth=05&FromYear=2000&ToDate=13&ToMonth=11&ToYear=2020&Variable=Issuer,1620593122,16:45:22,20210509
20,2000-12-31,HLF.TO,USD,2000-12-31,2000-12-31,FY,208731577.192397,147579193.064355,61152384.128043,0.29297140830625823,0.0,43041013.671224,0.0,0.0,48231410.470157,195810603.534512,0.0,5190396.798933,18111370.456819,0.08676871367730318,12920973.657886,0.06190234286389824,60020.006669,7162387.462487,0.034313866444295175,2882960.986996,4279426.475492,0.020502055956523844,0.2187877836808861,0.1930646083232645,19559714,22165774,https://www.sedar.com/ModifyCompanyDocumentSearchForm.do?lang=EN&company_search=High Liner Foods Inc&document_selection=0&industry_group=A&FromDate=13&FromMonth=05&FromYear=2000&ToDate=13&ToMonth=11&ToYear=2020&Variable=Issuer,https://www.sedar.com/ModifyCompanyDocumentSearchForm.do?lang=EN&company_search=High Liner Foods Inc&document_selection=0&industry_group=A&FromDate=13&FromMonth=05&FromYear=2000&ToDate=13&ToMonth=11&ToYear=2020&Variable=Issuer,1620593122,16:45:22,20210509
21,1999-12-31,HLF.TO,USD,1999-12-31,1999-12-31,FY,208792195.148896,155351335.676262,53440859.472634,0.2559523809523805,0.0,44810229.712842,0.0,0.0,50333832.759109,205685168.43537,0.0,5523603.046267,8630629.759792,0.04133597883597726,3107026.713525,0.01488095238095124,966630.533097,-2278486.256585,-0.010912698412697576,552360.304627,-2830846.561212,-0.013558201058201614,-0.14497725977881346,-0.1278106692798465,19526142,22148750,https://www.sedar.com/ModifyCompanyDocumentSearchForm.do?lang=EN&company_search=High Liner Foods Inc&document_selection=0&industry_group=A&FromDate=13&FromMonth=05&FromYear=2000&ToDate=13&ToMonth=11&ToYear=2020&Variable=Issuer,https://www.sedar.com/ModifyCompanyDocumentSearchForm.do?lang=EN&company_search=High Liner Foods Inc&document_selection=0&industry_group=A&FromDate=13&FromMonth=05&FromYear=2000&ToDate=13&ToMonth=11&ToYear=2020&Variable=Issuer,1620593122,16:45:22,20210509
22,1998-12-31,HLF.TO,USD,1998-12-31,1998-12-31,FY,189510625.852993,135828946.51329,53681679.339702,0.28326474622770703,0.0,37304217.846234,0.0,0.0,41788522.778969,177617469.29226,0.0,4484304.932735,16377461.493468,0.08641975308641694,11893156.560733,0.06275720164609,-129979.853123,7538831.48112,0.03978052126200044,779879.118737,6758952.362384,0.03566529492455504,0.370443,0.32495,18245614,20800000,https://www.sedar.com/ModifyCompanyDocumentSearchForm.do?lang=EN&company_search=High Liner Foods Inc&document_selection=0&industry_group=A&FromDate=13&FromMonth=05&FromYear=2000&ToDate=13&ToMonth=11&ToYear=2020&Variable=Issuer,https://www.sedar.com/ModifyCompanyDocumentSearchForm.do?lang=EN&company_search=High Liner Foods Inc&document_selection=0&industry_group=A&FromDate=13&FromMonth=05&FromYear=2000&ToDate=13&ToMonth=11&ToYear=2020&Variable=Issuer,1620593122,16:45:22,20210509
23,1997-12-31,HLF.TO,USD,1997-12-31,1997-12-31,FY,194129979.035639,142976939.203354,51153039.832285,0.2634989200863931,0.0,36268343.815514,0.0,0.0,41090146.750524,184067085.953878,0.0,4821802.93501,14884696.016771,0.07667386609071039,10062893.081761,0.05183585313174954,-139762.403913,6429070.580014,0.033117350611951236,419287.21174,6009783.368274,0.030957523398128555,0.356394,0.33543,16862745,17916667,https://www.sedar.com/ModifyCompanyDocumentSearchForm.do?lang=EN&company_search=High Liner Foods Inc&document_selection=0&industry_group=A&FromDate=13&FromMonth=05&FromYear=2000&ToDate=13&ToMonth=11&ToYear=2020&Variable=Issuer,https://www.sedar.com/ModifyCompanyDocumentSearchForm.do?lang=EN&company_search=High Liner Foods Inc&document_selection=0&industry_group=A&FromDate=13&FromMonth=05&FromYear=2000&ToDate=13&ToMonth=11&ToYear=2020&Variable=Issuer,1620593122,16:45:22,20210509
24,1996-12-31,HLF.TO,USD,1996-12-31,1996-12-31,FY,184471687.098657,137259194.395797,47212492.70286,0.2559335443037953,0.0,34369527.145359,0.0,0.0,39769410.391127,177028604.786924,0.0,5399883.245768,12842965.557502002,0.06962025316456003,7443082.311734,0.04034810126582394,72971.395213,2918855.808523,0.015822784810126292,364856.976065,2553998.832458,0.013844936708862537,0.094863,0.094863,16571429,16571429,https://www.sedar.com/ModifyCompanyDocumentSearchForm.do?lang=EN&company_search=High Liner Foods Inc&document_selection=0&industry_group=A&FromDate=13&FromMonth=05&FromYear=2000&ToDate=13&ToMonth=11&ToYear=2020&Variable=Issuer,https://www.sedar.com/ModifyCompanyDocumentSearchForm.do?lang=EN&company_search=High Liner Foods Inc&document_selection=0&industry_group=A&FromDate=13&FromMonth=05&FromYear=2000&ToDate=13&ToMonth=11&ToYear=2020&Variable=Issuer,1620593122,16:45:22,20210509
25,1995-12-31,HLF.TO,USD,1995-12-31,1995-12-31,FY,186377300.388592,135273847.056236,51103453.332356,0.2741935483870975,0.0,38419238.947137,0.0,0.0,44651367.402302,179925214.458538,0.0,6232128.455165,12684214.385219,0.06805664830841916,6452085.930054,0.03461841070023851,4619106.972652,4765745.289244,0.025570416994492036,659872.424665,4105872.86458,0.02202989771833457,0.194296,0.194296,18095238,18095238,https://www.sedar.com/ModifyCompanyDocumentSearchForm.do?lang=EN&company_search=High Liner Foods Inc&document_selection=0&industry_group=A&FromDate=13&FromMonth=05&FromYear=2000&ToDate=13&ToMonth=11&ToYear=2020&Variable=Issuer,https://www.sedar.com/ModifyCompanyDocumentSearchForm.do?lang=EN&company_search=High Liner Foods Inc&document_selection=0&industry_group=A&FromDate=13&FromMonth=05&FromYear=2000&ToDate=13&ToMonth=11&ToYear=2020&Variable=Issuer,1620593122,16:45:22,20210509
26,1994-12-31,HLF.TO,USD,1994-12-31,1994-12-31,FY,175003562.776115,124697164.030212,50306398.745903,0.2874592833876235,0.0,34345161.750036,0.0,0.0,40330625.623486,165027789.653698,0.0,5985463.87345,15961236.995866999,0.0912052117263834,9975773.122417,0.057003257328990344,641299.700727,4774119.9943,0.027280130293162157,285022.089212,4489097.905088,0.025651465798047658,0.242269,0.242269,18529412,18529412,https://www.sedar.com/ModifyCompanyDocumentSearchForm.do?lang=EN&company_search=High Liner Foods Inc&document_selection=0&industry_group=A&FromDate=13&FromMonth=05&FromYear=2000&ToDate=13&ToMonth=11&ToYear=2020&Variable=Issuer,https://www.sedar.com/ModifyCompanyDocumentSearchForm.do?lang=EN&company_search=High Liner Foods Inc&document_selection=0&industry_group=A&FromDate=13&FromMonth=05&FromYear=2000&ToDate=13&ToMonth=11&ToYear=2020&Variable=Issuer,1620593122,16:45:22,20210509
27,1993-12-31,HLF.TO,USD,1993-12-31,1993-12-31,FY,200587747.720594,152814407.354382,47773340.366212,0.2381667918857997,0.0,33381056.438852,0.0,0.0,39484590.460402,192298997.814784,0.0,6103534.021551,14392283.927361,0.07175056348610355,8288749.90581,0.04132231404958843,-33531760.982594,-31798658.729561,-0.15852742299023426,-1582397.709291,-32024715.545174,-0.15965439519158667,-2.290709,-2.290709,13980263,13980263,https://www.sedar.com/ModifyCompanyDocumentSearchForm.do?lang=EN&company_search=High Liner Foods Inc&document_selection=0&industry_group=A&FromDate=13&FromMonth=05&FromYear=2000&ToDate=13&ToMonth=11&ToYear=2020&Variable=Issuer,https://www.sedar.com/ModifyCompanyDocumentSearchForm.do?lang=EN&company_search=High Liner Foods Inc&document_selection=0&industry_group=A&FromDate=13&FromMonth=05&FromYear=2000&ToDate=13&ToMonth=11&ToYear=2020&Variable=Issuer,1620593122,16:45:22,20210509
