,date,symbol,reportedCurrency,fillingDate,acceptedDate,period,revenue,costOfRevenue,grossProfit,grossProfitRatio,researchAndDevelopmentExpenses,generalAndAdministrativeExpenses,sellingAndMarketingExpenses,otherExpenses,operatingExpenses,costAndExpenses,interestExpense,depreciationAndAmortization,ebitda,ebitdaratio,operatingIncome,operatingIncomeRatio,totalOtherIncomeExpensesNet,incomeBeforeTax,incomeBeforeTaxRatio,incomeTaxExpense,netIncome,netIncomeRatio,eps,epsdiluted,weightedAverageShsOut,weightedAverageShsOutDil,link,finalLink,timestamp,est_time,est_date
0,2020-12-31,1857.HK,HKD,2020-12-31,2020-12-31,FY,5663292000.0,3462756000.0,2200536000.0,0.38856128202465984,0.0,441554000.0,0.0,16990000.0,0.0,3814601000.0,348795000.0,99298000.0,1947989000.0,0.3439676075328625,1848691000.0,0.3264339892769082,0.0,1483286000.0,0.2619123294366598,396922000.0,1024271000.0,0.18086141417394688,0.36949293657982635,0.36949293657982635,2772099000,2772099000,https://www1.hkexnews.hk/search/titlesearch.xhtml,https://www1.hkexnews.hk/search/titlesearch.xhtml,1620585373,14:36:13,20210509
1,2019-12-31,1857.HK,HKD,2019-12-31,2019-12-31,FY,5550773000.0,3658332000.0,1892441000.0,0.3409328754751816,0.0,476502000.0,0.0,7285000.0,397684000.0,4056016000.0,355287000.0,96698000.0,1591455000.0,0.286708716065312,1494757000.0,0.26928807933597715,0.0,1195079000.0,0.2152995627816162,310350000.0,833483000.0,0.1501562034693186,0.3007,0.3007,2772099000,2772099000,https://www1.hkexnews.hk/search/titlesearch.xhtml,https://www1.hkexnews.hk/search/titlesearch.xhtml,1620585373,14:36:13,20210509
2,2018-12-31,1857.HK,HKD,2018-12-31,2018-12-31,FY,4768318000.0,3144540000.0,1623778000.0,0.3405347546031955,0.0,439564000.0,0.0,12316000.0,314725000.0,3459265000.0,291398000.0,89442000.0,1398495000.0,0.293288954302125,1309053000.0,0.2745313966056794,0.0,1051739000.0,0.22056813324950222,314984000.0,676459000.0,0.14186532861273093,0.256,0.256,2644322000,2644322000,https://www1.hkexnews.hk/search/titlesearch.xhtml,https://www1.hkexnews.hk/search/titlesearch.xhtml,1620585373,14:36:13,20210509
3,2017-12-31,1857.HK,HKD,2017-12-31,2017-12-31,FY,3591633000.0,2361046000.0,1230587000.0,0.3426260422487487,0.0,287021000.0,0.0,4338000.0,161550000.0,2522596000.0,241391000.0,95079000.0,1164116000.0,0.32411886181021277,1069037000.0,0.2976465023013209,0.0,844605000.0,0.2351590488226386,263812000.0,513356000.0,0.14293108455123338,0.196,0.196,2618228000,2618228000,https://www1.hkexnews.hk/search/titlesearch.xhtml,https://www1.hkexnews.hk/search/titlesearch.xhtml,1620585373,14:36:13,20210509
4,2016-12-31,1857.HK,HKD,2016-12-31,2016-12-31,FY,2494037000.0,1588385000.0,905652000.0,0.363126930354281,0.0,298250000.0,0.0,13939000.0,184925000.0,1773310000.0,205223000.0,101276000.0,822003000.0,0.3295873317035794,720727000.0,0.28898007527554725,0.0,537476000.0,0.21550442114531582,164861000.0,349343000.0,0.14007129806013302,0.134,0.134,2606000000,2606000000,https://www1.hkexnews.hk/search/titlesearch.xhtml,https://www1.hkexnews.hk/search/titlesearch.xhtml,1620585373,14:36:13,20210509
5,2015-12-31,1857.HK,HKD,2015-12-31,2015-12-31,FY,1815150000.0,990926000.0,824224000.0,0.4540803790320359,0.0,203651000.0,0.0,11487000.0,121382000.0,1112308000.0,127998000.0,71827000.0,774669000.0,0.42677960499132306,702842000.0,0.38720877062501724,0.0,596130000.0,0.3284191389141393,172462000.0,406242000.0,0.2238062970002479,0.16,0.16,2571000000,2571000000,https://www1.hkexnews.hk/search/titlesearch.xhtml,https://www1.hkexnews.hk/search/titlesearch.xhtml,1620585373,14:36:13,20210509
6,2014-12-31,1857.HK,HKD,2014-12-31,2014-12-31,FY,1050755000.0,454284000.0,596471000.0,0.5676594448753516,0.0,77639000.0,0.0,9561000.0,83007000.0,537291000.0,92232000.0,24239000.0,537703000.0,0.5117301369015612,513464000.0,0.48866196211295687,0.0,432815000.0,0.4119085800210325,118817000.0,292796000.0,0.27865296857973554,0.15,0.15,1968743000,1968743000,https://www1.hkexnews.hk/search/titlesearch.xhtml,https://www1.hkexnews.hk/search/titlesearch.xhtml,1620585373,14:36:13,20210509
7,2014-06-30,1857.HK,HKD,2014-06-30,2014-06-30,FY,650687488.80537,389825070.279898,260862418.525472,0.40090277285706305,0.0,128462955.903061,0.0,7073001.62679,288707066.402608,678532136.682506,76341314.070126,15592753.586332,-12251894.290803999,-0.018829153013680763,-27844647.877136,-0.04279265908163901,0.0,-105187845.898625,-0.16165647520247342,37796196.677619,-142984042.576244,-0.21974303338574347,-0.286609,-0.286609,488838000,488838000,https://www1.hkexnews.hk/search/titlesearch.xhtml,https://www1.hkexnews.hk/search/titlesearch.xhtml,1620585373,14:36:13,20210509
8,2013-06-30,1857.HK,HKD,2013-06-30,2013-06-30,FY,464477381.55105,255777071.832615,208700309.718435,0.4493228691169261,0.0,68154538.346362,0.0,10772302.687822,85498939.730423,341276011.563038,59016766.810448,18683232.135123,141884602.123135,0.30547149927803463,123201369.988012,0.2652472970300517,0.0,133308032.199037,0.28700650988402393,8151264.666711,125156767.532326,0.2694571845767482,0.29978573612599085,0.29876261325289893,417487400,418917100,https://www1.hkexnews.hk/search/titlesearch.xhtml,https://www1.hkexnews.hk/search/titlesearch.xhtml,1620585373,14:36:13,20210509
9,2012-06-30,1857.HK,HKD,2012-06-30,2012-06-30,FY,299138964.690631,154355369.286977,144783595.403654,0.48400112487314706,0.0,61729468.253781,0.0,15850545.440974,82833455.761147,237188825.048124,46133731.211943,17117272.362994,79067412.0055,0.2643166599418815,61950139.642506,0.20709485207510409,0.0,126949445.822039,0.42438284812989807,1809261.551758,125140184.270281,0.4183346171559455,0.30068583919381764,0.3004748048868287,416182500,416474800,https://www1.hkexnews.hk/search/titlesearch.xhtml,https://www1.hkexnews.hk/search/titlesearch.xhtml,1620585373,14:36:13,20210509
10,2011-06-30,1857.HK,HKD,2011-06-30,2011-06-30,FY,235893380.19592,201173319.453847,34720060.742073,0.14718539669589897,0.0,72729782.889592,0.0,0.0,484221319.664048,685394639.117895,42490156.785647,28501578.304724,-420999680.61725104,-1.7847032429125056,-449501258.921975,-1.9055272282276177,0.0,-491874743.986844,-2.085157046706101,-2049573.32171,-489821562.261398,-2.0764531919233145,-2.646163,-2.646163,181636200,181636200,https://www1.hkexnews.hk/search/titlesearch.xhtml,https://www1.hkexnews.hk/search/titlesearch.xhtml,1620585373,14:36:13,20210509
11,2010-06-30,1857.HK,HKD,2010-06-30,2010-06-30,FY,411275405.860592,313821162.866177,97454242.994415,0.23695616515286738,0.0,63931657.361133,0.0,0.0,93667258.765701,407488421.631878,98256918.999414,56915674.502622,60702658.731336,0.14759613112365896,3786984.228714,0.009207903450462232,0.0,256374944.679339,0.6233656110383637,2475489.388637,253899455.290702,0.6173465557937229,2.156146,2.156146,115888557,115888557,https://www1.hkexnews.hk/search/titlesearch.xhtml,https://www1.hkexnews.hk/search/titlesearch.xhtml,1620585373,14:36:13,20210509
12,2009-06-30,1857.HK,HKD,2009-06-30,2009-06-30,FY,462855076.432813,550888130.01556,-88033053.582747,-0.19019571797982793,14908338.687461,74109452.585015,2850974.440422,0.0,25631542.193577,576519672.209137,124444523.803738,81523347.518623,-32141248.25770101,-0.06944127847837607,-113664595.776324,-0.24557275390026603,0.0,-767988755.887808,-1.659242374106893,29941471.321776,-797256339.896567,-1.7224750909959934,-7.041929,-7.041929,113441479,113441479,https://www1.hkexnews.hk/search/titlesearch.xhtml,https://www1.hkexnews.hk/search/titlesearch.xhtml,1620585373,14:36:13,20210509
13,2008-06-30,1857.HK,HKD,2008-06-30,2008-06-30,FY,1598173307.226306,919055478.067559,679117829.158747,0.42493378289328537,29864543.407577,100594800.426527,23494487.136362,0.0,906116336.807495,1825171814.875054,0.0,93618559.546749,-133379948.10199901,-0.08345774985660678,-226998507.648748,-0.1420362276245954,0.0,-281506218.220169,-0.17614248526571524,189217170.507208,-470723388.727377,-0.29453838741953237,-4.199903,-4.199903,113177515,113177515,https://www1.hkexnews.hk/search/titlesearch.xhtml,https://www1.hkexnews.hk/search/titlesearch.xhtml,1620585373,14:36:13,20210509
14,2007-06-30,1857.HK,HKD,2007-06-30,2007-06-30,FY,1633640978.39153,964464703.360295,669176275.031236,0.4096226061188191,42287328.204117,73111577.14210501,39669369.842836,0.0,196166931.01861,1160631634.378904,0.0,84164379.351614,557173723.3642399,0.3410625288751197,473009344.012626,0.289543020938632,0.0,427713317.393306,0.2618159822450274,88029621.095548,339683696.297758,0.2079304454227194,2.989302,2.746926,113761423,123799196,https://www1.hkexnews.hk/search/titlesearch.xhtml,https://www1.hkexnews.hk/search/titlesearch.xhtml,1620585373,14:36:13,20210509
15,2006-06-30,1857.HK,HKD,2006-06-30,2006-06-30,FY,1515114139.421622,1003360631.689734,511753507.731888,0.33776564709985757,50614158.531216,55683054.357098006,50009932.160251,0.0,156307145.048565,1159667776.738299,0.0,61123034.545855,416569397.229178,0.2749425844499073,355446362.683323,0.23460038648904083,0.0,257633576.039402,0.17004235478770646,74025501.843546,183608074.195856,0.12118431834181571,1.679174,1.679174,109344284,109344284,https://www1.hkexnews.hk/search/titlesearch.xhtml,https://www1.hkexnews.hk/search/titlesearch.xhtml,1620585373,14:36:13,20210509
16,2005-06-30,1857.HK,HKD,2005-06-30,2005-06-30,FY,1176990637.960172,680824699.176748,496165938.783424,0.4215547029697051,49449144.655509,44399386.702343,0.0,0.0,139602341.987038,820427041.163787,0.0,43989211.195738,400552807.992124,0.3403194512118781,356563596.796386,0.3029451427195224,0.0,356505402.559751,0.30289569947438677,49031460.215145,307473942.344606,0.2612373730325377,2.876184,2.876184,106903446,106903446,https://www1.hkexnews.hk/search/titlesearch.xhtml,https://www1.hkexnews.hk/search/titlesearch.xhtml,1620585373,14:36:13,20210509
