,date,symbol,reportedCurrency,fillingDate,acceptedDate,period,revenue,costOfRevenue,grossProfit,grossProfitRatio,researchAndDevelopmentExpenses,generalAndAdministrativeExpenses,sellingAndMarketingExpenses,otherExpenses,operatingExpenses,costAndExpenses,interestExpense,depreciationAndAmortization,ebitda,ebitdaratio,operatingIncome,operatingIncomeRatio,totalOtherIncomeExpensesNet,incomeBeforeTax,incomeBeforeTaxRatio,incomeTaxExpense,netIncome,netIncomeRatio,eps,epsdiluted,weightedAverageShsOut,weightedAverageShsOutDil,link,finalLink,timestamp,est_time,est_date
0,2020-12-31,FGBI,USD,2021-03-16,2021-03-16 14:53:31,FY,97115000,0.0,0.0,0.0,0.0,36322000,1046000.0,0.0,0.0,0.0,26017000.0,712000.0,0.0,0.0,0.0,0.26295628893579776,0.0,25537000.0,0.26295628893579776,5219000.0,20318000.0,0.20921587808268546,2.09,2.09,9741253.0,9741253.0,https://www.sec.gov/Archives/edgar/data/1408534/000140853421000014/0001408534-21-000014-index.htm,https://www.sec.gov/Archives/edgar/data/1408534/000140853421000014/fgbi-20201231.htm,1620592053,16:27:33,20210509
1,2019-12-31,FGBI,USD,2020-03-16 00:00:00,2020-03-16 14:09:23,FY,68759000,0.0,0.0,0.0,0.0,30074000,1456000.0,0.0,82000000.0,0.0,29966000.0,390000.0,0.0,0.0,0.0,0.2602859262060239,0.0,17897000.0,0.2602859262060239,3656000.0,14241000.0,0.2071147049840748,1.47,1.47,9695131.0,9695131.0,https://www.sec.gov/Archives/edgar/data/1408534/000140853420000009/0001408534-20-000009-index.html,https://www.sec.gov/Archives/edgar/data/1408534/000140853420000009/fgbi10k-123119.htm,1620592053,16:27:33,20210509
2,2018-12-31,FGBI,USD,2019-03-15 00:00:00,2019-03-15 12:38:04,FY,61090000,0.0,0.0,0.0,0.0,27447000,1329000.0,0.0,66000000.0,0.0,21366000.0,545000.0,0.0,0.0,0.0,0.2893272221312817,0.0,17675000.0,0.2893272221312817,3462000.0,14213000.0,0.23265673596333278,1.463636,1.463636,9687892.0,9687892.0,https://www.sec.gov/Archives/edgar/data/1408534/000140853419000012/0001408534-19-000012-index.html,https://www.sec.gov/Archives/edgar/data/1408534/000140853419000012/fgbi10k-123118.htm,1620592053,16:27:33,20210509
3,2017-12-31,FGBI,USD,2018-03-16 00:00:00,2018-03-16 11:49:54,FY,60332000,0.0,0.0,0.0,0.0,24217000,1205000.0,0.0,57000000.0,0.0,14393000.0,432000.0,0.0,0.0,0.0,0.31741032951004444,0.0,19150000.0,0.31741032951004444,7399000.0,11751000.0,0.19477226016044555,1.245455,1.245455,9468896.0,9468896.0,https://www.sec.gov/Archives/edgar/data/1408534/000140853418000010/0001408534-18-000010-index.html,https://www.sec.gov/Archives/edgar/data/1408534/000140853418000010/fgbform123117form10k.htm,1620592053,16:27:33,20210509
4,2016-12-31,FGBI,USD,2017-03-30 00:00:00,2017-03-30 16:56:43,FY,56803000,0.0,0.0,0.0,0.0,20029000,878000.0,0.0,47000000.0,0.0,10140000.0,320000.0,0.0,0.0,0.0,0.3742231924370192,0.0,21257000.0,0.3742231924370192,7164000.0,14093000.0,0.24810309314648873,1.528926,1.528926,9207124.0,9207124.0,https://www.sec.gov/Archives/edgar/data/1408534/000140853417000022/0001408534-17-000022-index.html,https://www.sec.gov/Archives/edgar/data/1408534/000140853417000022/fgbform123116form10k.htm,1620592053,16:27:33,20210509
5,2015-12-31,FGBI,USD,2016-03-28 00:00:00,2016-03-28 17:22:11,FY,56427000,0.0,0.0,0.0,0.0,18084000,848000.0,0.0,44000000.0,0.0,8608000.0,320000.0,0.0,0.0,0.0,0.3804561646020522,0.0,21468000.0,0.3804561646020522,6963000.0,14505000.0,0.2570577914828008,1.661157,1.661157,8486781.0,8486781.0,https://www.sec.gov/Archives/edgar/data/1408534/000140853416000053/0001408534-16-000053-index.html,https://www.sec.gov/Archives/edgar/data/1408534/000140853416000053/fgbform123115form10k.htm,1620592053,16:27:33,20210509
6,2014-12-31,FGBI,USD,2015-03-17,2015-03-17,FY,50272000,0.0,0.0,0.0,0.0,18211000,700000.0,0.0,43000000.0,0.0,9202000.0,320000.0,0.0,0.0,0.0,0.332511139401655,0.0,16716000.0,0.332511139401655,5492000.0,11224000.0,0.22326543602800764,1.292261,1.292261,8373762.0,8373762.0,https://www.sec.gov/Archives/edgar/data/1408534/000140853415000009/0001408534-15-000009-index.htm,https://www.sec.gov/Archives/edgar/data/1408534/000140853415000009/fgbform123114form10k.htm,1620592053,16:27:33,20210509
7,2013-12-31,FGBI,USD,2014-03-27,2014-03-27,FY,47230000,0.0,0.0,0.0,0.0,16893000,638000.0,0.0,45000000.0,0.0,11134000.0,320000.0,0.0,0.0,0.0,0.2905568494600889,0.0,13723000.0,0.2905568494600889,4577000.0,9146000.0,0.19364810501799704,1.006762,1.006762,8373762.0,8373762.0,https://www.sec.gov/Archives/edgar/data/1408534/000140853414000009/0001408534-14-000009-index.htm,https://www.sec.gov/Archives/edgar/data/1408534/000140853414000009/fgbform123113form10k.htm,1620592053,16:27:33,20210509
8,2012-12-31,FGBI,USD,2013-03-27 00:00:00,2013-03-27 17:26:33,FY,53324000,0.0,0.0,0.0,0.0,16217000,697000.0,0.0,48000000.0,0.0,13120000.0,350000.0,0.0,0.0,0.0,0.33605881029180107,0.0,17920000.0,0.33605881029180107,5861000.0,12059000.0,0.2261458255194659,1.202104,1.202104,8375790.0,8375790.0,https://www.sec.gov/Archives/edgar/data/1408534/000140853413000013/0001408534-13-000013-index.html,https://www.sec.gov/Archives/edgar/data/1408534/000140853413000013/form10k-123112.htm,1620592053,16:27:33,20210509
9,2011-12-31,FGBI,USD,2012-03-29 00:00:00,2012-03-29 13:18:30,FY,50861000,0.0,0.0,0.0,0.0,20455000,654000.0,97000.0,54000000.0,0.0,15118000.0,1718000.0,0.0,0.0,0.0,0.2311397731070958,0.0,11756000.0,0.2311397731070958,3723000.0,8033000.0,0.15794026857513616,0.669353,0.669353,9085695.0,9085695.0,https://www.sec.gov/Archives/edgar/data/1408534/000140853412000012/0001408534-12-000012-index.html,https://www.sec.gov/Archives/edgar/data/1408534/000140853412000012/form10k12312011.htm,1620592053,16:27:33,20210509
10,2010-12-31,FGBI,USD,2010-12-31,2010-12-31,FY,47732000,0.0,0.0,0.0,0.0,19583000,1426000.0,0.0,46000000.0,0.0,13223000.0,1465000.0,0.0,0.0,0.0,0.31951311489147743,0.0,15251000.0,0.31951311489147743,5226000.0,10025000.0,0.21002681639151932,1.065501,1.065501,8139874.0,8139874.0,,,1620592053,16:27:33,20210509
11,2009-12-31,FGBI,USD,2010-03-31 00:00:00,2010-03-31 15:31:14,FY,40312000,0.0,0.0,0.0,0.0,17886000,809000.0,829000.0,43000000.0,0.0,14844000.0,1413000.0,0.0,0.0,0.0,0.2808344909704306,0.0,11321000.0,0.2808344909704306,3726000.0,7595000.0,0.1884054375868228,0.860597,0.860597,8139874.0,8139874.0,https://www.sec.gov/Archives/edgar/data/1408534/000140853410000010/0001408534-10-000010-index.html,https://www.sec.gov/Archives/edgar/data/1408534/000140853410000010/form10-k.htm,1620592053,16:27:33,20210509
12,2008-12-31,FGBI,USD,2009-03-31 00:00:00,2009-03-31 15:07:46,FY,37616000,0.0,0.0,0.0,0.0,15792000,1131000.0,4611000.0,0.0,0.0,15733000.0,1451000.0,0.0,0.0,0.0,0.22168757975329648,0.0,8339000.0,0.22168757975329648,2591000.0,5748000.0,0.15280731603572947,0.703504,0.703504,8139874.0,8139874.0,https://www.sec.gov/Archives/edgar/data/1408534/000140853409000011/0001408534-09-000011-index.html,https://www.sec.gov/Archives/edgar/data/1408534/000140853409000011/form10k.htm,1620592053,16:27:33,20210509
13,2007-12-31,FGBI,USD,2007-12-31,2007-12-31,FY,38780000,0.0,0.0,0.0,0.0,14455000,842000.0,0.0,0.0,0.0,21398000.0,1238000.0,0.0,0.0,0.0,0.4055956678700361,0.0,15729000.0,0.4055956678700361,5466000.0,10263000.0,0.2646467251160392,1.263575,1.263575,8139874.0,8139874.0,,,1620592053,16:27:33,20210509
