,date,symbol,reportedCurrency,fillingDate,acceptedDate,period,revenue,costOfRevenue,grossProfit,grossProfitRatio,researchAndDevelopmentExpenses,generalAndAdministrativeExpenses,sellingAndMarketingExpenses,otherExpenses,operatingExpenses,costAndExpenses,interestExpense,depreciationAndAmortization,ebitda,ebitdaratio,operatingIncome,operatingIncomeRatio,totalOtherIncomeExpensesNet,incomeBeforeTax,incomeBeforeTaxRatio,incomeTaxExpense,netIncome,netIncomeRatio,eps,epsdiluted,weightedAverageShsOut,weightedAverageShsOutDil,link,finalLink,timestamp,est_time,est_date
0,2020-12-31,CAP.PA,EUR,2020-12-31,2020-12-31,FY,15848000000,11712000000,4136000000,0.2609793033821302,0.0,1144000000,1113000000.0,0.0,0.0,14182000000,178000000.0,113000000.0,1779000000,0.11225391216557294,1666000000,0.10512367491166077,0.0,1355000000,0.08549974760222111,400000000,957000000,0.060386168601716306,5.759120783374264,5.759120783374264,166171198,166171198,https://www.infogreffe.com/recherche-entreprise-dirigeants/resultats-entreprise-dirigeants.html?ga_cat=globale&ga_q=C.A.P#phrase=C.A.P,https://www.infogreffe.com/recherche-entreprise-dirigeants/resultats-entreprise-dirigeants.html?ga_cat=globale&ga_q=C.A.P#phrase=C.A.P,1620589901,15:51:41,20210509
1,2019-12-31,CAP.PA,EUR,2019-12-31,2019-12-31,FY,14125000000,10274000000,3851000000,0.27263716814159294,0.0,987000000,1123000000.0,0.0,2286000000.0,12560000000,114000000.0,73000000.0,1638000000,0.11596460176991151,1565000000,0.11079646017699116,0.0,1354000000,0.09585840707964602,502000000,856000000,0.06060176991150443,5.15,5.0,166171198,171047762,https://www.infogreffe.com/recherche-entreprise-dirigeants/resultats-entreprise-dirigeants.html?ga_cat=globale&ga_q=C.A.P#phrase=C.A.P,https://www.infogreffe.com/recherche-entreprise-dirigeants/resultats-entreprise-dirigeants.html?ga_cat=globale&ga_q=C.A.P#phrase=C.A.P,1620589901,15:51:41,20210509
2,2018-12-31,CAP.PA,EUR,2018-12-31,2018-12-31,FY,13197000000,9627000000,3570000000,0.27051602636962946,0.0,930000000,1043000000.0,0.0,2159000000.0,11786000000,88000000.0,75000000.0,1486000000,0.11260134879139198,1411000000,0.1069182389937107,0.0,1171000000,0.08873228764113056,447000000,730000000,0.05531560203076457,4.37,4.25,167088363,171697335,https://www.infogreffe.com/recherche-entreprise-dirigeants/resultats-entreprise-dirigeants.html?ga_cat=globale&ga_q=C.A.P#phrase=C.A.P,https://www.infogreffe.com/recherche-entreprise-dirigeants/resultats-entreprise-dirigeants.html?ga_cat=globale&ga_q=C.A.P#phrase=C.A.P,1620589901,15:51:41,20210509
3,2017-12-31,CAP.PA,EUR,2017-12-31,2017-12-31,FY,12792000000,9408000000,3384000000,0.26454033771106944,0.0,872000000,1019000000.0,0.0,2032000000.0,11440000000,89000000.0,65000000.0,1417000000,0.11077235772357724,1352000000,0.10569105691056911,0.0,1111000000,0.08685115697310819,303000000,820000000,0.0641025641025641,4.88,4.76,168057561,172082122,https://www.infogreffe.com/recherche-entreprise-dirigeants/resultats-entreprise-dirigeants.html?ga_cat=globale&ga_q=C.A.P#phrase=C.A.P,https://www.infogreffe.com/recherche-entreprise-dirigeants/resultats-entreprise-dirigeants.html?ga_cat=globale&ga_q=C.A.P#phrase=C.A.P,1620589901,15:51:41,20210509
4,2016-12-31,CAP.PA,EUR,2016-12-31,2016-12-31,FY,12539000000,9183000000,3356000000,0.2676449477629795,0.0,884000000,1032000000.0,0.0,2036000000.0,11219000000,166000000.0,68000000.0,1388000000,0.11069463274583301,1320000000,0.10527155275540315,0.0,1002000000,0.07991067868251056,94000000,921000000,0.07345083339979265,5.44,5.25,169450721,179080780,https://www.infogreffe.com/recherche-entreprise-dirigeants/resultats-entreprise-dirigeants.html?ga_cat=globale&ga_q=C.A.P#phrase=C.A.P,https://www.infogreffe.com/recherche-entreprise-dirigeants/resultats-entreprise-dirigeants.html?ga_cat=globale&ga_q=C.A.P#phrase=C.A.P,1620589901,15:51:41,20210509
5,2015-12-31,CAP.PA,EUR,2015-12-31,2015-12-31,FY,11915000000,8838000000,3077000000,0.25824590851867396,0.0,860000000,955000000.0,0.0,1879000000.0,10717000000,128000000.0,45000000.0,1243000000,0.10432228283676039,1198000000,0.10054553084347462,0.0,904000000,0.07587075115400756,-203000000,1124000000,0.09433487201007133,6.67,6.33,168452917,178581519,https://www.infogreffe.com/recherche-entreprise-dirigeants/resultats-entreprise-dirigeants.html?ga_cat=globale&ga_q=C.A.P#phrase=C.A.P,https://www.infogreffe.com/recherche-entreprise-dirigeants/resultats-entreprise-dirigeants.html?ga_cat=globale&ga_q=C.A.P#phrase=C.A.P,1620589901,15:51:41,20210509
6,2014-12-31,CAP.PA,EUR,2014-12-31,2014-12-31,FY,10573000000,7960000000,2613000000,0.24713893880639365,0.0,788000000,855000000.0,0.0,1687000000.0,9647000000,85000000.0,20000000.0,946000000,0.08947318641823512,926000000,0.08758157571171853,0.0,783000000,0.07405655916012485,210000000,580000000,0.054856710488981365,3.68,3.44,157855433,170226305,https://www.infogreffe.com/recherche-entreprise-dirigeants/resultats-entreprise-dirigeants.html?ga_cat=globale&ga_q=C.A.P#phrase=C.A.P,https://www.infogreffe.com/recherche-entreprise-dirigeants/resultats-entreprise-dirigeants.html?ga_cat=globale&ga_q=C.A.P#phrase=C.A.P,1620589901,15:51:41,20210509
7,2013-12-31,CAP.PA,EUR,2013-12-31,2013-12-31,FY,10092000000,7636000000,2456000000,0.24336107808164884,0.0,792000000,807000000.0,0.0,1666000000.0,9302000000,114000000.0,30000000.0,820000000,0.08125247720967102,790000000,0.07827982560443916,0.0,617000000,0.06113753468093539,182000000,442000000,0.04379706698374951,2.8,2.59,158147868,179596733,https://www.infogreffe.com/recherche-entreprise-dirigeants/resultats-entreprise-dirigeants.html?ga_cat=globale&ga_q=C.A.P#phrase=C.A.P,https://www.infogreffe.com/recherche-entreprise-dirigeants/resultats-entreprise-dirigeants.html?ga_cat=globale&ga_q=C.A.P#phrase=C.A.P,1620589901,15:51:41,20210509
8,2012-12-31,CAP.PA,EUR,2012-12-31,2012-12-31,FY,10264000000,7884000000,2380000000,0.2318784099766173,0.0,799000000,794000000.0,0.0,1600000000.0,9484000000,106000000.0,228000000.0,1008000000,0.09820732657833203,780000000,0.0759937646141855,0.0,500000000,0.04871395167575994,140000000,370000000,0.03604832424006235,2.37,2.25,155795618,174811705,https://www.infogreffe.com/recherche-entreprise-dirigeants/resultats-entreprise-dirigeants.html?ga_cat=globale&ga_q=C.A.P#phrase=C.A.P,https://www.infogreffe.com/recherche-entreprise-dirigeants/resultats-entreprise-dirigeants.html?ga_cat=globale&ga_q=C.A.P#phrase=C.A.P,1620589901,15:51:41,20210509
9,2011-12-31,CAP.PA,EUR,2011-12-31,2011-12-31,FY,9693000000,7425000000,2268000000,0.233983286908078,0.0,809000000,746000000.0,0.0,1673000000.0,9098000000,192000000.0,188000000.0,783000000,0.0807799442896936,595000000,0.06138450428144022,0.0,490000000,0.05055194470236253,101000000,389000000,0.04013205405963066,2.63,2.49,153595650,171714450,https://www.infogreffe.com/recherche-entreprise-dirigeants/resultats-entreprise-dirigeants.html?ga_cat=globale&ga_q=C.A.P#phrase=C.A.P,https://www.infogreffe.com/recherche-entreprise-dirigeants/resultats-entreprise-dirigeants.html?ga_cat=globale&ga_q=C.A.P#phrase=C.A.P,1620589901,15:51:41,20210509
10,2010-12-31,CAP.PA,EUR,2010-12-31,2010-12-31,FY,8697000000,6631000000,2066000000,0.23755317925721514,0.0,799000000,680000000.0,0.0,1577000000.0,8208000000,55000000.0,176000000.0,665000000,0.07646314821202714,489000000,0.05622628492583649,0.0,402000000,0.046222835460503625,124000000,278000000,0.03196504541796022,1.83,1.74,152979307,182239201,https://www.infogreffe.com/recherche-entreprise-dirigeants/resultats-entreprise-dirigeants.html?ga_cat=globale&ga_q=C.A.P#phrase=C.A.P,https://www.infogreffe.com/recherche-entreprise-dirigeants/resultats-entreprise-dirigeants.html?ga_cat=globale&ga_q=C.A.P#phrase=C.A.P,1620589901,15:51:41,20210509
11,2009-12-31,CAP.PA,EUR,2009-12-31,2009-12-31,FY,8371000000,6366000000,2005000000,0.2395173814359097,0.0,781000000,629000000.0,-93000000.0,1403000000.0,7769000000,0.0,164000000.0,766000000,0.09150639111217297,602000000,0.07191494445108111,0.0,239000000,0.0285509497073229,61000000,178000000,0.021263887229721657,1.23,1.22,145153387,157065374,https://www.infogreffe.com/recherche-entreprise-dirigeants/resultats-entreprise-dirigeants.html?ga_cat=globale&ga_q=C.A.P#phrase=C.A.P,https://www.infogreffe.com/recherche-entreprise-dirigeants/resultats-entreprise-dirigeants.html?ga_cat=globale&ga_q=C.A.P#phrase=C.A.P,1620589901,15:51:41,20210509
12,2008-12-31,CAP.PA,EUR,2008-12-31,2008-12-31,FY,8710000000,6478000000,2232000000,0.2562571756601607,0.0,856000000,632000000.0,0.0,1646000000.0,8124000000,0.0,213000000.0,799000000,0.09173363949483353,586000000,0.06727898966704937,0.0,567000000,0.06509758897818599,116000000,451000000,0.051779563719862226,3.14,2.97,143424188,156466779,https://www.infogreffe.com/recherche-entreprise-dirigeants/resultats-entreprise-dirigeants.html?ga_cat=globale&ga_q=C.A.P#phrase=C.A.P,https://www.infogreffe.com/recherche-entreprise-dirigeants/resultats-entreprise-dirigeants.html?ga_cat=globale&ga_q=C.A.P#phrase=C.A.P,1620589901,15:51:41,20210509
13,2007-12-31,CAP.PA,EUR,2007-12-31,2007-12-31,FY,8703000000,6518000000,2185000000,0.2510628518901528,0.0,938000000,607000000.0,-2000000.0,1692000000.0,8210000000,0.0,192000000.0,685000000,0.07870849132483052,493000000,0.05664713317246926,0.0,486000000,0.055842812823164424,48000000,440000000,0.05055727909916121,3.04,2.84,144744128,159292070,https://www.infogreffe.com/recherche-entreprise-dirigeants/resultats-entreprise-dirigeants.html?ga_cat=globale&ga_q=C.A.P#phrase=C.A.P,https://www.infogreffe.com/recherche-entreprise-dirigeants/resultats-entreprise-dirigeants.html?ga_cat=globale&ga_q=C.A.P#phrase=C.A.P,1620589901,15:51:41,20210509
14,2006-12-31,CAP.PA,EUR,2006-12-31,2006-12-31,FY,7700000000,5920000000,1780000000,0.23116883116883116,0.0,825000000,508000000.0,0.0,1446000000.0,7366000000,0.0,167000000.0,501000000,0.06506493506493506,334000000,0.043376623376623374,0.0,306000000,0.03974025974025974,13000000,293000000,0.03805194805194805,2.21,2.07,132782723,147241326,https://www.infogreffe.com/recherche-entreprise-dirigeants/resultats-entreprise-dirigeants.html?ga_cat=globale&ga_q=C.A.P#phrase=C.A.P,https://www.infogreffe.com/recherche-entreprise-dirigeants/resultats-entreprise-dirigeants.html?ga_cat=globale&ga_q=C.A.P#phrase=C.A.P,1620589901,15:51:41,20210509
15,2005-12-31,CAP.PA,EUR,2005-12-31,2005-12-31,FY,6954000000,5377000000,1577000000,0.226775956284153,0.0,828000000,524000000.0,0.0,1363000000.0,6740000000,0.0,200000000.0,414000000,0.059534081104400345,214000000,0.030773655450100662,0.0,176000000,0.025309174575783723,35000000,141000000,0.020276100086281276,1.07,1.06,131391243,138472266,https://www.infogreffe.com/recherche-entreprise-dirigeants/resultats-entreprise-dirigeants.html?ga_cat=globale&ga_q=C.A.P#phrase=C.A.P,https://www.infogreffe.com/recherche-entreprise-dirigeants/resultats-entreprise-dirigeants.html?ga_cat=globale&ga_q=C.A.P#phrase=C.A.P,1620589901,15:51:41,20210509
16,2004-12-31,CAP.PA,EUR,2004-12-31,2004-12-31,FY,6291000000,4607000000,1684000000,0.2676839930058814,0.0,1023000000,603000000.0,-217000000.0,1626000000.0,6233000000,0.0,256000000.0,314000000,0.049912573517723734,58000000,0.009219519949133684,0.0,-183000000,-0.029089175011921792,125000000,-359000000,-0.05706564934032745,-2.734346417059074,-2.6999077910043345,131292801,132967504,https://www.infogreffe.com/recherche-entreprise-dirigeants/resultats-entreprise-dirigeants.html?ga_cat=globale&ga_q=C.A.P#phrase=C.A.P,https://www.infogreffe.com/recherche-entreprise-dirigeants/resultats-entreprise-dirigeants.html?ga_cat=globale&ga_q=C.A.P#phrase=C.A.P,1620589901,15:51:41,20210509
17,2003-12-31,CAP.PA,EUR,2003-12-31,2003-12-31,FY,5754000000,3934000000,1820000000,0.31630170316301703,0.0,1003000000,662000000.0,-251000000.0,1665000000.0,5599000000,0.0,207000000.0,362000000,0.06291275634341328,155000000,0.026937782412234965,0.0,-110000000,-0.019117135905457074,47000000,-197000000,-0.03423705248522767,-1.5661640387812108,-1.5592288842259414,125785036,126344504,https://www.infogreffe.com/recherche-entreprise-dirigeants/resultats-entreprise-dirigeants.html?ga_cat=globale&ga_q=C.A.P#phrase=C.A.P,https://www.infogreffe.com/recherche-entreprise-dirigeants/resultats-entreprise-dirigeants.html?ga_cat=globale&ga_q=C.A.P#phrase=C.A.P,1620589901,15:51:41,20210509
18,2002-12-31,CAP.PA,EUR,2002-12-31,2002-12-31,FY,7047000000,4742000000,2305000000,0.3270895416489286,0.0,2191000000,0.0,-400000000.0,2191000000.0,6933000000,0.0,0.0,114000000,0.016177096636866752,114000000,0.016177096636866752,0.0,-288000000,-0.04086845466155811,108000000,-514000000,-0.07293883922236413,-4.098217889950555,-4.055941438139618,125420369,126727668,https://www.infogreffe.com/recherche-entreprise-dirigeants/resultats-entreprise-dirigeants.html?ga_cat=globale&ga_q=C.A.P#phrase=C.A.P,https://www.infogreffe.com/recherche-entreprise-dirigeants/resultats-entreprise-dirigeants.html?ga_cat=globale&ga_q=C.A.P#phrase=C.A.P,1620589901,15:51:41,20210509
19,2001-12-31,CAP.PA,EUR,2001-12-31,2001-12-31,FY,8416000000,5664000000,2752000000,0.3269961977186312,0.0,2329000000,0.0,-130000000.0,2329000000.0,7993000000,0.0,31000000.0,454000000,0.053944866920152094,423000000,0.05026140684410647,0.0,290000000,0.03445817490494297,104000000,183000000,0.021744296577946767,1.22,1.2,124799003,127514674,https://www.infogreffe.com/recherche-entreprise-dirigeants/resultats-entreprise-dirigeants.html?ga_cat=globale&ga_q=C.A.P#phrase=C.A.P,https://www.infogreffe.com/recherche-entreprise-dirigeants/resultats-entreprise-dirigeants.html?ga_cat=globale&ga_q=C.A.P#phrase=C.A.P,1620589901,15:51:41,20210509
20,2000-12-31,CAP.PA,EUR,2000-12-31,2000-12-31,FY,6931000000,4871000000,2060000000,0.29721540903188576,0.0,1357000000,0.0,9000000.0,1357000000.0,6228000000,0.0,0.0,703000000,0.10142836531525032,703000000,0.10142836531525032,0.0,705000000,0.10171692396479584,238000000,431000000,0.062184388977059586,4.15,3.99,103875903,107920778,https://www.infogreffe.com/recherche-entreprise-dirigeants/resultats-entreprise-dirigeants.html?ga_cat=globale&ga_q=C.A.P#phrase=C.A.P,https://www.infogreffe.com/recherche-entreprise-dirigeants/resultats-entreprise-dirigeants.html?ga_cat=globale&ga_q=C.A.P#phrase=C.A.P,1620589901,15:51:41,20210509
21,1999-12-31,CAP.PA,EUR,1999-12-31,1999-12-31,FY,4310000000,2904000000,1406000000,0.32621809744779584,0.0,937000000,0.0,0.0,937000000.0,3841000000,0.0,28000000.0,497000000,0.11531322505800463,469000000,0.10881670533642691,0.0,516000000,0.1197215777262181,199000000,266000000,0.0617169373549884,3.634967292127016,3.4428424283113164,73178100,77261741,https://www.infogreffe.com/recherche-entreprise-dirigeants/resultats-entreprise-dirigeants.html?ga_cat=globale&ga_q=C.A.P#phrase=C.A.P,https://www.infogreffe.com/recherche-entreprise-dirigeants/resultats-entreprise-dirigeants.html?ga_cat=globale&ga_q=C.A.P#phrase=C.A.P,1620589901,15:51:41,20210509
22,1998-12-31,CAP.PA,EUR,1998-12-31,1998-12-31,FY,3955000000,2678000000,1277000000,0.32288242730720607,0.0,871000000,0.0,5000000.0,871000000.0,3549000000,0.0,30000000.0,436000000,0.11024020227560051,406000000,0.10265486725663717,0.0,409000000,0.1034134007585335,155000000,188000000,0.04753476611883692,2.73,2.65,66163937,71082273,https://www.infogreffe.com/recherche-entreprise-dirigeants/resultats-entreprise-dirigeants.html?ga_cat=globale&ga_q=C.A.P#phrase=C.A.P,https://www.infogreffe.com/recherche-entreprise-dirigeants/resultats-entreprise-dirigeants.html?ga_cat=globale&ga_q=C.A.P#phrase=C.A.P,1620589901,15:51:41,20210509
23,1997-12-31,CAP.PA,EUR,1997-12-31,1997-12-31,FY,3076000000,2111000000,965000000,0.3137191157347204,0.0,715000000,0.0,0.0,715000000.0,2826000000,0.0,29000000.0,279000000,0.09070221066319896,250000000,0.0812743823146944,0.0,253000000,0.08224967490247075,88000000,116000000,0.0377113133940182,1.9,1.82,60763497,63857609,https://www.infogreffe.com/recherche-entreprise-dirigeants/resultats-entreprise-dirigeants.html?ga_cat=globale&ga_q=C.A.P#phrase=C.A.P,https://www.infogreffe.com/recherche-entreprise-dirigeants/resultats-entreprise-dirigeants.html?ga_cat=globale&ga_q=C.A.P#phrase=C.A.P,1620589901,15:51:41,20210509
24,1996-12-31,CAP.PA,EUR,1996-12-31,1996-12-31,FY,2259000000,1593000000,666000000,0.2948207171314741,0.0,507000000,0.0,-20000000.0,507000000.0,2100000000,0.0,23000000.0,182000000,0.08056662239929172,159000000,0.0703851261620186,0.0,135000000,0.05976095617529881,45000000,43000000,0.019034971226206288,0.7503423175076308,0.7310531716903366,57307177,58819251,https://www.infogreffe.com/recherche-entreprise-dirigeants/resultats-entreprise-dirigeants.html?ga_cat=globale&ga_q=C.A.P#phrase=C.A.P,https://www.infogreffe.com/recherche-entreprise-dirigeants/resultats-entreprise-dirigeants.html?ga_cat=globale&ga_q=C.A.P#phrase=C.A.P,1620589901,15:51:41,20210509
