,date,symbol,reportedCurrency,fillingDate,acceptedDate,period,revenue,costOfRevenue,grossProfit,grossProfitRatio,researchAndDevelopmentExpenses,generalAndAdministrativeExpenses,sellingAndMarketingExpenses,otherExpenses,operatingExpenses,costAndExpenses,interestExpense,depreciationAndAmortization,ebitda,ebitdaratio,operatingIncome,operatingIncomeRatio,totalOtherIncomeExpensesNet,incomeBeforeTax,incomeBeforeTaxRatio,incomeTaxExpense,netIncome,netIncomeRatio,eps,epsdiluted,weightedAverageShsOut,weightedAverageShsOutDil,link,finalLink,timestamp,est_time,est_date
0,2019-12-31,LOGMV,USD,2020-02-14,2020-02-14 14:03:31,FY,1260385000,323665000.0,936720000,0.7432014820868227,160499000,-316298000,461078000,172037000.0,938394000,1262059000,8247000.0,304596000.0,302922000.0,0.2403408482328812,-1674000.0,-0.0013281656001935917,-588000.0,-8858000.0,-0.007028011282266927,5697000.0,-14555000.0,-0.011548058728087052,-0.29353,-0.29353,49586000,49586000,https://www.sec.gov/Archives/edgar/data/1420302/000156459020004769/0001564590-20-004769-index.htm,https://www.sec.gov/Archives/edgar/data/1420302/000156459020004769/logm-10k_20191231.htm,1620594562,17:09:22,20210509
1,2018-12-31,LOGMV,USD,2019-02-21,2019-02-21 16:10:24,FY,1203992000,281481000.0,922511000,0.7662102405996053,169409000,-237544000,382997000,138629000.0,836488000,1117969000,6342000.0,301071000.0,387094000.0,0.3215087807892411,86023000.0,0.07144814915713725,-556000.0,80796000.0,0.06710675818443976,6425000.0,74371000.0,0.061770343988996605,1.4353456594742733,1.4166984151173423,51814000,52496000,https://www.sec.gov/Archives/edgar/data/1420302/000156459019003676/0001564590-19-003676-index.htm,https://www.sec.gov/Archives/edgar/data/1420302/000156459019003676/logm-10k_20181231.htm,1620594562,17:09:22,20210509
2,2017-12-31,LOGMV,USD,2018-02-20,2018-02-20 17:05:21,FY,989786000,203203000.0,786583000,0.7947000664790167,156731000,-186595000,346961000,134342000.0,798400000,1001603000,1408000.0,221934000.0,210117000.0,0.21228528186901008,-11817000.0,-0.011938944377875621,-141000.0,-11977000.0,-0.01210059548225576,-111500000.0,99523000.0,0.10055001788265343,1.9733706105129578,1.9338748226881448,50433000,51463000,https://www.sec.gov/Archives/edgar/data/1420302/000119312518050503/0001193125-18-050503-index.htm,https://www.sec.gov/Archives/edgar/data/1420302/000119312518050503/d506130d10k.htm,1620594562,17:09:22,20210509
3,2016-12-31,LOGMV,USD,2017-03-01,2017-03-01 08:32:20,FY,336068000,45501000.0,290567000,0.8646077579537474,57193000,-102118000,162811000,5457000.0,286154000,331655000,1403000.0,21367000.0,25780000.0,0.07671066569860861,4413000.0,0.013131271052287037,-500000.0,3208000.0,0.009545687182355952,570000.0,2638000.0,0.007849601866288965,0.10424817229796483,0.10082556184069714,25305000,26164000,https://www.sec.gov/Archives/edgar/data/1420302/000119312517063977/0001193125-17-063977-index.htm,https://www.sec.gov/Archives/edgar/data/1420302/000119312517063977/d301311d10k.htm,1620594562,17:09:22,20210509
4,2015-12-31,LOGMV,USD,2016-02-19,2016-02-19 08:34:52,FY,271600000,35458000.0,236142000,0.8694477172312224,42597000,-105912000,138946000,5516000.0,220093000,255551000,574000.0,13557000.0,29606000.0,0.1090058910162003,16049000.0,0.05909057437407953,1389000.0,17518000.0,0.06449926362297496,2960000.0,14558000.0,0.05360088365243004,0.5863927793209178,0.564702895989469,24826363,25779928,https://www.sec.gov/Archives/edgar/data/1420302/000119312516469163/0001193125-16-469163-index.htm,https://www.sec.gov/Archives/edgar/data/1420302/000119312516469163/d133436d10k.htm,1620594562,17:09:22,20210509
5,2014-12-31,LOGMV,USD,2015-02-20,2015-02-20 08:31:06,FY,221956000,28732000.0,193224000,0.8705509200021626,33516000,-88982000,119508000,987000.0,184537000,213269000,0.0,10913000.0,19600000.0,0.08830579033682351,8687000.0,0.039138387788570705,105000.0,9394000.0,0.04232370379714898,1439000.0,7955000.0,0.03584043684333832,0.3262211651553803,0.3133592390101409,24385297,25386199,https://www.sec.gov/Archives/edgar/data/1420302/000119312515055090/0001193125-15-055090-index.htm,https://www.sec.gov/Archives/edgar/data/1420302/000119312515055090/d845471d10k.htm,1620594562,17:09:22,20210509
6,2013-12-31,LOGMV,USD,2014-03-10,2014-03-10 16:27:37,FY,166258000,18816000.0,147442000,0.8868264985745047,29023000,-59613000,88794000,2370000.0,149368000,168184000,0.0,7506000.0,5580000.0,0.03356229474671896,-1926000.0,-0.011584404960964285,0.0,-1468000.0,-0.008829650302541833,6214000.0,-7682000.0,-0.04620529538428226,-0.31547,-0.31547,24350913,24350913,https://www.sec.gov/Archives/edgar/data/1420302/000119312514091608/0001193125-14-091608-index.htm,https://www.sec.gov/Archives/edgar/data/1420302/000119312514091608/d639184d10k.htm,1620594562,17:09:22,20210509
7,2012-12-31,LOGMV,USD,2013-02-22,2013-02-22 08:47:54,FY,138837125,14503859.0,124333266,0.895533280453625,26361324,-48720882,70058389,565205.0,118322425,132826284,352.0,6045738.0,12056579.0,0.0868397339688502,6010841.0,0.043294190944965186,0.0,6256365.0,0.045062622839532294,2690731.0,3565634.0,0.02568213653228558,0.14429197852540152,0.14062119855396912,24711242,25356305,https://www.sec.gov/Archives/edgar/data/1420302/000119312513070460/0001193125-13-070460-index.htm,https://www.sec.gov/Archives/edgar/data/1420302/000119312513070460/d447992d10k.htm,1620594562,17:09:22,20210509
8,2011-12-31,LOGMV,USD,2012-02-24,2012-02-24 16:07:33,FY,119461000,10574000.0,108887000,0.9114857568578867,20780000,-37181000,57156000,1478000.0,99389000,109963000,0.0,4402592000.0,4412090000.0,36.9333087785972,9498000.0,0.07950711947832347,564000.0,9795000.0,0.08199328651191602,-4034000.0,5761000.0,0.0482249437054771,0.23343480041628464,0.22733485145082136,24679268,25341473,https://www.sec.gov/Archives/edgar/data/1420302/000119312512078099/0001193125-12-078099-index.htm,https://www.sec.gov/Archives/edgar/data/1420302/000119312512078099/d274763d10k.htm,1620594562,17:09:22,20210509
9,2010-12-31,LOGMV,USD,2011-02-28,2011-02-28 16:35:33,FY,101057000,9124000.0,91933000,0.9097143196413905,15214000,-33550000,45869000,338000.0,73740000,82864000,0.0,931000.0,19124000.0,0.18923973599057958,18193000.0,0.18002711341124317,-219000.0,18608000.0,0.18413370671996993,2491000.0,21099000.0,0.20878316197789368,0.9077181208053692,0.8493961352657005,23244000,24840000,https://www.sec.gov/Archives/edgar/data/1420302/000095012311019803/0000950123-11-019803-index.htm,https://www.sec.gov/Archives/edgar/data/1420302/000095012311019803/b84096e10vk.htm,1620594562,17:09:22,20210509
10,2009-12-31,LOGMV,USD,2010-02-26,2010-02-26 16:13:44,FY,74408000,7508000.0,66900000,0.8990968713041608,13149000,-27524000,35821000,328000.0,57595000,65103000,0.0,931000.0,10236000.0,0.1375658531340716,9305000.0,0.1250537576604666,-294000.0,9139000.0,0.12282281475110203,-342000.0,8797000.0,0.11822653478120632,0.6772132409545805,0.5929895517357601,12990000,14835000,https://www.sec.gov/Archives/edgar/data/1420302/000095012310018147/0000950123-10-018147-index.htm,https://www.sec.gov/Archives/edgar/data/1420302/000095012310018147/b79455e10vk.htm,1620594562,17:09:22,20210509
