,date,symbol,reportedCurrency,fillingDate,acceptedDate,period,revenue,costOfRevenue,grossProfit,grossProfitRatio,researchAndDevelopmentExpenses,generalAndAdministrativeExpenses,sellingAndMarketingExpenses,otherExpenses,operatingExpenses,costAndExpenses,interestExpense,depreciationAndAmortization,ebitda,ebitdaratio,operatingIncome,operatingIncomeRatio,totalOtherIncomeExpensesNet,incomeBeforeTax,incomeBeforeTaxRatio,incomeTaxExpense,netIncome,netIncomeRatio,eps,epsdiluted,weightedAverageShsOut,weightedAverageShsOutDil,link,finalLink,timestamp,est_time,est_date
0,2020-03-31,INDLMETER.NS,INR,2020-03-31,2020-03-31,FY,2645510773,2133218856,512291917,0.1936457497086896,0.0,30475878.0,57527550.0,-61294798.0,0.0,2504097586,253308433.0,72752706,214165893,0.08095445884619726,141413187,0.05345402046487905,0.0,-214232718,-0.08097971861859433,-71830604.0,-142402114.0,-0.05382783372245221,-16.488285212531885,-15.501130727563725,8636563.0,9186563.0,,,1620593599,16:53:19,20210509
1,2019-03-31,INDLMETER.NS,INR,2019-03-31,2019-03-31,FY,4133056789,3300535300,832521489,0.201429966124765,0.0,33543499.0,0.0,-45353341.0,475669807.0,3776205107,227898380.0,65677297,422528979,0.10223159287928187,356851682,0.08634086106674108,0.0,29473642,0.007131196957768198,8644739.0,20828903.0,0.005039587903905764,2.38,2.33,8636563.0,8819896.0,https://www.nseindia.com/companies-listing/corporate-filings-annual-reports,https://www.nseindia.com/companies-listing/corporate-filings-annual-reports,1620593599,16:53:19,20210509
2,2018-03-31,INDLMETER.NS,INR,2018-03-31,2018-03-31,FY,4456400344,3574621917,881778427,0.19786786619994928,0.0,30795380.0,0.0,-49505885.0,480204098.0,4054826015,221746584.0,64657734,466232063,0.10462077618940244,401574329,0.09011181626459366,0.0,79633959,0.017869570247928335,23208831.0,56425128.0,0.012661593134460991,6.53,6.53,8636563.0,8636563.0,https://www.nseindia.com/companies-listing/corporate-filings-annual-reports,https://www.nseindia.com/companies-listing/corporate-filings-annual-reports,1620593599,16:53:19,20210509
3,2017-03-31,INDLMETER.NS,INR,2017-03-31,2017-03-31,FY,3949922556,3184739484,765183072,0.19372103152697862,0.0,29662853.0,1044791.0,223462.0,470762842.0,3655502326,198148229.0,61390829,355811059,0.09008051523934739,294420230,0.07453822849077651,0.0,53553767,0.013558181518939127,17732592.0,35265268.0,0.008928090994197203,4.083253,4.083253,8636563.0,8636563.0,https://www.nseindia.com/companies-listing/corporate-filings-annual-reports,https://www.nseindia.com/companies-listing/corporate-filings-annual-reports,1620593599,16:53:19,20210509
4,2016-03-31,INDLMETER.NS,INR,2016-03-31,2016-03-31,FY,3621731169,2899480471,722250698,0.19942139940757156,0.0,26541008.0,7680520.0,24182.0,430738953.0,3330219424,197790837.0,60244683,351756428,0.09712383707847753,291511745,0.08048961433006901,0.0,52475489,0.014489062426598897,17443630.0,34066381.0,0.009406104266266153,4.12,4.12,8493176.0,8493176.0,https://www.nseindia.com/companies-listing/corporate-filings-annual-reports,https://www.nseindia.com/companies-listing/corporate-filings-annual-reports,1620593599,16:53:19,20210509
5,2015-03-31,INDLMETER.NS,INR,2015-03-31,2015-03-31,FY,3309995033,2589227191,720767842,0.21775496180933393,0.0,0.0,0.0,2964066.0,479142599.0,3068369790,174536281.0,64578705,306203948,0.0925088844385586,241625243,0.07299867238199569,0.0,37491206,0.01132666533521049,11347919.0,25959737.0,0.007842832614909244,3.08,3.08,8136563.0,8136563.0,https://www.nseindia.com/companies-listing/corporate-filings-annual-reports,https://www.nseindia.com/companies-listing/corporate-filings-annual-reports,1620593599,16:53:19,20210509
6,2014-03-31,INDLMETER.NS,INR,2014-03-31,2014-03-31,FY,2643813520,2060865118,582948402,0.22049527986376286,0.0,0.0,0.0,194212.0,378060399.0,2438925517,0.0,50341300,255229303,0.096538315228829,204888003,0.07749714624350662,0.0,15458504,0.0058470477902692625,7628508.0,5771391.0,0.0021829796074270776,0.82,0.82,8136563.0,8136563.0,https://www.nseindia.com/companies-listing/corporate-filings-annual-reports,https://www.nseindia.com/companies-listing/corporate-filings-annual-reports,1620593599,16:53:19,20210509
7,2012-06-30,INDLMETER.NS,INR,2012-06-30,2012-06-30,FY,2822426778,2194326640,628100138,0.22253903729083738,0.0,0.0,0.0,3440.0,339427440.0,2533754080,0.0,42907580,331580278,0.11748055984466003,288672698,0.10227818849017453,0.0,97342792,0.03448904069319314,29861247.0,69016037.0,0.024452728955790825,8.48221,8.48221,8136563.0,8136563.0,https://www.nseindia.com/companies-listing/corporate-filings-annual-reports,https://www.nseindia.com/companies-listing/corporate-filings-annual-reports,1620593599,16:53:19,20210509
8,2011-06-30,INDLMETER.NS,INR,2011-06-30,2011-06-30,FY,2491497589,1951548073,539949516,0.21671685270091587,0.0,56194873.0,90163250.0,0.0,274486023.0,2226034096,0.0,39248089,304711582,0.12230057269383134,265463493,0.10654776234664058,0.0,58501619,0.023480503958055406,30698640.0,27802979.0,0.011159143449606605,3.417042,3.417042,8136563.0,8136563.0,https://www.nseindia.com/companies-listing/corporate-filings-annual-reports,https://www.nseindia.com/companies-listing/corporate-filings-annual-reports,1620593599,16:53:19,20210509
9,2010-06-30,INDLMETER.NS,INR,2010-06-30,2010-06-30,FY,1926953269,1502582541,424370728,0.22022886326674068,0.0,59794449.0,69222855.0,0.0,240369570.0,1742952111,0.0,35029012,219030170,0.11366657070706576,184001158,0.09548812675435982,0.0,68277195,0.035432719671210665,22387231.0,45889964.0,0.02381477783517541,5.639969,5.639969,8136563.0,8136563.0,https://www.nseindia.com/companies-listing/corporate-filings-annual-reports,https://www.nseindia.com/companies-listing/corporate-filings-annual-reports,1620593599,16:53:19,20210509
10,2009-06-30,INDLMETER.NS,INR,2009-06-30,2009-06-30,FY,1906079290,1395977026,510102264,0.2676185962862017,0.0,75046426.0,36914468.0,0.0,207391680.0,1603368706,0.0,25676910,328387494,0.17228427784869327,302710584,0.15881321705142706,0.0,225272944,0.11818655455828388,68067219.0,157205725.0,0.08247596300151816,21.18687,21.18687,7419960.0,7419960.0,https://www.nseindia.com/companies-listing/corporate-filings-annual-reports,https://www.nseindia.com/companies-listing/corporate-filings-annual-reports,1620593599,16:53:19,20210509
11,2008-06-30,INDLMETER.NS,INR,2008-06-30,2008-06-30,FY,1342884339,984461391,358422948,0.2669053004720461,0.0,43873016.0,33324709.0,0.0,151436279.0,1135897670,0.0,16920407,223907076,0.16673593510423684,206986669,0.1541358872009304,0.0,151942041,0.113146036920161,47074963.0,93559228.0,0.06967035453676551,13.919975,12.215982,6721221.0,7658756.0,https://www.nseindia.com/companies-listing/corporate-filings-annual-reports,https://www.nseindia.com/companies-listing/corporate-filings-annual-reports,1620593599,16:53:19,20210509
