,date,symbol,reportedCurrency,fillingDate,acceptedDate,period,revenue,costOfRevenue,grossProfit,grossProfitRatio,researchAndDevelopmentExpenses,generalAndAdministrativeExpenses,sellingAndMarketingExpenses,otherExpenses,operatingExpenses,costAndExpenses,interestExpense,depreciationAndAmortization,ebitda,ebitdaratio,operatingIncome,operatingIncomeRatio,totalOtherIncomeExpensesNet,incomeBeforeTax,incomeBeforeTaxRatio,incomeTaxExpense,netIncome,netIncomeRatio,eps,epsdiluted,weightedAverageShsOut,weightedAverageShsOutDil,link,finalLink,timestamp,est_time,est_date
0,2018-12-31,EFII,USD,2019-02-27 00:00:00,2019-02-27 17:25:02,FY,1015021000.0,516448000.0,498573000.0,0.49119476345809593,159941000.0,-106922000.0,183498000.0,58872000.0,478887000.0,995335000.0,20169000.0,65557000,85243000,0.08398151368296813,19686000.0,0.019394672622536874,1604000.0,1121000.0,0.0011044106476614769,2092000.0,-971000.0,-0.000956630453951199,-0.02186,-0.02186,44429000,44429000,https://www.sec.gov/Archives/edgar/data/867374/000086737419000011/0000867374-19-000011-index.html,https://www.sec.gov/Archives/edgar/data/867374/000086737419000011/efiiq4201810-k.htm,1620591495,16:18:15,20210509
1,2017-12-31,EFII,USD,2018-03-16 00:00:00,2018-03-16 06:17:37,FY,993260000.0,486804000.0,506456000.0,0.5098926766405574,157358000.0,-80744000.0,173697000.0,54901000.0,478909000.0,965713000.0,19505000.0,65647000,93194000,0.09382638986770836,27547000.0,0.027733926665727,4088000.0,12130000.0,0.012212310975978092,27475000.0,-15345000.0,-0.01544912711676701,-0.33156,-0.33156,46281000,46281000,https://www.sec.gov/Archives/edgar/data/867374/000119312518084738/0001193125-18-084738-index.html,https://www.sec.gov/Archives/edgar/data/867374/000119312518084738/d457728d10k.htm,1620591495,16:18:15,20210509
2,2016-12-31,EFII,USD,2017-02-22 00:00:00,2017-02-21 21:59:32,FY,992065000.0,483375000.0,508690000.0,0.5127587406067142,151192000.0,-83428000.0,169042000.0,46289000.0,452137000.0,935512000.0,17716000.0,55081000,111634000,0.11252690095911054,56553000.0,0.057005337351887224,545000.0,39382000.0,0.03969699566056659,-6164000.0,45546000.0,0.045910298216346714,0.9711300639658849,0.9529049940372827,46900000,47797000,https://www.sec.gov/Archives/edgar/data/867374/000119312517050866/0001193125-17-050866-index.html,https://www.sec.gov/Archives/edgar/data/867374/000119312517050866/d286927d10k.htm,1620591495,16:18:15,20210509
3,2015-12-31,EFII,USD,2016-02-19 00:00:00,2016-02-18 18:54:14,FY,882513000.0,423129000.0,459384000.0,0.5205407739036139,141364000.0,-83542000.0,156339000.0,32241000.0,402741000.0,825870000.0,17364000.0,40124000,96767000,0.10964937626981132,56643000.0,0.06418375706646814,-1757000.0,37522000.0,0.04251722070949663,3982000.0,33540000.0,0.03800510587379449,0.7103373784865621,0.6965732087227414,47217000,48150000,https://www.sec.gov/Archives/edgar/data/867374/000119312516468633/0001193125-16-468633-index.html,https://www.sec.gov/Archives/edgar/data/867374/000119312516468633/d26880d10k.htm,1620591495,16:18:15,20210509
4,2014-12-31,EFII,USD,2015-02-18,2015-02-17 21:19:45,FY,790427000.0,360690000.0,429737000.0,0.5436770252028335,134732000.0,-80451000.0,147383000.0,27251000.0,369720000.0,730410000.0,5859000.0,31099000,84538000,0.10695231817739019,53439000.0,0.06760776137454819,-5493000.0,42087000.0,0.05324590379630251,8373000.0,33714000.0,0.04265289520727404,0.7193701190628601,0.6964839069536835,46866000,48406000,https://www.sec.gov/Archives/edgar/data/867374/000119312515050888/0001193125-15-050888-index.htm,https://www.sec.gov/Archives/edgar/data/867374/000119312515050888/d835501d10k.htm,1620591495,16:18:15,20210509
5,2013-12-31,EFII,USD,2014-02-20,2014-02-19 20:33:58,FY,727693000.0,332527000.0,395166000.0,0.5430394410829842,128124000.0,-89828000.0,137583000.0,-1510000.0,313462000.0,645989000.0,0.0,28830000,203478000,0.27962066420867043,174648000.0,0.2400023086658797,-1510000.0,173138000.0,0.23792725778590698,-64031000.0,109107000.0,0.14993548103389753,2.25619,2.25619,48359000,48359000,https://www.sec.gov/Archives/edgar/data/867374/000119312514059246/0001193125-14-059246-index.htm,https://www.sec.gov/Archives/edgar/data/867374/000119312514059246/d640239d10k.htm,1620591495,16:18:15,20210509
6,2012-12-31,EFII,USD,2013-02-22 00:00:00,2013-02-21 19:10:30,FY,652137000.0,297316000.0,354821000.0,0.5440896621415439,120298000.0,-74786000.0,125513000.0,24397000.0,320935000.0,618251000.0,0.0,27032000,60918000,0.09341288716941379,33886000.0,0.0519614743527817,1137000.0,35023000.0,0.053704973034807105,-48246000.0,83269000.0,0.1276863603813309,1.74444,1.74444,47734000,47734000,https://www.sec.gov/Archives/edgar/data/867374/000119312513069775/0001193125-13-069775-index.html,https://www.sec.gov/Archives/edgar/data/867374/000119312513069775/d440329d10k.htm,1620591495,16:18:15,20210509
7,2011-12-31,EFII,USD,2012-02-21 00:00:00,2012-02-21 16:17:31,FY,591556000.0,260573000.0,330983000.0,0.559512539810263,115901000.0,-65731000.0,119487000.0,14506000.0,303650000.0,564223000.0,0.0,18765000,46098000,0.07792668825943783,27333000.0,0.046205262054649095,3087000.0,30420000.0,0.051423702912319375,2955000.0,27465000.0,0.04642840238286823,0.5940433447246615,0.577250467643288,46234000,47579000,https://www.sec.gov/Archives/edgar/data/867374/000119312512070404/0001193125-12-070404-index.html,https://www.sec.gov/Archives/edgar/data/867374/000119312512070404/d253018d10k.htm,1620591495,16:18:15,20210509
8,2010-12-31,EFII,USD,2011-03-09,2011-03-09 17:22:50,FY,504007000.0,237306000.0,267685000.0,0.5311136551674878,105769000.0,-69137000.0,107322000.0,16685000.0,267961000.0,505267000.0,1354000.0,20943000,20667000,0.041005382861745966,-276000.0,-0.0005476114419045768,-1354000.0,-1630000.0,-0.0032340820663205073,9117000.0,7487000.0,0.014854952411375239,0.16496,0.16496,45387000,45387000,https://www.sec.gov/Archives/edgar/data/867374/000119312511061039/0001193125-11-061039-index.htm,https://www.sec.gov/Archives/edgar/data/867374/000119312511061039/d10k.htm,1620591495,16:18:15,20210509
9,2009-12-31,EFII,USD,2010-03-02 00:00:00,2010-03-02 15:53:58,FY,401108000.0,190699000.0,211483000.0,0.5272470257387037,110822000.0,30800000.0,4233000.0,128412000.0,278500000.0,469199000.0,0.0,29453000,-37564000,-0.09365058787159568,-67017000.0,-0.16707968926074773,3061000.0,16035000.0,0.03997676436271528,-18206000.0,-2171000.0,-0.005412507354627681,-0.0437,-0.0437,49682000,49682000,https://www.sec.gov/Archives/edgar/data/867374/000119312510045902/0001193125-10-045902-index.html,https://www.sec.gov/Archives/edgar/data/867374/000119312510045902/d10k.htm,1620591495,16:18:15,20210509
10,2008-12-31,EFII,USD,2009-03-02 00:00:00,2009-03-02 17:17:17,FY,560380000.0,245434000.0,317417000.0,0.5664317070559264,140437000.0,-71715000.0,119400000.0,154910000.0,462432000.0,707866000.0,-13476000.0,41437000,-103578000,-0.18483529033869875,-145015000.0,-0.25877975659374,13476000.0,-133076000.0,-0.23747457082693887,19632000.0,-113444000.0,-0.20244120061386917,-2.15866,-2.15866,52553000,52553000,https://www.sec.gov/Archives/edgar/data/867374/000119312509042741/0001193125-09-042741-index.html,https://www.sec.gov/Archives/edgar/data/867374/000119312509042741/d10k.htm,1620591495,16:18:15,20210509
11,2007-12-31,EFII,USD,2008-02-29,2008-02-29 17:22:51,FY,620586000.0,261609000.0,360886000.0,0.5815245590458051,141159000.0,-52258000.0,120357000.0,33502000.0,363117000.0,624726000.0,-29452000.0,44484000,42253000,0.06808564808100731,-2231000.0,-0.0035949892520939887,29452000.0,22209000.0,0.035787143119567634,4634000.0,26843000.0,0.04325427902015192,0.4736,0.4736,56679000,56679000,https://www.sec.gov/Archives/edgar/data/867374/000119312508043928/0001193125-08-043928-index.htm,https://www.sec.gov/Archives/edgar/data/867374/000119312508043928/d10k.htm,1620591495,16:18:15,20210509
12,2006-12-31,EFII,USD,2007-10-19,2007-10-19 17:17:37,FY,564611000.0,229441000.0,335170000.0,0.5936299505323134,127900000.0,-51981000.0,99838000.0,44014000.0,319609000.0,549050000.0,-24002000.0,45085000,60646000,0.10741200578805585,15561000.0,0.027560568249644445,24002000.0,41531000.0,0.07355683824792644,-41714000.0,-183000.0,-0.0003241169584014481,-0.00324,-0.00324,56559000,56559000,https://www.sec.gov/Archives/edgar/data/867374/000119312507222189/0001193125-07-222189-index.htm,https://www.sec.gov/Archives/edgar/data/867374/000119312507222189/d10k.htm,1620591495,16:18:15,20210509
13,2005-12-31,EFII,USD,2006-03-16,2006-03-16 17:00:32,FY,100000.0,38000.0,62000.0,0.62,23000.0,-11000.0,18000.0,17000.0,65000.0,103000.0,1000.0,35610000,35607000,356.07,-3000.0,-0.03,3000.0,-1000.0,-0.01,0.0,-1000.0,-0.01,-2e-05,-2e-05,54182000,54182000,https://www.sec.gov/Archives/edgar/data/867374/000119312506056829/0001193125-06-056829-index.htm,https://www.sec.gov/Archives/edgar/data/867374/000119312506056829/d10k.htm,1620591495,16:18:15,20210509
14,2004-12-31,EFII,USD,2005-03-15,2005-03-15 14:31:54,FY,394604000.0,138382000.0,256222000.0,0.6493142492220049,111134000.0,-47447000.0,74711000.0,29084000.0,242193000.0,380575000.0,5632000.0,23524000,37553000,0.09516629329657074,14029000.0,0.03555209779931273,12779000.0,24228000.0,0.061398262561960855,13791000.0,38019000.0,0.09634722405246779,0.70539,0.70539,53898000,53898000,https://www.sec.gov/Archives/edgar/data/867374/000095013405005069/0000950134-05-005069-index.htm,https://www.sec.gov/Archives/edgar/data/867374/000095013405005069/f06212e10vk.htm,1620591495,16:18:15,20210509
15,2003-12-31,EFII,USD,2004-03-15,2004-03-15 17:19:24,FY,379587000.0,148054000.0,231533000.0,0.6099602989564975,96697000.0,-39907000.0,61597000.0,19670000.0,199654000.0,347708000.0,2886000.0,17162000,49041000,0.12919567846106425,31879000.0,0.08398338193879137,977000.0,41328000.0,0.10887622600352488,-14820000.0,26508000.0,0.069833793043492,0.49281,0.49281,53789000,53789000,https://www.sec.gov/Archives/edgar/data/867374/000089161804000724/0000891618-04-000724-index.htm,https://www.sec.gov/Archives/edgar/data/867374/000089161804000724/f96366e10vk.htm,1620591495,16:18:15,20210509
16,2002-12-31,EFII,USD,2003-03-31,2003-03-31 17:16:45,FY,350185000.0,167685000.0,182500000.0,0.5211531047874695,89973000.0,-28846000.0,50624000.0,4391000.0,166766000.0,334451000.0,0.0,14996000,30730000,0.08775361594585719,15734000.0,0.0449305367163071,-242000.0,22811000.0,0.06513985464825735,-6843000.0,15968000.0,0.04559875494381541,0.29431,0.29431,54256000,54256000,https://www.sec.gov/Archives/edgar/data/867374/000089161803001601/0000891618-03-001601-index.htm,https://www.sec.gov/Archives/edgar/data/867374/000089161803001601/f88482e10vk.htm,1620591495,16:18:15,20210509
