,date,symbol,reportedCurrency,fillingDate,acceptedDate,period,revenue,costOfRevenue,grossProfit,grossProfitRatio,researchAndDevelopmentExpenses,generalAndAdministrativeExpenses,sellingAndMarketingExpenses,otherExpenses,operatingExpenses,costAndExpenses,interestExpense,depreciationAndAmortization,ebitda,ebitdaratio,operatingIncome,operatingIncomeRatio,totalOtherIncomeExpensesNet,incomeBeforeTax,incomeBeforeTaxRatio,incomeTaxExpense,netIncome,netIncomeRatio,eps,epsdiluted,weightedAverageShsOut,weightedAverageShsOutDil,link,finalLink,timestamp,est_time,est_date
0,2020-12-31,AUMN.TO,USD,2020-12-31,2020-12-31,FY,5637000.0,2950000.0,2687000.0,0.47667198864644317,0.0,4510000.0,0.0,0.0,0.0,14437000.0,132000.0,962000.0,-7838000.0,-1.390455916267518,-8800000.0,-1.5611140677665425,-106000.0,-9038000.0,-1.6033351073265922,48000.0,-9086000.0,-1.6118502749689552,-0.08990857042513287,-0.08990857042513287,101058219.0,101058219.0,https://www.sedar.com/ModifyCompanyDocumentSearchForm.do?lang=EN&company_search=GOLDEN MINERALS COMPANY&document_selection=0&industry_group=A&FromDate=13&FromMonth=05&FromYear=2000&ToDate=13&ToMonth=11&ToYear=2020&Variable=Issuer,https://www.sedar.com/ModifyCompanyDocumentSearchForm.do?lang=EN&company_search=GOLDEN MINERALS COMPANY&document_selection=0&industry_group=A&FromDate=13&FromMonth=05&FromYear=2000&ToDate=13&ToMonth=11&ToYear=2020&Variable=Issuer,1620588929,15:35:29,20210509
1,2019-12-31,AUMN.TO,USD,2019-12-31,2019-12-31,FY,7730000.0,3475000.0,4255000.0,0.5504527813712807,0.0,4396000.0,0.0,0.0,7506000.0,10981000.0,0.0,1098000.0,-2153000.0,-0.27852522639068567,-3251000.0,-0.4205692108667529,-1899000.0,-5351000.0,-0.6922380336351875,35000.0,-5386000.0,-0.6967658473479948,-0.05,-0.05,101058219.0,101058219.0,https://www.sedar.com/ModifyCompanyDocumentSearchForm.do?lang=EN&company_search=GOLDEN MINERALS COMPANY&document_selection=0&industry_group=A&FromDate=13&FromMonth=05&FromYear=2000&ToDate=13&ToMonth=11&ToYear=2020&Variable=Issuer,https://www.sedar.com/ModifyCompanyDocumentSearchForm.do?lang=EN&company_search=GOLDEN MINERALS COMPANY&document_selection=0&industry_group=A&FromDate=13&FromMonth=05&FromYear=2000&ToDate=13&ToMonth=11&ToYear=2020&Variable=Issuer,1620588929,15:35:29,20210509
2,2018-12-31,AUMN.TO,USD,2018-12-31,2018-12-31,FY,7217000.0,3460000.0,3757000.0,0.5205764167936816,0.0,3581000.0,0.0,0.0,3828000.0,7288000.0,0.0,1171000.0,1100000.0,0.15241790217541915,-71000.0,-0.009837882776777053,-1973000.0,-1932000.0,-0.2677012609117362,13000.0,-1945000.0,-0.26950256339199113,-0.02,-0.02,94003165.0,94003165.0,https://www.sedar.com/ModifyCompanyDocumentSearchForm.do?lang=EN&company_search=GOLDEN MINERALS COMPANY&document_selection=0&industry_group=A&FromDate=13&FromMonth=05&FromYear=2000&ToDate=13&ToMonth=11&ToYear=2020&Variable=Issuer,https://www.sedar.com/ModifyCompanyDocumentSearchForm.do?lang=EN&company_search=GOLDEN MINERALS COMPANY&document_selection=0&industry_group=A&FromDate=13&FromMonth=05&FromYear=2000&ToDate=13&ToMonth=11&ToYear=2020&Variable=Issuer,1620588929,15:35:29,20210509
3,2017-12-31,AUMN.TO,USD,2017-12-31,2017-12-31,FY,6691000.0,3141000.0,3550000.0,0.5305634434314751,0.0,3808000.0,0.0,0.0,5824000.0,8965000.0,0.0,952000.0,-1322000.0,-0.1975788372440592,-2274000.0,-0.33985951277835896,-1642000.0,-3879000.0,-0.5797339710058287,13000.0,-3892000.0,-0.5816768793902257,-0.04,-0.04,90468606.0,90468606.0,https://www.sedar.com/ModifyCompanyDocumentSearchForm.do?lang=EN&company_search=GOLDEN MINERALS COMPANY&document_selection=0&industry_group=A&FromDate=13&FromMonth=05&FromYear=2000&ToDate=13&ToMonth=11&ToYear=2020&Variable=Issuer,https://www.sedar.com/ModifyCompanyDocumentSearchForm.do?lang=EN&company_search=GOLDEN MINERALS COMPANY&document_selection=0&industry_group=A&FromDate=13&FromMonth=05&FromYear=2000&ToDate=13&ToMonth=11&ToYear=2020&Variable=Issuer,1620588929,15:35:29,20210509
4,2016-12-31,AUMN.TO,USD,2016-12-31,2016-12-31,FY,6400000.0,3594000.0,2806000.0,0.4384375,0.0,4483000.0,0.0,0.0,7111000.0,10705000.0,515000.0,1548000.0,-2757000.0,-0.43078125,-4305000.0,-0.67265625,-6229000.0,-10659000.0,-1.66546875,0.0,-10659000.0,-1.66546875,-0.13,-0.13,81651896.0,81651896.0,https://www.sedar.com/ModifyCompanyDocumentSearchForm.do?lang=EN&company_search=GOLDEN MINERALS COMPANY&document_selection=0&industry_group=A&FromDate=13&FromMonth=05&FromYear=2000&ToDate=13&ToMonth=11&ToYear=2020&Variable=Issuer,https://www.sedar.com/ModifyCompanyDocumentSearchForm.do?lang=EN&company_search=GOLDEN MINERALS COMPANY&document_selection=0&industry_group=A&FromDate=13&FromMonth=05&FromYear=2000&ToDate=13&ToMonth=11&ToYear=2020&Variable=Issuer,1620588929,15:35:29,20210509
5,2015-12-31,AUMN.TO,USD,2015-12-31,2015-12-31,FY,8071000.0,14545000.0,-6474000.0,-0.8021310866063684,0.0,4695000.0,0.0,0.0,9692000.0,24237000.0,126000.0,4480000.0,-11686000.0,-1.4478998884896543,-16166000.0,-2.0029736092181887,-12174000.0,-25383000.0,-3.144963449386693,0.0,-25383000.0,-3.144963449386693,-0.48,-0.48,52972352.0,52972352.0,https://www.sedar.com/ModifyCompanyDocumentSearchForm.do?lang=EN&company_search=GOLDEN MINERALS COMPANY&document_selection=0&industry_group=A&FromDate=13&FromMonth=05&FromYear=2000&ToDate=13&ToMonth=11&ToYear=2020&Variable=Issuer,https://www.sedar.com/ModifyCompanyDocumentSearchForm.do?lang=EN&company_search=GOLDEN MINERALS COMPANY&document_selection=0&industry_group=A&FromDate=13&FromMonth=05&FromYear=2000&ToDate=13&ToMonth=11&ToYear=2020&Variable=Issuer,1620588929,15:35:29,20210509
6,2014-12-31,AUMN.TO,USD,2014-12-31,2014-12-31,FY,235000.0,4783000.0,-4548000.0,-19.353191489361702,0.0,5568000.0,0.0,0.0,15327000.0,20110000.0,0.0,3128000.0,-16747000.0,-71.26382978723404,-19875000.0,-84.57446808510639,-656000.0,-18823000.0,-80.09787234042552,0.0,-18823000.0,-80.09787234042552,-0.41,-0.41,45862419.0,45862419.0,https://www.sedar.com/ModifyCompanyDocumentSearchForm.do?lang=EN&company_search=GOLDEN MINERALS COMPANY&document_selection=0&industry_group=A&FromDate=13&FromMonth=05&FromYear=2000&ToDate=13&ToMonth=11&ToYear=2020&Variable=Issuer,https://www.sedar.com/ModifyCompanyDocumentSearchForm.do?lang=EN&company_search=GOLDEN MINERALS COMPANY&document_selection=0&industry_group=A&FromDate=13&FromMonth=05&FromYear=2000&ToDate=13&ToMonth=11&ToYear=2020&Variable=Issuer,1620588929,15:35:29,20210509
7,2013-12-31,AUMN.TO,USD,2013-12-31,2013-12-31,FY,10680000.0,24461000.0,-13781000.0,-1.2903558052434456,0.0,7165000.0,0.0,0.0,14078000.0,38539000.0,0.0,6927000.0,-20932000.0,-1.9599250936329589,-27859000.0,-2.6085205992509364,-262651000.0,-290066000.0,-27.159737827715357,-49686000.0,-240380000.0,-22.50749063670412,-5.61,-5.61,42838735.0,42838735.0,https://www.sedar.com/ModifyCompanyDocumentSearchForm.do?lang=EN&company_search=GOLDEN MINERALS COMPANY&document_selection=0&industry_group=A&FromDate=13&FromMonth=05&FromYear=2000&ToDate=13&ToMonth=11&ToYear=2020&Variable=Issuer,https://www.sedar.com/ModifyCompanyDocumentSearchForm.do?lang=EN&company_search=GOLDEN MINERALS COMPANY&document_selection=0&industry_group=A&FromDate=13&FromMonth=05&FromYear=2000&ToDate=13&ToMonth=11&ToYear=2020&Variable=Issuer,1620588929,15:35:29,20210509
8,2012-12-31,AUMN.TO,USD,2012-12-31,2012-12-31,FY,26086000.0,43381000.0,-17295000.0,-0.662999309974699,0.0,9651000.0,0.0,373000.0,27431000.0,70812000.0,257000.0,10012000.0,-34714000.0,-1.3307521275780112,-44726000.0,-1.7145595338495745,-57599000.0,-100039000.0,-3.8349689488614582,-8014000.0,-92025000.0,-3.5277543509928697,-2.45,-2.45,37522871.0,37522871.0,https://www.sedar.com/ModifyCompanyDocumentSearchForm.do?lang=EN&company_search=GOLDEN MINERALS COMPANY&document_selection=0&industry_group=A&FromDate=13&FromMonth=05&FromYear=2000&ToDate=13&ToMonth=11&ToYear=2020&Variable=Issuer,https://www.sedar.com/ModifyCompanyDocumentSearchForm.do?lang=EN&company_search=GOLDEN MINERALS COMPANY&document_selection=0&industry_group=A&FromDate=13&FromMonth=05&FromYear=2000&ToDate=13&ToMonth=11&ToYear=2020&Variable=Issuer,1620588929,15:35:29,20210509
9,2011-12-31,AUMN.TO,USD,2011-12-31,2011-12-31,FY,1836000.0,6086000.0,-4250000.0,-2.314814814814815,0.0,49601000.0,0.0,0.0,69507000.0,75593000.0,1254000.0,2792000.0,-70965000.0,-38.65196078431372,-73757000.0,-40.17265795206972,-1404000.0,-64800000.0,-35.294117647058826,-2129000.0,-62671000.0,-34.13453159041394,-2.94,-2.94,21280916.0,21280916.0,https://www.sedar.com/ModifyCompanyDocumentSearchForm.do?lang=EN&company_search=GOLDEN MINERALS COMPANY&document_selection=0&industry_group=A&FromDate=13&FromMonth=05&FromYear=2000&ToDate=13&ToMonth=11&ToYear=2020&Variable=Issuer,https://www.sedar.com/ModifyCompanyDocumentSearchForm.do?lang=EN&company_search=GOLDEN MINERALS COMPANY&document_selection=0&industry_group=A&FromDate=13&FromMonth=05&FromYear=2000&ToDate=13&ToMonth=11&ToYear=2020&Variable=Issuer,1620588929,15:35:29,20210509
10,2010-12-31,AUMN.TO,USD,2010-12-31,2010-12-31,FY,11216000.0,2566000.0,8650000.0,0.7712196861626248,0.0,27636000.0,0.0,0.0,40900000.0,43466000.0,0.0,1095000.0,-31155000.0,-2.777728245363766,-32250000.0,-2.8753566333808847,225000.0,-31847000.0,-2.839425820256776,1427000.0,-33274000.0,-2.9666547788873037,-3.72,-3.72,8947739.0,8947739.0,https://www.sedar.com/ModifyCompanyDocumentSearchForm.do?lang=EN&company_search=GOLDEN MINERALS COMPANY&document_selection=0&industry_group=A&FromDate=13&FromMonth=05&FromYear=2000&ToDate=13&ToMonth=11&ToYear=2020&Variable=Issuer,https://www.sedar.com/ModifyCompanyDocumentSearchForm.do?lang=EN&company_search=GOLDEN MINERALS COMPANY&document_selection=0&industry_group=A&FromDate=13&FromMonth=05&FromYear=2000&ToDate=13&ToMonth=11&ToYear=2020&Variable=Issuer,1620588929,15:35:29,20210509
11,2009-12-31,AUMN.TO,USD,2009-12-31,2009-12-31,FY,0.0,0.0,0.0,0.0,0.0,0.0,0.0,0.0,0.0,0.0,0.0,0.0,0.0,0.0,0.0,0.0,0.0,0.0,0.0,0.0,0.0,0.0,0.0,0.0,21658767.0,25048957.0,https://www.sedar.com/ModifyCompanyDocumentSearchForm.do?lang=EN&company_search=GOLDEN MINERALS COMPANY&document_selection=0&industry_group=A&FromDate=13&FromMonth=05&FromYear=2000&ToDate=13&ToMonth=11&ToYear=2020&Variable=Issuer,https://www.sedar.com/ModifyCompanyDocumentSearchForm.do?lang=EN&company_search=GOLDEN MINERALS COMPANY&document_selection=0&industry_group=A&FromDate=13&FromMonth=05&FromYear=2000&ToDate=13&ToMonth=11&ToYear=2020&Variable=Issuer,1620588929,15:35:29,20210509
12,2008-12-31,AUMN.TO,USD,2008-12-31,2008-12-31,FY,419512000.0,346199000.0,73313000.0,0.17475781384084366,0.0,22160000.0,0.0,0.0,86293000.0,432492000.0,75448000.0,37942000.0,24962000.0,0.059502469536032346,-12980000.0,-0.030940712065447473,-145609000.0,-228006000.0,-0.5435029272106638,8353000.0,-118237000.0,-0.2818441427182059,-2.01,-2.01,58947025.0,58947025.0,https://www.sedar.com/ModifyCompanyDocumentSearchForm.do?lang=EN&company_search=GOLDEN MINERALS COMPANY&document_selection=0&industry_group=A&FromDate=13&FromMonth=05&FromYear=2000&ToDate=13&ToMonth=11&ToYear=2020&Variable=Issuer,https://www.sedar.com/ModifyCompanyDocumentSearchForm.do?lang=EN&company_search=GOLDEN MINERALS COMPANY&document_selection=0&industry_group=A&FromDate=13&FromMonth=05&FromYear=2000&ToDate=13&ToMonth=11&ToYear=2020&Variable=Issuer,1620588929,15:35:29,20210509
13,2007-12-31,AUMN.TO,USD,2007-12-31,2007-12-31,FY,45932000.0,42941000.0,2991000.0,0.06511800052251154,0.0,0.0,0.0,0.0,40297000.0,83238000.0,0.0,14179000.0,-23127000.0,-0.5035051815727597,-37306000.0,-0.8122006444308979,-57663000.0,-72979000.0,-1.5888487329095184,2864000.0,11556000.0,0.251589305930506,0.19681534178654886,0.19563049239463606,58714935.0,59070546.0,https://www.sedar.com/ModifyCompanyDocumentSearchForm.do?lang=EN&company_search=GOLDEN MINERALS COMPANY&document_selection=0&industry_group=A&FromDate=13&FromMonth=05&FromYear=2000&ToDate=13&ToMonth=11&ToYear=2020&Variable=Issuer,https://www.sedar.com/ModifyCompanyDocumentSearchForm.do?lang=EN&company_search=GOLDEN MINERALS COMPANY&document_selection=0&industry_group=A&FromDate=13&FromMonth=05&FromYear=2000&ToDate=13&ToMonth=11&ToYear=2020&Variable=Issuer,1620588929,15:35:29,20210509
14,2006-12-31,AUMN.TO,USD,2006-12-31,2006-12-31,FY,0.0,8316000.0,-8316000.0,0.0,8316000.0,0.0,0.0,0.0,747076000.0,755392000.0,774000.0,403000.0,-754989000.0,0.0,-755392000.0,0.0,206563000.0,-521609000.0,0.0,-749000.0,-513545000.0,0.0,-9.09,-9.09,56498416.0,56498416.0,https://www.sedar.com/ModifyCompanyDocumentSearchForm.do?lang=EN&company_search=GOLDEN MINERALS COMPANY&document_selection=0&industry_group=A&FromDate=13&FromMonth=05&FromYear=2000&ToDate=13&ToMonth=11&ToYear=2020&Variable=Issuer,https://www.sedar.com/ModifyCompanyDocumentSearchForm.do?lang=EN&company_search=GOLDEN MINERALS COMPANY&document_selection=0&industry_group=A&FromDate=13&FromMonth=05&FromYear=2000&ToDate=13&ToMonth=11&ToYear=2020&Variable=Issuer,1620588929,15:35:29,20210509
15,2005-12-31,AUMN.TO,USD,2005-12-31,2005-12-31,FY,0.0,5235000.0,-5235000.0,0.0,5235000.0,0.0,0.0,0.0,79722000.0,84957000.0,7335000.0,210000.0,-84747000.0,0.0,-84957000.0,0.0,-1248000.0,-66675000.0,0.0,379000.0,-67038000.0,0.0,-1.38,-1.38,48615586.0,48615586.0,https://www.sedar.com/ModifyCompanyDocumentSearchForm.do?lang=EN&company_search=GOLDEN MINERALS COMPANY&document_selection=0&industry_group=A&FromDate=13&FromMonth=05&FromYear=2000&ToDate=13&ToMonth=11&ToYear=2020&Variable=Issuer,https://www.sedar.com/ModifyCompanyDocumentSearchForm.do?lang=EN&company_search=GOLDEN MINERALS COMPANY&document_selection=0&industry_group=A&FromDate=13&FromMonth=05&FromYear=2000&ToDate=13&ToMonth=11&ToYear=2020&Variable=Issuer,1620588929,15:35:29,20210509
16,2004-12-31,AUMN.TO,USD,2004-12-31,2004-12-31,FY,0.0,5306000.0,-5306000.0,0.0,5306000.0,0.0,0.0,0.0,6767000.0,12073000.0,0.0,55000.0,-12018000.0,0.0,-12073000.0,0.0,-18186000.0,0.0,0.0,0.0,-18845000.0,0.0,-0.41,-0.41,46528341.0,46528341.0,https://www.sedar.com/ModifyCompanyDocumentSearchForm.do?lang=EN&company_search=GOLDEN MINERALS COMPANY&document_selection=0&industry_group=A&FromDate=13&FromMonth=05&FromYear=2000&ToDate=13&ToMonth=11&ToYear=2020&Variable=Issuer,https://www.sedar.com/ModifyCompanyDocumentSearchForm.do?lang=EN&company_search=GOLDEN MINERALS COMPANY&document_selection=0&industry_group=A&FromDate=13&FromMonth=05&FromYear=2000&ToDate=13&ToMonth=11&ToYear=2020&Variable=Issuer,1620588929,15:35:29,20210509
17,2003-12-31,AUMN.TO,USD,2003-12-31,2003-12-31,FY,0.0,2733113.0,-2733113.0,0.0,2733113.0,0.0,0.0,0.0,7322001.0,10055114.0,0.0,35841.0,-10019273.0,0.0,-10055114.0,0.0,728465.0,0.0,0.0,0.0,-6043912.0,0.0,-0.17,-0.17,36576367.0,36576367.0,https://www.sedar.com/ModifyCompanyDocumentSearchForm.do?lang=EN&company_search=GOLDEN MINERALS COMPANY&document_selection=0&industry_group=A&FromDate=13&FromMonth=05&FromYear=2000&ToDate=13&ToMonth=11&ToYear=2020&Variable=Issuer,https://www.sedar.com/ModifyCompanyDocumentSearchForm.do?lang=EN&company_search=GOLDEN MINERALS COMPANY&document_selection=0&industry_group=A&FromDate=13&FromMonth=05&FromYear=2000&ToDate=13&ToMonth=11&ToYear=2020&Variable=Issuer,1620588929,15:35:29,20210509
18,2002-12-31,AUMN.TO,USD,2002-12-31,2002-12-31,FY,0.0,3851529.0,-3851529.0,0.0,3851529.0,0.0,0.0,0.0,9452388.0,13303917.0,0.0,67409.0,-13236508.0,0.0,-13303917.0,0.0,-71213.0,0.0,0.0,0.0,-8654089.0,0.0,-0.24,-0.24,35677844.0,35677844.0,https://www.sedar.com/ModifyCompanyDocumentSearchForm.do?lang=EN&company_search=GOLDEN MINERALS COMPANY&document_selection=0&industry_group=A&FromDate=13&FromMonth=05&FromYear=2000&ToDate=13&ToMonth=11&ToYear=2020&Variable=Issuer,https://www.sedar.com/ModifyCompanyDocumentSearchForm.do?lang=EN&company_search=GOLDEN MINERALS COMPANY&document_selection=0&industry_group=A&FromDate=13&FromMonth=05&FromYear=2000&ToDate=13&ToMonth=11&ToYear=2020&Variable=Issuer,1620588929,15:35:29,20210509
19,2001-12-31,AUMN.TO,USD,2001-12-31,2001-12-31,FY,0.0,3741927.0,-3741927.0,0.0,3741927.0,5403117.0,0.0,0.0,9271705.0,13013632.0,0.0,126661.0,-12886971.0,0.0,-13013632.0,0.0,-971669.0,0.0,0.0,0.0,-8085932.0,0.0,-0.23,-0.23,34634026.0,34634026.0,https://www.sedar.com/ModifyCompanyDocumentSearchForm.do?lang=EN&company_search=GOLDEN MINERALS COMPANY&document_selection=0&industry_group=A&FromDate=13&FromMonth=05&FromYear=2000&ToDate=13&ToMonth=11&ToYear=2020&Variable=Issuer,https://www.sedar.com/ModifyCompanyDocumentSearchForm.do?lang=EN&company_search=GOLDEN MINERALS COMPANY&document_selection=0&industry_group=A&FromDate=13&FromMonth=05&FromYear=2000&ToDate=13&ToMonth=11&ToYear=2020&Variable=Issuer,1620588929,15:35:29,20210509
20,2000-12-31,AUMN.TO,USD,2000-12-31,2000-12-31,FY,0.0,4440931.0,-4440931.0,0.0,4440931.0,8375859.0,0.0,0.0,13052539.0,17493470.0,0.0,235749.0,-17257721.0,0.0,-17493470.0,0.0,0.0,0.0,0.0,0.0,-7400529.0,0.0,-0.21,-0.21,35240614.0,35240614.0,https://www.sedar.com/ModifyCompanyDocumentSearchForm.do?lang=EN&company_search=GOLDEN MINERALS COMPANY&document_selection=0&industry_group=A&FromDate=13&FromMonth=05&FromYear=2000&ToDate=13&ToMonth=11&ToYear=2020&Variable=Issuer,https://www.sedar.com/ModifyCompanyDocumentSearchForm.do?lang=EN&company_search=GOLDEN MINERALS COMPANY&document_selection=0&industry_group=A&FromDate=13&FromMonth=05&FromYear=2000&ToDate=13&ToMonth=11&ToYear=2020&Variable=Issuer,1620588929,15:35:29,20210509
21,1999-12-31,AUMN.TO,USD,1999-12-31,1999-12-31,FY,100000.0,6000000.0,-5900000.0,-59.0,6013535.0,2846057.0,0.0,0.0,9092579.0,15092579.0,0.0,232987.0,-14759592.0,-147.59592,-14992579.0,-149.92579,0.0,0.0,0.0,0.0,-7979032.0,-79.79032,-0.29,-0.29,27513903.0,27513903.0,https://www.sedar.com/ModifyCompanyDocumentSearchForm.do?lang=EN&company_search=GOLDEN MINERALS COMPANY&document_selection=0&industry_group=A&FromDate=13&FromMonth=05&FromYear=2000&ToDate=13&ToMonth=11&ToYear=2020&Variable=Issuer,https://www.sedar.com/ModifyCompanyDocumentSearchForm.do?lang=EN&company_search=GOLDEN MINERALS COMPANY&document_selection=0&industry_group=A&FromDate=13&FromMonth=05&FromYear=2000&ToDate=13&ToMonth=11&ToYear=2020&Variable=Issuer,1620588929,15:35:29,20210509
22,1998-12-31,AUMN.TO,USD,1998-12-31,1998-12-31,FY,2400000.0,5100000.0,-2700000.0,-1.125,5147935.0,5066652.0,0.0,0.0,13473927.0,18573927.0,0.0,169116.0,-16004811.0,-6.66867125,-16173927.0,-6.73913625,0.0,0.0,0.0,0.0,-11029570.0,-4.595654166666667,-0.4199999992384109,-0.4173350878486771,26260881.0,26428571.0,https://www.sedar.com/ModifyCompanyDocumentSearchForm.do?lang=EN&company_search=GOLDEN MINERALS COMPANY&document_selection=0&industry_group=A&FromDate=13&FromMonth=05&FromYear=2000&ToDate=13&ToMonth=11&ToYear=2020&Variable=Issuer,https://www.sedar.com/ModifyCompanyDocumentSearchForm.do?lang=EN&company_search=GOLDEN MINERALS COMPANY&document_selection=0&industry_group=A&FromDate=13&FromMonth=05&FromYear=2000&ToDate=13&ToMonth=11&ToYear=2020&Variable=Issuer,1620588929,15:35:29,20210509
23,1997-12-31,AUMN.TO,USD,1997-12-31,1997-12-31,FY,1000000.0,9800000.0,-8800000.0,-8.8,9754231.0,4129623.0,0.0,0.0,15946768.0,25746768.0,0.0,149429.0,-24597339.0,-24.597339,-24746768.0,-24.746768,0.0,0.0,0.0,0.0,-14984958.0,-14.984958,-0.72,-0.72,20812442.0,20812442.0,https://www.sedar.com/ModifyCompanyDocumentSearchForm.do?lang=EN&company_search=GOLDEN MINERALS COMPANY&document_selection=0&industry_group=A&FromDate=13&FromMonth=05&FromYear=2000&ToDate=13&ToMonth=11&ToYear=2020&Variable=Issuer,https://www.sedar.com/ModifyCompanyDocumentSearchForm.do?lang=EN&company_search=GOLDEN MINERALS COMPANY&document_selection=0&industry_group=A&FromDate=13&FromMonth=05&FromYear=2000&ToDate=13&ToMonth=11&ToYear=2020&Variable=Issuer,1620588929,15:35:29,20210509
24,1996-12-31,AUMN.TO,USD,1996-12-31,1996-12-31,FY,600000.0,9600000.0,-9000000.0,-15.0,0.0,5500000.0,0.0,0.0,5600000.0,15200000.0,0.0,100000.0,-14500000.0,-24.166666666666668,-14600000.0,-24.333333333333332,0.0,0.0,0.0,0.0,-11700000.0,-19.5,-0.66,-0.66,17727273.0,17727273.0,https://www.sedar.com/ModifyCompanyDocumentSearchForm.do?lang=EN&company_search=GOLDEN MINERALS COMPANY&document_selection=0&industry_group=A&FromDate=13&FromMonth=05&FromYear=2000&ToDate=13&ToMonth=11&ToYear=2020&Variable=Issuer,https://www.sedar.com/ModifyCompanyDocumentSearchForm.do?lang=EN&company_search=GOLDEN MINERALS COMPANY&document_selection=0&industry_group=A&FromDate=13&FromMonth=05&FromYear=2000&ToDate=13&ToMonth=11&ToYear=2020&Variable=Issuer,1620588929,15:35:29,20210509
