,date,symbol,reportedCurrency,fillingDate,acceptedDate,period,revenue,costOfRevenue,grossProfit,grossProfitRatio,researchAndDevelopmentExpenses,generalAndAdministrativeExpenses,sellingAndMarketingExpenses,otherExpenses,operatingExpenses,costAndExpenses,interestExpense,depreciationAndAmortization,ebitda,ebitdaratio,operatingIncome,operatingIncomeRatio,totalOtherIncomeExpensesNet,incomeBeforeTax,incomeBeforeTaxRatio,incomeTaxExpense,netIncome,netIncomeRatio,eps,epsdiluted,weightedAverageShsOut,weightedAverageShsOutDil,link,finalLink,timestamp,est_time,est_date
0,2020-12-31,0916.HK,CNY,2020-12-31,2020-12-31,FY,28667181000,7039728000,21627453000,0.7544324989610942,0.0,792777000,0.0,15424000.0,0.0,18007069000,2974137000,7734587000,18394699000,0.6416640338650668,10660112000,0.37185770027405207,0.0,6921577000,0.24144602847416355,1236082000.0,5024979000,0.17528682014461067,0.5881,0.5881,8036389000,8036389000,https://www1.hkexnews.hk/search/titlesearch.xhtml,https://www1.hkexnews.hk/search/titlesearch.xhtml,1620584982,14:29:42,20210509
1,2019-12-31,0916.HK,CNY,2019-12-31,2019-12-31,FY,27540630000,6854280000,20686350000,0.7511211617163441,0.0,564213000,0.0,19501000.0,0.0,17613905000,3237418000,7633307000,17560032000,0.6376045863874573,9926725000,0.3604392855210647,0.0,6450456000,0.23421599288033715,1130758000.0,4566790000,0.16582009924972668,0.5382,0.5382,8036389000,8036389000,https://www1.hkexnews.hk/search/titlesearch.xhtml,https://www1.hkexnews.hk/search/titlesearch.xhtml,1620584982,14:29:42,20210509
2,2018-12-31,0916.HK,CNY,2018-12-31,2018-12-31,FY,26387923000,6640735000,19747188000,0.7483418835199723,0.0,588461000,0.0,35945000.0,0.0,17221387000,3377815000,7286259000,16452795000,0.6234971581507192,9166536000,0.34737618417334326,0.0,5896836000,0.22346722779204714,975616000.0,4165809000,0.15786801409114312,0.4883,0.4883,8036389000,8036389000,https://www1.hkexnews.hk/search/titlesearch.xhtml,https://www1.hkexnews.hk/search/titlesearch.xhtml,1620584982,14:29:42,20210509
3,2017-12-31,0916.HK,CNY,2017-12-31,2017-12-31,FY,24591616000,7166496000,17425120000,0.7085797045627258,0.0,541791000,0.0,5757000.0,0.0,16267041000,3032509000,6798303000,15122878000,0.6149607248258919,8324575000,0.33851272726444653,0.0,5465390000,0.2222460695547621,915692000.0,3845990000,0.15639435814222213,0.4589,0.4589,8036389000,8036389000,https://www1.hkexnews.hk/search/titlesearch.xhtml,https://www1.hkexnews.hk/search/titlesearch.xhtml,1620584982,14:29:42,20210509
4,2016-12-31,0916.HK,CNY,2016-12-31,2016-12-31,FY,22304055000,6511170000,15792885000,0.7080723662132289,0.0,429290000,0.0,5697000.0,0.0,14760919000,2738017000,6342234000,13885370000,0.6225491283984012,7543136000,0.3381957227060281,0.0,5149903000,0.2308953685775972,660182000.0,3548578000,0.1591001277570379,0.425,0.425,8036389000,8036389000,https://www1.hkexnews.hk/search/titlesearch.xhtml,https://www1.hkexnews.hk/search/titlesearch.xhtml,1620584982,14:29:42,20210509
5,2015-12-31,0916.HK,CNY,2015-12-31,2015-12-31,FY,19648642000,5043725000,14604917000,0.7433041428511955,0.0,370261000,0.0,5679000.0,0.0,12527378000,2794545000,5554258000,12675522000,0.6451093159517081,7121264000,0.3624303399695511,0.0,4676270000,0.23799456471342906,599840000.0,2880615000,0.1466063150827421,0.3584,0.3584,8036389000,8036389000,https://www1.hkexnews.hk/search/titlesearch.xhtml,https://www1.hkexnews.hk/search/titlesearch.xhtml,1620584982,14:29:42,20210509
6,2014-12-31,0916.HK,CNY,2014-12-31,2014-12-31,FY,18207208000,5008528000,13198680000,0.7249150995583727,0.0,378136000,0.0,9031000.0,0.0,11681748000,2970684000,5000629000,11526089000,0.6330508774327178,6525460000,0.35839981616072053,0.0,4061858000,0.22309065728254437,510414000.0,2558010000,0.1404943580586326,0.3183,0.3183,8036389000,8036389000,https://www1.hkexnews.hk/search/titlesearch.xhtml,https://www1.hkexnews.hk/search/titlesearch.xhtml,1620584982,14:29:42,20210509
7,2013-12-31,0916.HK,CNY,2013-12-31,2013-12-31,FY,19122630000,6672147000,12450483000,0.6510863306982355,0.0,396318000,0.0,9268000.0,0.0,13142917000,2810036000,4391178000,10370891000,0.5423360175875389,5979713000,0.31270348273223925,0.0,3529092000,0.18455055606890894,560945000.0,2049465000,0.10717484990296837,0.255,0.255,8036389000,8036389000,https://www1.hkexnews.hk/search/titlesearch.xhtml,https://www1.hkexnews.hk/search/titlesearch.xhtml,1620584982,14:29:42,20210509
8,2012-12-31,0916.HK,CNY,2012-12-31,2012-12-31,FY,17288185000,7126251000,10161934000,0.5877964633071662,0.0,401614000,0.0,11262000.0,0.0,11262490000,2550867000,3696763000,9722458000,0.5623758653670122,6025695000,0.34854410685679266,0.0,3667387000,0.21213256336625275,342093000.0,2593239000,0.15000065073343444,0.3466,0.3466,7481483000,7481483000,https://www1.hkexnews.hk/search/titlesearch.xhtml,https://www1.hkexnews.hk/search/titlesearch.xhtml,1620584982,14:29:42,20210509
9,2011-12-31,0916.HK,CNY,2011-12-31,2011-12-31,FY,16159438000,7894721000,8264717000,0.5114482941795376,0.0,547774000,0.0,0.0,0.0,11123035000,1887072000,2845403000,7881806000,0.4877524824811358,5036403000,0.3116694404842545,0.0,3609457000,0.2233652556481234,304964000.0,2637989000,0.16324757086230351,0.3534,0.3534,7464289000,7464289000,https://www1.hkexnews.hk/search/titlesearch.xhtml,https://www1.hkexnews.hk/search/titlesearch.xhtml,1620584982,14:29:42,20210509
10,2010-12-31,0916.HK,CNY,2010-12-31,2010-12-31,FY,14212841000,7511707000,6701134000,0.47148448364405116,0.0,403260000,0.0,-7961000.0,0.0,10131550000,1088359000,2235719000,6317010000,0.4444579377198408,4081291000,0.28715518593362155,0.0,3210985000,0.22592140445390194,441024000.0,2018570000,0.14202438485029137,0.2704,0.2704,7464289000,7464289000,https://www1.hkexnews.hk/search/titlesearch.xhtml,https://www1.hkexnews.hk/search/titlesearch.xhtml,1620584982,14:29:42,20210509
11,2009-12-31,0916.HK,CNY,2009-12-31,2009-12-31,FY,9743707000,4876244000,4867463000,0.4995494014752291,0.0,255594000,0.0,-16829000.0,0.0,6885236000,1024250000,1590224000,4448695000,0.456571097632554,2858471000,0.2933658616787225,0.0,1943596000,0.19947192582863996,296490000.0,894126000,0.09176445884507817,0.174,0.174,5137965000,5137965000,https://www1.hkexnews.hk/search/titlesearch.xhtml,https://www1.hkexnews.hk/search/titlesearch.xhtml,1620584982,14:29:42,20210509
12,2008-12-31,0916.HK,CNY,2008-12-31,2008-12-31,FY,8554654000,5622831000,2931823000,0.34271672472083614,0.0,194545000,0.0,-42416000.0,0.0,7133902000,932239000,1082895000,2503647000,0.292664904974532,1420752000,0.16607942296672665,0.0,615991000,0.07200653585755777,2082000.0,337448000,0.03944613072603521,0.0675,0.0675,5000000000,5000000000,https://www1.hkexnews.hk/search/titlesearch.xhtml,https://www1.hkexnews.hk/search/titlesearch.xhtml,1620584982,14:29:42,20210509
