,date,symbol,reportedCurrency,fillingDate,acceptedDate,period,revenue,costOfRevenue,grossProfit,grossProfitRatio,researchAndDevelopmentExpenses,generalAndAdministrativeExpenses,sellingAndMarketingExpenses,otherExpenses,operatingExpenses,costAndExpenses,interestExpense,depreciationAndAmortization,ebitda,ebitdaratio,operatingIncome,operatingIncomeRatio,totalOtherIncomeExpensesNet,incomeBeforeTax,incomeBeforeTaxRatio,incomeTaxExpense,netIncome,netIncomeRatio,eps,epsdiluted,weightedAverageShsOut,weightedAverageShsOutDil,link,finalLink,timestamp,est_time,est_date
0,2018-12-31,AMID,USD,2019-04-01 00:00:00,2019-04-01 15:13:25,FY,805354000,592040000.0,22814000,0.02832791542601142,0.0,89706000,0.0,690380000,780086000,1372126000,82410000.0,95701000,120969000.0,0.15020599636929846,25268000.0,0.031375022660842314,560000.0,25347000.0,0.03147311617003206,32995000.0,-7764000.0,-0.009640481080369627,-0.14355977959394992,-0.1461156278229449,54082000.0,53136000.0,https://www.sec.gov/Archives/edgar/data/1513965/000151396519000026/0001513965-19-000026-index.html,https://www.sec.gov/Archives/edgar/data/1513965/000151396519000026/a10-k2018.htm,1620587891,15:18:11,20210509
1,2017-12-31,AMID,USD,2018-04-09,2018-04-09 15:37:05,FY,651435000,613448000.0,37987000,0.05831280173770215,0.0,112058000,0.0,833582000,945640000,1559088000,66465000.0,119418000,-174787000.0,-0.2683107293897319,-294205000.0,-0.4516260256203612,36254000.0,-261366000.0,-0.40121577747588016,1235000.0,-222979000.0,-0.3422889467099557,-4.12297991938168,-4.284514728205522,54082000.0,52043000.0,https://www.sec.gov/Archives/edgar/data/1513965/000151396518000059/0001513965-18-000059-index.htm,https://www.sec.gov/Archives/edgar/data/1513965/000151396518000059/a10-k2017.htm,1620587891,15:18:11,20210509
2,2016-12-31,AMID,USD,2017-03-28 00:00:00,2017-03-27 21:12:46,FY,232682000,218432000.0,14250000,0.061242382307183194,0.0,54223000,0.0,201727000,255950000,474382000,15499000.0,49255000,25987000.0,0.11168461677310665,-23268000.0,-0.09999914045779218,0.0,1391000.0,0.0059781160553888995,2057000.0,-3470000.0,-0.014913057305678995,-0.06416182833475094,-0.11178043359211416,54082000.0,31043000.0,https://www.sec.gov/Archives/edgar/data/1513965/000151396517000059/0001513965-17-000059-index.html,https://www.sec.gov/Archives/edgar/data/1513965/000151396517000059/a2016q410-k.htm,1620587891,15:18:11,20210509
3,2015-12-31,AMID,USD,2016-03-07 00:00:00,2016-03-07 16:22:49,FY,236358000,113077000.0,123281000,0.5215858993560616,0.0,27232000,0.0,207220000,234452000,347529000,14745000.0,40408000,-79289000.0,-0.3354614610040701,-119697000.0,-0.506422460843297,0.0,-126241000.0,-0.5341092749134787,1134000.0,-127480000.0,-0.5393513229930867,-4.127703665328325,-5.102669815474522,30884000.0,24983000.0,https://www.sec.gov/Archives/edgar/data/1513965/000151396516000182/0001513965-16-000182-index.html,https://www.sec.gov/Archives/edgar/data/1513965/000151396516000182/a2015q410-k.htm,1620587891,15:18:11,20210509
4,2014-12-31,AMID,USD,2015-03-10,2015-03-10 08:22:03,FY,308400000,205593000.0,102807000,0.3333560311284047,0.0,23103000,0.0,274022000,297125000,502718000,7577000.0,32079000,-56660000.0,-0.1837224383916991,-88739000.0,-0.2877399481193256,0.0,-96638000.0,-0.3133527885862516,557000.0,-98020000.0,-0.3178339818417639,-3.1738116824245566,-7.27583135391924,30884000.0,13472000.0,https://www.sec.gov/Archives/edgar/data/1513965/000151396515000049/0001513965-15-000049-index.htm,https://www.sec.gov/Archives/edgar/data/1513965/000151396515000049/a2014q410-k.htm,1620587891,15:18:11,20210509
5,2013-12-31,AMID,USD,2014-03-11,2014-03-11 06:09:33,FY,292654000,216031000.0,292654000,1.0,0.0,21402000,0.0,275795000,297197000,297197000,9291000.0,31995000,9640000.0,0.032939922228980296,-22355000.0,-0.07638713292830442,1605000.0,-31646000.0,-0.10813452062845545,495000.0,-34039000.0,-0.11631141211123033,-3.457139955311802,-4.523455149501661,9846000.0,7525000.0,https://www.sec.gov/Archives/edgar/data/1513965/000151396514000031/0001513965-14-000031-index.htm,https://www.sec.gov/Archives/edgar/data/1513965/000151396514000031/a201310-k.htm,1620587891,15:18:11,20210509
6,2012-12-31,AMID,USD,2013-04-16,2013-04-16 17:16:49,FY,210586000,160032000.0,50554000,0.24006344201418897,0.0,14309000,0.0,197066000,211375000,371407000,4570000.0,22130000,20448000.0,0.09710047201618341,-1682000.0,-0.007987235618702099,-973000.0,-6316000.0,-0.029992497127064477,0.0,-6508000.0,-0.030904238648343196,-0.709937820442893,-0.7141446285526172,9167000.0,9113000.0,https://www.sec.gov/Archives/edgar/data/1513965/000151396513000016/0001513965-13-000016-index.htm,https://www.sec.gov/Archives/edgar/data/1513965/000151396513000016/a201210-k.htm,1620587891,15:18:11,20210509
7,2011-12-31,AMID,USD,2012-03-19 00:00:00,2012-03-19 17:28:04,FY,248282000,0.0,248282000,1.0,0.0,10794000,0.0,242103000,252897000,252897000,0.0,20705000,13515000.0,0.05443407093546854,-7190000.0,-0.028959006291233356,0.0,-11698000.0,-0.047115779637670066,0.0,-11698000.0,-0.047115779637670066,-1.276099050943602,-1.276099050943602,9167000.0,9167000.0,https://www.sec.gov/Archives/edgar/data/1513965/000119312512121838/0001193125-12-121838-index.html,https://www.sec.gov/Archives/edgar/data/1513965/000119312512121838/d294981d10k.htm,1620587891,15:18:11,20210509
