,date,symbol,reportedCurrency,fillingDate,acceptedDate,period,revenue,costOfRevenue,grossProfit,grossProfitRatio,researchAndDevelopmentExpenses,generalAndAdministrativeExpenses,sellingAndMarketingExpenses,otherExpenses,operatingExpenses,costAndExpenses,interestExpense,depreciationAndAmortization,ebitda,ebitdaratio,operatingIncome,operatingIncomeRatio,totalOtherIncomeExpensesNet,incomeBeforeTax,incomeBeforeTaxRatio,incomeTaxExpense,netIncome,netIncomeRatio,eps,epsdiluted,weightedAverageShsOut,weightedAverageShsOutDil,link,finalLink,timestamp,est_time,est_date
0,2019-12-31,1101.HK,CNY,2019-12-31,2019-12-31,FY,47747000,34680000,13067000,0.273671644291788,0.0,43114000,2393000.0,0.0,45507000,80187000,301367000,25600000,-6840000.0,-0.14325507361719061,-32440000,-0.6794144134710034,0.0,-374204000,-7.837225375416256,0.0,137320000,2.875992208934593,0.01,-0.03,11581911233,11581911233,https://www1.hkexnews.hk/search/titlesearch.xhtml,https://www1.hkexnews.hk/search/titlesearch.xhtml,1620585074,14:31:14,20210509
1,2018-12-31,1101.HK,CNY,2018-12-31,2018-12-31,FY,48956000,34027000,14929000,0.3049472996159817,0.0,54678000,2845000.0,-150445000.0,57523000,91550000,376455000,29399000,-13195000.0,-0.2695277391943786,-42594000,-0.8700465724323883,0.0,2207048000,45.082277963885936,0.0,-138361000,-2.826231718277637,-0.04704129360441068,-0.028339793922254566,2941266904,4882216165,https://www1.hkexnews.hk/search/titlesearch.xhtml,https://www1.hkexnews.hk/search/titlesearch.xhtml,1620585074,14:31:14,20210509
2,2017-12-31,1101.HK,CNY,2017-12-31,2017-12-31,FY,-512362000,122186000,-634548000,1.2384759213212533,0.0,686834000,5621000.0,52441000.0,220412000,342598000,1400328000,478475000,-376485000.0,0.7348027371272655,-854960000,1.6686639524398765,0.0,-1936179000,3.778927789336446,0.0,-1884826000,3.678699825513992,-0.86,-0.86,2191236343,2191236343,https://www1.hkexnews.hk/search/titlesearch.xhtml,https://www1.hkexnews.hk/search/titlesearch.xhtml,1620585074,14:31:14,20210509
3,2016-12-31,1101.HK,CNY,2016-12-31,2016-12-31,FY,-4118791000,467857000,-4586648000,1.113590857122879,16224000.0,748299000,5520000.0,-1151000.0,594629000,1062486000,2282480000,499239000,-4682038000.0,1.1367505658820756,-5181277000,1.2579606491322333,0.0,-3677940000,0.892965921310404,0.0,-3564755000,0.8654857699747329,-1.64,-1.64,2171592507,2171592507,https://www1.hkexnews.hk/search/titlesearch.xhtml,https://www1.hkexnews.hk/search/titlesearch.xhtml,1620585074,14:31:14,20210509
4,2015-12-31,1101.HK,CNY,2015-12-31,2015-12-31,FY,738465000,2215161000,-1476696000,-1.9996831264853445,38308000.0,1304880000,7554000.0,26448000.0,3645461000,5860622000,2037607000,558822000,-4563335000.0,-6.17948717948718,-5122157000,-6.936221757293846,0.0,-7148114000,-9.679692334775513,0.0,-6542869000,-8.860093572478046,-3.17,-3.17,2062701637,2062701637,https://www1.hkexnews.hk/search/titlesearch.xhtml,https://www1.hkexnews.hk/search/titlesearch.xhtml,1620585074,14:31:14,20210509
5,2014-12-31,1101.HK,CNY,2014-12-31,2014-12-31,FY,-3802365000,311658000,-4114023000,1.081964251196295,63081000.0,1115843000,16773000.0,-9312000.0,3925435000,4237093000,2036142000,511011000,-7528447000.0,1.9799380122634203,-8039458000,2.1143309492907703,0.0,-8089228000,2.12742017139333,0.0,-7754928000,2.039501205170992,-5.05,-5.05,1531982362,1531982362,https://www1.hkexnews.hk/search/titlesearch.xhtml,https://www1.hkexnews.hk/search/titlesearch.xhtml,1620585074,14:31:14,20210509
6,2013-12-31,1101.HK,CNY,2013-12-31,2013-12-31,FY,1343566000,2776491000,-1432925000,-1.0665088279995176,61853000.0,1371716000,20341000.0,14149000.0,6534482000,9310973000,981392000,643613000,-7323794000.0,-5.451011710626795,-7967407000,-5.930045118736259,0.0,-9058577000,-6.7421898142703816,-105142000.0,-8685175000,-6.464271200670455,-6.2,-6.2,1400000000,1400000000,https://www1.hkexnews.hk/search/titlesearch.xhtml,https://www1.hkexnews.hk/search/titlesearch.xhtml,1620585074,14:31:14,20210509
7,2012-12-31,1101.HK,CNY,2012-12-31,2012-12-31,FY,7956347000,6815650000,1140697000,0.1433694382610512,146552000.0,1401868000,91741000.0,637084000.0,1552125000,8367775000,989166000,484906000,73478000.0,0.00923514271059319,-411428000,-0.05171066571128685,0.0,-572222000,-0.07192019151502568,-10187000.0,-572577000,-0.07196480998126402,-0.4,-0.4,1400000000,1400000000,https://www1.hkexnews.hk/search/titlesearch.xhtml,https://www1.hkexnews.hk/search/titlesearch.xhtml,1620585074,14:31:14,20210509
8,2011-12-31,1101.HK,CNY,2011-12-31,2011-12-31,FY,15904585000,12710885000,3193700000,0.2008037304965832,0.0,1200717000,60907000.0,0.0,945097000,13655982000,110638000,466673000,2715276000.0,0.17072284501607554,2248603000,0.1413808030828846,0.0,2107422000,0.13250405464839227,297699000.0,1809723000,0.11378624465837996,1.25,1.25,1400000000,1400000000,https://www1.hkexnews.hk/search/titlesearch.xhtml,https://www1.hkexnews.hk/search/titlesearch.xhtml,1620585074,14:31:14,20210509
9,2010-12-31,1101.HK,CNY,2010-12-31,2010-12-31,FY,12665479000,9833975000,2831504000,0.22356075123570138,0.0,957707000,63728000.0,0.0,797741000,10631716000,165400000,390625000,2424388000.0,0.19141700049402,2033763000,0.1605752928886464,0.0,2043524000,0.16134597041296267,263479000.0,1718704000,0.13569988154415635,1.5,1.5,1152219178,1152219178,https://www1.hkexnews.hk/search/titlesearch.xhtml,https://www1.hkexnews.hk/search/titlesearch.xhtml,1620585074,14:31:14,20210509
10,2009-12-31,1101.HK,CNY,2009-12-31,2009-12-31,FY,9473206000,7624915000,1848291000,0.19510723191282867,0.0,561253000,4605000.0,0.0,480522000,8105437000,94604000,226911000,1594680000.0,0.16833583055197998,1367769000,0.1443829047948498,0.0,1306550000,0.13792057303514776,1889000.0,1302183000,0.13745958865456953,1.15,1.15,1120000000,1120000000,https://www1.hkexnews.hk/search/titlesearch.xhtml,https://www1.hkexnews.hk/search/titlesearch.xhtml,1620585074,14:31:14,20210509
