,date,symbol,reportedCurrency,fillingDate,acceptedDate,period,revenue,costOfRevenue,grossProfit,grossProfitRatio,researchAndDevelopmentExpenses,generalAndAdministrativeExpenses,sellingAndMarketingExpenses,otherExpenses,operatingExpenses,costAndExpenses,interestExpense,depreciationAndAmortization,ebitda,ebitdaratio,operatingIncome,operatingIncomeRatio,totalOtherIncomeExpensesNet,incomeBeforeTax,incomeBeforeTaxRatio,incomeTaxExpense,netIncome,netIncomeRatio,eps,epsdiluted,weightedAverageShsOut,weightedAverageShsOutDil,link,finalLink,timestamp,est_time,est_date
0,2020-10-31,HURC,USD,2021-01-08,2021-01-08 17:15:53,FY,0.0,0.0,36457000,0.0,0.0,41416000.0,0.0,-941000.0,41416000.0,41416000,0.0,4547000.0,-5315000.0,0.0,-9862000.0,0.0,-941000.0,-6247000.0,0.0,0.0,-6247000.0,0.0,-0.9472327520849129,-0.9459418534221684,6595000.0,6604000.0,https://www.sec.gov/Archives/edgar/data/315374/000155837021000128/0001558370-21-000128-index.htm,https://www.sec.gov/Archives/edgar/data/315374/000155837021000128/hurc-20201031x10k.htm,1620593303,16:48:23,20210509
1,2019-10-31,HURC,USD,2020-01-03 00:00:00,2020-01-03 14:48:23,FY,263377000.0,186169000.0,77208000,0.29314632636866544,0.0,54668000.0,0.0,-555000.0,54668000.0,240837000,62000.0,3745000.0,26285000.0,0.0997999065977667,22540000.0,0.08558074547132058,384000.0,23324000.0,0.08855746705293173,5829000.0,17495000.0,0.06642569396720291,2.57,2.55,6759000.0,6815000.0,https://www.sec.gov/Archives/edgar/data/315374/000110465920000756/0001104659-20-000756-index.html,https://www.sec.gov/Archives/edgar/data/315374/000110465920000756/tm1919823-1_10k.htm,1620593303,16:48:23,20210509
2,2018-10-31,HURC,USD,2019-01-04 00:00:00,2019-01-04 17:30:42,FY,300671000.0,208865000.0,91806000,0.3053370627696053,0.0,58010000.0,0.0,-2367000.0,58010000.0,266875000,100000.0,3713000.0,37509000.0,0.12475097365559033,33796000.0,0.11240192768840361,-1389000.0,32496000.0,0.10807826494740098,11006000.0,21490000.0,0.07147347100318953,3.19,3.15,6700000.0,6771000.0,https://www.sec.gov/Archives/edgar/data/315374/000114420419000709/0001144204-19-000709-index.html,https://www.sec.gov/Archives/edgar/data/315374/000114420419000709/tv509497_10k.htm,1620593303,16:48:23,20210509
3,2017-10-31,HURC,USD,2018-01-05 00:00:00,2018-01-05 16:43:16,FY,243667000.0,173103000.0,70564000,0.289591943102677,0.0,49661000.0,0.0,-780000.0,49661000.0,222764000,91000.0,3616000.0,24519000.0,0.10062503334468763,20903000.0,0.08578510836510483,-137000.0,20716000.0,0.08501766755449035,5601000.0,15115000.0,0.06203137889004256,2.27,2.25,6615000.0,6680000.0,https://www.sec.gov/Archives/edgar/data/315374/000114420418001087/0001144204-18-001087-index.html,https://www.sec.gov/Archives/edgar/data/315374/000114420418001087/tv481726_10k.htm,1620593303,16:48:23,20210509
4,2016-10-31,HURC,USD,2017-01-06 00:00:00,2017-01-06 17:27:07,FY,227289000.0,156849000.0,70440000,0.30991381017119174,0.0,50824000.0,0.0,-1314000.0,50824000.0,207673000,72000.0,3868000.0,23484000.0,0.10332220213032747,19616000.0,0.08630422061780377,-699000.0,18885000.0,0.08308805089555588,5593000.0,13292000.0,0.05848061278812437,2.01,1.99,6569000.0,6642000.0,https://www.sec.gov/Archives/edgar/data/315374/000114420417001161/0001144204-17-001161-index.html,https://www.sec.gov/Archives/edgar/data/315374/000114420417001161/v455086_10k.htm,1620593303,16:48:23,20210509
5,2015-10-31,HURC,USD,2016-01-08 00:00:00,2016-01-08 17:29:35,FY,219383000.0,150292000.0,69091000,0.3149332445996271,0.0,45287000.0,0.0,-681000.0,45287000.0,195579000,198000.0,3222000.0,27026000.0,0.12319094916196788,23804000.0,0.10850430525610462,-129000.0,23553000.0,0.10736018743476021,7339000.0,16214000.0,0.07390727631584945,2.46,2.44,6543000.0,6602000.0,https://www.sec.gov/Archives/edgar/data/315374/000114420416074937/0001144204-16-074937-index.html,https://www.sec.gov/Archives/edgar/data/315374/000114420416074937/v427416_10k.htm,1620593303,16:48:23,20210509
6,2014-10-31,HURC,USD,2015-01-09,2015-01-09 17:30:05,FY,222303000.0,153691000.0,68612000,0.3086418087025366,0.0,46615000.0,0.0,-936000.0,46615000.0,200306000,264000.0,3309000.0,25306000.0,0.1138356207518567,21997000.0,0.09895053148180637,-450000.0,21361000.0,0.09608957144078127,6218000.0,15143000.0,0.06811873883843222,2.31,2.3,6497000.0,6538000.0,https://www.sec.gov/Archives/edgar/data/315374/000114420415001643/v397518_10k.htm,https://www.sec.gov/Archives/edgar/data/315374/000114420415001643/v397518_10k.htm,1620593303,16:48:23,20210509
7,2013-10-31,HURC,USD,2014-01-10,2014-01-10 16:20:11,FY,192804000.0,137748000.0,55056000,0.28555424161324455,0.0,41413000.0,0.0,-1244000.0,41413000.0,179161000,280000.0,3392000.0,17035000.0,0.088353976058588,13643000.0,0.0707609800626543,-995000.0,12442000.0,0.06453185618555632,4252000.0,8190000.0,0.042478371818012076,1.26,1.25,6455000.0,6497000.0,https://www.sec.gov/Archives/edgar/data/315374/000114420414001644/v364037_10k.htm,https://www.sec.gov/Archives/edgar/data/315374/000114420414001644/v364037_10k.htm,1620593303,16:48:23,20210509
8,2012-10-31,HURC,USD,2013-01-11 00:00:00,2013-01-11 12:39:59,FY,203117000.0,139936000.0,63181000,0.3110571739440815,0.0,41160000.0,0.0,0.0,41160000.0,181096000,168000.0,4126000.0,26147000.0,0.12872876224048208,22021000.0,0.10841534681981321,-58000.0,21864000.0,0.10764239330041306,6226000.0,15638000.0,0.07699010914891417,2.41,2.4,6445000.0,6470000.0,https://www.sec.gov/Archives/edgar/data/315374/000114420413001855/0001144204-13-001855-index.html,https://www.sec.gov/Archives/edgar/data/315374/000114420413001855/v330519_10k.htm,1620593303,16:48:23,20210509
9,2011-10-31,HURC,USD,2012-01-13 00:00:00,2012-01-13 11:05:21,FY,180400000.0,124526000.0,55874000,0.30972283813747226,0.0,38493000.0,0.0,0.0,38493000.0,163019000,143000.0,4300000.0,21681000.0,0.12018292682926829,17381000.0,0.0963470066518847,1883000.0,15619000.0,0.08657982261640798,4495000.0,11124000.0,0.061662971175166295,1.72,1.71,6441000.0,6472000.0,https://www.sec.gov/Archives/edgar/data/315374/000114420412002212/0001144204-12-002212-index.html,https://www.sec.gov/Archives/edgar/data/315374/000114420412002212/v243981_10k.htm,1620593303,16:48:23,20210509
10,2010-10-31,HURC,USD,2011-01-12,2011-01-12 17:21:36,FY,105893000.0,84097000.0,21796000,0.2058304137195093,0.0,29837000.0,0.0,0.0,29837000.0,113934000,49000.0,3804000.0,-4237000.0,-0.04001208767340617,-8041000.0,-0.07593514207738,-855000.0,-8859000.0,-0.08365992086351316,-3115000.0,-5744000.0,-0.05424343441020653,-0.89,-0.89,6441000.0,6441000.0,https://www.sec.gov/Archives/edgar/data/315374/000114420411001979/v207797_10k.htm,https://www.sec.gov/Archives/edgar/data/315374/000114420411001979/v207797_10k.htm,1620593303,16:48:23,20210509
11,2009-10-31,HURC,USD,2010-01-12 00:00:00,2010-01-12 16:26:07,FY,91016000.0,65188000.0,25828000,0.28377428144502065,0.0,30874000.0,0.0,0.0,30874000.0,96062000,35000.0,3295000.0,-1751000.0,-0.019238375670211832,-5046000.0,-0.05544080161729806,1079000.0,-3812000.0,-0.04188274589083238,-1491000.0,-2321000.0,-0.02550101081128593,-0.36,-0.36,6429000.0,6429000.0,https://www.sec.gov/Archives/edgar/data/315374/000114420410001648/0001144204-10-001648-index.html,https://www.sec.gov/Archives/edgar/data/315374/000114420410001648/v171143_10k.htm,1620593303,16:48:23,20210509
12,2008-10-31,HURC,USD,2009-01-12 00:00:00,2009-01-12 16:22:08,FY,223994000.0,141377000.0,82617000,0.36883577238676035,0.0,46811000.0,0.0,0.0,46811000.0,188188000,0.0,3023000.0,38829000.0,0.17334839326053375,35806000.0,0.1598524960490013,-2119000.0,34166000.0,0.15253087136262578,11646000.0,22520000.0,0.1005384072787664,3.51,3.49,6415000.0,6444000.0,https://www.sec.gov/Archives/edgar/data/315374/000114420409001522/0001144204-09-001522-index.html,https://www.sec.gov/Archives/edgar/data/315374/000114420409001522/v136606_10k.htm,1620593303,16:48:23,20210509
13,2007-10-31,HURC,USD,2008-01-10,2008-01-10 15:08:03,FY,188047000.0,116965000.0,71082000,0.3780012443697586,0.0,40124000.0,0.0,0.0,40124000.0,157089000,0.0,2106000.0,33064000.0,0.1758283833296995,30958000.0,0.16462905550208193,1742000.0,32765000.0,0.17423835530479082,11876000.0,20889000.0,0.11108393114487336,3.27,3.24,6382000.0,6440000.0,https://www.sec.gov/Archives/edgar/data/315374/000114036108001056/form10k.htm,https://www.sec.gov/Archives/edgar/data/315374/000114036108001056/form10k.htm,1620593303,16:48:23,20210509
14,2006-10-31,HURC,USD,2007-01-16,2007-01-16 15:22:18,FY,148517000.0,95192000.0,53325000,0.35904980574614354,0.0,30697000.0,0.0,0.0,30697000.0,125889000,0.0,1504000.0,24132000.0,0.1624864493626992,22628000.0,0.1523596625302154,745000.0,23114000.0,0.15563201519018025,7635000.0,15479000.0,0.10422375889628796,2.45,2.42,6317000.0,6397000.0,https://www.sec.gov/Archives/edgar/data/315374/000114036107001252/form10-k.htm,https://www.sec.gov/Archives/edgar/data/315374/000114036107001252/form10-k.htm,1620593303,16:48:23,20210509
15,2005-10-31,HURC,USD,2006-01-25,2006-01-25 13:23:16,FY,125509000.0,82951000.0,42558000,0.3390832529938092,0.0,26057000.0,0.0,0.0,26057000.0,109008000,0.0,1331000.0,17832000.0,0.14207746058051615,16501000.0,0.1314726433960911,-64000.0,16082000.0,0.12813423738536678,-361000.0,16443000.0,0.1310105251416233,2.66,2.6,6171000.0,6336000.0,https://www.sec.gov/Archives/edgar/data/315374/000114036106001046/body.htm,https://www.sec.gov/Archives/edgar/data/315374/000114036106001046/body.htm,1620593303,16:48:23,20210509
16,2004-10-31,HURC,USD,2005-01-21,2005-01-21 10:43:38,FY,99572000.0,69274000.0,30298000,0.3042823283654039,0.0,21401000.0,0.0,0.0,21401000.0,90675000,468000.0,1223000.0,10120000.0,0.10163499779054352,8897000.0,0.08935242839352428,-861000.0,7568000.0,0.0760053026955369,1299000.0,6269000.0,0.06295946651669145,1.08,1.04,5784000.0,6026000.0,https://www.sec.gov/Archives/edgar/data/315374/000031537405000010/fy2004_form10k.htm,https://www.sec.gov/Archives/edgar/data/315374/000031537405000010/fy2004_form10k.htm,1620593303,16:48:23,20210509
17,2003-10-31,HURC,USD,2003-10-31,2003-10-31,FY,75532000.0,54710000.0,20822000,0.2756712386802944,0.0,18749000.0,0.0,0.0,18749000.0,73459000,0.0,1429000.0,3502000.0,0.04636445480061431,2073000.0,0.02744532118837049,5000.0,1420000.0,0.018799978816925276,958000.0,462000.0,0.006116612826351745,0.08,0.08,5582000.0,5582000.0,,,1620593303,16:48:23,20210509
18,2002-10-31,HURC,USD,2002-10-31,2002-10-31,FY,70486000.0,55240000.0,15246000,0.21629827199727605,0.0,19658000.0,0.0,0.0,19658000.0,74898000,0.0,1929000.0,-2483000.0,-0.03522685355957211,-4412000.0,-0.0625939902959453,-2628000.0,-7674000.0,-0.10887268393723576,589000.0,-8263000.0,-0.1172289532673155,-1.48,-1.48,5583000.0,5583000.0,,,1620593303,16:48:23,20210509
19,2001-10-31,HURC,USD,2002-01-29 00:00:00,2002-01-29 00:00:00,FY,92267000.0,69005000.0,23262000,0.25211614119891185,0.0,24040000.0,0.0,0.0,24040000.0,93045000,0.0,2196000.0,1418000.0,0.015368441588000043,-778000.0,-0.00843205046224544,748000.0,-820000.0,-0.008887251129873085,777000.0,-1597000.0,-0.017308463480984533,-0.28,-0.28,5670000.0,5670000.0,https://www.sec.gov/Archives/edgar/data/315374/000031537402000002/0000315374-02-000002-index.html,https://www.sec.gov/Archives/edgar/data/315374/000031537402000002/annual_10k.txt,1620593303,16:48:23,20210509
20,2000-10-31,HURC,USD,2001-01-26 00:00:00,2001-01-26 00:00:00,FY,96204000.0,68308000.0,27896000,0.28996715313292587,0.0,23538000.0,0.0,0.0,26057000.0,94365000,0.0,2519000.0,4358000.0,0.045299571743378654,1839000.0,0.019115629287763503,4706000.0,5606000.0,0.058272005322024034,571000.0,5035000.0,0.05233670117666625,0.85,0.84,5952000.0,6020000.0,https://www.sec.gov/Archives/edgar/data/315374/000031537401000003/0000315374-01-000003-index.html,https://www.sec.gov/Archives/edgar/data/315374/000031537401000003/0000315374-01-000003-0001.txt,1620593303,16:48:23,20210509
21,1999-10-31,HURC,USD,1999-10-31,1999-10-31,FY,88200000.0,61700000.0,26500000,0.30045351473922904,0.0,21300000.0,0.0,0.0,23700000.0,85400000,0.0,2400000.0,5200000.0,0.05895691609977324,2800000.0,0.031746031746031744,400000.0,2100000.0,0.023809523809523808,300000.0,1800000.0,0.02040816326530612,0.3010033444816054,0.29698069625474344,5980000.0,6061000.0,,,1620593303,16:48:23,20210509
22,1998-10-31,HURC,USD,1998-10-31,1998-10-31,FY,93400000.0,63400000.0,30000000,0.32119914346895073,0.0,21800000.0,0.0,0.0,23900000.0,87300000,0.0,2100000.0,8200000.0,0.08779443254817987,6100000.0,0.06531049250535331,5900000.0,11200000.0,0.11991434689507495,1900000.0,9300000.0,0.09957173447537473,1.42,1.39,6498000.0,6670000.0,,,1620593303,16:48:23,20210509
23,1997-10-31,HURC,USD,1998-01-26 00:00:00,1998-01-26 00:00:00,FY,95700000.0,65900000.0,29800000,0.3113897596656217,0.0,21000000.0,0.0,0.0,23100000.0,89000000,0.0,2100000.0,8800000.0,0.09195402298850575,6700000.0,0.07001044932079414,10000000.0,14800000.0,0.15464994775339602,1000000.0,13800000.0,0.14420062695924765,2.06,2.04,6704000.0,6776000.0,https://www.sec.gov/Archives/edgar/data/315374/000031537498000001/0000315374-98-000001-index.html,https://www.sec.gov/Archives/edgar/data/315374/0000315374-98-000001.txt,1620593303,16:48:23,20210509
24,1996-10-31,HURC,USD,1997-01-28 00:00:00,1997-01-28 00:00:00,FY,99400000.0,68200000.0,31200000,0.31388329979879276,0.0,21300000.0,0.0,0.0,24000000.0,92200000,0.0,2700000.0,9900000.0,0.09959758551307847,7200000.0,0.07243460764587525,500000.0,4400000.0,0.04426559356136821,100000.0,4300000.0,0.043259557344064385,0.72,0.72,5907000.0,5907000.0,https://www.sec.gov/Archives/edgar/data/315374/000031537497000001/0000315374-97-000001-index.html,https://www.sec.gov/Archives/edgar/data/315374/0000315374-97-000001.txt,1620593303,16:48:23,20210509
25,1995-10-31,HURC,USD,1996-01-29 00:00:00,1996-01-29 00:00:00,FY,89600000.0,63300000.0,26300000,0.2935267857142857,0.0,19000000.0,0.0,0.0,21900000.0,85200000,0.0,2900000.0,7300000.0,0.08147321428571429,4400000.0,0.049107142857142856,0.0,0.0,0.0,0.0,200000.0,0.002232142857142857,0.036127167630057806,0.03333333333333333,5536000.0,6000000.0,https://www.sec.gov/Archives/edgar/data/315374/000031537496000003/0000315374-96-000003-index.html,https://www.sec.gov/Archives/edgar/data/315374/0000315374-96-000003.txt,1620593303,16:48:23,20210509
26,1994-10-31,HURC,USD,1994-10-31,1994-10-31,FY,72600000.0,54000000.0,18600000,0.256198347107438,0.0,0.0,0.0,0.0,0.0,75100000,0.0,3000000.0,500000.0,0.006887052341597796,-2500000.0,-0.03443526170798898,100000.0,0.0,0.0,0.0,-5800000.0,-0.07988980716253444,-1.07,-1.07,5420561.0,5420561.0,,,1620593303,16:48:23,20210509
27,1993-10-31,HURC,USD,1993-10-31,1993-10-31,FY,72200000.0,57600000.0,14600000,0.20221606648199447,0.0,0.0,0.0,0.0,0.0,90700000,0.0,3600000.0,-14900000.0,-0.20637119113573407,-18500000.0,-0.2562326869806094,0.0,0.0,0.0,0.0,-21100000.0,-0.2922437673130194,-3.89,-3.89,5424165.0,5424165.0,,,1620593303,16:48:23,20210509
28,1992-10-31,HURC,USD,1992-10-31,1992-10-31,FY,87800000.0,62900000.0,24900000,0.2835990888382688,0.0,0.0,0.0,0.0,0.0,91400000,0.0,3000000.0,-600000.0,-0.00683371298405467,-3600000.0,-0.04100227790432802,100000.0,-6300000.0,-0.07175398633257403,-500000.0,-5800000.0,-0.06605922551252848,-1.05,-1.05,5523810.0,5523810.0,,,1620593303,16:48:23,20210509
29,1991-10-31,HURC,USD,1991-10-31,1991-10-31,FY,80800000.0,51200000.0,29600000,0.36633663366336633,0.0,0.0,0.0,0.0,0.0,79400000,0.0,2500000.0,3900000.0,0.04826732673267327,1400000.0,0.017326732673267328,3300000.0,2800000.0,0.034653465346534656,500000.0,2300000.0,0.028465346534653466,0.43,0.43,5348837.0,5348837.0,,,1620593303,16:48:23,20210509
30,1990-10-31,HURC,USD,1990-10-31,1990-10-31,FY,94300000.0,59400000.0,34900000,0.37009544008483564,0.0,0.0,0.0,0.0,0.0,88000000,0.0,1800000.0,8100000.0,0.08589607635206786,6300000.0,0.06680805938494168,2900000.0,7500000.0,0.07953340402969247,600000.0,6900000.0,0.07317073170731707,1.21,1.21,5702479.0,5702479.0,,,1620593303,16:48:23,20210509
31,1989-10-31,HURC,USD,1989-10-31,1989-10-31,FY,89600000.0,57300000.0,32300000,0.36049107142857145,0.0,0.0,0.0,0.0,0.0,81600000,1600000.0,1600000.0,9600000.0,0.10714285714285714,8000000.0,0.08928571428571429,2200000.0,8600000.0,0.09598214285714286,400000.0,8200000.0,0.09151785714285714,1.7,1.7,4823529.0,4823529.0,,,1620593303,16:48:23,20210509
32,1988-10-31,HURC,USD,1988-10-31,1988-10-31,FY,68000000.0,43200000.0,24800000,0.36470588235294116,0.0,0.0,0.0,0.0,0.0,63700000,0.0,1500000.0,5800000.0,0.08529411764705883,4300000.0,0.06323529411764706,2100000.0,5000000.0,0.07352941176470588,200000.0,4800000.0,0.07058823529411765,1.08,1.08,4444444.0,4444444.0,,,1620593303,16:48:23,20210509
33,1987-10-31,HURC,USD,1987-10-31,1987-10-31,FY,45900000.0,29600000.0,16300000,0.355119825708061,0.0,0.0,0.0,0.0,0.0,45200000,0.0,1500000.0,2200000.0,0.04793028322440087,700000.0,0.015250544662309368,1400000.0,1200000.0,0.026143790849673203,600000.0,600000.0,0.013071895424836602,0.1,0.1,3946000.0,3946000.0,,,1620593303,16:48:23,20210509
34,1986-10-31,HURC,USD,1986-10-31,1986-10-31,FY,44800000.0,30700000.0,14100000,0.31473214285714285,0.0,0.0,0.0,0.0,0.0,43800000,0.0,1600000.0,2600000.0,0.05803571428571429,1000000.0,0.022321428571428572,-1600000.0,0.0,0.0,0.0,-1800000.0,-0.04017857142857143,-0.66,-0.66,2727273.0,2727273.0,,,1620593303,16:48:23,20210509
35,1985-10-31,HURC,USD,1985-10-31,1985-10-31,FY,46000000.0,33200000.0,12800000,0.2782608695652174,0.0,0.0,0.0,0.0,0.0,49400000,0.0,2300000.0,-1100000.0,-0.02391304347826087,-3400000.0,-0.07391304347826087,-7300000.0,0.0,0.0,0.0,-12700000.0,-0.27608695652173915,-5.55,-5.55,2324324.0,2324324.0,,,1620593303,16:48:23,20210509
