,date,symbol,reportedCurrency,fillingDate,acceptedDate,period,revenue,costOfRevenue,grossProfit,grossProfitRatio,researchAndDevelopmentExpenses,generalAndAdministrativeExpenses,sellingAndMarketingExpenses,otherExpenses,operatingExpenses,costAndExpenses,interestExpense,depreciationAndAmortization,ebitda,ebitdaratio,operatingIncome,operatingIncomeRatio,totalOtherIncomeExpensesNet,incomeBeforeTax,incomeBeforeTaxRatio,incomeTaxExpense,netIncome,netIncomeRatio,eps,epsdiluted,weightedAverageShsOut,weightedAverageShsOutDil,link,finalLink,timestamp,est_time,est_date
0,2020-12-31,FRU.DE,EUR,2020-12-31,2020-12-31,FY,229565000.0,58783000.0,170782000.0,0.743937446910461,0.0,11955000.0,23078000.0,0.0,0.0,130837000.0,323000.0,13354000.0,112082000.0,0.4882364471936053,98728000.0,0.4300655587742034,0.0,1777000.0,0.007740727027203624,1292000.0,485000.0,0.0021126913945941237,0.02,0.02,21578000,21578000,https://www.bundesanzeiger.de/pub/de/suche;wwwsid=627BFD7A56A5CB624C47FDDEAB2FC509.web07-pub?0,https://www.bundesanzeiger.de/pub/de/suche;wwwsid=627BFD7A56A5CB624C47FDDEAB2FC509.web07-pub?0,1620592262,16:31:02,20210509
1,2019-12-31,FRU.DE,EUR,2019-12-31,2019-12-31,FY,293104000.0,66898000.0,226206000.0,0.7717601943337519,0.0,11552000.0,38828000.0,130000.0,90736000.0,157634000.0,469000.0,10822000.0,146292000.0,0.4991129428462252,135470000.0,0.4621908946994923,0.0,27543000.0,0.09397005840930182,3895000.0,23648000.0,0.08068125989409902,1.1,1.1,21578000,21578000,https://www.bundesanzeiger.de/pub/de/suche;wwwsid=627BFD7A56A5CB624C47FDDEAB2FC509.web07-pub?0,https://www.bundesanzeiger.de/pub/de/suche;wwwsid=627BFD7A56A5CB624C47FDDEAB2FC509.web07-pub?0,1620592262,16:31:02,20210509
2,2018-12-31,FRU.DE,EUR,2018-12-31,2018-12-31,FY,262148000.0,57805000.0,204343000.0,0.7794947892030456,0.0,12730000.0,41388000.0,241000.0,90849000.0,148654000.0,0.0,5222000.0,118716000.0,0.4528586905107039,113494000.0,0.4329386453453774,0.0,22333000.0,0.08519233410134733,3060000.0,19274000.0,0.07352335322031829,0.893224580591343,0.8877118644067796,21578000,21712000,https://www.bundesanzeiger.de/pub/de/suche;wwwsid=627BFD7A56A5CB624C47FDDEAB2FC509.web07-pub?0,https://www.bundesanzeiger.de/pub/de/suche;wwwsid=627BFD7A56A5CB624C47FDDEAB2FC509.web07-pub?0,1620592262,16:31:02,20210509
3,2017-12-31,FRU.DE,EUR,2017-12-31,2017-12-31,FY,221638000.0,45385000.0,176253000.0,0.795229157454949,0.0,12305000.0,37184000.0,534000.0,77853000.0,123238000.0,0.0,2810000.0,101210000.0,0.4566455210749059,98400000.0,0.44396718974183125,0.0,23244000.0,0.10487371299145454,3185000.0,20058000.0,0.09049892166505744,0.93,0.92,21578000,21752000,https://www.bundesanzeiger.de/pub/de/suche;wwwsid=627BFD7A56A5CB624C47FDDEAB2FC509.web07-pub?0,https://www.bundesanzeiger.de/pub/de/suche;wwwsid=627BFD7A56A5CB624C47FDDEAB2FC509.web07-pub?0,1620592262,16:31:02,20210509
4,2016-12-31,FRU.DE,EUR,2016-12-31,2016-12-31,FY,154128000.0,32119000.0,122009000.0,0.7916082736426866,0.0,9188000.0,29918000.0,64000.0,58595000.0,90714000.0,0.0,1546000.0,64960000.0,0.4214678708605834,63414000.0,0.41143724696356276,0.0,14728000.0,0.09555693968649434,1768000.0,12961000.0,0.08409244264507422,0.6006647585291522,0.597779356461766,21577760,21681913,https://www.bundesanzeiger.de/pub/de/suche;wwwsid=627BFD7A56A5CB624C47FDDEAB2FC509.web07-pub?0,https://www.bundesanzeiger.de/pub/de/suche;wwwsid=627BFD7A56A5CB624C47FDDEAB2FC509.web07-pub?0,1620592262,16:31:02,20210509
5,2015-12-31,FRU.DE,EUR,2015-12-31,2015-12-31,FY,111008000.0,23697000.0,87311000.0,0.7865288988181032,0.0,9704000.0,16200000.0,47000.0,40194000.0,63891000.0,0.0,1309000.0,48426000.0,0.43623882963390026,47117000.0,0.42444688671086767,0.0,12419000.0,0.11187481983280484,1491000.0,10928000.0,0.09844335543384261,0.51,0.51,21290522,21290522,https://www.bundesanzeiger.de/pub/de/suche;wwwsid=627BFD7A56A5CB624C47FDDEAB2FC509.web07-pub?0,https://www.bundesanzeiger.de/pub/de/suche;wwwsid=627BFD7A56A5CB624C47FDDEAB2FC509.web07-pub?0,1620592262,16:31:02,20210509
6,2014-12-31,FRU.DE,EUR,2014-12-31,2014-12-31,FY,70509000.0,17324000.0,53185000.0,0.7543008693925598,0.0,6465000.0,9608000.0,157000.0,26332000.0,43656000.0,0.0,628000.0,27481000.0,0.3897516629082812,26853000.0,0.3808449985108284,0.0,6531000.0,0.09262647321618517,911000.0,5619000.0,0.07969195421861039,0.3,0.26,18744200,21611538,https://www.bundesanzeiger.de/pub/de/suche;wwwsid=627BFD7A56A5CB624C47FDDEAB2FC509.web07-pub?0,https://www.bundesanzeiger.de/pub/de/suche;wwwsid=627BFD7A56A5CB624C47FDDEAB2FC509.web07-pub?0,1620592262,16:31:02,20210509
7,2013-12-31,FRU.DE,EUR,2013-12-31,2013-12-31,FY,0.0,0.0,0.0,0.0,0.0,0.0,0.0,0.0,0.0,0.0,0.0,0.0,0.0,0.0,0.0,0.0,0.0,0.0,0.0,0.0,0.0,0.0,0.19,0.19,18765345,18765345,https://www.bundesanzeiger.de/pub/de/suche;wwwsid=627BFD7A56A5CB624C47FDDEAB2FC509.web07-pub?0,https://www.bundesanzeiger.de/pub/de/suche;wwwsid=627BFD7A56A5CB624C47FDDEAB2FC509.web07-pub?0,1620592262,16:31:02,20210509
