,date,symbol,reportedCurrency,fillingDate,acceptedDate,period,revenue,costOfRevenue,grossProfit,grossProfitRatio,researchAndDevelopmentExpenses,generalAndAdministrativeExpenses,sellingAndMarketingExpenses,otherExpenses,operatingExpenses,costAndExpenses,interestExpense,depreciationAndAmortization,ebitda,ebitdaratio,operatingIncome,operatingIncomeRatio,totalOtherIncomeExpensesNet,incomeBeforeTax,incomeBeforeTaxRatio,incomeTaxExpense,netIncome,netIncomeRatio,eps,epsdiluted,weightedAverageShsOut,weightedAverageShsOutDil,link,finalLink,timestamp,est_time,est_date
0,2019-12-31,SPAR,USD,2020-03-16,2020-03-16 16:33:45,FY,756542000,639509000,117033000,0.15469465013178382,4864000.0,64473000,0.0,76000.0,69418999.99999999,708928000.0,0.0,11180000.0,58794000.0,0.07771412558721129,47614000.0,0.062936360440002,1370000.0,47145000.0,0.06231643451388026,10355000.0,-12566000.0,-0.01660978504828549,-0.3558,-0.3558,35318000,35318000,https://www.sec.gov/Archives/edgar/data/743238/000143774920005329/0001437749-20-005329-index.htm,https://www.sec.gov/Archives/edgar/data/743238/000143774920005329/spar20191231_10k.htm,1620598186,18:09:46,20210509
1,2018-12-31,SPAR,USD,2019-03-05,2019-03-05 17:27:53,FY,570527000,497370000,73157000,0.12822706024430044,3771000.0,46206000,0.0,1429000.0,50639000.00000001,799749000.0,0.0,10370000.0,32888000.0,0.05764494931878772,22518000.0,0.0394687718547939,2240000.0,21450000.0,0.03759681838019936,2261000.0,15012000.0,0.0263125145698626,0.42663,0.42663,35187000,35187000,https://www.sec.gov/Archives/edgar/data/743238/000143774919004091/0001437749-19-004091-index.htm,https://www.sec.gov/Archives/edgar/data/743238/000143774919004091/spar20181231_10k.htm,1620598186,18:09:46,20210509
2,2017-12-31,SPAR,USD,2018-03-01,2018-03-01 13:50:12,FY,707098000,617655000,89443000,0.12649307451018105,6523000.0,65497000,0.0,1044000.0,73272000.00000004,690719000.0,0.0,9937000.0,26108000.0,0.0369227462105677,16171000.0,0.022869531521797545,717000.0,16024000.0,0.022661639546427793,90000.0,15935000.0,0.022535772976305973,0.45595,0.45595,34949000,34949000,https://www.sec.gov/Archives/edgar/data/743238/000143774918003606/0001437749-18-003606-index.htm,https://www.sec.gov/Archives/edgar/data/743238/000143774918003606/spar20171231_10k.htm,1620598186,18:09:46,20210509
3,2016-12-31,SPAR,USD,2017-03-03,2017-03-03 13:17:36,FY,590777000,518113000,72664000,0.12299734079017971,6772000.0,56172000,0.0,959000.0,64038999.99999999,582016000.0,0.0,7903000.0,16528000.0,0.027976715410383275,8625000.0,0.014599417377453761,488000.0,8703000.0,0.014731446891128125,100000.0,8610000.0,0.014574027086362537,0.25025,0.25025,34405000,34405000,https://www.sec.gov/Archives/edgar/data/743238/000143774917003752/0001437749-17-003752-index.htm,https://www.sec.gov/Archives/edgar/data/743238/000143774917003752/spar20161231_10k.htm,1620598186,18:09:46,20210509
4,2015-12-31,SPAR,USD,2016-03-09,2016-03-09 08:18:04,FY,550414000,502783000,47631000,0.08653667966294462,4560000.0,52695000,0.0,2336000.0,60110000.000000015,562374000.0,0.0,7437000.0,-5042000.0,-0.00916037746132911,-12479000.0,-0.02267202505750217,244000.0,-12600000.0,-0.02289185958206005,4880000.0,-16972000.0,-0.030834971494184377,-0.50174,-0.50174,33826000,33826000,https://www.sec.gov/Archives/edgar/data/743238/000143774916027109/0001437749-16-027109-index.htm,https://www.sec.gov/Archives/edgar/data/743238/000143774916027109/spar20151231_10k.htm,1620598186,18:09:46,20210509
5,2014-12-31,SPAR,USD,2015-03-05,2015-03-05 15:04:10,FY,506764000,450702000,56062000,0.11062743209857054,3851000.0,51205000,0.0,1349000.0,57213000.00000002,507107000.0,0.0,8378000.0,7227000.0,0.014261076161684729,-1151000.0,-0.0022712742025873976,418000.0,-1074000.0,-0.0021193297077140446,-2103000.0,1173000.0,0.0023146869154083557,0.03424,0.03424,34251000,34251000,https://www.sec.gov/Archives/edgar/data/743238/000143774915004162/0001437749-15-004162-index.htm,https://www.sec.gov/Archives/edgar/data/743238/000143774915004162/spar20141231_10k.htm,1620598186,18:09:46,20210509
6,2013-12-31,SPAR,USD,2014-03-13,2014-03-13 09:14:42,FY,469500000,424300000,45200000,0.09627263045793397,3100000.0,45500000,0.0,4854000.0,53399999.99999998,477736000.0,0.0,9240000.0,1040000.0,0.002215122470713525,-8200000.0,-0.0174653887113951,659000.0,-7900000.0,-0.016826411075612353,-1881000.0,-6000000.0,-0.012779552715654952,-0.17857,-0.17857,33550000,33550000,https://www.sec.gov/Archives/edgar/data/743238/000143774914004014/0001437749-14-004014-index.htm,https://www.sec.gov/Archives/edgar/data/743238/000143774914004014/spar20131231_10k.htm,1620598186,18:09:46,20210509
7,2012-12-31,SPAR,USD,2013-03-14,2013-03-14 11:13:56,FY,470600000,405500000,65100000,0.13833404164895877,12900000.0,45700000,0.0,2619000.0,67699999.99999999,466654000.0,0.0,8990000.0,6390000.0,0.013578410539736506,-2600000.0,-0.0055248618784530384,569000.0,-2400000.0,-0.005099872503187421,100000.0,-2500000.0,-0.0053123671908202295,-0.0753,-0.0753,33165000,33165000,https://www.sec.gov/Archives/edgar/data/743238/000143774913002829/0001437749-13-002829-index.htm,https://www.sec.gov/Archives/edgar/data/743238/000143774913002829/spartan_10k-123112.htm,1620598186,18:09:46,20210509
8,2011-12-31,SPAR,USD,2012-03-14,2012-03-14 11:19:03,FY,426000000,363700000,62300000,0.14624413145539905,13900000.0,44300000,0.0,1050000.0,61000000.0,422948000.0,0.0,10010000.0,11310000.0,0.026549295774647888,1300000.0,0.003051643192488263,276000.0,1300000.0,0.003051643192488263,510000.0,800000.0,0.0018779342723004694,0.02388,0.02388,33438000,33438000,https://www.sec.gov/Archives/edgar/data/743238/000143774912002264/0001437749-12-002264-index.htm,https://www.sec.gov/Archives/edgar/data/743238/000143774912002264/spartan_10k-123111.htm,1620598186,18:09:46,20210509
9,2010-12-31,SPAR,USD,2011-03-15,2011-03-15 09:54:29,FY,480700000,407200000,73500000,0.15290201789057625,16900000.0,43900000,0.0,1006000.0,62800000.00000001,468988000.0,950000.0,10720000.0,21520000.0,0.04476804659871021,10800000.0,0.02246723528188059,444000.0,10300000.0,0.021427085500312044,0.0,4100000.0,0.008529228208862077,0.12387,0.12387,33021000,33021000,https://www.sec.gov/Archives/edgar/data/743238/000143774911001544/0001437749-11-001544-index.htm,https://www.sec.gov/Archives/edgar/data/743238/000143774911001544/spartan_10k-123110.htm,1620598186,18:09:46,20210509
10,2009-12-31,SPAR,USD,2010-03-16,2010-03-16 14:58:03,FY,409500000,328300000,81200000,0.19829059829059828,17000000.0,42400000,0.0,0.0,60300000.00000001,410298815000.0,1338635000.0,7500000.0,28500000.0,0.0695970695970696,21000000.0,0.05128205128205128,-800000.0,20200000.0,0.04932844932844933,0.0,11800000.0,0.028815628815628817,0.35866,0.35866,32729000,32729000,https://www.sec.gov/Archives/edgar/data/743238/000092604410000142/0000926044-10-000142-index.htm,https://www.sec.gov/Archives/edgar/data/743238/000092604410000142/sm10k_123109.htm,1620598186,18:09:46,20210509
11,2008-12-31,SPAR,USD,2009-03-13,2009-03-13 16:25:19,FY,819700000,673400000,146300000,0.1784799316823228,18800000.0,57900000,0.0,0.0,76700000.00000004,775678464000.0,2061767000.0,5730000.0,75330000.0,0.09189947541783579,69600000.0,0.08490911309015493,679229.0,67900000.0,0.08283518360375747,0.0,42700000.0,0.05209222886421862,1.30183,1.30183,32437000,32437000,https://www.sec.gov/Archives/edgar/data/743238/000090572909000058/0000905729-09-000058-index.htm,https://www.sec.gov/Archives/edgar/data/743238/000090572909000058/spm10k_031309.htm,1620598186,18:09:46,20210509
12,2007-12-31,SPAR,USD,2008-03-14,2008-03-14 17:10:35,FY,661400000,565000000,96400000,0.14575143634714244,15000000.0,39100000,0.0,0.0,54100000.00000002,642672296000.0,1747754000.0,4060000.0,46360000.0,0.07009374055034774,42300000.0,0.06395524644693075,-1300000.0,41000000.0,0.061989718778348954,0.0,24500000.0,0.03704263683096462,0.74695,0.74695,31935000,31935000,https://www.sec.gov/Archives/edgar/data/743238/000090572908000114/0000905729-08-000114-index.htm,https://www.sec.gov/Archives/edgar/data/743238/000090572908000114/sptnmot10k_031408.htm,1620598186,18:09:46,20210509
13,2006-12-31,SPAR,USD,2007-03-16,2007-03-16 16:01:22,FY,427500000,353800000,73700000,0.17239766081871344,11700000.0,29200000,0.0,0.0,40899999.99999998,43981674000.0,347071000.0,2860000.0,35660000.0,0.08341520467836257,32800000.0,0.0767251461988304,400000.0,33200000.0,0.07766081871345029,0.0,16800000.0,0.03929824561403509,0.55082,0.55082,19737000,19737000,https://www.sec.gov/Archives/edgar/data/743238/000090572907000116/0000905729-07-000116-index.htm,https://www.sec.gov/Archives/edgar/data/743238/000090572907000116/sptnmot10k_031607.htm,1620598186,18:09:46,20210509
14,2005-12-31,SPAR,USD,2006-03-16,2006-03-16 15:35:46,FY,343000000,294200000,48800000,0.1422740524781341,9400000.0,26700000,0.0,0.0,36199999.99999999,330355866000.0,140698000.0,2650000.0,15350000.0,0.044752186588921286,12700000.0,0.03702623906705539,822801.0,13400000.0,0.03906705539358601,0.0,8300000.0,0.024198250728862974,0.2872,0.2872,12557000,12557000,https://www.sec.gov/Archives/edgar/data/743238/000090572906000157/0000905729-06-000157-index.htm,https://www.sec.gov/Archives/edgar/data/743238/000090572906000157/sptnmotors10k_031606.htm,1620598186,18:09:46,20210509
15,2004-12-31,SPAR,USD,2005-03-16,2005-03-16 14:40:03,FY,312300000,270900000,41400000,0.13256484149855907,7900000.0,24500000,0.0,0.0,32400000.000000034,303285817000.0,366183000.0,2310000.0,11310000.0,0.03621517771373679,9000000.0,0.02881844380403458,0.0,9200000.0,0.02945885366634646,0.0,5900000.0,0.018892090938200448,0.20557,0.20557,12351000,12351000,https://www.sec.gov/Archives/edgar/data/743238/000090572905000122/0000905729-05-000122-index.htm,https://www.sec.gov/Archives/edgar/data/743238/000090572905000122/spm10k_031605.htm,1620598186,18:09:46,20210509
16,2003-12-31,SPAR,USD,2004-03-15,2004-03-15 17:06:57,FY,237400000,202500000,34900000,0.14700926705981465,7100000.0,21600000,0.0,0.0,28699999.99999999,231198040000.0,330346000.0,2020000.0,8220000.0,0.03462510530749789,6200000.0,0.02611625947767481,0.0,5700000.0,0.02401010951979781,0.0,6000000.0,0.02527379949452401,0.21429,0.21429,12123000,12123000,https://www.sec.gov/Archives/edgar/data/743238/000090572904000146/0000905729-04-000146-index.htm,https://www.sec.gov/Archives/edgar/data/743238/000090572904000146/spartanmotors10k_031504.htm,1620598186,18:09:46,20210509
17,2002-12-31,SPAR,USD,2003-03-14,2003-03-14 17:11:05,FY,259500000,213500000,46000000,0.17726396917148363,7200000.0,21500000,0.0,0.0,28699999.99999999,242213717000.0,347803000.0,1890000.0,19190000.0,0.07394990366088632,17300000.0,0.06666666666666667,438404.0,17400000.0,0.06705202312138728,0.0,11700000.0,0.04508670520231214,0.43333,0.43333,11400000,11400000,https://www.sec.gov/Archives/edgar/data/743238/000090572903000136/0000905729-03-000136-index.htm,https://www.sec.gov/Archives/edgar/data/743238/000090572903000136/spm10k_031403.htm,1620598186,18:09:46,20210509
18,2001-12-31,SPAR,USD,2002-03-22,2002-03-22 00:00:00,FY,226300000,189500000,36800000,0.16261599646486966,6200000.0,19600000,0.0,0.0,25800000.00000001,215324568000.0,1375128000.0,2210000.0,13110000.0,0.05793194874060981,10900000.0,0.0481661511268228,337433.0,9900000.0,0.043747238179407864,0.0,6100000.0,0.02695536897923111,0.25523,0.25523,10561000,10561000,https://www.sec.gov/Archives/edgar/data/743238/000090572902000047/0000905729-02-000047-index.htm,https://www.sec.gov/Archives/edgar/data/743238/000090572902000047/spm10k032202.htm,1620598186,18:09:46,20210509
19,2000-12-31,SPAR,USD,2001-03-22,2001-03-22 00:00:00,FY,251400000,218100000,33300000,0.1324582338902148,6300000.0,19000000,0.0,0.0,25400000.000000007,243464292000.0,1617771000.0,2240000.0,10140000.0,0.040334128878281625,7900000.0,0.031424025457438345,728912.0,7100000.0,0.028241845664280032,0.0,-5600000.0,-0.022275258552108195,-0.21622,-0.21622,11493000,11493000,https://www.sec.gov/Archives/edgar/data/743238/000090572901500081/0000905729-01-500081-index.htm,https://www.sec.gov/Archives/edgar/data/743238/000090572901500081/spm10k032101.htm,1620598186,18:09:46,20210509
20,1999-12-31,SPAR,USD,1999-12-31,1999-12-31,FY,284600000,244300000,40400000,0.14195361911454674,6600000.0,22800000,0.0,0.0,29399999.999999978,0.0,0.0,2550000.0,13450000.0,0.047259311314125085,10900000.0,0.03829936753338018,0.0,10000000.0,0.035137034434293744,0.0,-1400000.0,-0.004919184820801124,-0.04982,-0.04982,28100000,28100000,,,1620598186,18:09:46,20210509
21,1998-12-31,SPAR,USD,1998-12-31,1998-12-31,FY,251600000,216300000,35300000,0.140302066772655,5400000.0,18200000,0.0,0.0,23599999.999999993,0.0,0.0,2380000.0,14080000.0,0.055961844197138316,11700000.0,0.046502384737678856,0.0,11600000.0,0.046104928457869634,0.0,3500000.0,0.013910969793322734,0.12411,0.12411,28200000,28200000,,,1620598186,18:09:46,20210509
22,1997-12-31,SPAR,USD,1997-12-31,1997-12-31,FY,178600000,155300000,23400000,0.13101903695408734,4700000.0,15800000,0.0,0.0,20500000.0,0.0,0.0,1880000.0,4780000.0,0.026763717805151174,2900000.0,0.016237402015677492,0.0,2900000.0,0.016237402015677492,0.0,-13100000.0,-0.07334826427771557,-0.46953,-0.46953,27900000,27900000,,,1620598186,18:09:46,20210509
23,1996-12-31,SPAR,USD,1996-12-31,1996-12-31,FY,174700000,148600000,26000000,0.14882655981682885,4200000.0,14300000,0.0,0.0,23400000.000000007,0.0,0.0,1930000.0,4630000.0,0.026502575844304523,2700000.0,0.015455065827132226,0.0,3900000.0,0.022323983972524327,0.0,2300000.0,0.01316542644533486,0.08099,0.08099,28400000,28400000,,,1620598186,18:09:46,20210509
24,1995-12-31,SPAR,USD,1995-12-31,1995-12-31,FY,152600000,131800000,20800000,0.1363040629095675,3100000.0,13300000,0.0,0.0,16899999.999999978,0.0,0.0,2030000.0,7430000.0,0.04868938401048493,5400000.0,0.035386631716906945,0.0,5400000.0,0.035386631716906945,0.0,3400000.0,0.022280471821756225,0.11724,0.11724,29000000,29000000,,,1620598186,18:09:46,20210509
