,date,symbol,reportedCurrency,fillingDate,acceptedDate,period,revenue,costOfRevenue,grossProfit,grossProfitRatio,researchAndDevelopmentExpenses,generalAndAdministrativeExpenses,sellingAndMarketingExpenses,otherExpenses,operatingExpenses,costAndExpenses,interestExpense,depreciationAndAmortization,ebitda,ebitdaratio,operatingIncome,operatingIncomeRatio,totalOtherIncomeExpensesNet,incomeBeforeTax,incomeBeforeTaxRatio,incomeTaxExpense,netIncome,netIncomeRatio,eps,epsdiluted,weightedAverageShsOut,weightedAverageShsOutDil,link,finalLink,timestamp,est_time,est_date
0,2020-12-31,PTVE,USD,2021-02-25,2021-02-25 14:07:37,FY,4689000000,3969000000,720000000,0.15355086372360843,0.0,470000000,0.0,66000000.0,503000000,4472000000,371000000,484000000,701000000,0.14949882704201323,217000000,0.04627852420558755,32000000.0,-122000000,-0.026018340797611433,-112000000.0,-27000000.0,-0.005758157389635317,-0.1539040322856459,-0.1539040322856459,176800000,176900000,https://www.sec.gov/Archives/edgar/data/1527508/000156459021008652/0001564590-21-008652-index.htm,https://www.sec.gov/Archives/edgar/data/1527508/000156459021008652/ptve-10k_20201231.htm,1620596903,17:48:23,20210509
1,2019-12-31,PTVE,USD,2019-12-31,2019-12-31,FY,9716000000,7735000000,1981000000,0.20389048991354466,0.0,805000000,250000000.0,15000000.0,1055000000,8790000000,631000000,736000000,1662000000,0.17105804857966242,926000000,0.0953067105804858,8000000.0,317000000,0.03262659530671058,134000000.0,107000000.0,0.011012762453684644,-0.52,-0.52,175434000,175434000,,,1620596903,17:48:23,20210509
2,2018-12-31,PTVE,USD,2018-12-31,2018-12-31,FY,10660000000,8566000000,2094000000,0.19643527204502814,0.0,725000000,264000000.0,5000000.0,989000000,9555000000,600000000,655000000,1760000000,0.1651031894934334,1105000000,0.10365853658536585,-475000000.0,35000000,0.003283302063789869,40000000.0,-7000000.0,-0.0006566604127579737,-0.03988035824161188,-0.03986931204032605,175525003,175573634,,,1620596903,17:48:23,20210509
3,2017-12-31,PTVE,USD,2017-12-31,2017-12-31,FY,10524000000,8202000000,2322000000,0.22063854047890535,0.0,776000000,277000000.0,11000000.0,1053000000,9255000000,617000000,674000000,1943000000,0.1846256176358799,1269000000,0.12058152793614595,-129000000.0,521000000,0.04950589129608514,81000000.0,437000000.0,0.04152413530976815,2.489674,2.488984,175525003,175573634,,,1620596903,17:48:23,20210509
4,2016-12-31,PTVE,USD,2016-12-31,2016-12-31,FY,10646000000,8259000000,2387000000,0.2242156678564719,0.0,895000000,315000000.0,9000000.0,1210000000,9469000000,844000000,707000000,1884000000,0.17696787525831298,1177000000,0.11055795603982717,-53000000.0,272000000,0.025549502160435843,105000000.0,159000000.0,0.01493518692466654,0.905854,0.905603,175525003,175573634,,,1620596903,17:48:23,20210509
5,2015-12-31,PTVE,USD,2015-12-31,2015-12-31,FY,11178000000,8978000000,2200000000,0.1968151726605833,0.0,806000000,262000000.0,2000000.0,1068000000,10046000000,994000000,714000000,1846000000,0.16514582215065307,1132000000,0.10127035247808194,-421000000.0,-294000000,-0.026301663982823402,60000000.0,2316000000.0,0.20719269994632314,13.194701,13.191047,175525003,175573634,,,1620596903,17:48:23,20210509
6,2014-12-31,PTVE,USD,2014-12-31,2014-12-31,FY,11666000000,9650000000,2016000000,0.17280987484999144,0.0,790000000,255000000.0,15000000.0,1045000000,10695000000,1256000000,910000000,1881000000,0.16123778501628663,971000000,0.08323332761872107,-173000000.0,-475000000,-0.04071661237785016,-70000000.0,-302000000.0,-0.025887193553917366,-1.7205525984238268,-1.7200760337397811,175525003,175573634,,,1620596903,17:48:23,20210509
7,2013-12-31,PTVE,USD,2013-12-31,2013-12-31,FY,11752000000,9671000000,2081000000,0.17707624234172906,0.0,808000000,266000000.0,-2000000.0,1074000000,10745000000,1314000000,1020000000,2027000000,0.17248127978216474,1007000000,0.08568754254594962,54000000.0,-270000000,-0.022974812797821646,4000000.0,-70000000.0,-0.0059564329475833904,-0.3988035824161188,-0.39869312040326055,175525003,175573634,,,1620596903,17:48:23,20210509
