,date,symbol,reportedCurrency,fillingDate,acceptedDate,period,revenue,costOfRevenue,grossProfit,grossProfitRatio,researchAndDevelopmentExpenses,generalAndAdministrativeExpenses,sellingAndMarketingExpenses,otherExpenses,operatingExpenses,costAndExpenses,interestExpense,depreciationAndAmortization,ebitda,ebitdaratio,operatingIncome,operatingIncomeRatio,totalOtherIncomeExpensesNet,incomeBeforeTax,incomeBeforeTaxRatio,incomeTaxExpense,netIncome,netIncomeRatio,eps,epsdiluted,weightedAverageShsOut,weightedAverageShsOutDil,link,finalLink,timestamp,est_time,est_date
0,2020-12-31,8333.HK,HKD,2020-12-31,2020-12-31,FY,47848000,0.0,0.0,0.0,0.0,50120000,0.0,2624000.0,0.0,50120000,2822000.0,3420000.0,1148000.0,0.0239926433706738,-2272000.0,-0.047483698378197624,0.0,-1971000.0,-0.041192944323691694,150000.0,-2121000.0,-0.04432787159337903,-0.00265125,-0.00265125,800000000,800000000,https://www1.hkexnews.hk/search/titlesearch.xhtml,https://www1.hkexnews.hk/search/titlesearch.xhtml,1620585887,14:44:47,20210509
1,2019-12-31,8333.HK,HKD,2019-12-31,2019-12-31,FY,45431000,0.0,0.0,0.0,0.0,31918000,0.0,586000.0,31918000.0,31918000,251000.0,2328000.0,15841000.0,0.3486826175959147,13513000.0,0.2974400739583104,0.0,14143000.0,0.3113072571592085,2131000.0,12030000.0,0.26479716493143446,0.015,0.015,800000000,800000000,https://www1.hkexnews.hk/search/titlesearch.xhtml,https://www1.hkexnews.hk/search/titlesearch.xhtml,1620585887,14:44:47,20210509
2,2018-12-31,8333.HK,HKD,2018-12-31,2018-12-31,FY,49958000,0.0,0.0,0.0,0.0,23585000,0.0,663000.0,23585000.0,23585000,272000.0,900000.0,27273000.0,0.5459185716001441,26373000.0,0.5279034388886665,0.0,26785000.0,0.5361503663076984,4300000.0,22485000.0,0.45007806557508306,0.0281,0.0281,800000000,800000000,https://www1.hkexnews.hk/search/titlesearch.xhtml,https://www1.hkexnews.hk/search/titlesearch.xhtml,1620585887,14:44:47,20210509
3,2017-12-31,8333.HK,HKD,2017-12-31,2017-12-31,FY,58118000,0.0,0.0,0.0,0.0,32318000,0.0,0.0,30248000.0,30248000,278000.0,994000.0,28864000.0,0.49664475721807355,27870000.0,0.47954162221686913,0.0,27597000.0,0.47484428232217213,4732000.0,22865000.0,0.3934237241474242,0.0286,0.0286,800000000,800000000,https://www1.hkexnews.hk/search/titlesearch.xhtml,https://www1.hkexnews.hk/search/titlesearch.xhtml,1620585887,14:44:47,20210509
4,2016-12-31,8333.HK,HKD,2016-12-31,2016-12-31,FY,58089000,0.0,0.0,0.0,0.0,38510000,0.0,0.0,36746000.0,36746000,106000.0,894000.0,22237000.0,0.38280913770249103,21343000.0,0.3674189605605192,0.0,21244000.0,0.3657146791991599,4326000.0,16918000.0,0.2912427481967326,0.0233,0.0233,725409836,725409836,https://www1.hkexnews.hk/search/titlesearch.xhtml,https://www1.hkexnews.hk/search/titlesearch.xhtml,1620585887,14:44:47,20210509
5,2015-12-31,8333.HK,HKD,2015-12-31,2015-12-31,FY,91799000,0.0,0.0,0.0,0.0,45837000,0.0,0.0,44549000.0,44549000,211000.0,315000.0,47565000.0,0.5181428991601216,47250000.0,0.5147114892319088,0.0,47045000.0,0.5124783494373577,8708000.0,38337000.0,0.4176189283107659,0.048,0.048,800000000,800000000,https://www1.hkexnews.hk/search/titlesearch.xhtml,https://www1.hkexnews.hk/search/titlesearch.xhtml,1620585887,14:44:47,20210509
6,2014-12-31,8333.HK,HKD,2014-12-31,2014-12-31,FY,40434000,0.0,0.0,0.0,0.0,19194000,0.0,0.0,18586000.0,18586000,158000.0,111000.0,21959000.0,0.5430825542859969,21848000.0,0.540337339862492,0.0,21692000.0,0.5364792006727012,1500000.0,20192000.0,0.49938170846317453,0.030594,0.030594,800000000,800000000,https://www1.hkexnews.hk/search/titlesearch.xhtml,https://www1.hkexnews.hk/search/titlesearch.xhtml,1620585887,14:44:47,20210509
7,2013-12-31,8333.HK,HKD,2013-12-31,2013-12-31,FY,15250000,0.0,0.0,0.0,0.0,12702000,0.0,0.0,12344000.0,12344000,90000.0,202000.0,3108000.0,0.2038032786885246,2906000.0,0.19055737704918033,0.0,2817000.0,0.18472131147540985,0.0,2817000.0,0.18472131147540985,0.004268,0.004268,800000000,800000000,https://www1.hkexnews.hk/search/titlesearch.xhtml,https://www1.hkexnews.hk/search/titlesearch.xhtml,1620585887,14:44:47,20210509
