,date,symbol,reportedCurrency,fillingDate,acceptedDate,period,revenue,costOfRevenue,grossProfit,grossProfitRatio,researchAndDevelopmentExpenses,generalAndAdministrativeExpenses,sellingAndMarketingExpenses,otherExpenses,operatingExpenses,costAndExpenses,interestExpense,depreciationAndAmortization,ebitda,ebitdaratio,operatingIncome,operatingIncomeRatio,totalOtherIncomeExpensesNet,incomeBeforeTax,incomeBeforeTaxRatio,incomeTaxExpense,netIncome,netIncomeRatio,eps,epsdiluted,weightedAverageShsOut,weightedAverageShsOutDil,link,finalLink,timestamp,est_time,est_date
0,2020-12-31,SIFG.AS,EUR,2020-12-31,2020-12-31,FY,335433000,272321000,63112000,0.18815083787224274,0.0,4325000.0,1018000.0,0.0,0.0,324025000,2396000.0,20348000.0,31756000,0.09467166319354386,11408000.0,0.03400977244337915,0.0,8949000.0,0.02667894929836957,1376000.0,7271000.0,0.021676459978594832,0.2851220931153622,0.2851220931153622,25501356,25501356,,,1620597912,18:05:12,20210509
1,2019-12-31,SIFG.AS,EUR,2019-12-31,2019-12-31,FY,325600000,268793000,56807000,0.1744686732186732,0.0,4660000.0,994000.0,0.0,47641000.0,316434000,2666000.0,17207000.0,26373000,0.08099815724815725,9166000.0,0.02815110565110565,0.0,6528000.0,0.02004914004914005,818000.0,5488000.0,0.016855036855036854,0.22,0.22,25501356,25501356,,,1620597912,18:05:12,20210509
2,2018-12-31,SIFG.AS,EUR,2018-12-31,2018-12-31,FY,235140000,194658000,40482000,0.17216126562898698,0.0,4073000.0,648000.0,0.0,41575000.0,236233000,1677000.0,13682000.0,12589000,0.053538317598026706,-1093000.0,-0.004648294632984605,0.0,-2797000.0,-0.011895041252020074,-746000.0,-2051000.0,-0.00872246321340478,-0.08,-0.08,25501356,25501356,,,1620597912,18:05:12,20210509
3,2017-12-31,SIFG.AS,EUR,2017-12-31,2017-12-31,FY,327180000,242169000,85011000,0.25982945167797544,0.0,5721000.0,781000.0,-2074000.0,41510000.0,283679000,1834000.0,13153000.0,56654000,0.17315850602115043,43501000.0,0.13295739348370927,0.0,39997000.0,0.12224769240173605,9237000.0,30760000.0,0.09401552662143163,1.21,1.21,25501356,25501356,,,1620597912,18:05:12,20210509
4,2016-12-31,SIFG.AS,EUR,2016-12-31,2016-12-31,FY,400318000,313892000,86426000,0.21589336477500387,0.0,4079000.0,670000.0,-6732000.0,29762000.0,343654000,2620000.0,8684000.0,65348000,0.16324022402190258,56664000.0,0.14154746976153956,0.0,47914000.0,0.11968984657197528,10549000.0,37365000.0,0.09333829605463656,1.47,1.47,25501356,25501356,,,1620597912,18:05:12,20210509
5,2015-12-31,SIFG.AS,EUR,2015-12-31,2015-12-31,FY,321343000,250242000,71101000,0.22126201597669778,0.0,2827000.0,577000.0,0.0,20273000.0,270515000,2487000.0,6986000.0,57814000,0.17991367479609016,50828000.0,0.1581736649001223,0.0,46301000.0,0.14408591442788546,10673000.0,35628000.0,0.11087218330568893,1.397102,1.397102,25501356,25501356,,,1620597912,18:05:12,20210509
6,2014-12-31,SIFG.AS,EUR,2014-12-31,2014-12-31,FY,262523000,205736000,56787000,0.21631247547833904,0.0,2106000.0,403000.0,0.0,18437000.0,224173000,2155000.0,7391000.0,45741000,0.1742361621648389,38350000.0,0.14608243849110364,0.0,36552000.0,0.1392335147777528,8557000.0,27995000.0,0.1066382755034797,1.097785,1.097785,25501356,25501356,,,1620597912,18:05:12,20210509
7,2013-12-31,SIFG.AS,EUR,2013-12-31,2013-12-31,FY,336267000,284577000,51690000,0.1537171354905477,0.0,1791000.0,494000.0,0.0,14807000.0,299384000,2046000.0,7067000.0,43950000,0.13069971183613022,36883000.0,0.10968367398525576,0.0,35513000.0,0.10560953052187697,8917000.0,26596000.0,0.07909191208176836,1.042925,1.042925,25501356,25501356,,,1620597912,18:05:12,20210509
8,2012-12-31,SIFG.AS,EUR,2012-12-31,2012-12-31,FY,163252000,122655000,40597000,0.2486768921667116,0.0,1792000.0,382000.0,0.0,13618000.0,136273000,2922000.0,6475000.0,33454000,0.20492245117977115,26979000.0,0.1652598436772597,0.0,24757000.0,0.15164898439222796,5905000.0,18852000.0,0.11547791144978316,0.739255,0.739255,25501356,25501356,,,1620597912,18:05:12,20210509
