,date,symbol,reportedCurrency,fillingDate,acceptedDate,period,revenue,costOfRevenue,grossProfit,grossProfitRatio,researchAndDevelopmentExpenses,generalAndAdministrativeExpenses,sellingAndMarketingExpenses,otherExpenses,operatingExpenses,costAndExpenses,interestExpense,depreciationAndAmortization,ebitda,ebitdaratio,operatingIncome,operatingIncomeRatio,totalOtherIncomeExpensesNet,incomeBeforeTax,incomeBeforeTaxRatio,incomeTaxExpense,netIncome,netIncomeRatio,eps,epsdiluted,weightedAverageShsOut,weightedAverageShsOutDil,link,finalLink,timestamp,est_time,est_date
0,2019-12-31,TLX,USD,2020-03-20 00:00:00,2020-03-20 17:02:55,FY,17035000,13048000,3987000.0,0.23404754916348694,0.0,4132000.0,0.0,0.0,4132000.0,17180000,504000.0,1137000.0,686000.0,0.04027003228646903,-451000.0,-0.026474904608159672,0.0,-1361000.0,-0.07989433519225125,41000.0,-1402000.0,-0.08230114470208394,-0.1228,-0.1228,11417000,11417000.0,https://www.sec.gov/Archives/edgar/data/99106/000151316220000064/0001513162-20-000064-index.html,https://www.sec.gov/Archives/edgar/data/99106/000151316220000064/form10k.htm,1620598875,18:21:15,20210509
1,2018-12-31,TLX,USD,2019-04-15,2019-04-15 17:01:38,FY,14399000,11328000,3071000.0,0.21327869990971596,0.0,7117000.0,0.0,0.0,7117000.0,18445000,940000.0,1179000.0,-2867000.0,-0.19911104937842905,-4046000.0,-0.2809917355371901,0.0,-4647000.0,-0.3227307451906382,47000.0,-4694000.0,-0.325994860754219,-0.4111412805465534,-1.803303880138302,11417000,2603000.0,https://www.sec.gov/Archives/edgar/data/99106/000151316219000109/0001513162-19-000109-index.htm,https://www.sec.gov/Archives/edgar/data/99106/000151316219000109/form10k.htm,1620598875,18:21:15,20210509
2,2017-12-31,TLX,USD,2018-03-30 00:00:00,2018-03-30 17:01:22,FY,24443000,41422000,3732000.0,0.1526817493760995,0.0,-6578000.0,0.0,0.0,-6578000.0,34844000,708000.0,1301000.0,-2299000.0,-0.09405555782841714,-3600000.0,-0.14728143026633392,0.0,-3600000.0,-0.14728143026633392,0.0,-2849000.0,-0.11655688745244037,-0.24954015941140403,-1.662193698949825,11417000,1714000.0,https://www.sec.gov/Archives/edgar/data/99106/000151316218000086/0001513162-18-000086-index.html,https://www.sec.gov/Archives/edgar/data/99106/000151316218000086/form10k.htm,1620598875,18:21:15,20210509
3,2016-12-31,TLX,USD,2017-03-24 00:00:00,2017-03-24 17:01:46,FY,21191000,15387000,5804000.0,0.2738898589023642,0.0,6624000.0,0.0,0.0,6624000.0,22011000,374000.0,1746000.0,926000.0,0.04369779623425039,-820000.0,-0.038695672691236846,0.0,-677000.0,-0.0319475248926431,-66000.0,-611000.0,-0.02883299513944599,-0.053516685644214766,-0.3571011104617183,11417000,1711000.0,https://www.sec.gov/Archives/edgar/data/99106/000151316217000087/0001513162-17-000087-index.html,https://www.sec.gov/Archives/edgar/data/99106/000151316217000087/form10k.htm,1620598875,18:21:15,20210509
4,2015-12-31,TLX,USD,2016-03-29 00:00:00,2016-03-29 17:22:26,FY,23567000,18130000,5437000.0,0.2307039504391734,0.0,7589000.0,0.0,0.0,7589000.0,25719000,306000.0,2473000.0,321000.0,0.01362074086646582,-2152000.0,-0.09131412568421945,0.0,-1726000.0,-0.07323800229133959,23000.0,-1749000.0,-0.07421394322569695,-0.15319260751510905,-1.0448028673835126,11417000,1674000.0,https://www.sec.gov/Archives/edgar/data/99106/000151316216000780/0001513162-16-000780-index.html,https://www.sec.gov/Archives/edgar/data/99106/000151316216000780/form10k.htm,1620598875,18:21:15,20210509
5,2014-12-31,TLX,USD,2015-04-02 00:00:00,2015-04-01 21:29:53,FY,24359000,19447000,4912000.0,0.201650314052301,0.0,9164000.0,0.0,-107000.0,9164000.0,28611000,240000.0,3153000.0,-1099000.0,-0.045116794613900404,-4252000.0,-0.17455560573094134,0.0,4700000.0,0.19294716531877334,29000.0,-4628000.0,-0.1899913789564432,-0.40536042743277567,-3.3756382202771698,11417000,1371000.0,https://www.sec.gov/Archives/edgar/data/99106/000151316215000177/0001513162-15-000177-index.html,https://www.sec.gov/Archives/edgar/data/99106/000151316215000177/form_10k.htm,1620598875,18:21:15,20210509
6,2013-12-31,TLX,USD,2014-05-13,2014-05-13 17:21:42,FY,20907000,16282000,4625000.0,0.22121777395130818,0.0,8072000.0,0.0,1113000.0,8072000.0,24354000,333000.0,3538000.0,42000.0,0.002008896541828096,-3496000.0,-0.16721672167216722,181000.0,-2870000.0,-0.13727459702491987,-370000.0,-1869000.0,-0.08939589611135026,-0.1637032495401594,-1.793666026871401,11417000,1042000.0,https://www.sec.gov/Archives/edgar/data/99106/000151316214000306/0001513162-14-000306-index.htm,https://www.sec.gov/Archives/edgar/data/99106/000151316214000306/form_10k.htm,1620598875,18:21:15,20210509
7,2012-12-31,TLX,USD,2013-07-02,2013-07-02 17:06:39,FY,23021000,18600000,4421000.0,0.19204204856435428,0.0,8916000.0,0.0,0.0,8916000.0,27516000,297000.0,4104000.0,-806000.0,-0.03501151122887798,-4910000.0,-0.21328352373919465,0.0,-1106000.0,-0.048043091090743235,23000.0,-1365000.0,-0.0592936883714869,-0.11955855303494789,-0.08840101029726054,11417000,15441000.0,https://www.sec.gov/Archives/edgar/data/99106/000151316213000486/0001513162-13-000486-index.htm,https://www.sec.gov/Archives/edgar/data/99106/000151316213000486/tlx_10k2012.htm,1620598875,18:21:15,20210509
8,2011-12-31,TLX,USD,2012-04-16,2012-04-16 16:50:59,FY,23849000,41264000,3217000.0,0.13489035179672104,0.0,-7948000.0,0.0,0.0,-7948000.0,33316000,1382000.0,4615000.0,7832000.0,0.32839951360644054,3217000.0,0.13489035179672104,0.0,-1202000.0,-0.05040043607698436,0.0,-1418000.0,-0.059457419598306006,-0.12420075326267846,-0.09183343047730069,11417000,15441000.0,https://www.sec.gov/Archives/edgar/data/99106/000151316212000250/0001513162-12-000250-index.htm,https://www.sec.gov/Archives/edgar/data/99106/000151316212000250/translux_10k.htm,1620598875,18:21:15,20210509
