,date,symbol,reportedCurrency,fillingDate,acceptedDate,period,revenue,costOfRevenue,grossProfit,grossProfitRatio,researchAndDevelopmentExpenses,generalAndAdministrativeExpenses,sellingAndMarketingExpenses,otherExpenses,operatingExpenses,costAndExpenses,interestExpense,depreciationAndAmortization,ebitda,ebitdaratio,operatingIncome,operatingIncomeRatio,totalOtherIncomeExpensesNet,incomeBeforeTax,incomeBeforeTaxRatio,incomeTaxExpense,netIncome,netIncomeRatio,eps,epsdiluted,weightedAverageShsOut,weightedAverageShsOutDil,link,finalLink,timestamp,est_time,est_date
0,2020-12-31,INTI,USD,2021-03-26,2021-03-26 09:02:14,FY,0.0,0.0,0.0,0.0,185294.0,873703.0,0.0,0.0,1058997.0,1058997.0,0.0,0.0,-1058997.0,0.0,-1058997.0,0.0,0.0,-1057929.0,0.0,0.0,-1057929.0,0.0,-0.002855930798366271,-0.002855930798366271,370432295,370432295,https://www.sec.gov/Archives/edgar/data/1042418/000119312521095516/0001193125-21-095516-index.htm,https://www.sec.gov/Archives/edgar/data/1042418/000119312521095516/d33379d10k.htm,1620593669,16:54:29,20210509
1,2019-12-31,INTI,USD,2020-03-30,2020-03-30,FY,0.0,0.0,0.0,1.0,1208080.0,1539820.0,0.0,0.0,2747896.0,2747900.0,14540.0,0.0,-2718820.0,-188.98872077,-2747900.0,-188.98872077,0.0,-2733360.0,0.0,0.0,-2733360.0,-187.98872077,-0.00738,-0.00738,370432295,370432295,https://www.sec.gov/Archives/edgar/data/1042418/000119312520090201/0001193125-20-090201-index.htm,https://www.sec.gov/Archives/edgar/data/1042418/000119312520090201/d858310d10k.htm,1620593669,16:54:29,20210509
2,2018-12-31,INTI,USD,2019-03-07,2019-03-07,FY,0.0,0.0,0.0,0.0,2633570.0,1930690.0,0.0,0.0,4564257.0,4564260.0,14030.0,0.0,-4536200.0,0.0,-4564260.0,0.0,0.0,-4550230.0,0.0,0.0,-4550230.0,0.0,-0.0123,-0.0123,369812940,369812940,https://www.sec.gov/Archives/edgar/data/1042418/000119312519066503/0001193125-19-066503-index.htm,https://www.sec.gov/Archives/edgar/data/1042418/000119312519066503/d668655d10k.htm,1620593669,16:54:29,20210509
3,2017-12-31,INTI,USD,2018-02-16,2018-02-16,FY,0.0,0.0,0.0,0.0,2227590.0,2891440.0,0.0,0.0,5119031.0,5119030.0,17870.0,0.0,-5083300.0,0.0,-5119030.0,0.0,0.0,-5101170.0,0.0,0.0,-5101170.0,0.0,-0.01391,-0.01391,366622110,366622110,https://www.sec.gov/Archives/edgar/data/1042418/000119312518047834/0001193125-18-047834-index.htm,https://www.sec.gov/Archives/edgar/data/1042418/000119312518047834/d449269d10k.htm,1620593669,16:54:29,20210509
4,2016-12-31,INTI,USD,2017-02-17,2017-02-17,FY,0.0,0.0,0.0,0.0,2641510.0,4380700.0,0.0,0.0,7022202.0,7022200.0,21990.0,0.0,-6978230.0,0.0,-7022200.0,0.0,0.0,-7000220.0,0.0,0.0,-7000220.0,0.0,-0.02424,-0.02424,288752720,288752720,https://www.sec.gov/Archives/edgar/data/1042418/000119312517048025/0001193125-17-048025-index.htm,https://www.sec.gov/Archives/edgar/data/1042418/000119312517048025/d306040d10k.htm,1620593669,16:54:29,20210509
5,2015-12-31,INTI,USD,2016-02-01,2016-02-01,FY,0.0,0.0,0.0,0.0,1680250.0,2269340.0,0.0,0.0,3949585.0,3949590.0,0.0,0.0,-3949590.0,0.0,-3949590.0,0.0,0.0,-3949590.0,0.0,0.0,-3949590.0,0.0,-0.01698,-0.01698,232616650,232616650,https://www.sec.gov/Archives/edgar/data/1042418/000119312516446037/0001193125-16-446037-index.htm,https://www.sec.gov/Archives/edgar/data/1042418/000119312516446037/d113219d10k.htm,1620593669,16:54:29,20210509
6,2014-12-31,INTI,USD,2015-02-13,2015-02-13,FY,0.0,0.0,0.0,0.0,2430740.0,1507080.0,0.0,0.0,3937817.0,3937820.0,37481.0,0.0,-3937819.0,0.0,-3937820.0,0.0,0.0,-3975300.0,0.0,0.0,-3975300.0,0.0,-0.04146,-0.04146,95884520,95884520,https://www.sec.gov/Archives/edgar/data/1042418/000119312515050220/0001193125-15-050220-index.htm,https://www.sec.gov/Archives/edgar/data/1042418/000119312515050220/d831773d10k.htm,1620593669,16:54:29,20210509
7,2013-12-31,INTI,USD,2013-12-31,2013-12-31,FY,0.0,0.0,0.0,0.0,1065169.0,817316.0,0.0,117324.0,1882485.0,1999809.0,1923.0,0.0,-1999809.0,0.0,-1999809.0,0.0,0.0,-1835056.0,0.0,0.0,-1835056.0,0.0,-0.10229,-0.10229,17940586,17940586,,,1620593669,16:54:29,20210509
