,date,symbol,reportedCurrency,fillingDate,acceptedDate,period,revenue,costOfRevenue,grossProfit,grossProfitRatio,researchAndDevelopmentExpenses,generalAndAdministrativeExpenses,sellingAndMarketingExpenses,otherExpenses,operatingExpenses,costAndExpenses,interestExpense,depreciationAndAmortization,ebitda,ebitdaratio,operatingIncome,operatingIncomeRatio,totalOtherIncomeExpensesNet,incomeBeforeTax,incomeBeforeTaxRatio,incomeTaxExpense,netIncome,netIncomeRatio,eps,epsdiluted,weightedAverageShsOut,weightedAverageShsOutDil,link,finalLink,timestamp,est_time,est_date
0,2020-12-31,BPOP,USD,2021-03-01,2021-03-01 17:09:21,FY,2323817000,0.0,0.0,0.0,0.0,865134000,57608000.0,0.0,0.0,0.0,234938000,6397000.0,0.0,0.0,0.0,0.2661827501907422,0.0,618560000,0.2661827501907422,111938000.0,506622000,0.21801286417992466,5.231059310109409,5.231059310109409,96848835,96848835,https://www.sec.gov/Archives/edgar/data/763901/000119312521063781/0001193125-21-063781-index.htm,https://www.sec.gov/Archives/edgar/data/763901/000119312521063781/d58850d10k.htm,1620589617,15:46:57,20210509
1,2019-12-31,BPOP,USD,2020-03-02,2020-03-02 16:08:45,FY,2423518000,0.0,0.0,0.0,0.0,917300000,75372000.0,0.0,2012000000.0,0.0,369099000,9370000.0,0.0,0.0,0.0,0.3376562501289448,0.0,818316000,0.3376562501289448,147181000.0,671135000,0.27692593989398884,6.89,6.88,96848835,96997800,https://www.sec.gov/Archives/edgar/data/763901/000119312520058848/0001193125-20-058848-index.htm,https://www.sec.gov/Archives/edgar/data/763901/000119312520058848/d838900d10k.htm,1620589617,15:46:57,20210509
2,2018-12-31,BPOP,USD,2019-03-01,2019-03-01 11:43:54,FY,2359392000,0.0,0.0,0.0,0.0,880478000,65918000.0,0.0,1937000000.0,0.0,286971000,9326000.0,0.0,0.0,0.0,0.3126809788284439,0.0,737737000,0.3126809788284439,119579000.0,618158000,0.26199885394203254,6.07,6.06,101142258,101308643,https://www.sec.gov/Archives/edgar/data/763901/000119312519059912/0001193125-19-059912-index.htm,https://www.sec.gov/Archives/edgar/data/763901/000119312519059912/d667927d10k.htm,1620589617,15:46:57,20210509
3,2017-12-31,BPOP,USD,2018-03-01,2018-03-01 15:38:53,FY,1921131000,0.0,0.0,0.0,0.0,747376000,58445000.0,0.0,1807000000.0,0.0,223980000,9378000.0,0.0,0.0,0.0,0.17620401732104682,0.0,338511000,0.17620401732104682,230830000.0,107681000,0.056050836720660906,1.0560436513864775,1.0552270610388308,101966429,102045336,https://www.sec.gov/Archives/edgar/data/763901/000119312518066922/0001193125-18-066922-index.htm,https://www.sec.gov/Archives/edgar/data/763901/000119312518066922/d487181d10k.htm,1620589617,15:46:57,20210509
4,2016-12-31,BPOP,USD,2017-03-01,2017-03-01 17:30:20,FY,1699195000,0.0,0.0,0.0,0.0,791953000,53014000.0,0.0,1638000000.0,0.0,212518000,12144000.0,0.0,0.0,0.0,0.17322320275189135,0.0,294340000,0.17322320275189135,78784000.0,216691000,0.12752568127848776,2.0981887782925446,2.096118157796815,103275264,103377283,https://www.sec.gov/Archives/edgar/data/763901/000119312517066025/0001193125-17-066025-index.htm,https://www.sec.gov/Archives/edgar/data/763901/000119312517066025/d248330d10k.htm,1620589617,15:46:57,20210509
5,2015-12-31,BPOP,USD,2016-02-29,2016-02-29 16:32:26,FY,1905670000,0.0,0.0,0.0,0.0,777358000,52076000.0,0.0,1705000000.0,0.0,194031000,11019000.0,0.0,0.0,0.0,0.2092833491632864,0.0,398825000,0.2092833491632864,-495172000.0,895344000,0.4698316077809904,8.66,8.65,102967186,103124309,https://www.sec.gov/Archives/edgar/data/763901/000119312516485443/0001193125-16-485443-index.htm,https://www.sec.gov/Archives/edgar/data/763901/000119312516485443/d21916d10k.htm,1620589617,15:46:57,20210509
6,2014-12-31,BPOP,USD,2015-03-02,2015-03-02 16:55:05,FY,1309999000,0.0,0.0,0.0,0.0,713490000,54016000.0,0.0,2126000000.0,0.0,688471000,8160000.0,0.0,0.0,0.0,-0.1009397717097494,0.0,-132231000,-0.1009397717097494,58279000.0,-313490000,-0.23930552618742457,-3.05,-3.05,102848792,102848792,https://www.sec.gov/Archives/edgar/data/763901/000119312515073457/0001193125-15-073457-index.htm,https://www.sec.gov/Archives/edgar/data/763901/000119312515073457/d824277d10k.htm,1620589617,15:46:57,20210509
7,2013-12-31,BPOP,USD,2014-02-28,2014-02-28 17:07:23,FY,2222337000,0.0,0.0,0.0,0.0,794208000,60476000.0,0.0,2131000000.0,0.0,315876000,9883000.0,0.0,0.0,0.0,0.15659191202774378,0.0,348000000,0.15659191202774378,-251327000.0,599327000,0.2696832208616425,5.8,5.78,102693685,103061475,https://www.sec.gov/Archives/edgar/data/763901/000119312514077711/0001193125-14-077711-index.htm,https://www.sec.gov/Archives/edgar/data/763901/000119312514077711/d626440d10k.htm,1620589617,15:46:57,20210509
8,2012-12-31,BPOP,USD,2013-02-28,2013-02-28 17:31:31,FY,1819232000,0.0,0.0,0.0,0.0,762775000,61576000.0,0.0,1975000000.0,0.0,379086000,10072000.0,0.0,0.0,0.0,0.12031010888111027,0.0,218872000,0.12031010888111027,-26403000.0,245275000,0.134823376018012,2.394567867510764,2.3893460736548864,102429755,102653610,https://www.sec.gov/Archives/edgar/data/763901/000119312513084900/0001193125-13-084900-index.htm,https://www.sec.gov/Archives/edgar/data/763901/000119312513084900/d454466d10k.htm,1620589617,15:46:57,20210509
9,2011-12-31,BPOP,USD,2012-02-29,2012-02-29 14:30:39,FY,1983946000,0.0,0.0,0.0,0.0,584859000,44421000.0,0.0,2300000000.0,0.0,505509000,9654000.0,0.0,0.0,0.0,0.1342032494836049,0.0,266252000,0.1342032494836049,114927000.0,151325000,0.07627475747827814,1.4809737615098184,1.4793796618178665,102179393,102289496,https://www.sec.gov/Archives/edgar/data/763901/000119312512088543/0001193125-12-088543-index.htm,https://www.sec.gov/Archives/edgar/data/763901/000119312512088543/d270393d10k.htm,1620589617,15:46:57,20210509
10,2010-12-31,BPOP,USD,2011-03-01,2011-03-01 15:17:28,FY,1899701000,0.0,0.0,0.0,0.0,676720000,0.0,-640802000.0,2991000000.0,0.0,653381000,9173000.0,0.0,0.0,0.0,0.12929982139294552,0.0,245631000,0.12929982139294552,108230000.0,137401000,0.07232769788508824,-0.6,-0.6,88515404,88515404,https://www.sec.gov/Archives/edgar/data/763901/000095012311020539/0000950123-11-020539-index.htm,https://www.sec.gov/Archives/edgar/data/763901/000095012311020539/g25845e10vk.htm,1620589617,15:46:57,20210509
11,2009-12-31,BPOP,USD,2010-03-01,2010-03-01 15:45:18,FY,1997754000,0.0,0.0,0.0,0.0,706288000,0.0,0.0,3314000000.0,0.0,753744000,9482000.0,0.0,0.0,0.0,-0.28144055774634913,0.0,-562249000,-0.28144055774634913,-8302000.0,-573919000,-0.28728211781831,2.4,2.4,40822949,40822949,https://www.sec.gov/Archives/edgar/data/763901/000095012310019250/0000950123-10-019250-index.htm,https://www.sec.gov/Archives/edgar/data/763901/000095012310019250/g21994e10vk.htm,1620589617,15:46:57,20210509
12,2008-12-31,BPOP,USD,2009-03-02,2009-03-02 16:56:12,FY,2109178000,0.0,0.0,0.0,0.0,737032000,0.0,0.0,3310000000.0,0.0,994919000,11509000.0,0.0,0.0,0.0,-0.10380062754305232,0.0,-218934000,-0.10380062754305232,461534000.0,-1243903000,-0.5897572419207862,-45.5,-45.5,28107920,28107920,https://www.sec.gov/Archives/edgar/data/763901/000095014409001778/0000950144-09-001778-index.htm,https://www.sec.gov/Archives/edgar/data/763901/000095014409001778/g17700e10vk.htm,1620589617,15:46:57,20210509
13,2007-12-31,BPOP,USD,2008-02-29,2008-02-29 17:14:35,FY,2143706000,0.0,0.0,0.0,0.0,668189000,115388000.0,0.0,3123000000.0,0.0,1678781000,260867000.0,0.0,0.0,0.0,-0.05760817947983539,0.0,-123495000,-0.05760817947983539,-59002000.0,-64493000,-0.03008481573499351,-2.7,-2.7,28298519,28298519,https://www.sec.gov/Archives/edgar/data/763901/000095014408001554/0000950144-08-001554-index.htm,https://www.sec.gov/Archives/edgar/data/763901/000095014408001554/g11828e10vk.htm,1620589617,15:46:57,20210509
14,2006-12-31,BPOP,USD,2007-03-01,2007-03-01 16:53:18,FY,2237395000,0.0,0.0,0.0,0.0,668671000,129965000.0,0.0,2666000000.0,0.0,1636531000,327832000.0,0.0,0.0,0.0,0.20763521863595832,0.0,464562000,0.20763521863595832,106886000.0,357676000,0.15986269746736717,12.4,12.4,27884113,27884113,https://www.sec.gov/Archives/edgar/data/763901/000095014407001794/0000950144-07-001794-index.htm,https://www.sec.gov/Archives/edgar/data/763901/000095014407001794/g05717e10vk.htm,1620589617,15:46:57,20210509
15,2005-12-31,BPOP,USD,2006-03-15,2006-03-15 06:18:55,FY,2209482000,0.0,0.0,0.0,0.0,622689000,100434000.0,0.0,2765000000.0,0.0,1241652000,254049000.0,0.0,0.0,0.0,0.3104845389100251,0.0,686010000,0.3104845389100251,148915000.0,540702000,0.24471889791362864,19.8,19.7,26706515,26842081,https://www.sec.gov/Archives/edgar/data/763901/000095014406002254/0000950144-06-002254-index.htm,https://www.sec.gov/Archives/edgar/data/763901/000095014406002254/g00055e10vk.htm,1620589617,15:46:57,20210509
16,2004-12-31,BPOP,USD,2005-03-16,2005-03-16 11:03:42,FY,1984282000,0.0,0.0,0.0,0.0,571018000,75708000.0,0.0,0.0,0.0,840754000,82114000.0,0.0,0.0,0.0,0.3198199651057662,0.0,634613000,0.3198199651057662,144705000.0,489908000,0.2468943426387983,17.9,17.9,26703631,26703631,https://www.sec.gov/Archives/edgar/data/763901/000095014405002592/0000950144-05-002592-index.htm,https://www.sec.gov/Archives/edgar/data/763901/000095014405002592/g93551e10vk.htm,1620589617,15:46:57,20210509
17,2003-12-31,BPOP,USD,2003-12-31,2003-12-31,FY,1910698000,0.0,0.0,0.0,0.0,526444000,73277000.0,0.0,0.0,0.0,749550000,148985000.0,0.0,0.0,0.0,0.3146708689703972,0.0,601241000,0.3146708689703972,130326000.0,470915000,0.24646228760379715,17.35,17.35,26570375,26570375,,,1620589617,15:46:57,20210509
18,2002-12-31,BPOP,USD,2002-12-31,2002-12-31,FY,1704007000,0.0,0.0,0.0,0.0,488741000,61451000.0,0.0,0.0,0.0,843468000,128406000.0,0.0,0.0,0.0,0.275343352462754,0.0,469187000,0.275343352462754,117255000.0,351932000,0.20653201542012445,13.05,13.05,26775632,26775632,,,1620589617,15:46:57,20210509
19,2001-12-31,BPOP,USD,2001-12-31,2001-12-31,FY,1542501000,0.0,0.0,0.0,0.0,425142000,50783000.0,0.0,0.0,0.0,1018877000,132989000.0,0.0,0.0,0.0,0.26523937423703453,0.0,409132000,0.26523937423703453,105280000.0,303852000,0.19698658218049778,10.85,10.85,27235207,27235207,,,1620589617,15:46:57,20210509
20,2000-12-31,BPOP,USD,2001-03-16 00:00:00,2001-03-16 00:00:00,FY,1447859000,0.0,0.0,0.0,0.0,394176000,46791000.0,0.0,0.0,0.0,1167396000,107061000.0,0.0,0.0,0.0,0.2603154036408241,0.0,376900000,0.2603154036408241,100797000.0,276103000,0.1906974366979105,9.85,9.85,27183046,27183046,https://www.sec.gov/Archives/edgar/data/763901/000095014401003596/0000950144-01-003596-index.html,https://www.sec.gov/Archives/edgar/data/763901/000095014401003596/g67461e10-k.txt,1620589617,15:46:57,20210509
21,1999-12-31,BPOP,USD,1999-12-31,1999-12-31,FY,1326400000,0.0,0.0,0.0,0.0,386700000,45900000.0,0.0,0.0,0.0,898000000,109300000.0,0.0,0.0,0.0,0.25829312424607964,0.0,342600000,0.25829312424607964,85100000.0,257500000,0.1941344993968637,9.200000142912623,9.191636118011184,27989130,28014599,,,1620589617,15:46:57,20210509
22,1998-12-31,BPOP,USD,1998-12-31,1998-12-31,FY,1164200000,0.0,0.0,0.0,0.0,337400000,39400000.0,0.0,0.0,0.0,778700000,91000000.0,0.0,0.0,0.0,0.2637003951211132,0.0,307000000,0.2637003951211132,74700000.0,232300000,0.1995361621714482,8.555692012029532,8.276884482341625,27151515,28066116,,,1620589617,15:46:57,20210509
23,1997-12-31,BPOP,USD,1997-12-31,1997-12-31,FY,1031600000,0.0,0.0,0.0,0.0,306900000,33600000.0,0.0,0.0,0.0,707300000,77100000.0,0.0,0.0,0.0,0.2753974408685537,0.0,284100000,0.2753974408685537,74500000.0,209600000,0.2031795269484296,7.5,7.5,27946667,27946667,,,1620589617,15:46:57,20210509
24,1996-12-31,BPOP,USD,1996-12-31,1996-12-31,FY,886800000,0.0,0.0,0.0,0.0,273200000,26200000.0,0.0,0.0,0.0,591600000,72000000.0,0.0,0.0,0.0,0.2887911592241768,0.0,256100000,0.2887911592241768,70900000.0,185200000,0.20884077582318447,6.7,6.7,27641791,27641791,,,1620589617,15:46:57,20210509
25,1995-12-31,BPOP,USD,1996-03-19 00:00:00,1996-03-19 00:00:00,FY,757500000,0.0,0.0,0.0,0.0,249100000,17800000.0,0.0,0.0,0.0,521600000,69500000.0,0.0,0.0,0.0,0.2722112211221122,0.0,206200000,0.2722112211221122,59800000.0,146400000,0.19326732673267327,5.2375,5.2375,27952267,27952267,https://www.sec.gov/Archives/edgar/data/763901/000095014496001021/0000950144-96-001021-index.html,https://www.sec.gov/Archives/edgar/data/763901/0000950144-96-001021.txt,1620589617,15:46:57,20210509
26,1994-12-31,BPOP,USD,1995-03-13 00:00:00,1995-03-13 00:00:00,FY,676700000,0.0,0.0,0.0,0.0,225700000,16300000.0,0.0,0.0,0.0,351600000,65700000.0,0.0,0.0,0.0,0.25875572631890054,0.0,175100000,0.25875572631890054,50000000.0,125100000,0.1848677405053938,4.5875,4.5875,27182561,27182561,https://www.sec.gov/Archives/edgar/data/763901/000095014495000626/0000950144-95-000626-index.html,https://www.sec.gov/Archives/edgar/data/763901/0000950144-95-000626.txt,1620589617,15:46:57,20210509
27,1993-12-31,BPOP,USD,1994-06-22,1994-06-22,FY,617300000,0.0,0.0,0.0,0.0,215900000,16600000.0,0.0,0.0,0.0,280000000,27300000.0,0.0,0.0,0.0,0.2141584318807711,0.0,132200000,0.2141584318807711,28200000.0,110200000,0.17851935849667908,4.2,4.2,26047619,26047619,https://www.sec.gov/Archives/edgar/data/763901/0000950144-94-001253-index.html,https://www.sec.gov/Archives/edgar/data/763901/,1620589617,15:46:57,20210509
28,1992-12-31,BPOP,USD,1992-12-31,1992-12-31,FY,564700000,0.0,0.0,0.0,0.0,188200000,12500000.0,0.0,0.0,0.0,300200000,27000000.0,0.0,0.0,0.0,0.17602266690278023,0.0,99400000,0.17602266690278023,14300000.0,85100000,0.1506994864529839,3.5,3.5,24142857,24142857,,,1620589617,15:46:57,20210509
29,1991-12-31,BPOP,USD,1991-12-31,1991-12-31,FY,539600000,0.0,0.0,0.0,0.0,180600000,10700000.0,0.0,0.0,0.0,387100000,25500000.0,0.0,0.0,0.0,0.13380281690140844,0.0,72200000,0.13380281690140844,6800000.0,65400000,0.12120088954781319,2.7,2.7,23925926,23925926,,,1620589617,15:46:57,20210509
30,1990-12-31,BPOP,USD,1990-12-31,1990-12-31,FY,355200000,0.0,0.0,0.0,0.0,131300000,9000000.0,0.0,0.0,0.0,281600000,16000000.0,0.0,0.0,0.0,0.20439189189189189,0.0,72600000,0.20439189189189189,9200000.0,63400000,0.178490990990991,3.95,3.95,23953600,23953600,,,1620589617,15:46:57,20210509
