,date,symbol,reportedCurrency,fillingDate,acceptedDate,period,revenue,costOfRevenue,grossProfit,grossProfitRatio,researchAndDevelopmentExpenses,generalAndAdministrativeExpenses,sellingAndMarketingExpenses,otherExpenses,operatingExpenses,costAndExpenses,interestExpense,depreciationAndAmortization,ebitda,ebitdaratio,operatingIncome,operatingIncomeRatio,totalOtherIncomeExpensesNet,incomeBeforeTax,incomeBeforeTaxRatio,incomeTaxExpense,netIncome,netIncomeRatio,eps,epsdiluted,weightedAverageShsOut,weightedAverageShsOutDil,link,finalLink,timestamp,est_time,est_date
0,2020-03-31,CWK.L,GBP,2020-03-31,2020-03-31,FY,1667200000,1440500000.0,226700000.0,0.13597648752399233,0.0,50400000.0,65800000.0,0.0,119900000,1560400000,2800000.0,3700000.0,110500000.0,0.06627879078694818,106800000.0,0.0640595009596929,0.0,104000000.0,0.06238003838771593,21300000.0,82700000.0,0.049604126679462575,1.6094190911744672,1.6094190911744672,51385000,51385000,https://find-and-update.company-information.service.gov.uk/search/companies?q=Cranswick+PLC,https://find-and-update.company-information.service.gov.uk/search/companies?q=Cranswick+PLC,1620590895,16:08:15,20210509
1,2019-03-31,CWK.L,GBP,2019-03-31,2019-03-31,FY,1437100000,1253400000.0,183700000.0,0.12782687356481803,0.0,38800000.0,55400000.0,0.0,96900000,1350300000,200000.0,2700000.0,89500000.0,0.06227819915106812,86800000.0,0.06039941548952752,0.0,86500000.0,0.06019066174935634,16900000.0,69600000.0,0.04843086771971331,1.355,1.349,51385000,51607000,https://find-and-update.company-information.service.gov.uk/search/companies?q=Cranswick+PLC,https://find-and-update.company-information.service.gov.uk/search/companies?q=Cranswick+PLC,1620590895,16:08:15,20210509
2,2018-03-31,CWK.L,GBP,2018-03-31,2018-03-31,FY,1464500000,1279900000.0,184600000.0,0.12604984636394673,0.0,38300000.0,55700000.0,0.0,96200000,1376100000,300000.0,2200000.0,90600000.0,0.061864117446227385,88400000.0,0.060361898258791395,0.0,88000000.0,0.060088767497439396,18000000.0,70000000.0,0.047797883236599524,1.378,1.371,50787000,51025000,https://find-and-update.company-information.service.gov.uk/search/companies?q=Cranswick+PLC,https://find-and-update.company-information.service.gov.uk/search/companies?q=Cranswick+PLC,1620590895,16:08:15,20210509
3,2017-03-31,CWK.L,GBP,2017-03-31,2017-03-31,FY,1245058000,1082090000.0,162968000.0,0.13089189419288097,0.0,31785000.0,50949000.0,0.0,82734000,1164824000,524000.0,29823000.0,110057000.0,0.08839507878347835,80234000.0,0.0644419778034437,0.0,77487000.0,0.062235654885153945,15145000.0,67178000.0,0.0539557193319508,1.338,1.333,50191000,50386000,https://find-and-update.company-information.service.gov.uk/search/companies?q=Cranswick+PLC,https://find-and-update.company-information.service.gov.uk/search/companies?q=Cranswick+PLC,1620590895,16:08:15,20210509
4,2016-03-31,CWK.L,GBP,2016-03-31,2016-03-31,FY,1069604000,926869000.0,142735000.0,0.13344658396939427,0.0,34683000.0,42814000.0,0.0,77497000,1004366000,434000.0,22620000.0,87858000.0,0.08214068010216866,65238000.0,0.060992666444777695,0.0,58671000.0,0.05485301102090119,13276000.0,45395000.0,0.042440940759383844,0.915,0.912,49601000,49792000,https://find-and-update.company-information.service.gov.uk/search/companies?q=Cranswick+PLC,https://find-and-update.company-information.service.gov.uk/search/companies?q=Cranswick+PLC,1620590895,16:08:15,20210509
5,2015-03-31,CWK.L,GBP,2015-03-31,2015-03-31,FY,1003336000,883213000.0,120123000.0,0.11972360206351611,0.0,27968000.0,38418000.0,0.0,66386000,949599000,855000.0,19020000.0,72757000.0,0.07251508966089126,53737000.0,0.05355832941307797,0.0,52836000.0,0.05266032515528198,11584000.0,41252000.0,0.04111484089078833,0.841,0.838,49071000,49222000,https://find-and-update.company-information.service.gov.uk/search/companies?q=Cranswick+PLC,https://find-and-update.company-information.service.gov.uk/search/companies?q=Cranswick+PLC,1620590895,16:08:15,20210509
6,2014-03-31,CWK.L,GBP,2014-03-31,2014-03-31,FY,994905000,875571000.0,119334000.0,0.11994512038837879,0.0,27557000.0,35995000.0,0.0,63552000,939123000,1042000.0,17990000.0,73772000.0,0.07414979319633533,55782000.0,0.05606766475191099,0.0,54757000.0,0.05503741563264834,11550000.0,43207000.0,0.04342826702046929,0.887,0.883,48734000,48925000,https://find-and-update.company-information.service.gov.uk/search/companies?q=Cranswick+PLC,https://find-and-update.company-information.service.gov.uk/search/companies?q=Cranswick+PLC,1620590895,16:08:15,20210509
7,2013-03-31,CWK.L,GBP,2013-03-31,2013-03-31,FY,875171000,768633000.0,106538000.0,0.1217339239988528,0.0,21870000.0,34627000.0,0.0,56497000,825130000,807000.0,15605000.0,65646000.0,0.0750093410316384,50041000.0,0.05717853996533249,0.0,47439000.0,0.05420540671480202,11198000.0,36241000.0,0.04141019297942916,0.751,0.749,48257000,48394000,https://find-and-update.company-information.service.gov.uk/search/companies?q=Cranswick+PLC,https://find-and-update.company-information.service.gov.uk/search/companies?q=Cranswick+PLC,1620590895,16:08:15,20210509
8,2012-03-31,CWK.L,GBP,2012-03-31,2012-03-31,FY,820775000,718605000.0,102170000.0,0.12447991227802992,0.0,0.0,32358000.0,1424000.0,48236000,766841000,1150000.0,13972000.0,67906000.0,0.0827340014011148,53934000.0,0.06571106576101855,0.0,48351000.0,0.05890895799701502,10871000.0,37480000.0,0.045664158874234716,0.786,0.784,47709000,47801000,https://find-and-update.company-information.service.gov.uk/search/companies?q=Cranswick+PLC,https://find-and-update.company-information.service.gov.uk/search/companies?q=Cranswick+PLC,1620590895,16:08:15,20210509
9,2011-03-31,CWK.L,GBP,2011-03-31,2011-03-31,FY,758442000,657166000.0,101276000.0,0.133531634587747,0.0,0.0,31293000.0,868000.0,52943000,710109000,1716000.0,12440000.0,60773000.0,0.0801287375962829,48333000.0,0.06372669235089828,0.0,47094000.0,0.062093080288275176,11768000.0,35326000.0,0.04657706192431326,0.745,0.743,47408000,47570000,https://find-and-update.company-information.service.gov.uk/search/companies?q=Cranswick+PLC,https://find-and-update.company-information.service.gov.uk/search/companies?q=Cranswick+PLC,1620590895,16:08:15,20210509
10,2010-03-31,CWK.L,GBP,2010-03-31,2010-03-31,FY,740338000,643535000.0,96803000.0,0.13075514157047186,0.0,0.0,29000000.0,0.0,51287000,694822000,2180000.0,11852000.0,57368000.0,0.07748893073163879,45516000.0,0.061480026690511634,0.0,43752000.0,0.059097331218983765,11295000.0,32582000.0,0.0440096280347625,0.7,0.698,46500000,46600000,https://find-and-update.company-information.service.gov.uk/search/companies?q=Cranswick+PLC,https://find-and-update.company-information.service.gov.uk/search/companies?q=Cranswick+PLC,1620590895,16:08:15,20210509
11,2009-03-31,CWK.L,GBP,2009-03-31,2009-03-31,FY,606774000,521402000.0,85372000.0,0.14069818416741653,0.0,0.0,25979000.0,0.0,46431000,567833000,3669000.0,10930000.0,49871000.0,0.08219040367583318,38941000.0,0.06417710712720057,0.0,34688000.0,0.05716790765589824,16014000.0,18988000.0,0.031293364580552235,0.412,0.411,46100000,46200000,https://find-and-update.company-information.service.gov.uk/search/companies?q=Cranswick+PLC,https://find-and-update.company-information.service.gov.uk/search/companies?q=Cranswick+PLC,1620590895,16:08:15,20210509
12,2008-03-31,CWK.L,GBP,2008-03-31,2008-03-31,FY,559229000,483589000.0,75640000.0,0.1352576493708302,0.0,0.0,21259000.0,0.0,39721000,523310000,4287000.0,9545000.0,45464000.0,0.08129764372019334,35919000.0,0.06422950168893245,0.0,32987000.0,0.05898656900840264,9162000.0,25605000.0,0.04578625214357625,0.559,0.555,45800000,46100000,https://find-and-update.company-information.service.gov.uk/search/companies?q=Cranswick+PLC,https://find-and-update.company-information.service.gov.uk/search/companies?q=Cranswick+PLC,1620590895,16:08:15,20210509
13,2007-03-31,CWK.L,GBP,2007-03-31,2007-03-31,FY,510483000,425383000.0,85100000.0,0.16670486578397323,0.0,0.0,20828000.0,0.0,48608000,473991000,4655000.0,9252000.0,45744000.0,0.08960925241389038,36492000.0,0.07148524044875147,0.0,32656000.0,0.0639707884493705,10002000.0,22574000.0,0.044220865337337385,0.502,0.498,45000000,45300000,https://find-and-update.company-information.service.gov.uk/search/companies?q=Cranswick+PLC,https://find-and-update.company-information.service.gov.uk/search/companies?q=Cranswick+PLC,1620590895,16:08:15,20210509
14,2006-03-31,CWK.L,GBP,2006-03-31,2006-03-31,FY,441178000,364388000.0,76790000.0,0.17405672993666954,0.0,0.0,18347000.0,0.0,44940000,409328000,5016000.0,8087000.0,39937000.0,0.09052355285168345,31850000.0,0.07219308306397872,0.0,31098000.0,0.07048855563967378,8278000.0,22784000.0,0.05164355430234509,0.512,0.508,44500000,44800000,https://find-and-update.company-information.service.gov.uk/search/companies?q=Cranswick+PLC,https://find-and-update.company-information.service.gov.uk/search/companies?q=Cranswick+PLC,1620590895,16:08:15,20210509
15,2005-03-31,CWK.L,GBP,2005-03-31,2005-03-31,FY,318538000,261917000.0,56621000.0,0.17775273279797074,0.0,19746000.0,14200000.0,0.0,32052000,293969000,1986000.0,5786000.0,30355000.0,0.09529475290232249,24569000.0,0.07713051504059171,0.0,21590000.0,0.06777841262266983,5360000.0,16230000.0,0.050951534824730485,0.386,0.383,42100000,42300000,https://find-and-update.company-information.service.gov.uk/search/companies?q=Cranswick+PLC,https://find-and-update.company-information.service.gov.uk/search/companies?q=Cranswick+PLC,1620590895,16:08:15,20210509
16,2004-03-31,CWK.L,GBP,2004-03-31,2004-03-31,FY,270116000,219162000.0,50954000.0,0.1886374742703135,0.0,0.0,0.0,683000.0,29100000,248262000,712000.0,4575000.0,26429000.0,0.09784314886937463,21854000.0,0.0809059811340313,0.0,18919000.0,0.0700402789912482,6356000.0,12563000.0,0.04650964770691111,0.304,0.302,41318512,41599338,https://find-and-update.company-information.service.gov.uk/search/companies?q=Cranswick+PLC,https://find-and-update.company-information.service.gov.uk/search/companies?q=Cranswick+PLC,1620590895,16:08:15,20210509
17,2003-03-31,CWK.L,GBP,2003-03-31,2003-03-31,FY,237686000,194698000.0,42988000.0,0.18086046296374209,0.0,0.0,0.0,1072000.0,19655000,214353000,311000.0,3923000.0,27256000.0,0.1146722987470865,23333000.0,0.09816733000681571,0.0,18311000.0,0.07703861396969111,5828000.0,12483000.0,0.052518869432781064,0.306,0.304,40794000,41062500,https://find-and-update.company-information.service.gov.uk/search/companies?q=Cranswick+PLC,https://find-and-update.company-information.service.gov.uk/search/companies?q=Cranswick+PLC,1620590895,16:08:15,20210509
18,2002-03-31,CWK.L,GBP,2002-03-31,2002-03-31,FY,225551000,184847000.0,40704000.0,0.18046472859796675,0.0,0.0,0.0,0.0,22533000,207380000,515000.0,3752000.0,21923000.0,0.09719752960527774,18171000.0,0.08056271087248561,0.0,16263000.0,0.07210342671945591,4993000.0,11270000.0,0.04996652641752863,0.285,0.2815,39560000,40060000,https://find-and-update.company-information.service.gov.uk/search/companies?q=Cranswick+PLC,https://find-and-update.company-information.service.gov.uk/search/companies?q=Cranswick+PLC,1620590895,16:08:15,20210509
19,2001-03-31,CWK.L,GBP,2001-03-31,2001-03-31,FY,192612000,161273000.0,31339000.0,0.16270533507777293,0.0,0.0,0.0,0.0,18917000,180190000,579000.0,2800000.0,15222000.0,0.07902934396610803,12422000.0,0.06449234730961727,0.0,10928000.0,0.0567358212364754,3385000.0,7439000.0,0.038621685045583866,0.197,0.1905,37780000,39010000,https://find-and-update.company-information.service.gov.uk/search/companies?q=Cranswick+PLC,https://find-and-update.company-information.service.gov.uk/search/companies?q=Cranswick+PLC,1620590895,16:08:15,20210509
20,2000-03-31,CWK.L,GBP,2000-03-31,2000-03-31,FY,157348000,131397000.0,25951000.0,0.1649274220199812,0.0,0.0,0.0,0.0,15791000,147188000,770000.0,2331000.0,12491000.0,0.07938454889798409,10160000.0,0.06457025192566794,0.0,8861000.0,0.056314665582022014,2699000.0,6022000.0,0.03827185601342248,0.181,0.1795,33244000,33562000,https://find-and-update.company-information.service.gov.uk/search/companies?q=Cranswick+PLC,https://find-and-update.company-information.service.gov.uk/search/companies?q=Cranswick+PLC,1620590895,16:08:15,20210509
21,1999-03-31,CWK.L,GBP,1999-03-31,1999-03-31,FY,135560000,114074000.0,21486000.0,0.15849808203009738,0.0,0.0,0.0,0.0,13708000,127782000,721000.0,2007000.0,9785000.0,0.07218205960460312,7778000.0,0.057376807317792856,0.0,7046000.0,0.05197698436116849,2006000.0,4911000.0,0.03622750073768073,0.168389,0.163437,29178447,30050711,https://find-and-update.company-information.service.gov.uk/search/companies?q=Cranswick+PLC,https://find-and-update.company-information.service.gov.uk/search/companies?q=Cranswick+PLC,1620590895,16:08:15,20210509
22,1998-03-31,CWK.L,GBP,1998-03-31,1998-03-31,FY,148163000,0.0,0.0,0.0,0.0,0.0,0.0,0.0,142535000,142535000,638000.0,1358000.0,6986000.0,0.04715077313499322,5628000.0,0.03798519198450356,0.0,5037000.0,0.03399634186672786,1404000.0,3520000.0,0.023757618298765548,0.12233,0.116882,28808946,29988118,https://find-and-update.company-information.service.gov.uk/search/companies?q=Cranswick+PLC,https://find-and-update.company-information.service.gov.uk/search/companies?q=Cranswick+PLC,1620590895,16:08:15,20210509
23,1997-03-31,CWK.L,GBP,1997-03-31,1997-03-31,FY,157642000,0.0,0.0,0.0,0.0,0.0,0.0,0.0,153016000,153016000,628000.0,1131000.0,5757000.0,0.03651945547506375,4626000.0,0.029344971517742735,0.0,4042000.0,0.02564037502695982,1205000.0,2781000.0,0.0176412377412111,0.096576,0.096576,28736258,28736258,https://find-and-update.company-information.service.gov.uk/search/companies?q=Cranswick+PLC,https://find-and-update.company-information.service.gov.uk/search/companies?q=Cranswick+PLC,1620590895,16:08:15,20210509
24,1996-03-31,CWK.L,GBP,1996-03-31,1996-03-31,FY,141773000,0.0,0.0,0.0,0.0,0.0,0.0,0.0,138518000,138518000,276000.0,989000.0,4244000.0,0.029935178066345495,3255000.0,0.02295923765456046,0.0,3116000.0,0.021978797091124543,909000.0,2200000.0,0.015517764313374196,0.077261,0.077261,28526268,28526268,https://find-and-update.company-information.service.gov.uk/search/companies?q=Cranswick+PLC,https://find-and-update.company-information.service.gov.uk/search/companies?q=Cranswick+PLC,1620590895,16:08:15,20210509
25,1995-03-31,CWK.L,GBP,1995-03-31,1995-03-31,FY,115813000,0.0,0.0,0.0,0.0,0.0,0.0,0.0,112793000,112793000,232000.0,771000.0,3791000.0,0.03273380363171665,3020000.0,0.026076519907091606,0.0,3032000.0,0.02618013521798071,911000.0,2006000.0,0.01732102613696217,0.072308,0.072308,27750922,27750922,https://find-and-update.company-information.service.gov.uk/search/companies?q=Cranswick+PLC,https://find-and-update.company-information.service.gov.uk/search/companies?q=Cranswick+PLC,1620590895,16:08:15,20210509
26,1994-03-31,CWK.L,GBP,1994-03-31,1994-03-31,FY,106471000,0.0,0.0,0.0,0.0,0.0,0.0,0.0,104130000,104130000,26000.0,615000.0,2956000.0,0.027763428539226642,2341000.0,0.02198720778427929,0.0,2329000.0,0.02187450103784129,683000.0,1515000.0,0.014229226737797147,0.059432,0.059432,25493535,25493535,https://find-and-update.company-information.service.gov.uk/search/companies?q=Cranswick+PLC,https://find-and-update.company-information.service.gov.uk/search/companies?q=Cranswick+PLC,1620590895,16:08:15,20210509
27,1993-03-31,CWK.L,GBP,1993-03-31,1993-03-31,FY,109571000,0.0,0.0,0.0,0.0,0.0,0.0,0.0,107241000,107241000,118000.0,532000.0,2862000.0,0.026120050013233427,2330000.0,0.021264750709585566,0.0,2202000.0,0.020096558395925928,769000.0,1434000.0,0.013087404513968112,0.066204,0.066204,21641471,21641471,https://find-and-update.company-information.service.gov.uk/search/companies?q=Cranswick+PLC,https://find-and-update.company-information.service.gov.uk/search/companies?q=Cranswick+PLC,1620590895,16:08:15,20210509
28,1992-03-31,CWK.L,GBP,1992-03-31,1992-03-31,FY,93899000,0.0,0.0,0.0,0.0,0.0,0.0,0.0,92120000,92120000,75000.0,335000.0,2114000.0,0.02251355179501379,1779000.0,0.018945888667610943,0.0,1706000.0,0.018168457598057488,557000.0,1150000.0,0.012247201780636641,0.070553,0.070553,16329398,16329398,https://find-and-update.company-information.service.gov.uk/search/companies?q=Cranswick+PLC,https://find-and-update.company-information.service.gov.uk/search/companies?q=Cranswick+PLC,1620590895,16:08:15,20210509
29,1991-03-31,CWK.L,GBP,1991-03-31,1991-03-31,FY,75037000,0.0,0.0,0.0,0.0,0.0,0.0,0.0,75037000,75037000,176000.0,257000.0,1810000.0,0.024121433426176418,0.0,0.018350946866212667,0.0,1377000.0,0.018350946866212667,456000.0,913000.0,0.01216733078348015,0.063354,0.063354,14411177,14411177,https://find-and-update.company-information.service.gov.uk/search/companies?q=Cranswick+PLC,https://find-and-update.company-information.service.gov.uk/search/companies?q=Cranswick+PLC,1620590895,16:08:15,20210509
30,1990-03-31,CWK.L,GBP,1990-03-31,1990-03-31,FY,64642000,0.0,0.0,0.0,0.0,0.0,0.0,0.0,64642000,64642000,146000.0,246000.0,1313000.0,0.020311871538628137,0.0,0.014247702731969927,0.0,921000.0,0.014247702731969927,328000.0,596000.0,0.009220011757061972,0.041351,0.041351,14413297,14413297,https://find-and-update.company-information.service.gov.uk/search/companies?q=Cranswick+PLC,https://find-and-update.company-information.service.gov.uk/search/companies?q=Cranswick+PLC,1620590895,16:08:15,20210509
31,1989-03-31,CWK.L,GBP,1989-03-31,1989-03-31,FY,58868000,0.0,0.0,0.0,0.0,0.0,0.0,0.0,58868000,58868000,124000.0,230000.0,1024000.0,0.0173948494937827,0.0,0.011381395664877354,0.0,670000.0,0.011381395664877354,233000.0,437000.0,0.0074233879187334375,0.033248,0.033248,13143468,13143468,https://find-and-update.company-information.service.gov.uk/search/companies?q=Cranswick+PLC,https://find-and-update.company-information.service.gov.uk/search/companies?q=Cranswick+PLC,1620590895,16:08:15,20210509
32,1988-03-31,CWK.L,GBP,1988-03-31,1988-03-31,FY,53118000,0.0,0.0,0.0,0.0,0.0,0.0,0.0,53118000,53118000,47000.0,179000.0,879000.0,0.01654806280356941,0.0,0.012293384540080575,0.0,653000.0,0.012293384540080575,230000.0,423000.0,0.00796340223652999,0.035631,0.035631,11871520,11871520,https://find-and-update.company-information.service.gov.uk/search/companies?q=Cranswick+PLC,https://find-and-update.company-information.service.gov.uk/search/companies?q=Cranswick+PLC,1620590895,16:08:15,20210509
33,1987-03-31,CWK.L,GBP,1987-03-31,1987-03-31,FY,42194000,0.0,0.0,0.0,0.0,0.0,0.0,0.0,42194000,42194000,12000.0,153000.0,1047000.0,0.0248139545907001,0.0,0.020903445987581173,0.0,882000.0,0.020903445987581173,308000.0,574000.0,0.013603829928425843,0.048351,0.048351,11871520,11871520,https://find-and-update.company-information.service.gov.uk/search/companies?q=Cranswick+PLC,https://find-and-update.company-information.service.gov.uk/search/companies?q=Cranswick+PLC,1620590895,16:08:15,20210509
34,1986-03-31,CWK.L,GBP,1986-03-31,1986-03-31,FY,35597000,0.0,0.0,0.0,0.0,0.0,0.0,0.0,35597000,35597000,145000.0,164000.0,1149000.0,0.03227800095513667,0.0,0.023597494170857096,0.0,840000.0,0.023597494170857096,330000.0,510000.0,0.014327050032306093,0.04296,0.04296,11871520,11871520,https://find-and-update.company-information.service.gov.uk/search/companies?q=Cranswick+PLC,https://find-and-update.company-information.service.gov.uk/search/companies?q=Cranswick+PLC,1620590895,16:08:15,20210509
