,date,symbol,reportedCurrency,fillingDate,acceptedDate,period,revenue,costOfRevenue,grossProfit,grossProfitRatio,researchAndDevelopmentExpenses,generalAndAdministrativeExpenses,sellingAndMarketingExpenses,otherExpenses,operatingExpenses,costAndExpenses,interestExpense,depreciationAndAmortization,ebitda,ebitdaratio,operatingIncome,operatingIncomeRatio,totalOtherIncomeExpensesNet,incomeBeforeTax,incomeBeforeTaxRatio,incomeTaxExpense,netIncome,netIncomeRatio,eps,epsdiluted,weightedAverageShsOut,weightedAverageShsOutDil,link,finalLink,timestamp,est_time,est_date
0,2020-12-31,WES,USD,2021-02-26,2021-02-26 12:32:40,FY,2772592000,188088000,2584504000,0.9321616739859309,0.0,155769000,0.0,1973294000,2129063000,2317151000.0,380058000,491086000,1369999000,0.49412210667851597,878913000,0.317000481859574,1025000.0,522850000,0.18857805259482824,5998000.0,516852000,0.1864147339384951,1.1866542380508502,1.1866542380508502,435554000,435554000,https://www.sec.gov/Archives/edgar/data/1423902/000142390221000007/0001423902-21-000007-index.htm,https://www.sec.gov/Archives/edgar/data/1423902/000142390221000007/wes-20201231.htm,1620599783,18:36:23,20210509
1,2019-12-31,WES,USD,2020-02-27,2020-02-27 16:18:09,FY,2746174000,444247000,2301927000,0.838230570968919,0.0,114591000,0.0,1636352000,817162000,1514830999.9999998,303286000,483255000,1714598000,0.6243588352376798,1231343000,0.44838491661489766,-136209000.0,821172000,0.2990240239693479,13472000.0,697241000,0.2538954195910383,1.67689,1.67689,415794000,415794000,https://www.sec.gov/Archives/edgar/data/1423902/000142390220000019/0001423902-20-000019-index.htm,https://www.sec.gov/Archives/edgar/data/1423902/000142390220000019/wes201910-k.htm,1620599783,18:36:23,20210509
2,2018-12-31,WES,USD,2019-02-20,2019-02-20 16:13:44,FY,2299658000,415505000,1884153000,0.8193187856629116,0.0,63735000,0.0,1455513000,521453000,1438376000.0,186043000,389164000,1250446000,0.5437530276241076,861282000,0.3745261251890499,-13873000.0,689588000,0.2998654582550971,2946000.0,551571000,0.23984914278557942,2.51933,2.51933,218936000,218936000,https://www.sec.gov/Archives/edgar/data/1423902/000142390219000026/0001423902-19-000026-index.htm,https://www.sec.gov/Archives/edgar/data/1423902/000142390219000026/wgp201810-k.htm,1620599783,18:36:23,20210509
3,2017-12-31,WES,USD,2018-02-16,2018-02-16 11:18:54,FY,2429614000,953792000,1475822000,0.6074306453617735,0.0,50668000,0.0,1740753000,413480000,1627916000.0,144615000,318771000,1120469000,0.4611716099759056,801698000,0.32996928730242747,-6586000.0,677462000,0.27883523884864014,4866000.0,540790000,0.22258268185810587,2.47014,2.47014,218931000,218931000,https://www.sec.gov/Archives/edgar/data/1423902/000142390218000007/0001423902-18-000007-index.htm,https://www.sec.gov/Archives/edgar/data/1423902/000142390218000007/wgp201710-k.htm,1620599783,18:36:23,20210509
4,2016-12-31,WES,USD,2017-02-23,2017-02-23 12:14:40,FY,1804270000,494194000,1310076000,0.7260975352912813,0.0,49248000,0.0,1130833000,397419000,1099735000.0,116628000,272933000,977468000,0.5417526201732557,704535000,0.3904820232005188,-5853000.0,605352000,0.33551076058461315,8372000.0,345772000,0.19164094065744042,1.57943,1.57943,218922000,218922000,https://www.sec.gov/Archives/edgar/data/1423902/000142390217000012/0001423902-17-000012-index.htm,https://www.sec.gov/Archives/edgar/data/1423902/000142390217000012/wgp12311610-k.htm,1620599783,18:36:23,20210509
5,2015-12-31,WES,USD,2016-02-25,2016-02-25 13:54:57,FY,1752072000,528369000,1223703000,0.6984319137569689,0.0,41217000,0.0,1614040000,368563000,1597890000.0000002,113874000,272611000,426793000,0.2435932998187289,154182000,0.08799980822705916,-6312000.0,56630000,0.03232173107041263,3380000.0,165507000,0.09446358368834158,0.75604,0.75604,218913000,218913000,https://www.sec.gov/Archives/edgar/data/1423902/000142390216000042/0001423902-16-000042-index.htm,https://www.sec.gov/Archives/edgar/data/1423902/000142390216000042/wgp12311510-k.htm,1620599783,18:36:23,20210509
6,2014-12-31,WES,USD,2015-02-26,2015-02-26 14:57:53,FY,1382868000,454445000,928423000,0.6713749974690282,0.0,37458000,0.0,845804000,262150000,907590000.0,76769000,211809000,687087000,0.49685653294457605,475278000,0.34369007020192816,-4165000.0,416347000,0.30107501222097843,2027000.0,239220000,0.172988311248796,1.09278,1.09278,218910000,218910000,https://www.sec.gov/Archives/edgar/data/1423902/000142390215000006/0001423902-15-000006-index.htm,https://www.sec.gov/Archives/edgar/data/1423902/000142390215000006/wgp12311410-k.htm,1620599783,18:36:23,20210509
7,2013-12-31,WES,USD,2014-02-28,2014-02-28 16:49:19,FY,1085500000,373200000,712300000,0.6561953017042838,0.0,33464000,0.0,702102000,225365000,761900000.0,51797000,149800000,473300000,0.4360202671579917,323500000,0.2980193459235375,-2500000.0,290600000,0.26771073238139104,2580000.0,163800000,0.15089820359281436,0.74829,0.74829,218896000,218896000,https://www.sec.gov/Archives/edgar/data/1423902/000142390214000009/0001423902-14-000009-index.htm,https://www.sec.gov/Archives/edgar/data/1423902/000142390214000009/wgp12311310k.htm,1620599783,18:36:23,20210509
