,date,symbol,reportedCurrency,fillingDate,acceptedDate,period,revenue,costOfRevenue,grossProfit,grossProfitRatio,researchAndDevelopmentExpenses,generalAndAdministrativeExpenses,sellingAndMarketingExpenses,otherExpenses,operatingExpenses,costAndExpenses,interestExpense,depreciationAndAmortization,ebitda,ebitdaratio,operatingIncome,operatingIncomeRatio,totalOtherIncomeExpensesNet,incomeBeforeTax,incomeBeforeTaxRatio,incomeTaxExpense,netIncome,netIncomeRatio,eps,epsdiluted,weightedAverageShsOut,weightedAverageShsOutDil,link,finalLink,timestamp,est_time,est_date
0,2020-12-31,TGT.DE,EUR,2020-12-31,2020-12-31,FY,50802000.0,29242000,21560000,0.4243927404432896,0.0,8139000.0,16071000,0.0,0.0,53458000,340000.0,5632000.0,2976000.0,0.058580370851541275,-2656000.0,-0.05806857997716625,0.0,-2950000.0,-0.05806857997716625,-638000.0,-2312000.0,-0.04551001929057911,-0.1,-0.1,22099000,22099000,https://www.bundesanzeiger.de/pub/de/suche;wwwsid=627BFD7A56A5CB624C47FDDEAB2FC509.web07-pub?0,https://www.bundesanzeiger.de/pub/de/suche;wwwsid=627BFD7A56A5CB624C47FDDEAB2FC509.web07-pub?0,1620598766,18:19:26,20210509
1,2019-12-31,TGT.DE,EUR,2019-12-31,2019-12-31,FY,47668000.0,27289000,20379000,0.4275195099437778,0.0,7988000.0,14478000,0.0,22472000.0,49761000,369000.0,4867000.0,2774000.0,0.0581941763866745,-2093000.0,-0.043907862717126794,0.0,-2357000.0,-0.04944616933792062,821000.0,-3178000.0,-0.06666946379122263,-0.157645,-0.157645,19959790,19959790,https://www.bundesanzeiger.de/pub/de/suche;wwwsid=627BFD7A56A5CB624C47FDDEAB2FC509.web07-pub?0,https://www.bundesanzeiger.de/pub/de/suche;wwwsid=627BFD7A56A5CB624C47FDDEAB2FC509.web07-pub?0,1620598766,18:19:26,20210509
2,2018-12-31,TGT.DE,EUR,2018-12-31,2018-12-31,FY,42921000.0,24316000,18605000,0.4334707951818457,0.0,9475000.0,12086000,0.0,21610000.0,45926000,42000.0,4028000.0,1023000.0,0.023834486614943733,-3005000.0,-0.07001234826774773,0.0,-3013000.0,-0.07019873721488316,96000.0,-3109000.0,-0.07243540458050837,-0.157645,-0.157645,19396499,19396499,https://www.bundesanzeiger.de/pub/de/suche;wwwsid=627BFD7A56A5CB624C47FDDEAB2FC509.web07-pub?0,https://www.bundesanzeiger.de/pub/de/suche;wwwsid=627BFD7A56A5CB624C47FDDEAB2FC509.web07-pub?0,1620598766,18:19:26,20210509
3,2017-12-31,TGT.DE,EUR,2017-12-31,2017-12-31,FY,41268000.0,26586000,14682000,0.3557720267519628,0.0,9847000.0,14925000,0.0,24773000.0,51359000,25000.0,7791000.0,-2300000.0,-0.05573325579141223,-10091000.0,-0.24452360182223515,0.0,-9871000.0,-0.23919259474653484,-237000.0,-9634000.0,-0.23344964621498498,-0.49264,-0.49264,19396499,19396499,https://www.bundesanzeiger.de/pub/de/suche;wwwsid=627BFD7A56A5CB624C47FDDEAB2FC509.web07-pub?0,https://www.bundesanzeiger.de/pub/de/suche;wwwsid=627BFD7A56A5CB624C47FDDEAB2FC509.web07-pub?0,1620598766,18:19:26,20210509
4,2016-12-31,TGT.DE,EUR,2016-12-31,2016-12-31,FY,44714000.0,26902000,17812000,0.3983539830925437,0.0,11345000.0,17778000,0.0,29068000.0,55970000,77000.0,8548000.0,-2708000.0,-0.0605626873015163,-11256000.0,-0.2517332379120633,0.0,-14497000.0,-0.32421612917654424,172000.0,-14675000.0,-0.328196985284251,-0.758666,-0.758666,19396499,19396499,https://www.bundesanzeiger.de/pub/de/suche;wwwsid=627BFD7A56A5CB624C47FDDEAB2FC509.web07-pub?0,https://www.bundesanzeiger.de/pub/de/suche;wwwsid=627BFD7A56A5CB624C47FDDEAB2FC509.web07-pub?0,1620598766,18:19:26,20210509
5,2015-12-31,TGT.DE,EUR,2015-12-31,2015-12-31,FY,53535000.0,27416000,26119000,0.487886429438685,0.0,11946000.0,25170000,0.0,37116000.0,64532000,47000.0,10267000.0,-730000.0,-0.013635939105258243,-10997000.0,-0.2054170169048286,0.0,-10412000.0,-0.19448958625198468,-1222000.0,-9344000.0,-0.1745400205473055,-0.482788,-0.482788,19396499,19396499,https://www.bundesanzeiger.de/pub/de/suche;wwwsid=627BFD7A56A5CB624C47FDDEAB2FC509.web07-pub?0,https://www.bundesanzeiger.de/pub/de/suche;wwwsid=627BFD7A56A5CB624C47FDDEAB2FC509.web07-pub?0,1620598766,18:19:26,20210509
6,2014-12-31,TGT.DE,EUR,2014-12-31,2014-12-31,FY,62262000.0,31310000,30952000,0.49712505219877295,0.0,13150000.0,27325000,0.0,40475000.0,71785000,82000.0,11772000.0,2249000.0,0.03612155086569657,-9523000.0,-0.1529504352574604,0.0,-9105000.0,-0.14623687000096366,-2334000.0,-6395000.0,-0.10271112396003983,-0.325143,-0.325143,19396499,19396499,https://www.bundesanzeiger.de/pub/de/suche;wwwsid=627BFD7A56A5CB624C47FDDEAB2FC509.web07-pub?0,https://www.bundesanzeiger.de/pub/de/suche;wwwsid=627BFD7A56A5CB624C47FDDEAB2FC509.web07-pub?0,1620598766,18:19:26,20210509
7,2013-12-31,TGT.DE,EUR,2013-12-31,2013-12-31,FY,72333000.0,33152000,39181000,0.5416753072594804,0.0,12271000.0,30001000,0.0,42272000.0,75424000,149000.0,10529000.0,7438000.0,0.10282996695837308,-3091000.0,-0.04273291581988857,0.0,-2787000.0,-0.03853013147526026,-894000.0,-2004000.0,-0.027705196798141925,-0.098528,-0.098528,19396499,19396499,https://www.bundesanzeiger.de/pub/de/suche;wwwsid=627BFD7A56A5CB624C47FDDEAB2FC509.web07-pub?0,https://www.bundesanzeiger.de/pub/de/suche;wwwsid=627BFD7A56A5CB624C47FDDEAB2FC509.web07-pub?0,1620598766,18:19:26,20210509
8,2012-12-31,TGT.DE,EUR,2012-12-31,2012-12-31,FY,92720000.0,42345000,50375000,0.543302415875755,0.0,16066000.0,43248000,0.0,59314000.0,101659000,868000.0,10735000.0,1796000.0,0.019370146678170837,-8939000.0,-0.09640854184641932,0.0,74226000.0,0.8005392579810181,27154000.0,47072000.0,0.507679033649698,2.423791,2.423791,19396591,19396591,https://www.bundesanzeiger.de/pub/de/suche;wwwsid=627BFD7A56A5CB624C47FDDEAB2FC509.web07-pub?0,https://www.bundesanzeiger.de/pub/de/suche;wwwsid=627BFD7A56A5CB624C47FDDEAB2FC509.web07-pub?0,1620598766,18:19:26,20210509
9,2011-12-31,TGT.DE,EUR,2011-12-31,2011-12-31,FY,110034000.0,45008000,65026000,0.5909627933184288,0.0,14796000.0,46937000,0.0,61811000.0,106819000,93000.0,7907000.0,11122000.0,0.1010778486649581,3215000.0,0.02921824163440391,0.0,4585000.0,0.04166893869167712,1163000.0,3422000.0,0.0310994783430576,0.177351,0.177351,19396499,19396499,https://www.bundesanzeiger.de/pub/de/suche;wwwsid=627BFD7A56A5CB624C47FDDEAB2FC509.web07-pub?0,https://www.bundesanzeiger.de/pub/de/suche;wwwsid=627BFD7A56A5CB624C47FDDEAB2FC509.web07-pub?0,1620598766,18:19:26,20210509
10,2010-12-31,TGT.DE,EUR,2010-12-31,2010-12-31,FY,124648000.0,50730000,73918000,0.5930139272190489,0.0,14895000.0,55390000,0.0,69945000.0,120675000,145000.0,19067000.0,23040000.0,0.18484051087863423,3973000.0,0.03187375649829921,0.0,6055000.0,0.04857679224696746,1077000.0,7318000.0,0.05870932546049676,0.344848,0.344848,21397958,21397958,https://www.bundesanzeiger.de/pub/de/suche;wwwsid=627BFD7A56A5CB624C47FDDEAB2FC509.web07-pub?0,https://www.bundesanzeiger.de/pub/de/suche;wwwsid=627BFD7A56A5CB624C47FDDEAB2FC509.web07-pub?0,1620598766,18:19:26,20210509
11,2009-12-31,TGT.DE,EUR,2009-12-31,2009-12-31,FY,153889000.0,67195000,86694000,0.563354105881512,0.0,41973000.0,12662000,60000.0,62805000.0,130000000,0.0,10466000.0,34355000.0,0.2232453261766598,23889000.0,0.15523526697814657,0.0,25970000.0,0.16875800089675025,6839000.0,16063000.0,0.10438043005023101,0.748813,0.748813,21552229,21552229,https://www.bundesanzeiger.de/pub/de/suche;wwwsid=627BFD7A56A5CB624C47FDDEAB2FC509.web07-pub?0,https://www.bundesanzeiger.de/pub/de/suche;wwwsid=627BFD7A56A5CB624C47FDDEAB2FC509.web07-pub?0,1620598766,18:19:26,20210509
12,2008-12-31,TGT.DE,EUR,2008-12-31,2008-12-31,FY,178783000.0,77220000,101563000,0.5680797391250846,0.0,43764000.0,20910000,0.0,68807000.0,146027000,0.0,10512000.0,43268000.0,0.24201406173965087,32756000.0,0.1832165250611076,0.0,35451000.0,0.19829066521984753,11200000.0,24251000.0,0.1356448879367725,1.133073,1.133073,21551767,21551767,https://www.bundesanzeiger.de/pub/de/suche;wwwsid=627BFD7A56A5CB624C47FDDEAB2FC509.web07-pub?0,https://www.bundesanzeiger.de/pub/de/suche;wwwsid=627BFD7A56A5CB624C47FDDEAB2FC509.web07-pub?0,1620598766,18:19:26,20210509
13,2007-12-31,TGT.DE,EUR,2007-12-31,2007-12-31,FY,0.0,-28791000,28791000,0.0,0.0,0.0,-25399000,0.0,-25399000.0,-54190000,0.0,7947000.0,62137000.0,0.0,54190000.0,0.0,0.0,0.0,0.0,0.0,0.0,0.0,1.576449,1.576449,21552229,21552229,https://www.bundesanzeiger.de/pub/de/suche;wwwsid=627BFD7A56A5CB624C47FDDEAB2FC509.web07-pub?0,https://www.bundesanzeiger.de/pub/de/suche;wwwsid=627BFD7A56A5CB624C47FDDEAB2FC509.web07-pub?0,1620598766,18:19:26,20210509
14,2006-12-31,TGT.DE,EUR,2006-12-31,2006-12-31,FY,0.0,-47426000,47426000,0.0,0.0,0.0,-53301000,0.0,-53301000.0,-100727000,0.0,6718000.0,107445000.0,0.0,100727000.0,0.0,0.0,0.0,0.0,0.0,0.0,0.0,0.285731,0.285731,21300524,21300524,https://www.bundesanzeiger.de/pub/de/suche;wwwsid=627BFD7A56A5CB624C47FDDEAB2FC509.web07-pub?0,https://www.bundesanzeiger.de/pub/de/suche;wwwsid=627BFD7A56A5CB624C47FDDEAB2FC509.web07-pub?0,1620598766,18:19:26,20210509
15,2005-12-31,TGT.DE,EUR,2005-12-31,2005-12-31,FY,150070000.0,57998000,92072000,0.6135270207236623,0.0,25923000.0,28221000,4000.0,60889000.0,118887000,0.0,6718000.0,37901000.0,0.252555474112081,31183000.0,0.2077896981408676,0.0,32638000.0,0.21748517358566002,5520000.0,27118000.0,0.18070233890850937,1.2731672375449403,1.2724142302813566,21299637,21312242,https://www.bundesanzeiger.de/pub/de/suche;wwwsid=627BFD7A56A5CB624C47FDDEAB2FC509.web07-pub?0,https://www.bundesanzeiger.de/pub/de/suche;wwwsid=627BFD7A56A5CB624C47FDDEAB2FC509.web07-pub?0,1620598766,18:19:26,20210509
16,2004-12-31,TGT.DE,EUR,2004-12-31,2004-12-31,FY,165881000.0,81047000,84834000,0.5114148094115661,0.0,13158000.0,24395000,0.0,56048000.0,137095000,0.0,6251000.0,35037000.0,0.21121768014419975,28786000.0,0.17353403946202398,0.0,29195000.0,0.1759996624085941,3348000.0,26418000.0,0.15925874572735876,1.2419560568134955,1.240662917314264,21271284,21293455,https://www.bundesanzeiger.de/pub/de/suche;wwwsid=627BFD7A56A5CB624C47FDDEAB2FC509.web07-pub?0,https://www.bundesanzeiger.de/pub/de/suche;wwwsid=627BFD7A56A5CB624C47FDDEAB2FC509.web07-pub?0,1620598766,18:19:26,20210509
17,2003-12-31,TGT.DE,EUR,2003-12-31,2003-12-31,FY,138659000.0,69658000,69001000,0.4976308786303089,0.0,17285000.0,17783000,0.0,58746000.0,128404000,703000.0,10437000.0,20692000.0,0.14922940451034553,10255000.0,0.07395841597011374,0.0,7815000.0,0.056361289205893596,338000.0,7477000.0,0.0539236544328172,0.3516188953420019,0.3512489891667615,21264500,21286894,https://www.bundesanzeiger.de/pub/de/suche;wwwsid=627BFD7A56A5CB624C47FDDEAB2FC509.web07-pub?0,https://www.bundesanzeiger.de/pub/de/suche;wwwsid=627BFD7A56A5CB624C47FDDEAB2FC509.web07-pub?0,1620598766,18:19:26,20210509
18,2002-12-31,TGT.DE,EUR,2002-12-31,2002-12-31,FY,115588000.0,62626000,52962000,0.45819635256254976,0.0,14061000.0,13939000,0.0,78205000.0,140831000,3763000.0,34636000.0,9393000.0,0.08126276084022563,-25243000.0,-0.21838772190884867,0.0,-37111000.0,-0.32106274007682456,169000.0,-37280000.0,-0.3225248295670831,-2.817903,-2.817903,13217110,13217110,https://www.bundesanzeiger.de/pub/de/suche;wwwsid=627BFD7A56A5CB624C47FDDEAB2FC509.web07-pub?0,https://www.bundesanzeiger.de/pub/de/suche;wwwsid=627BFD7A56A5CB624C47FDDEAB2FC509.web07-pub?0,1620598766,18:19:26,20210509
