,date,symbol,reportedCurrency,fillingDate,acceptedDate,period,revenue,costOfRevenue,grossProfit,grossProfitRatio,researchAndDevelopmentExpenses,generalAndAdministrativeExpenses,sellingAndMarketingExpenses,otherExpenses,operatingExpenses,costAndExpenses,interestExpense,depreciationAndAmortization,ebitda,ebitdaratio,operatingIncome,operatingIncomeRatio,totalOtherIncomeExpensesNet,incomeBeforeTax,incomeBeforeTaxRatio,incomeTaxExpense,netIncome,netIncomeRatio,eps,epsdiluted,weightedAverageShsOut,weightedAverageShsOutDil,link,finalLink,timestamp,est_time,est_date
0,2020-12-31,0194.HK,HKD,2020-12-31,2020-12-31,FY,771622000,324680000,446942000,0.5792240241983769,0.0,217352000.0,0.0,15979000.0,0.0,542032000,43171000.0,75858000.0,305448000.0,0.39585185492378394,229590000.0,0.2975420607499527,0.0,246616000,0.3196072688440713,73106000,162560000,0.2106731015963775,0.4293901497646067,0.4293901497646067,378583440,378583440,https://www1.hkexnews.hk/search/titlesearch.xhtml,https://www1.hkexnews.hk/search/titlesearch.xhtml,1620584585,14:23:05,20210509
1,2019-12-31,0194.HK,HKD,2019-12-31,2019-12-31,FY,1276508000,562561000,713947000,0.559296925675358,0.0,231158000.0,0.0,12747000.0,0.0,793719000,45265000.0,19422000.0,502211000.0,0.39342565812356833,482789000.0,0.37821071234962883,0.0,591124000,0.46307896229400836,144655000,429984000,0.33684395240766213,1.14,1.14,378583440,378583440,https://www1.hkexnews.hk/search/titlesearch.xhtml,https://www1.hkexnews.hk/search/titlesearch.xhtml,1620584585,14:23:05,20210509
2,2018-12-31,0194.HK,HKD,2018-12-31,2018-12-31,FY,1836225000,878151000,958074000,0.5217628558591676,0.0,203725000.0,0.0,21411000.0,0.0,1081876000,19122000.0,12752000.0,767101000.0,0.4177598061239772,754349000.0,0.410815123418971,0.0,1226008000,0.6676785252351972,178086000,1014267000,0.5523653147081649,2.68,2.68,378583440,378583440,https://www1.hkexnews.hk/search/titlesearch.xhtml,https://www1.hkexnews.hk/search/titlesearch.xhtml,1620584585,14:23:05,20210509
3,2017-12-31,0194.HK,HKD,2017-12-31,2017-12-31,FY,2215351000,1290323000,925028000,0.417553696908526,0.0,217886000.0,0.0,8506000.0,0.0,1508209000,26658000.0,11012000.0,718154000.0,0.3241716549657368,707142000.0,0.3192008850967634,0.0,969546000,0.4376489323813698,195730000,744888000,0.33623926863056913,1.97,1.97,378583440,378583440,https://www1.hkexnews.hk/search/titlesearch.xhtml,https://www1.hkexnews.hk/search/titlesearch.xhtml,1620584585,14:23:05,20210509
4,2016-12-31,0194.HK,HKD,2016-12-31,2016-12-31,FY,1031138000,438027000,593111000,0.5752004096444899,0.0,169600000.0,0.0,8517000.0,0.0,607627000,21939000.0,8899000.0,432410000.0,0.41935221085829444,423511000.0,0.4107219402252657,0.0,519429000,0.5037434368629611,50631000,457907000,0.444079260002056,1.21,1.21,378583440,378583440,https://www1.hkexnews.hk/search/titlesearch.xhtml,https://www1.hkexnews.hk/search/titlesearch.xhtml,1620584585,14:23:05,20210509
5,2015-12-31,0194.HK,HKD,2015-12-31,2015-12-31,FY,1193032000,576584000,616448000,0.5167070120499702,0.0,180516000.0,0.0,7871000.0,0.0,757100000,74526000.0,7852000.0,443784000.0,0.371979963655627,435932000.0,0.3653984134541236,0.0,471033000,0.3948200886480832,48778000,410366000,0.3439689798764828,1.08,1.08,378583440,378583440,https://www1.hkexnews.hk/search/titlesearch.xhtml,https://www1.hkexnews.hk/search/titlesearch.xhtml,1620584585,14:23:05,20210509
6,2014-12-31,0194.HK,HKD,2014-12-31,2014-12-31,FY,565875000,133237000,432638000,0.7645469405787497,0.0,186641000.0,0.0,9925000.0,0.0,319878000,82428000.0,10115000.0,256112000.0,0.4525946542964436,245997000.0,0.4347196819085487,0.0,429298000,0.7586445769825492,26492000,2356935000,4.165115970841617,6.23,6.23,378583440,378583440,https://www1.hkexnews.hk/search/titlesearch.xhtml,https://www1.hkexnews.hk/search/titlesearch.xhtml,1620584585,14:23:05,20210509
7,2013-12-31,0194.HK,HKD,2013-12-31,2013-12-31,FY,403488000,107905000,295583000,0.7325694940122135,0.0,144645000.0,0.0,7128000.0,0.0,252550000,89133000.0,66626000.0,217564000.0,0.5392081053215957,150938000.0,0.37408299627250374,0.0,301403000,0.7469937148068839,27830000,543460000,1.3469049885002775,1.44,1.44,378583440,378583440,https://www1.hkexnews.hk/search/titlesearch.xhtml,https://www1.hkexnews.hk/search/titlesearch.xhtml,1620584585,14:23:05,20210509
8,2012-12-31,0194.HK,HKD,2012-12-31,2012-12-31,FY,2573270000,886056000,1687214000,0.6556692457456854,0.0,7381000.0,1141000.0,8108000.0,0.0,1832151000,109124000.0,73057000.0,814176000.0,0.31639742428893974,741119000.0,0.28800669964675296,0.0,896897000,0.3485436817745515,138593000,480010000,0.18653697435558647,1.27,1.27,378583440,378583440,https://www1.hkexnews.hk/search/titlesearch.xhtml,https://www1.hkexnews.hk/search/titlesearch.xhtml,1620584585,14:23:05,20210509
9,2011-12-31,0194.HK,HKD,2011-12-31,2011-12-31,FY,725093000,456823000,268270000,0.3699801266871974,0.0,152717000.0,11987000.0,0.0,0.0,320946000,59093000.0,14957000.0,419104000.0,0.578000339266825,404147000.0,0.5573726404750838,0.0,672994000,0.9281485271544477,82271000,593547000,0.8185805131203859,1.57,1.57,378583440,378583440,https://www1.hkexnews.hk/search/titlesearch.xhtml,https://www1.hkexnews.hk/search/titlesearch.xhtml,1620584585,14:23:05,20210509
10,2010-12-31,0194.HK,HKD,2010-12-31,2010-12-31,FY,337995000,75663000,262332000,0.7761416589002796,0.0,161466000.0,0.0,0.0,0.0,198249000,49952000.0,14514000.0,154260000.0,0.4563972839834909,139746000.0,0.41345582035237205,0.0,568433000,1.6817793162620749,65540000,507958000,1.5028565511324132,1.34,1.34,378583440,378583440,https://www1.hkexnews.hk/search/titlesearch.xhtml,https://www1.hkexnews.hk/search/titlesearch.xhtml,1620584585,14:23:05,20210509
11,2009-12-31,0194.HK,HKD,2009-12-31,2009-12-31,FY,293602000,60936000,232666000,0.7924537298792242,0.0,147904000.0,0.0,0.0,0.0,206022000,49479000.0,16823000.0,104403000.0,0.3555936267464118,87580000.0,0.2982949707427061,0.0,407861000,1.3891628803618503,57295000,356091000,1.2128357436257247,0.94,0.94,378583440,378583440,https://www1.hkexnews.hk/search/titlesearch.xhtml,https://www1.hkexnews.hk/search/titlesearch.xhtml,1620584585,14:23:05,20210509
12,2008-12-31,0194.HK,HKD,2008-12-31,2008-12-31,FY,277849000,64007000,213842000,0.7696338658767892,0.0,156953000.0,0.0,355366000.0,0.0,203856000,104292000.0,23590000.0,97583000.0,0.3512087500764804,73993000.0,0.2663065190085262,0.0,292455000,1.0525681215336389,86572000,205883000,0.7409888104689958,0.55,0.543825,378583440,378583440,https://www1.hkexnews.hk/search/titlesearch.xhtml,https://www1.hkexnews.hk/search/titlesearch.xhtml,1620584585,14:23:05,20210509
13,2007-12-31,0194.HK,HKD,2007-12-31,2007-12-31,FY,290265000,101929000,188336000,0.6488415758014229,0.0,0.0,0.0,0.0,0.0,216141000,0.0,11151000.0,85275000.0,0.2937832670146246,74124000.0,0.2553666477184642,0.0,300857000,1.0364907928961467,41083000,259774000,0.8949546104421822,0.69,0.69,381324638,381324638,https://www1.hkexnews.hk/search/titlesearch.xhtml,https://www1.hkexnews.hk/search/titlesearch.xhtml,1620584585,14:23:05,20210509
14,2006-12-31,0194.HK,HKD,2006-12-31,2006-12-31,FY,432467000,283355000,149112000,0.34479393803457836,0.0,0.0,0.0,0.0,0.0,376385000,0.0,10281000.0,66363000.0,0.15345217091708732,56082000.0,0.12967925876425254,0.0,234756000,0.5428298575382631,13128000,221628000,0.5124737841268814,0.59,0.59,378205085,378205085,https://www1.hkexnews.hk/search/titlesearch.xhtml,https://www1.hkexnews.hk/search/titlesearch.xhtml,1620584585,14:23:05,20210509
15,2005-12-31,0194.HK,HKD,2005-12-31,2005-12-31,FY,548200000,431009000,117191000,0.2137741700109449,0.0,0.0,0.0,0.0,0.0,534424000,0.0,13069000.0,26845000.0,0.04896935425027362,13776000.0,0.025129514775629334,0.0,181086000,0.3303283473184969,44129000,139562000,0.25458226924480115,0.38,0.38,377502632,377502632,https://www1.hkexnews.hk/search/titlesearch.xhtml,https://www1.hkexnews.hk/search/titlesearch.xhtml,1620584585,14:23:05,20210509
16,2004-12-31,0194.HK,HKD,2004-12-31,2004-12-31,FY,375120000,307196000,67924000,0.1810727233951802,0.0,0.0,0.0,0.0,0.0,380333000,0.0,7091000.0,1878000.0,0.00500639795265515,-5213000.0,-0.013896886329707828,0.0,160157000,0.42694870974621457,55768000,104351000,0.278180315632331,0.28,0.28,372682143,372682143,https://www1.hkexnews.hk/search/titlesearch.xhtml,https://www1.hkexnews.hk/search/titlesearch.xhtml,1620584585,14:23:05,20210509
17,2003-12-31,0194.HK,HKD,2003-12-31,2003-12-31,FY,481939000,320587000,161352000,0.33479755736721867,0.0,0.0,0.0,0.0,0.0,393384000,0.0,5810000.0,94365000.0,0.19580278831968362,88555000.0,0.18374732071901215,0.0,156824000,0.32540217745399314,46539000,103780000,0.2153384556966753,0.27,0.27,384370370,384370370,https://www1.hkexnews.hk/search/titlesearch.xhtml,https://www1.hkexnews.hk/search/titlesearch.xhtml,1620584585,14:23:05,20210509
18,2002-12-31,0194.HK,HKD,2002-12-31,2002-12-31,FY,474461000,332711000,141750000,0.2987600666861976,0.0,0.0,0.0,0.0,0.0,432696000,0.0,3867000.0,45632000.0,0.0961765034428541,41765000.0,0.08802620236436715,0.0,139090000,0.29315370494097515,43580000,80362000,0.1693753543494618,0.21,0.21,382676190,382676190,https://www1.hkexnews.hk/search/titlesearch.xhtml,https://www1.hkexnews.hk/search/titlesearch.xhtml,1620584585,14:23:05,20210509
19,2001-12-31,0194.HK,HKD,2001-12-31,2001-12-31,FY,283913000,130138000,153775000,0.5416271886105954,0.0,84301000.0,0.0,0.0,0.0,191847000,0.0,0.0,92066000.0,0.32427539422287815,92066000.0,0.32427539422287815,0.0,197983000,0.6973368602353538,40828000,188106000,0.6625480340808628,0.5,0.5,376212000,376212000,https://www1.hkexnews.hk/search/titlesearch.xhtml,https://www1.hkexnews.hk/search/titlesearch.xhtml,1620584585,14:23:05,20210509
20,2000-12-31,0194.HK,HKD,2000-12-31,2000-12-31,FY,392102000,94655000,297447000,0.758595977577263,0.0,73874000.0,0.0,0.0,0.0,150661000,0.0,0.0,241441000.0,0.6157606949212194,241441000.0,0.6157606949212194,0.0,427762000,1.0909457233066906,58666000,369096000,0.9413264915761715,0.98,0.98,378138776,378138776,https://www1.hkexnews.hk/search/titlesearch.xhtml,https://www1.hkexnews.hk/search/titlesearch.xhtml,1620584585,14:23:05,20210509
21,1999-12-31,0194.HK,HKD,1999-12-31,1999-12-31,FY,320949000,85646000,235303000,0.733147634047777,0.0,72686000.0,0.0,0.0,0.0,51342000,0.0,0.0,269607000.0,0.8400306590766757,269607000.0,0.8400306590766757,0.0,415160000,1.293538848851375,44340000,370820000,1.155386058221088,0.97,0.97,378521649,378521649,https://www1.hkexnews.hk/search/titlesearch.xhtml,https://www1.hkexnews.hk/search/titlesearch.xhtml,1620584585,14:23:05,20210509
