,date,symbol,reportedCurrency,fillingDate,acceptedDate,period,revenue,costOfRevenue,grossProfit,grossProfitRatio,researchAndDevelopmentExpenses,generalAndAdministrativeExpenses,sellingAndMarketingExpenses,otherExpenses,operatingExpenses,costAndExpenses,interestExpense,depreciationAndAmortization,ebitda,ebitdaratio,operatingIncome,operatingIncomeRatio,totalOtherIncomeExpensesNet,incomeBeforeTax,incomeBeforeTaxRatio,incomeTaxExpense,netIncome,netIncomeRatio,eps,epsdiluted,weightedAverageShsOut,weightedAverageShsOutDil,link,finalLink,timestamp,est_time,est_date
0,2020-12-31,PRTC.L,USD,2020-12-31,2020-12-31,FY,11768000.0,0.0,0.0,0.0,61186000.0,26497000.0,0.0,1065000.0,0.0,131299000,2946000.0,6645000.0,-112886000.0,-9.592624065261727,-119531000.0,1.6119136641740313,0.0,18969000.0,1.6119136641740313,14401000.0,5985000.0,0.5085825968728755,0.021116588240151897,0.021116588240151897,283426467,283426467,https://find-and-update.company-information.service.gov.uk/search/companies?q=PureTech+Health+PLC,https://find-and-update.company-information.service.gov.uk/search/companies?q=PureTech+Health+PLC,1620596821,17:47:01,20210509
1,2019-12-31,PRTC.L,USD,2019-12-31,2019-12-31,FY,9807000.0,0.0,0.0,0.0,85848000.0,34890000.0,0.0,121000.0,145206000.0,145206000,2644000.0,6665000.0,-128734000.0,-13.126746201692669,-135399000.0,-13.806362802080146,0.0,478474000.0,48.78902824513103,112409000.0,421144000.0,42.94320383399612,1.49,1.44,283426467,291782333,https://find-and-update.company-information.service.gov.uk/search/companies?q=PureTech+Health+PLC,https://find-and-update.company-information.service.gov.uk/search/companies?q=PureTech+Health+PLC,1620596821,17:47:01,20210509
2,2018-12-31,PRTC.L,USD,2018-12-31,2018-12-31,FY,20748000.0,0.0,0.0,0.0,57293000.0,24426000.0,0.0,-278000.0,124767000.0,124767000,392000.0,2778000.0,-101241000.0,-4.879554655870446,-104019000.0,-5.013447079236553,0.0,-45807000.0,-2.207779063042221,2221000.0,-43654000.0,-2.1040100250626566,-0.16,-0.16,273848267,273848267,https://find-and-update.company-information.service.gov.uk/search/companies?q=PureTech+Health+PLC,https://find-and-update.company-information.service.gov.uk/search/companies?q=PureTech+Health+PLC,1620596821,17:47:01,20210509
3,2017-12-31,PRTC.L,USD,2017-12-31,2017-12-31,FY,2535000.0,0.0,0.0,0.0,52716000.0,23935000.0,0.0,14000.0,117955000.0,117955000,704000.0,2099000.0,-113321000.0,-44.702564102564104,-115420000.0,-45.53057199211045,0.0,-70711000.0,-27.89388560157791,-14000.0,30869000.0,12.177120315581854,0.1310605316836511,0.1292015360973999,235532388,238921308,https://find-and-update.company-information.service.gov.uk/search/companies?q=PureTech+Health+PLC,https://find-and-update.company-information.service.gov.uk/search/companies?q=PureTech+Health+PLC,1620596821,17:47:01,20210509
4,2016-12-31,PRTC.L,USD,2016-12-31,2016-12-31,FY,4431000.0,0.0,0.0,0.0,30357000.0,17657000.0,0.0,46000.0,78360000.0,78360000,440000.0,1570000.0,-72359000.0,-16.330173775671405,-73929000.0,-16.684495599187542,0.0,-83182000.0,-18.77273753103137,-1574000.0,-48792000.0,-11.011509817197021,-0.21,-0.21,229511866,229511866,https://find-and-update.company-information.service.gov.uk/search/companies?q=PureTech+Health+PLC,https://find-and-update.company-information.service.gov.uk/search/companies?q=PureTech+Health+PLC,1620596821,17:47:01,20210509
5,2015-12-31,PRTC.L,USD,2015-12-31,2015-12-31,FY,11828000.0,0.0,11828000.0,1.0,13408000.0,18378000.0,0.0,448000.0,55470000.0,55470000,835000.0,740000.0,-42902000.0,-3.627155901251268,-43642000.0,-3.6897193101115997,0.0,-56320000.0,-4.761582685153872,1924000.0,-39393000.0,-3.330486980047345,-0.21,-0.21,185281244,185281244,https://find-and-update.company-information.service.gov.uk/search/companies?q=PureTech+Health+PLC,https://find-and-update.company-information.service.gov.uk/search/companies?q=PureTech+Health+PLC,1620596821,17:47:01,20210509
6,2014-12-31,PRTC.L,USD,2014-12-31,2014-12-31,FY,2222000.0,0.0,0.0,0.0,2836000.0,7167000.0,0.0,0.0,19667000.0,19667000,2594000.0,455000.0,-16990000.0,-7.646264626462647,-17445000.0,-7.851035103510351,0.0,-76221000.0,-34.3028802880288,-278000.0,-41643000.0,-18.74122412241224,-0.183249,-0.183249,227248008,227248008,https://find-and-update.company-information.service.gov.uk/search/companies?q=PureTech+Health+PLC,https://find-and-update.company-information.service.gov.uk/search/companies?q=PureTech+Health+PLC,1620596821,17:47:01,20210509
7,2013-12-31,PRTC.L,USD,2013-12-31,2013-12-31,FY,8503000.0,0.0,0.0,0.0,2832000.0,3551000.0,0.0,0.0,11588000.0,11588000,367000.0,453000.0,-2632000.0,-0.3095378101846407,-3085000.0,-0.36281312477948957,0.0,-5310000.0,-0.6244854757144537,274000.0,-4303000.0,-0.5060566858755733,-0.018935,-0.018935,227248008,227248008,https://find-and-update.company-information.service.gov.uk/search/companies?q=PureTech+Health+PLC,https://find-and-update.company-information.service.gov.uk/search/companies?q=PureTech+Health+PLC,1620596821,17:47:01,20210509
8,2012-12-31,PRTC.L,USD,2012-12-31,2012-12-31,FY,8018000.0,0.0,0.0,0.0,4228000.0,3770000.0,0.0,0.0,14062000.0,14062000,609000.0,500000.0,-5544000.0,-0.6914442504365178,-6044000.0,-0.753803941132452,0.0,-10779000.0,-1.3443502120229485,535000.0,-11054000.0,-1.378648041905712,-0.048643,-0.048643,227248008,227248008,https://find-and-update.company-information.service.gov.uk/search/companies?q=PureTech+Health+PLC,https://find-and-update.company-information.service.gov.uk/search/companies?q=PureTech+Health+PLC,1620596821,17:47:01,20210509
