,date,symbol,reportedCurrency,fillingDate,acceptedDate,period,revenue,costOfRevenue,grossProfit,grossProfitRatio,researchAndDevelopmentExpenses,generalAndAdministrativeExpenses,sellingAndMarketingExpenses,otherExpenses,operatingExpenses,costAndExpenses,interestExpense,depreciationAndAmortization,ebitda,ebitdaratio,operatingIncome,operatingIncomeRatio,totalOtherIncomeExpensesNet,incomeBeforeTax,incomeBeforeTaxRatio,incomeTaxExpense,netIncome,netIncomeRatio,eps,epsdiluted,weightedAverageShsOut,weightedAverageShsOutDil,link,finalLink,timestamp,est_time,est_date
0,2019-12-31,1000.HK,CNY,2019-12-31,2019-12-31,FY,219927000,212548000,7379000.0,0.033552042268570934,0.0,34328000,19269000,502000.0,154432000.0,366980000,444000.0,0.0,-154053000.0,-0.7004733388806286,-147053000.0,-0.6686445957067573,0.0,-198455000.0,-0.9023676037958049,16056000.0,-196538000,-0.8936510751294747,-0.99,-0.99,197310000,197310000,https://www1.hkexnews.hk/search/titlesearch.xhtml,https://www1.hkexnews.hk/search/titlesearch.xhtml,1620585027,14:30:27,20210509
1,2018-12-31,1000.HK,CNY,2018-12-31,2018-12-31,FY,344625000,325681000,18944000.0,0.05496989481320275,0.0,46145000,22325000,-1140000.0,263238000.0,588919000,706000.0,3709000.0,-240585000.0,-0.6981066376496191,-244294000.0,-0.7088690605730867,0.0,-290638000.0,-0.8433456655785274,1575000.0,-277310000,-0.8046717446499818,-1.39,-1.39,197310000,197310000,https://www1.hkexnews.hk/search/titlesearch.xhtml,https://www1.hkexnews.hk/search/titlesearch.xhtml,1620585027,14:30:27,20210509
2,2017-12-31,1000.HK,CNY,2017-12-31,2017-12-31,FY,426708000,378758000,47950000.0,0.11237192646962325,0.0,45299000,49209000,-445000.0,163687000.0,542445000,1073000.0,5174000.0,-110563000.0,-0.25910693026613046,-115737000.0,-0.2712323181191822,0.0,-96367000.0,-0.2258382781668026,3210000.0,-85251000,-0.19978767681880819,-0.43,-0.43,197310000,197310000,https://www1.hkexnews.hk/search/titlesearch.xhtml,https://www1.hkexnews.hk/search/titlesearch.xhtml,1620585027,14:30:27,20210509
3,2016-12-31,1000.HK,CNY,2016-12-31,2016-12-31,FY,483306000,409320000,73986000.0,0.153083139874117,0.0,62165000,64592000,180000.0,180383000.0,589703000,1278000.0,5165000.0,-101232000.0,-0.20945736241635735,-106397000.0,-0.22014417367051103,0.0,-69924000.0,-0.14467852664771388,950000.0,-58838000,-0.12174067774867268,-0.3,-0.3,197310000,197310000,https://www1.hkexnews.hk/search/titlesearch.xhtml,https://www1.hkexnews.hk/search/titlesearch.xhtml,1620585027,14:30:27,20210509
4,2015-12-31,1000.HK,CNY,2015-12-31,2015-12-31,FY,509257000,404220000,105037000.0,0.20625538775117475,0.0,58574000,72396000,-31000.0,156314000.0,560534000,2617000.0,4991000.0,-46286000.0,-0.09088927594515146,-51277000.0,-0.1006898285148756,0.0,-57735000.0,-0.11337104840974203,-3257000.0,-45372000,-0.08909450434652838,-0.23,-0.23,197310000,197310000,https://www1.hkexnews.hk/search/titlesearch.xhtml,https://www1.hkexnews.hk/search/titlesearch.xhtml,1620585027,14:30:27,20210509
5,2014-12-31,1000.HK,CNY,2014-12-31,2014-12-31,FY,680769000,537208000,143561000.0,0.21088063645671293,0.0,63582000,38511000,1856000.0,58742000.0,595950000,836000.0,4404000.0,89223000.0,0.13106207832612823,84819000.0,0.12459292359082155,0.0,5607000.0,0.008236273978397959,711000.0,10506000,0.015432547604253425,0.05,0.05,197310000,197310000,https://www1.hkexnews.hk/search/titlesearch.xhtml,https://www1.hkexnews.hk/search/titlesearch.xhtml,1620585027,14:30:27,20210509
6,2013-12-31,1000.HK,CNY,2013-12-31,2013-12-31,FY,667428000,573686000,93742000.0,0.1404526031272287,0.0,56797000,17682000,-14927000.0,85566000.0,659252000,482000.0,3730000.0,11906000.0,0.01783862828649682,8176000.0,0.012250010488022678,0.0,19447000.0,0.029137225288720283,2174000.0,20377000,0.03053063401595378,0.1,0.1,197310000,197310000,https://www1.hkexnews.hk/search/titlesearch.xhtml,https://www1.hkexnews.hk/search/titlesearch.xhtml,1620585027,14:30:27,20210509
7,2012-12-31,1000.HK,CNY,2012-12-31,2012-12-31,FY,690276000,608474000,81802000.0,0.11850622070012574,0.0,50362000,14494000,1446000.0,88534000.0,697008000,587000.0,3220000.0,-3512000.0,-0.005087819944485973,-6732000.0,-0.009752620690854093,0.0,70237000.0,0.10175205280206757,6778000.0,64987000,0.09414639941125,0.33,0.33,197310000,197310000,https://www1.hkexnews.hk/search/titlesearch.xhtml,https://www1.hkexnews.hk/search/titlesearch.xhtml,1620585027,14:30:27,20210509
8,2011-12-31,1000.HK,CNY,2011-12-31,2011-12-31,FY,757574000,646829000,110745000.0,0.14618373914627483,0.0,50465000,28873000,2918000.0,54235000.0,701064000,27408000.0,5163000.0,61673000.0,0.08140854886783337,56510000.0,0.07459337305662549,0.0,128418000.0,0.16951215326819558,5705000.0,119894000,0.15826044716423743,0.61,0.61,197310000,197310000,https://www1.hkexnews.hk/search/titlesearch.xhtml,https://www1.hkexnews.hk/search/titlesearch.xhtml,1620585027,14:30:27,20210509
9,2010-12-31,1000.HK,CNY,2010-12-31,2010-12-31,FY,759473000,662229000,97244000.0,0.12804141819393183,0.0,46395000,18907000,14873000.0,4203000.0,666432000,3080000.0,5660000.0,98701000.0,0.12995985374068597,93041000.0,0.12250731757415997,0.0,106684000.0,0.14047108982149464,3002000.0,101644000,0.1338349092067789,0.52,0.52,197310000,197310000,https://www1.hkexnews.hk/search/titlesearch.xhtml,https://www1.hkexnews.hk/search/titlesearch.xhtml,1620585027,14:30:27,20210509
10,2009-12-31,1000.HK,CNY,2009-12-31,2009-12-31,FY,829459000,725139000,104320000.0,0.12576872395139482,0.0,41296000,15319000,120771000.0,15449000.0,740588000,4828000.0,7672000.0,96543000.0,0.1163927330947039,88871000.0,0.10714333077343184,0.0,155009000.0,0.18687964082612885,5857000.0,150619000,0.18158703444052088,0.76,0.76,197310000,197310000,https://www1.hkexnews.hk/search/titlesearch.xhtml,https://www1.hkexnews.hk/search/titlesearch.xhtml,1620585027,14:30:27,20210509
11,2008-12-31,1000.HK,CNY,2008-12-31,2008-12-31,FY,1081116000,1001829000,79287000.0,0.07333810617917041,0.0,54645000,16403000,0.0,34476000.0,1036305000,2600000.0,5681000.0,50492000.0,0.04670359147399539,44811000.0,0.041448836202590655,0.0,41870000.0,0.03872849906948005,4407000.0,40309000,0.03728462070675117,0.2,0.2,197310000,197310000,https://www1.hkexnews.hk/search/titlesearch.xhtml,https://www1.hkexnews.hk/search/titlesearch.xhtml,1620585027,14:30:27,20210509
12,2007-12-31,1000.HK,CNY,2007-12-31,2007-12-31,FY,837676000,762706000,74970000.0,0.08949761005448408,0.0,41049000,13615000,0.0,54664000.0,817370000,0.0,4368000.0,24674000.0,0.029455302527468856,20306000.0,0.02424087594726362,0.0,17617000.0,0.02103080427277372,6732000.0,10885000,0.01299428418624862,0.05,0.05,212780000,212780000,https://www1.hkexnews.hk/search/titlesearch.xhtml,https://www1.hkexnews.hk/search/titlesearch.xhtml,1620585027,14:30:27,20210509
13,2006-12-31,1000.HK,CNY,2006-12-31,2006-12-31,FY,792492000,730968000,61524000.0,0.07763359125391803,0.0,58545000,11359000,0.0,69904000.0,800872000,0.0,3393000.0,-4987000.0,-0.00629280800310918,-8380000.0,-0.010574239235222565,0.0,30479000.0,0.03845969423035185,8504000.0,21975000,0.027728986538665373,0.11,0.11,199245455,199245455,https://www1.hkexnews.hk/search/titlesearch.xhtml,https://www1.hkexnews.hk/search/titlesearch.xhtml,1620585027,14:30:27,20210509
