,date,symbol,reportedCurrency,fillingDate,acceptedDate,period,revenue,costOfRevenue,grossProfit,grossProfitRatio,researchAndDevelopmentExpenses,generalAndAdministrativeExpenses,sellingAndMarketingExpenses,otherExpenses,operatingExpenses,costAndExpenses,interestExpense,depreciationAndAmortization,ebitda,ebitdaratio,operatingIncome,operatingIncomeRatio,totalOtherIncomeExpensesNet,incomeBeforeTax,incomeBeforeTaxRatio,incomeTaxExpense,netIncome,netIncomeRatio,eps,epsdiluted,weightedAverageShsOut,weightedAverageShsOutDil,link,finalLink,timestamp,est_time,est_date
0,2020-06-30,ADS.AX,AUD,2020-06-30,2020-06-30,FY,9787867.0,1290381.0,8497486.0,0.8681652498956105,0.0,8485012.0,204018.0,737044.0,15625670.0,0.0,148041.0,3665792.0,-3462392.0,-0.35374326193847955,-7128184.0,-0.7282673538575871,-9262956.0,-16491142.0,-1.6848555461572987,126583.0,-16617725.0,-1.6977881902154985,-0.011603921338688783,-0.011603921338688783,1432078391.0,1432078391.0,,,1620586194,14:49:54,20210509
1,2019-06-30,ADS.AX,AUD,2019-06-30,2019-06-30,FY,9839017.0,1214754.0,8624263.0,0.8765370564965992,0.0,9397149.0,258976.0,345204.0,15956852.0,0.0,0.0,4367983.0,-2964606.0,-0.3013111980597249,-7332589.0,-0.7452562588315479,345204.0,-6932241.0,-0.7045664216252497,110514.0,-7042755.0,-0.7157986412667038,-0.0049,-0.0049,1432078391.0,1432078391.0,,,1620586194,14:49:54,20210509
2,2018-06-30,ADS.AX,AUD,2018-06-30,2018-06-30,FY,6999414.0,832936.0,6166478.0,0.8809991807885632,0.0,11030398.0,221407.0,853858.0,18803775.0,0.0,0.0,5442959.0,-7194338.0,-1.0278486170413694,-12637297.0,-1.8054792872660483,853858.0,-11623422.0,-1.6606278754192851,29897.0,-11653319.0,-1.6648992329929333,-0.0091,-0.0091,1283691139.0,1283691139.0,,,1620586194,14:49:54,20210509
3,2017-06-30,ADS.AX,AUD,2017-06-30,2017-06-30,FY,7859240.0,686624.0,7172616.0,0.9126348094726716,0.0,9815990.0,160424.0,823640.0,16920593.0,0.0,0.0,4685082.0,-5062895.0,-0.6441965126398991,-9747977.0,-1.2403205653472855,823640.0,-8600201.0,-1.094278963360325,29986.0,-8630187.0,-1.09809434500028,-0.007,-0.007,1235331383.0,1235331383.0,,,1620586194,14:49:54,20210509
4,2016-06-30,ADS.AX,AUD,2016-06-30,2016-06-30,FY,7659946.0,1402979.0,6256967.0,0.816842181393968,0.0,8588775.0,104830.0,778504.0,15227149.0,0.0,0.0,4930957.0,-4039225.0,-0.5273176860515727,-8970182.0,-1.1710502919994474,778504.0,-8116346.0,-1.0595826654652656,22139.0,-8138485.0,-1.0624728947175346,-0.007666,-0.007666,1066857525.0,1066857525.0,,,1620586194,14:49:54,20210509
5,2015-06-30,ADS.AX,AUD,2015-06-30,2015-06-30,FY,6300208.0,1094477.0,5205731.0,0.8262792276064537,0.0,7737256.0,246726.0,680182.0,15265303.0,0.0,76.0,5731779.0,-4327793.0,-0.6869285902941618,-10059572.0,-1.596704743716398,680182.0,-9184362.0,-1.4577871079811968,21159.0,-9205521.0,-1.4611455685272614,-0.008861,-0.008861,1043546107.0,1043546107.0,,,1620586194,14:49:54,20210509
6,2014-06-30,ADS.AX,AUD,2014-06-30,2014-06-30,FY,4826793.0,1207632.0,3619161.0,0.7498065485716914,0.0,7092163.0,362838.0,627482.0,14608076.0,0.0,3451.0,5025021.0,-5963894.0,-1.2355810576504938,-10988915.0,-2.276649319745015,627482.0,-10125497.0,-2.0977690570115604,-29935.0,-10095562.0,-2.0915672165763066,-0.011947,-0.011947,848071454.0,848071454.0,,,1620586194,14:49:54,20210509
7,2013-06-30,ADS.AX,AUD,2013-06-30,2013-06-30,FY,3529191.0,748257.0,2780934.0,0.787980588185791,0.0,6299887.0,256716.0,673756.0,10428723.0,0.0,0.0,2711403.0,-4936386.0,-1.3987301905734204,-7647789.0,-2.167009096418981,661086.0,-6460173.0,-1.830496847577816,774.0,-6460947.0,-1.830716161295889,-0.009359,-0.009359,693453078.0,693453078.0,,,1620586194,14:49:54,20210509
8,2012-06-30,ADS.AX,AUD,2012-06-30,2012-06-30,FY,3790879.0,1158310.0,2632569.0,0.6944481741569699,0.0,6655879.0,44904.0,659129.0,11394855.0,0.0,0.0,2658506.0,-6103780.0,-1.6101226127238564,-8762286.0,-2.311412735674233,539038.0,-7331658.0,-1.93402585521722,0.0,-7331658.0,-1.93402585521722,-0.010753,-0.010753,684317967.0,684317967.0,,,1620586194,14:49:54,20210509
9,2011-06-30,ADS.AX,AUD,2011-06-30,2011-06-30,FY,4445771.0,1318599.0,3127172.0,0.7034037515652516,0.0,7063150.0,125567.0,75781.0,11357511.0,0.0,44.0,2182718.0,-6047621.0,-1.3603087068587203,-8230339.0,-1.8512737160775938,-3014120.0,-10341309.0,-2.3261002422302,520.0,-10341829.0,-2.3262172073190452,-0.016527,-0.016527,626527641.0,626527641.0,,,1620586194,14:49:54,20210509
10,2010-06-30,ADS.AX,AUD,2010-06-30,2010-06-30,FY,5341143.0,486969.0,4854174.0,0.9088268185292924,0.0,6789846.0,127299.0,110664.0,8810702.0,0.0,1778.0,652165.0,-3304363.0,-0.6186621477837234,-3956528.0,-0.740764289591198,-379771.0,-4218081.0,-0.7897337704682312,520.0,-4218601.0,-0.7898311279065174,-0.014138,-0.014138,299143026.0,299143026.0,,,1620586194,14:49:54,20210509
11,2009-06-30,ADS.AX,AUD,2009-06-30,2009-06-30,FY,10801422.0,4786868.0,10801422.0,1.0,0.0,7520255.0,261320.0,228416.0,14339357.0,0.0,303.0,238650.0,-3299285.0,-0.3054491343824915,-3537935.0,-0.3275434475201506,-593314.0,-4061967.0,-0.3760585411809667,88397.0,-4150364.0,-0.38424237105077463,-0.029676,-0.029676,139649672.0,139649672.0,,,1620586194,14:49:54,20210509
12,2008-06-30,ADS.AX,AUD,2008-06-30,2008-06-30,FY,12157447.0,5232046.0,6925401.0,0.569642705413398,0.0,8790976.0,196699.0,-32144.0,11054089.0,0.0,6862.0,180520.0,-3948168.0,-0.32475305053766634,-4128688.0,-0.33960156272941183,-2694629.0,-6720666.0,-0.5528024099138578,0.0,-6720666.0,-0.5528024099138578,-0.037334,-0.037334,114972613.0,114972613.0,,,1620586194,14:49:54,20210509
13,2007-06-30,ADS.AX,AUD,2007-06-30,2007-06-30,FY,8317782.0,4229194.0,4088588.0,0.4915478669674199,0.0,3675359.0,498411.0,38985.0,5510431.0,0.0,131.0,31133.0,-1390710.0,-0.16719721675802515,-1421843.0,-0.1709401616921434,38985.0,-1333349.0,-0.1603010273652279,0.0,-1333349.0,-0.1603010273652279,-0.013402,-0.013402,93633183.0,93633183.0,,,1620586194,14:49:54,20210509
14,2006-06-30,ADS.AX,AUD,2006-06-30,2006-06-30,FY,1636198.0,893322.0,742876.0,0.4540257352716481,0.0,3691783.0,0.0,28731.0,5184488.0,0.0,18085.0,29817.0,-4411795.0,-2.696369876995327,-4441612.0,-2.7145932216027644,23397.0,-4423454.0,-2.7034955427154905,0.0,-4185111.0,-2.5578267422402425,-0.010726,-0.010726,246978552.0,246978552.0,,,1620586194,14:49:54,20210509
15,2005-06-30,ADS.AX,AUD,2005-06-30,2005-06-30,FY,2067424.0,795966.0,1271458.0,0.614996246536753,0.0,1962093.0,0.0,610997.0,9842005.0,0.0,24439.0,1103908.0,-7466639.0,-3.611566374386676,-8570547.0,-4.14551973857322,610997.0,-8400199.0,-4.063123481201727,-8400199.0,185362.0,0.08965843484452149,-0.335758,-0.335758,24355162.0,24355162.0,,,1620586194,14:49:54,20210509
16,2004-06-30,ADS.AX,AUD,2004-06-30,2004-06-30,FY,1127113.0,500756.0,626357.0,0.555718015851117,1865340.0,814204.0,0.0,-748503.0,3735955.0,0.0,65191.0,681636.0,-2427962.0,-2.1541424861571112,-3109598.0,-2.7589052739166346,-748503.0,-3898174.0,-3.458547634531764,-3898174.0,876809.0,0.7779246623896628,-0.205185,-0.205185,12915060.0,12915060.0,,,1620586194,14:49:54,20210509
17,2003-06-30,ADS.AX,AUD,2003-06-30,2003-06-30,FY,464490.0,139382.0,325108.0,0.6999246485392581,0.0,712660.0,0.0,0.0,1120309.0,0.0,109834.0,258062.0,-537139.0,-1.1564059506124997,-795201.0,-1.7119873409545954,-337000.0,-807953.0,-1.739441107451183,-807953.0,-807953.0,-1.739441107451183,-0.149226,-0.149226,5480544.0,5480544.0,,,1620586194,14:49:54,20210509
18,2002-06-30,ADS.AX,AUD,2002-06-30,2002-06-30,FY,1838197.0,565000.0,1838197.0,1.0,349728.0,37709.0,0.0,-3107856.0,546704.0,0.0,274188.0,159267.0,1450760.0,0.789229881236886,1291493.0,0.7025868282888069,-2702193.0,196083.0,0.10667137417806688,196083.0,196083.0,0.10667137417806688,0.05969,0.05969,3253105.0,3253105.0,,,1620586194,14:49:54,20210509
19,2001-06-30,ADS.AX,AUD,2001-06-30,2001-06-30,FY,3032990.0,0.0,3032990.0,1.0,0.0,0.0,0.0,-3800.0,4923809.0,0.0,202285.0,129043.0,-1761776.0,-0.5808710216650895,-1890819.0,-0.6234174857154161,-771273.0,-2652373.0,-0.874507664054283,-2652373.0,-2652373.0,-0.874507664054283,-1.417644,-1.417644,2060139.0,2060139.0,,,1620586194,14:49:54,20210509
20,2000-06-30,ADS.AX,AUD,2000-06-30,2000-06-30,FY,0.0,0.0,0.0,0.0,0.0,0.0,0.0,0.0,0.0,0.0,1344752.0,0.0,-1549644.0,0.0,0.0,0.0,0.0,-2894396.0,0.0,-2894396.0,1416939.0,0.0,-1.942653,-1.942653,1863664.0,1863664.0,,,1620586194,14:49:54,20210509
21,1999-06-30,ADS.AX,AUD,1999-06-30,1999-06-30,FY,0.0,0.0,0.0,0.0,0.0,0.0,0.0,0.0,0.0,0.0,671981.0,0.0,-4010904.0,0.0,0.0,0.0,-95000.0,-4682885.0,0.0,-4682885.0,6403.0,0.0,-2.20312,-2.20312,937637.0,937637.0,,,1620586194,14:49:54,20210509
22,1998-06-30,ADS.AX,AUD,1998-06-30,1998-06-30,FY,0.0,0.0,0.0,0.0,0.0,0.0,0.0,0.0,0.0,0.0,53578.0,0.0,-1415463.0,0.0,0.0,0.0,0.0,-1469041.0,0.0,-1469041.0,47419.0,0.0,-1.808802,-1.808802,384785.0,384785.0,,,1620586194,14:49:54,20210509
23,1997-06-30,ADS.AX,AUD,1997-06-30,1997-06-30,FY,0.0,0.0,0.0,0.0,0.0,0.0,0.0,0.0,0.0,0.0,174670.0,0.0,345099.0,0.0,0.0,0.0,0.0,170429.0,0.0,170429.0,0.0,0.0,0.0,0.0,383126.0,383126.0,,,1620586194,14:49:54,20210509
24,1996-06-30,ADS.AX,AUD,1996-06-30,1996-06-30,FY,0.0,0.0,0.0,0.0,0.0,0.0,0.0,0.0,0.0,0.0,159531.0,0.0,669680.0,0.0,0.0,0.0,0.0,510149.0,0.0,510149.0,0.0,0.0,0.390701,0.390701,1110382.0,1110382.0,,,1620586194,14:49:54,20210509
