,date,symbol,reportedCurrency,fillingDate,acceptedDate,period,revenue,costOfRevenue,grossProfit,grossProfitRatio,researchAndDevelopmentExpenses,generalAndAdministrativeExpenses,sellingAndMarketingExpenses,otherExpenses,operatingExpenses,costAndExpenses,interestExpense,depreciationAndAmortization,ebitda,ebitdaratio,operatingIncome,operatingIncomeRatio,totalOtherIncomeExpensesNet,incomeBeforeTax,incomeBeforeTaxRatio,incomeTaxExpense,netIncome,netIncomeRatio,eps,epsdiluted,weightedAverageShsOut,weightedAverageShsOutDil,link,finalLink,timestamp,est_time,est_date
0,2020-12-31,KGP.L,EUR,2020-12-31,2020-12-31,FY,4576000000,3190500000.0,1385500000.0,0.30277534965034963,0.0,0.0,0.0,0.0,0.0,4091300000.0,24100000.0,23500000.0,508200000.0,0.1110576923076923,484700000.0,0.1059222027972028,0.0,459700000.0,0.10045891608391608,74900000.0,373600000.0,0.08164335664335665,2.068820395822489,2.068820395822489,180586000,180586000,https://find-and-update.company-information.service.gov.uk/search/companies?q=Kingspan+Group+PLC,https://find-and-update.company-information.service.gov.uk/search/companies?q=Kingspan+Group+PLC,1620594127,17:02:07,20210509
1,2019-12-31,KGP.L,EUR,2019-12-31,2019-12-31,FY,4659100000,3304300000.0,1354800000.0,0.2907857740765384,0.0,0.0,0.0,0.0,879600000.0,4183900000.0,23300000.0,21900000.0,497100000.0,0.10669442596209569,475200000.0,0.10199394732888326,0.0,454400000.0,0.09752956579596918,76600000.0,369400000.0,0.07928569895473375,2.046,2.029,180586000,182075000,https://find-and-update.company-information.service.gov.uk/search/companies?q=Kingspan+Group+PLC,https://find-and-update.company-information.service.gov.uk/search/companies?q=Kingspan+Group+PLC,1620594127,17:02:07,20210509
2,2018-12-31,KGP.L,EUR,2018-12-31,2018-12-31,FY,4372500000,3158000000.0,1214500000.0,0.2777587192681532,0.0,0.0,0.0,0.0,791500000.0,3949500000.0,19800000.0,22200000.0,445200000.0,0.10181818181818182,423000000.0,0.0967409948542024,0.0,404900000.0,0.09260148656375071,69100000.0,330900000.0,0.07567753001715266,1.84,1.823,179840000,181536000,https://find-and-update.company-information.service.gov.uk/search/companies?q=Kingspan+Group+PLC,https://find-and-update.company-information.service.gov.uk/search/companies?q=Kingspan+Group+PLC,1620594127,17:02:07,20210509
3,2017-12-31,KGP.L,EUR,2017-12-31,2017-12-31,FY,3668100000,2615400000.0,1052700000.0,0.2869878138545841,0.0,0.0,0.0,0.0,691000000.0,3306400000.0,16800000.0,15700000.0,377400000.0,0.10288705324282325,361700000.0,0.09860690820860936,0.0,346500000.0,0.09446307352580355,60600000.0,284300000.0,0.07750606581063765,1.59,1.573,178854000,180710000,https://find-and-update.company-information.service.gov.uk/search/companies?q=Kingspan+Group+PLC,https://find-and-update.company-information.service.gov.uk/search/companies?q=Kingspan+Group+PLC,1620594127,17:02:07,20210509
4,2016-12-31,KGP.L,EUR,2016-12-31,2016-12-31,FY,3108500000,2168300000.0,940200000.0,0.30246099404857646,0.0,0.0,0.0,0.0,612000000.0,2780300000.0,14200000.0,12600000.0,340800000.0,0.10963487212481904,328200000.0,0.10558147016245778,0.0,314000000.0,0.10101335049059032,58500000.0,255400000.0,0.08216181437992601,1.438,1.416,177637000,180314000,https://find-and-update.company-information.service.gov.uk/search/companies?q=Kingspan+Group+PLC,https://find-and-update.company-information.service.gov.uk/search/companies?q=Kingspan+Group+PLC,1620594127,17:02:07,20210509
5,2015-12-31,KGP.L,EUR,2015-12-31,2015-12-31,FY,2774300000,1966900000.0,807400000.0,0.2910283675161302,0.0,0.0,0.0,0.0,560700000.0,2527600000.0,14500000.0,9100000.0,255800000.0,0.09220343870525899,246700000.0,0.08892333201167862,0.0,232000000.0,0.0836246981220488,41400000.0,188100000.0,0.06780088671016112,1.067,1.05,176221000,179198000,https://find-and-update.company-information.service.gov.uk/search/companies?q=Kingspan+Group+PLC,https://find-and-update.company-information.service.gov.uk/search/companies?q=Kingspan+Group+PLC,1620594127,17:02:07,20210509
6,2014-12-31,KGP.L,EUR,2014-12-31,2014-12-31,FY,1891200000,1375100000.0,516100000.0,0.27289551607445006,0.0,0.0,0.0,0.0,372600000.0,1747700000.0,13700000.0,4900000.0,148400000.0,0.07846869712351946,143500000.0,0.07587774957698816,0.0,127500000.0,0.06741751269035533,21000000.0,107200000.0,0.05668358714043993,0.626,0.613,171128000,174749000,https://find-and-update.company-information.service.gov.uk/search/companies?q=Kingspan+Group+PLC,https://find-and-update.company-information.service.gov.uk/search/companies?q=Kingspan+Group+PLC,1620594127,17:02:07,20210509
7,2013-12-31,KGP.L,EUR,2013-12-31,2013-12-31,FY,1790291000,0.0,0.0,0.0,0.0,0.0,0.0,0.0,0.0,0.0,14551000.0,43874000.0,159404000.0,0.08903803906739184,115530000.0,0.06453140858106308,0.0,101985000.0,0.0569655994472407,12829000.0,87643000.0,0.04895461128944959,0.517,0.507,169468000,173027000,https://find-and-update.company-information.service.gov.uk/search/companies?q=Kingspan+Group+PLC,https://find-and-update.company-information.service.gov.uk/search/companies?q=Kingspan+Group+PLC,1620594127,17:02:07,20210509
8,2012-12-31,KGP.L,EUR,2012-12-31,2012-12-31,FY,1628718000,1182680000.0,446038000.0,0.2738583352059718,0.0,0.0,0.0,0.0,341461000.0,1524141000.0,15724000.0,3125000.0,107702000.0,0.06612685560053981,104577000.0,0.06420816863324406,0.0,89952000.0,0.05522871362629995,15274000.0,73526000.0,0.04514348094636395,0.438,0.429,167698000,171199000,https://find-and-update.company-information.service.gov.uk/search/companies?q=Kingspan+Group+PLC,https://find-and-update.company-information.service.gov.uk/search/companies?q=Kingspan+Group+PLC,1620594127,17:02:07,20210509
9,2011-12-31,KGP.L,EUR,2011-12-31,2011-12-31,FY,1546893000,1124564000.0,422329000.0,0.27301759074480264,12225000.0,0.0,82965000.0,0.0,331169000.0,1455733000.0,13643000.0,42659000.0,133819000.0,0.08650824588384588,91160000.0,0.058931031428806,0.0,77764000.0,0.050271091794972245,14894000.0,61835000.0,0.0399736762659085,0.371,0.364,166631000,169819000,https://find-and-update.company-information.service.gov.uk/search/companies?q=Kingspan+Group+PLC,https://find-and-update.company-information.service.gov.uk/search/companies?q=Kingspan+Group+PLC,1620594127,17:02:07,20210509
10,2010-12-31,KGP.L,EUR,2010-12-31,2010-12-31,FY,1193215000,859521000.0,333694000.0,0.2796595751813378,9136000.0,0.0,60972000.0,0.0,266580000.0,1126101000.0,10401000.0,40234000.0,107348000.0,0.08996534572562363,67114000.0,0.056246359625046614,0.0,55665000.0,0.04665127407885419,6597000.0,48657000.0,0.04077806598140318,0.292,0.286,166385000,170144000,https://find-and-update.company-information.service.gov.uk/search/companies?q=Kingspan+Group+PLC,https://find-and-update.company-information.service.gov.uk/search/companies?q=Kingspan+Group+PLC,1620594127,17:02:07,20210509
11,2009-12-31,KGP.L,EUR,2009-12-31,2009-12-31,FY,1125523000,816610000.0,308913000.0,0.2744617391203911,2022000.0,0.0,54566000.0,0.0,237459000.0,1054069000.0,12750000.0,40484000.0,111938000.0,0.09945420928759341,71454000.0,0.06348515312436974,0.0,56679000.0,0.05035792249469802,8712000.0,47658000.0,0.04234298188486597,0.287,0.283,166116000,168442000,https://find-and-update.company-information.service.gov.uk/search/companies?q=Kingspan+Group+PLC,https://find-and-update.company-information.service.gov.uk/search/companies?q=Kingspan+Group+PLC,1620594127,17:02:07,20210509
12,2008-12-31,KGP.L,EUR,2008-12-31,2008-12-31,FY,1672714000,1205239000.0,467475000.0,0.2794709675413729,7095000.0,0.0,88678000.0,0.0,307451000.0,1512690000.0,15833000.0,45203000.0,205227000.0,0.1226910278744603,160024000.0,0.09566728083820665,0.0,68134000.0,0.04073260581306786,24151000.0,44990000.0,0.026896409069332834,0.267,0.265,168318000,169556000,https://find-and-update.company-information.service.gov.uk/search/companies?q=Kingspan+Group+PLC,https://find-and-update.company-information.service.gov.uk/search/companies?q=Kingspan+Group+PLC,1620594127,17:02:07,20210509
13,2007-12-31,KGP.L,EUR,2007-12-31,2007-12-31,FY,1863239000,1300460000.0,562779000.0,0.3020433771512941,7482000.0,0.0,94746000.0,0.0,326724000.0,1627184000.0,14297000.0,44478000.0,280533000.0,0.15056200519632748,236055000.0,0.12669067145975368,0.0,224204000.0,0.1203302421213811,36877000.0,187295000.0,0.10052118917648246,1.105,1.085,169567000,172685000,https://find-and-update.company-information.service.gov.uk/search/companies?q=Kingspan+Group+PLC,https://find-and-update.company-information.service.gov.uk/search/companies?q=Kingspan+Group+PLC,1620594127,17:02:07,20210509
14,2006-12-31,KGP.L,EUR,2006-12-31,2006-12-31,FY,1461170000,1004613000.0,456557000.0,0.3124598780429382,7748000.0,0.0,79590000.0,0.0,262413000.0,1267026000.0,11620000.0,41957000.0,236101000.0,0.16158352553091015,194144000.0,0.13286886536132003,0.0,185200000.0,0.12674774324685012,33520000.0,151032000.0,0.10336374275409432,0.898,0.878,168149000,172085000,https://find-and-update.company-information.service.gov.uk/search/companies?q=Kingspan+Group+PLC,https://find-and-update.company-information.service.gov.uk/search/companies?q=Kingspan+Group+PLC,1620594127,17:02:07,20210509
15,2005-12-31,KGP.L,EUR,2005-12-31,2005-12-31,FY,1243410000,866348000.0,377062000.0,0.3032483251702978,0.0,0.0,71582000.0,0.0,229708000.0,1096056000.0,11607000.0,32515000.0,179869000.0,0.14465783611198238,147354000.0,0.11850797403913432,0.0,134997000.0,0.10856998093951312,23628000.0,111378000.0,0.08957463748884117,0.664,0.648,167625000,171894000,https://find-and-update.company-information.service.gov.uk/search/companies?q=Kingspan+Group+PLC,https://find-and-update.company-information.service.gov.uk/search/companies?q=Kingspan+Group+PLC,1620594127,17:02:07,20210509
16,2004-12-31,KGP.L,EUR,2004-12-31,2004-12-31,FY,958083000,675729000.0,282354000.0,0.2947072435269178,0.0,0.0,59269000.0,0.0,177894000.0,853623000.0,7761000.0,25167000.0,129627000.0,0.13529829879039706,104460000.0,0.10903021972000339,0.0,96411000.0,0.10062906867150341,18330000.0,78077000.0,0.08149293954699123,0.471,0.463,165621000,168646000,https://find-and-update.company-information.service.gov.uk/search/companies?q=Kingspan+Group+PLC,https://find-and-update.company-information.service.gov.uk/search/companies?q=Kingspan+Group+PLC,1620594127,17:02:07,20210509
17,2003-12-31,KGP.L,EUR,2003-12-31,2003-12-31,FY,783894000,551542000.0,232352000.0,0.29640742243211454,4957000.0,0.0,0.0,0.0,153388000.0,704930000.0,6802000.0,21985000.0,100949000.0,0.12877889102353124,78964000.0,0.10073300726883992,0.0,65441000.0,0.08348195036573823,13959000.0,51408000.0,0.06558029529502714,0.312,0.309,164984000,166409000,https://find-and-update.company-information.service.gov.uk/search/companies?q=Kingspan+Group+PLC,https://find-and-update.company-information.service.gov.uk/search/companies?q=Kingspan+Group+PLC,1620594127,17:02:07,20210509
18,2002-12-31,KGP.L,EUR,2002-12-31,2002-12-31,FY,739610000,515236000.0,224374000.0,0.3033679912386258,4802000.0,0.0,0.0,0.0,141259000.0,656495000.0,10972000.0,21710000.0,104825000.0,0.14173010099917524,83115000.0,0.1123767931747813,0.0,63745000.0,0.08618731493625019,13276000.0,50482000.0,0.0682548910912508,0.302,0.3,167121000,168425000,https://find-and-update.company-information.service.gov.uk/search/companies?q=Kingspan+Group+PLC,https://find-and-update.company-information.service.gov.uk/search/companies?q=Kingspan+Group+PLC,1620594127,17:02:07,20210509
19,2001-12-31,KGP.L,EUR,2001-12-31,2001-12-31,FY,828947000,589424000.0,239523000.0,0.2889485093739407,3894000.0,0.0,0.0,0.0,142289000.0,731713000.0,16746000.0,22719000.0,119953000.0,0.14470527066265998,97234000.0,0.11729821086269689,0.0,73362000.0,0.08850022980962595,17947000.0,55395000.0,0.06682574398604495,0.329,0.323,168543000,171598000,https://find-and-update.company-information.service.gov.uk/search/companies?q=Kingspan+Group+PLC,https://find-and-update.company-information.service.gov.uk/search/companies?q=Kingspan+Group+PLC,1620594127,17:02:07,20210509
20,2000-12-31,KGP.L,EUR,2000-12-31,2000-12-31,FY,662553000,455916000.0,206637000.0,0.31187995526395623,2280000.0,0.0,0.0,0.0,126095000.0,582011000.0,10398000.0,16197000.0,96739000.0,0.14600945131936616,80542000.0,0.12156310514026802,0.0,67507000.0,0.10188920735397772,16098000.0,51233000.0,0.07732664405715467,0.304,0.3,168286000,170550000,https://find-and-update.company-information.service.gov.uk/search/companies?q=Kingspan+Group+PLC,https://find-and-update.company-information.service.gov.uk/search/companies?q=Kingspan+Group+PLC,1620594127,17:02:07,20210509
21,1999-12-31,KGP.L,EUR,1999-12-31,1999-12-31,FY,532541000,369188000.0,163353000.0,0.3067425794445874,1351000.0,0.0,0.0,0.0,97499000.0,466687000.0,7498000.0,13477000.0,79331000.0,0.1489669340013257,65854000.0,0.1236599623315388,0.0,58682000.0,0.11019245466546237,12875000.0,45655000.0,0.08573048835676501,0.272,0.268,167706000,170336000,https://find-and-update.company-information.service.gov.uk/search/companies?q=Kingspan+Group+PLC,https://find-and-update.company-information.service.gov.uk/search/companies?q=Kingspan+Group+PLC,1620594127,17:02:07,20210509
22,1998-12-31,KGP.L,EUR,1998-12-31,1998-12-31,FY,368794000,254292000.0,114502000.0,0.3104768515756764,1037000.0,0.0,0.0,0.0,62944000.0,317236000.0,3991000.0,11070000.0,62628000.0,0.1698183809931832,51558000.0,0.1398016236706671,0.0,47957000.0,0.1300373650330537,11167000.0,36485000.0,0.09893056828473348,0.218,0.215,166968000,170298000,https://find-and-update.company-information.service.gov.uk/search/companies?q=Kingspan+Group+PLC,https://find-and-update.company-information.service.gov.uk/search/companies?q=Kingspan+Group+PLC,1620594127,17:02:07,20210509
23,1997-12-31,KGP.L,EUR,1997-12-31,1997-12-31,FY,303527000,0.0,0.0,0.0,1239000.0,0.0,0.0,0.0,261913000.0,261913000.0,3237000.0,7151000.0,48765000.0,0.16066116029216512,41614000.0,0.13710147696909994,0.0,38685000.0,0.1274515940921236,8616000.0,29362000.0,0.09673603995690663,0.18079381303646416,0.17698613622664255,162406000,165900000,https://find-and-update.company-information.service.gov.uk/search/companies?q=Kingspan+Group+PLC,https://find-and-update.company-information.service.gov.uk/search/companies?q=Kingspan+Group+PLC,1620594127,17:02:07,20210509
24,1996-12-31,KGP.L,EUR,1996-12-31,1996-12-31,FY,160151000,0.0,0.0,0.0,656000.0,0.0,0.0,0.0,142118000.0,142118000.0,1382000.0,4166000.0,22199000.0,0.13861293404349645,18033000.0,0.11259998376532147,0.0,16835000.0,0.1051195434308871,3129000.0,13241000.0,0.08267822242758396,0.48,0.48,27577000,27577000,https://find-and-update.company-information.service.gov.uk/search/companies?q=Kingspan+Group+PLC,https://find-and-update.company-information.service.gov.uk/search/companies?q=Kingspan+Group+PLC,1620594127,17:02:07,20210509
25,1995-12-31,KGP.L,EUR,1995-12-31,1995-12-31,FY,105844000,0.0,0.0,0.0,726000.0,0.0,0.0,36000.0,98970000.0,98970000.0,689000.0,2104000.0,8978000.0,0.08482294697857223,6874000.0,0.0649446355013038,0.0,7752000.0,0.07323986243906126,1018000.0,6287000.0,0.05939873776501266,0.237,0.237,26414000,26414000,https://find-and-update.company-information.service.gov.uk/search/companies?q=Kingspan+Group+PLC,https://find-and-update.company-information.service.gov.uk/search/companies?q=Kingspan+Group+PLC,1620594127,17:02:07,20210509
26,1994-12-31,KGP.L,EUR,1994-12-31,1994-12-31,FY,70072000,0.0,0.0,0.0,297000.0,0.0,0.0,60000.0,65540000.0,65540000.0,812000.0,1342000.0,5874000.0,0.08382806256421967,4532000.0,0.06467633291471629,0.0,4719000.0,0.06734501655440119,581000.0,3841000.0,0.05481504737983788,0.146,0.146,26316000,26316000,https://find-and-update.company-information.service.gov.uk/search/companies?q=Kingspan+Group+PLC,https://find-and-update.company-information.service.gov.uk/search/companies?q=Kingspan+Group+PLC,1620594127,17:02:07,20210509
27,1993-12-31,KGP.L,EUR,1993-12-31,1993-12-31,FY,61199000,0.0,0.0,0.0,256000.0,0.0,0.0,56000.0,57111000.0,57111000.0,1027000.0,1670000.0,5758000.0,0.09408650468144904,4088000.0,0.06679847709929901,0.0,3049000.0,0.049821075507769735,338000.0,2531000.0,0.0413568849164202,0.097,0.097,26053000,26053000,https://find-and-update.company-information.service.gov.uk/search/companies?q=Kingspan+Group+PLC,https://find-and-update.company-information.service.gov.uk/search/companies?q=Kingspan+Group+PLC,1620594127,17:02:07,20210509
28,1992-12-31,KGP.L,EUR,1992-12-31,1992-12-31,FY,53068000,0.0,0.0,0.0,0.0,0.0,0.0,0.0,51227000.0,51227000.0,1082000.0,1454000.0,3295000.0,0.06209014848873144,1841000.0,0.03469133941358257,0.0,1381000.0,0.026023215497098063,215000.0,995000.0,0.018749528906308887,0.038,0.038,26184211,26184211,https://find-and-update.company-information.service.gov.uk/search/companies?q=Kingspan+Group+PLC,https://find-and-update.company-information.service.gov.uk/search/companies?q=Kingspan+Group+PLC,1620594127,17:02:07,20210509
29,1991-12-31,KGP.L,EUR,1991-12-31,1991-12-31,FY,55980000,0.0,0.0,0.0,0.0,0.0,0.0,0.0,55980000.0,55980000.0,670000.0,1154000.0,4383000.0,0.07829581993569132,0.0,0.045712754555198284,0.0,2559000.0,0.045712754555198284,433000.0,1956000.0,0.034941050375133974,0.075086,0.075086,26050000,26050000,https://find-and-update.company-information.service.gov.uk/search/companies?q=Kingspan+Group+PLC,https://find-and-update.company-information.service.gov.uk/search/companies?q=Kingspan+Group+PLC,1620594127,17:02:07,20210509
30,1990-12-31,KGP.L,EUR,1990-12-31,1990-12-31,FY,53323000,0.0,0.0,0.0,0.0,0.0,0.0,0.0,53323000.0,53323000.0,537000.0,1335000.0,5478000.0,0.10273240440335316,0.0,0.06762560246047672,0.0,3606000.0,0.06762560246047672,487000.0,3059000.0,0.0573673649269546,0.117428,0.117428,26050000,26050000,https://find-and-update.company-information.service.gov.uk/search/companies?q=Kingspan+Group+PLC,https://find-and-update.company-information.service.gov.uk/search/companies?q=Kingspan+Group+PLC,1620594127,17:02:07,20210509
31,1989-12-31,KGP.L,EUR,1989-12-31,1989-12-31,FY,40473000,0.0,0.0,0.0,0.0,0.0,0.0,0.0,40473000.0,40473000.0,493000.0,690000.0,3994000.0,0.09868307266572778,0.0,0.06945370988066119,0.0,2811000.0,0.06945370988066119,260000.0,2551000.0,0.06302967410372347,0.014126233484323259,0.014126233484323259,180586000,180586000,https://find-and-update.company-information.service.gov.uk/search/companies?q=Kingspan+Group+PLC,https://find-and-update.company-information.service.gov.uk/search/companies?q=Kingspan+Group+PLC,1620594127,17:02:07,20210509
32,1988-12-31,KGP.L,EUR,1988-12-31,1988-12-31,FY,28863000,0.0,0.0,0.0,0.0,0.0,0.0,0.0,28863000.0,28863000.0,465000.0,610000.0,3206000.0,0.11107646467796141,0.0,0.07383154904202613,0.0,2131000.0,0.07383154904202613,155000.0,1925000.0,0.06669438381318643,0.073896,0.073896,26050000,26050000,https://find-and-update.company-information.service.gov.uk/search/companies?q=Kingspan+Group+PLC,https://find-and-update.company-information.service.gov.uk/search/companies?q=Kingspan+Group+PLC,1620594127,17:02:07,20210509
