,date,symbol,reportedCurrency,fillingDate,acceptedDate,period,revenue,costOfRevenue,grossProfit,grossProfitRatio,researchAndDevelopmentExpenses,generalAndAdministrativeExpenses,sellingAndMarketingExpenses,otherExpenses,operatingExpenses,costAndExpenses,interestExpense,depreciationAndAmortization,ebitda,ebitdaratio,operatingIncome,operatingIncomeRatio,totalOtherIncomeExpensesNet,incomeBeforeTax,incomeBeforeTaxRatio,incomeTaxExpense,netIncome,netIncomeRatio,eps,epsdiluted,weightedAverageShsOut,weightedAverageShsOutDil,link,finalLink,timestamp,est_time,est_date
0,2020-03-31,UNITEDTEA.NS,INR,2020-03-31,2020-03-31,FY,606983000,152675000,454308000,0.7484690675027142,0.0,12440000.0,0.0,0.0,354147000,506822000,495000.0,27675000.0,127836000,0.2106088638396792,100161000,0.16501450617233102,0.0,138782000,0.22864231782438718,31663000.0,107119000,0.17647775967366466,21.44,21.44,4997000.0,4997000.0,https://www.nseindia.com/companies-listing/corporate-filings-annual-reports,https://www.nseindia.com/companies-listing/corporate-filings-annual-reports,1620599299,18:28:19,20210509
1,2019-03-31,UNITEDTEA.NS,INR,2019-03-31,2019-03-31,FY,629002000,170694000,458308000,0.7286272539673959,0.0,6021000.0,1870000.0,0.0,360061000,530755000,714000.0,27146000.0,125393000,0.19935230730585912,98247000,0.1561950518440323,0.0,170010000,0.27028530910871507,26287000.0,143723000,0.22849370908200609,28.76,28.76,4997000.0,4997000.0,https://www.nseindia.com/companies-listing/corporate-filings-annual-reports,https://www.nseindia.com/companies-listing/corporate-filings-annual-reports,1620599299,18:28:19,20210509
2,2018-03-31,UNITEDTEA.NS,INR,2018-03-31,2018-03-31,FY,616558000,151529000,465029000,0.7542339893408244,0.0,4912000.0,2004000.0,0.0,336058000,487587000,683000.0,26554000.0,155525000,0.2522471527415101,128971000,0.20917902289808907,0.0,153008000,0.24816481174520483,31504000.0,117921000,0.19125694581856045,23.598359,23.598359,4997000.0,4997000.0,https://www.nseindia.com/companies-listing/corporate-filings-annual-reports,https://www.nseindia.com/companies-listing/corporate-filings-annual-reports,1620599299,18:28:19,20210509
3,2017-03-31,UNITEDTEA.NS,INR,2017-03-31,2017-03-31,FY,544254000,107504000,436750000,0.8024745798836572,0.0,4824000.0,30788000.0,0.0,336789000,444293000,0.0,26429000.0,126390000,0.232226129711495,99961000,0.18366608238065316,0.0,117034000,0.21503562674780524,30342000.0,86692000,0.1592859216468781,17.35,17.35,4996566.0,4996566.0,https://www.nseindia.com/companies-listing/corporate-filings-annual-reports,https://www.nseindia.com/companies-listing/corporate-filings-annual-reports,1620599299,18:28:19,20210509
4,2016-03-31,UNITEDTEA.NS,INR,2016-03-31,2016-03-31,FY,564984000,93278000,471706000,0.8349015193350608,0.0,4187000.0,31138000.0,0.0,356218000,449496000,29000.0,26688000.0,142176000,0.2516460643133257,115488000,0.20440932840576018,0.0,135591000,0.23999086699800348,33319000.0,102272000,0.18101751554026307,20.47,20.47,4996566.0,4996566.0,https://www.nseindia.com/companies-listing/corporate-filings-annual-reports,https://www.nseindia.com/companies-listing/corporate-filings-annual-reports,1620599299,18:28:19,20210509
5,2015-03-31,UNITEDTEA.NS,INR,2015-03-31,2015-03-31,FY,506448000,85568000,420880000,0.8310428711338578,0.0,3132000.0,29946000.0,0.0,322540000,408108000,413000.0,24766000.0,123106000,0.243077275455723,98340000,0.19417590749691974,0.0,112533000,0.2222005023220548,25558000.0,86975000,0.1717353015511958,17.41,17.41,4996566.0,4996566.0,https://www.nseindia.com/companies-listing/corporate-filings-annual-reports,https://www.nseindia.com/companies-listing/corporate-filings-annual-reports,1620599299,18:28:19,20210509
6,2014-03-31,UNITEDTEA.NS,INR,2014-03-31,2014-03-31,FY,491213000,109676000,381537000,0.7767241502158941,0.0,3235000.0,28135000.0,0.0,291654000,401330000,703000.0,21409000.0,111292000,0.22656566499665115,89883000,0.18298172076064761,0.0,100616000,0.20483171251575183,23016000.0,77600000,0.15797627505786696,15.53,15.53,4996566.0,4996566.0,https://www.nseindia.com/companies-listing/corporate-filings-annual-reports,https://www.nseindia.com/companies-listing/corporate-filings-annual-reports,1620599299,18:28:19,20210509
7,2013-03-31,UNITEDTEA.NS,INR,2013-03-31,2013-03-31,FY,367493000,81660000,285833000,0.7777916858280294,0.0,3676000.0,17734000.0,0.0,220326000,301986000,2191000.0,11585000.0,77092000,0.2097781454340627,65507000,0.178253735445301,0.0,70407000,0.19158732275172588,12958000.0,57449000,0.1563267871768986,11.5,11.5,4996566.0,4996566.0,https://www.nseindia.com/companies-listing/corporate-filings-annual-reports,https://www.nseindia.com/companies-listing/corporate-filings-annual-reports,1620599299,18:28:19,20210509
8,2012-03-31,UNITEDTEA.NS,INR,2012-03-31,2012-03-31,FY,319307000,68643000,250664000,0.7850250699170391,0.0,2392000.0,15721000.0,0.0,209909000,278552000,580000.0,9744000.0,50499000,0.15815187264920594,40755000,0.1276357862495968,0.0,52077000,0.1630938250649062,9843000.0,42234000,0.13226769222096604,8.45,8.45,4996566.0,4996566.0,https://www.nseindia.com/companies-listing/corporate-filings-annual-reports,https://www.nseindia.com/companies-listing/corporate-filings-annual-reports,1620599299,18:28:19,20210509
