,date,symbol,reportedCurrency,fillingDate,acceptedDate,period,revenue,costOfRevenue,grossProfit,grossProfitRatio,researchAndDevelopmentExpenses,generalAndAdministrativeExpenses,sellingAndMarketingExpenses,otherExpenses,operatingExpenses,costAndExpenses,interestExpense,depreciationAndAmortization,ebitda,ebitdaratio,operatingIncome,operatingIncomeRatio,totalOtherIncomeExpensesNet,incomeBeforeTax,incomeBeforeTaxRatio,incomeTaxExpense,netIncome,netIncomeRatio,eps,epsdiluted,weightedAverageShsOut,weightedAverageShsOutDil,link,finalLink,timestamp,est_time,est_date
0,2020-12-31,KYGA.L,EUR,2020-12-31,2020-12-31,FY,6953400000,0.0,0.0,0.0,0.0,0.0,0.0,0.0,0.0,0.0,72600000.0,200700000.0,908400000,0.1306411252049357,707700000.0,0.10177754767451894,0.0,635300000.0,0.09136537521212644,81200000.0,554100000.0,0.07968763482612823,3.134049773755656,3.134049773755656,176800000,176800000,https://find-and-update.company-information.service.gov.uk/search/companies?q=Kerry+Group+PLC,https://find-and-update.company-information.service.gov.uk/search/companies?q=Kerry+Group+PLC,1620594289,17:04:49,20210509
1,2019-12-31,KYGA.L,EUR,2019-12-31,2019-12-31,FY,7241300000,3863400000.0,3377900000.0,0.46647701379586537,0.0,948000000.0,0.0,0.0,2543500000.0,6406900000.0,84800000.0,258100000.0,1092500000,0.15087070001242872,834400000.0,0.115227928686838,0.0,645900000.0,0.08919669120185603,79400000.0,566500000.0,0.0782318092055294,3.204,3.199,176800000,177100000,https://find-and-update.company-information.service.gov.uk/search/companies?q=Kerry+Group+PLC,https://find-and-update.company-information.service.gov.uk/search/companies?q=Kerry+Group+PLC,1620594289,17:04:49,20210509
2,2018-12-31,KYGA.L,EUR,2018-12-31,2018-12-31,FY,6607600000,3658900000.0,2948700000.0,0.44625885344149163,0.0,445100000.0,0.0,0.0,2192700000.0,5851600000.0,67700000.0,190200000.0,946200000,0.14319874084387674,756000000.0,0.11441370543011078,0.0,617900000.0,0.09351352987468975,77400000.0,540500000.0,0.08179974574732127,3.059,3.057,176700000,176800000,https://find-and-update.company-information.service.gov.uk/search/companies?q=Kerry+Group+PLC,https://find-and-update.company-information.service.gov.uk/search/companies?q=Kerry+Group+PLC,1620594289,17:04:49,20210509
3,2017-12-31,KYGA.L,EUR,2017-12-31,2017-12-31,FY,6407900000,3548300000.0,2859600000.0,0.4462616457809891,0.0,436800000.0,0.0,0.0,2156300000.0,5704600000.0,66300000.0,184100000.0,887400000,0.13848530719892632,703300000.0,0.10975514599166654,0.0,613300000.0,0.09570998298974703,24800000.0,588500000.0,0.09183976029588477,3.336,3.332,176400000,176600000,https://find-and-update.company-information.service.gov.uk/search/companies?q=Kerry+Group+PLC,https://find-and-update.company-information.service.gov.uk/search/companies?q=Kerry+Group+PLC,1620594289,17:04:49,20210509
4,2016-12-31,KYGA.L,EUR,2016-12-31,2016-12-31,FY,6130600000,3305500000.0,2825100000.0,0.46081949564479824,0.0,469900000.0,0.0,0.0,2139100000.0,5444600000.0,72000000.0,179200000.0,865200000,0.14112811144096826,686000000.0,0.11189769353733729,0.0,611800000.0,0.0997944736241151,78700000.0,533100000.0,0.08695723093987538,3.029,3.02,176000000,176500000,https://find-and-update.company-information.service.gov.uk/search/companies?q=Kerry+Group+PLC,https://find-and-update.company-information.service.gov.uk/search/companies?q=Kerry+Group+PLC,1620594289,17:04:49,20210509
5,2015-12-31,KYGA.L,EUR,2015-12-31,2015-12-31,FY,6104900000,3285000000.0,2819900000.0,0.46190764795492145,0.0,487900000.0,0.0,0.0,2118000000.0,5403000000.0,66100000.0,165800000.0,867700000,0.14213173024947173,701900000.0,0.11497321823453292,0.0,602800000.0,0.09874035610738914,77400000.0,525400000.0,0.08606201575783387,2.987,2.984,175900000,176100000,https://find-and-update.company-information.service.gov.uk/search/companies?q=Kerry+Group+PLC,https://find-and-update.company-information.service.gov.uk/search/companies?q=Kerry+Group+PLC,1620594289,17:04:49,20210509
6,2014-12-31,KYGA.L,EUR,2014-12-31,2014-12-31,FY,5756600000,3194800000.0,2561800000.0,0.4450196296424973,0.0,473700000.0,0.0,0.0,1948000000.0,5142800000.0,52800000.0,133800000.0,747600000,0.12986832505298265,613800000.0,0.1066254386269673,0.0,555600000.0,0.09651530417260189,75700000.0,479900000.0,0.08336518083591009,2.73,2.727,175800000,176000000,https://find-and-update.company-information.service.gov.uk/search/companies?q=Kerry+Group+PLC,https://find-and-update.company-information.service.gov.uk/search/companies?q=Kerry+Group+PLC,1620594289,17:04:49,20210509
7,2013-12-31,KYGA.L,EUR,2013-12-31,2013-12-31,FY,5836700000,3284100000.0,2552600000.0,0.4373361659842034,0.0,477800000.0,0.0,0.0,1975800000.0,5259900000.0,67700000.0,139400000.0,716200000,0.12270632377884763,576800000.0,0.09882296503161032,0.0,121900000.0,0.0208850891771035,37500000.0,84400000.0,0.014460225812531053,0.4803642572566875,0.47981807845366686,175700000,175900000,https://find-and-update.company-information.service.gov.uk/search/companies?q=Kerry+Group+PLC,https://find-and-update.company-information.service.gov.uk/search/companies?q=Kerry+Group+PLC,1620594289,17:04:49,20210509
8,2012-12-31,KYGA.L,EUR,2012-12-31,2012-12-31,FY,5848300000,3352900000.0,2495400000.0,0.4266880973958244,0.0,490300000.0,0.0,0.0,1954800000.0,5307700000.0,50300000.0,140300000.0,680900000,0.11642699587914436,540600000.0,0.0924371184788742,0.0,324100000.0,0.05541781372364619,57100000.0,267000000.0,0.04565429270044286,1.52,1.519,175600000,175800000,https://find-and-update.company-information.service.gov.uk/search/companies?q=Kerry+Group+PLC,https://find-and-update.company-information.service.gov.uk/search/companies?q=Kerry+Group+PLC,1620594289,17:04:49,20210509
9,2011-12-31,KYGA.L,EUR,2011-12-31,2011-12-31,FY,5302200000,3136400000.0,2165800000.0,0.4084719550375316,167100000.0,0.0,0.0,0.0,1692800000.0,4829200000.0,46900000.0,122600000.0,595600000,0.11233073064011165,473000000.0,0.08920825317792615,0.0,433400000.0,0.08173965523744861,72700000.0,360700000.0,0.06802836558409717,2.055,2.054,175500000,175600000,https://find-and-update.company-information.service.gov.uk/search/companies?q=Kerry+Group+PLC,https://find-and-update.company-information.service.gov.uk/search/companies?q=Kerry+Group+PLC,1620594289,17:04:49,20210509
10,2010-12-31,KYGA.L,EUR,2010-12-31,2010-12-31,FY,4960000000,2822700000.0,2137300000.0,0.43090725806451613,156400000.0,0.0,0.0,0.0,1651000000.0,4473700000.0,61400000.0,166800000.0,653100000,0.1316733870967742,486300000.0,0.09804435483870967,0.0,392800000.0,0.07919354838709677,68600000.0,324200000.0,0.06536290322580646,1.85,1.847,175292000,175526000,https://find-and-update.company-information.service.gov.uk/search/companies?q=Kerry+Group+PLC,https://find-and-update.company-information.service.gov.uk/search/companies?q=Kerry+Group+PLC,1620594289,17:04:49,20210509
11,2009-12-31,KYGA.L,EUR,2009-12-31,2009-12-31,FY,4520746000,2856120000.0,1664626000.0,0.3682193160155426,147760000.0,0.0,0.0,0.0,1270671000.0,4126791000.0,71248000.0,116171000.0,510126000,0.11284111073703322,393955000.0,0.08714380325725002,0.0,251866000.0,0.05571337120023996,50644000.0,201222000.0,0.044510795342184675,1.15,1.149,174989000,175191000,https://find-and-update.company-information.service.gov.uk/search/companies?q=Kerry+Group+PLC,https://find-and-update.company-information.service.gov.uk/search/companies?q=Kerry+Group+PLC,1620594289,17:04:49,20210509
12,2008-12-31,KYGA.L,EUR,2008-12-31,2008-12-31,FY,4790770000,3128842000.0,1661928000.0,0.34690206376010535,147458000.0,0.0,0.0,0.0,1276261000.0,4405103000.0,81347000.0,111553000.0,497220000,0.10378707389417567,385667000.0,0.0805020904781486,0.0,240355000.0,0.050170431892994236,63380000.0,176975000.0,0.03694082579627075,1.013,1.011,174714000,175015000,https://find-and-update.company-information.service.gov.uk/search/companies?q=Kerry+Group+PLC,https://find-and-update.company-information.service.gov.uk/search/companies?q=Kerry+Group+PLC,1620594289,17:04:49,20210509
13,2007-12-31,KYGA.L,EUR,2007-12-31,2007-12-31,FY,4787766000,3089082000.0,1698684000.0,0.35479678831421585,145236000.0,0.0,0.0,0.0,1310227000.0,4399309000.0,82730000.0,114517000.0,502974000,0.10505400639880896,388457000.0,0.08113533535264672,0.0,298289000.0,0.06230233474234121,52171000.0,246118000.0,0.051405603364909645,1.374,1.37,179073000,179618000,https://find-and-update.company-information.service.gov.uk/search/companies?q=Kerry+Group+PLC,https://find-and-update.company-information.service.gov.uk/search/companies?q=Kerry+Group+PLC,1620594289,17:04:49,20210509
14,2006-12-31,KYGA.L,EUR,2006-12-31,2006-12-31,FY,4645920000,0.0,0.0,0.0,139018000.0,0.0,0.0,0.0,4274325000.0,4274325000.0,78936000.0,120919000.0,492514000,0.10601000447704653,371595000.0,0.07998308192995145,0.0,221240000.0,0.04762027757688467,43491000.0,177749000.0,0.03825916072597031,0.956,0.952,185949000,186664000,https://find-and-update.company-information.service.gov.uk/search/companies?q=Kerry+Group+PLC,https://find-and-update.company-information.service.gov.uk/search/companies?q=Kerry+Group+PLC,1620594289,17:04:49,20210509
15,2005-12-31,KYGA.L,EUR,2005-12-31,2005-12-31,FY,4429777000,0.0,0.0,0.0,124739000.0,0.0,0.0,0.0,4059895000.0,4059895000.0,70105000.0,115449000.0,485331000,0.10956104562374133,369882000.0,0.08349901134978126,0.0,297906000.0,0.06725078937382176,62030000.0,235876000.0,0.05324782714795801,1.261,1.255,187051000,187930000,https://find-and-update.company-information.service.gov.uk/search/companies?q=Kerry+Group+PLC,https://find-and-update.company-information.service.gov.uk/search/companies?q=Kerry+Group+PLC,1620594289,17:04:49,20210509
16,2004-12-31,KYGA.L,EUR,2004-12-31,2004-12-31,FY,4128736000,0.0,0.0,0.0,110922000.0,0.0,0.0,0.0,3782778000.0,3782778000.0,52198000.0,104548000.0,450506000,0.10911475085837409,345958000.0,0.08379271525231935,0.0,268627000.0,0.06506276981623431,64577000.0,204050000.0,0.049421905396712214,1.095,1.089,186401000,187308000,https://find-and-update.company-information.service.gov.uk/search/companies?q=Kerry+Group+PLC,https://find-and-update.company-information.service.gov.uk/search/companies?q=Kerry+Group+PLC,1620594289,17:04:49,20210509
17,2003-12-31,KYGA.L,EUR,2003-12-31,2003-12-31,FY,3693410000,0.0,0.0,0.0,88377000.0,0.0,0.0,0.0,3337730000.0,3337730000.0,38299000.0,83827000.0,439507000,0.11899762008550364,355680000.0,0.09630125006430372,0.0,224002000.0,0.06064910204932569,63025000.0,160977000.0,0.04358492558367471,0.867,0.864,185707000,186418000,https://find-and-update.company-information.service.gov.uk/search/companies?q=Kerry+Group+PLC,https://find-and-update.company-information.service.gov.uk/search/companies?q=Kerry+Group+PLC,1620594289,17:04:49,20210509
18,2002-12-31,KYGA.L,EUR,2002-12-31,2002-12-31,FY,3754808000,0.0,0.0,0.0,78492000.0,0.0,0.0,0.0,3353418000.0,3353418000.0,51989000.0,84952000.0,486342000,0.12952513151138487,401390000.0,0.10690027293006726,0.0,159192000.0,0.04239684159616151,55289000.0,103903000.0,0.0276719874891073,0.561,0.557,185364000,186390000,https://find-and-update.company-information.service.gov.uk/search/companies?q=Kerry+Group+PLC,https://find-and-update.company-information.service.gov.uk/search/companies?q=Kerry+Group+PLC,1620594289,17:04:49,20210509
19,2001-12-31,KYGA.L,EUR,2001-12-31,2001-12-31,FY,3002781000,0.0,0.0,0.0,58661000.0,0.0,0.0,0.0,2719264000.0,2719264000.0,49526000.0,70438000.0,353955000,0.1178757291990325,283517000.0,0.0944181410499134,0.0,189729000.0,0.06318442803521136,56595000.0,133134000.0,0.044336899693983675,0.758,0.753,175674000,176870000,https://find-and-update.company-information.service.gov.uk/search/companies?q=Kerry+Group+PLC,https://find-and-update.company-information.service.gov.uk/search/companies?q=Kerry+Group+PLC,1620594289,17:04:49,20210509
20,2000-12-31,KYGA.L,EUR,2000-12-31,2000-12-31,FY,2621913000,0.0,0.0,0.0,52406000.0,0.0,0.0,0.0,2373252000.0,2373252000.0,47033000.0,62422000.0,311083000,0.11864733879423155,248661000.0,0.09483953128879562,0.0,173153000.0,0.06604071149576664,40649000.0,132504000.0,0.05053714596937427,0.77,0.764,172149000,173501000,https://find-and-update.company-information.service.gov.uk/search/companies?q=Kerry+Group+PLC,https://find-and-update.company-information.service.gov.uk/search/companies?q=Kerry+Group+PLC,1620594289,17:04:49,20210509
21,1999-12-31,KYGA.L,EUR,1999-12-31,1999-12-31,FY,2456352000,0.0,0.0,0.0,44333000.0,0.0,0.0,0.0,2205276000.0,2205276000.0,42845000.0,55078000.0,306154000,0.12463767407928505,251076000.0,0.10221499198811897,0.0,113843000.0,0.04634637055275465,38365000.0,75478000.0,0.03072768072328396,0.439,0.436,172047000,173076000,https://find-and-update.company-information.service.gov.uk/search/companies?q=Kerry+Group+PLC,https://find-and-update.company-information.service.gov.uk/search/companies?q=Kerry+Group+PLC,1620594289,17:04:49,20210509
22,1998-12-31,KYGA.L,EUR,1998-12-31,1998-12-31,FY,2200002000,0.0,0.0,0.0,32428000.0,0.0,0.0,0.0,2017162000.0,2017162000.0,45494000.0,52154000.0,234994000,0.10681535744058414,182840000.0,0.08310901535544059,0.0,119174000.0,0.054169950754590225,24380000.0,94794000.0,0.04308814264714305,0.555,0.551,170805000,171802000,https://find-and-update.company-information.service.gov.uk/search/companies?q=Kerry+Group+PLC,https://find-and-update.company-information.service.gov.uk/search/companies?q=Kerry+Group+PLC,1620594289,17:04:49,20210509
23,1997-12-31,KYGA.L,EUR,1997-12-31,1997-12-31,FY,1706692000,0.0,0.0,0.0,19309000.0,0.0,0.0,0.0,1573508000.0,1573508000.0,34408000.0,38500000.0,171684000,0.1005946005488981,133184000.0,0.07803634164805366,0.0,99747000.0,0.05844464027487092,17681000.0,82066000.0,0.04808483311575844,0.5,0.5,163855000,163855000,https://find-and-update.company-information.service.gov.uk/search/companies?q=Kerry+Group+PLC,https://find-and-update.company-information.service.gov.uk/search/companies?q=Kerry+Group+PLC,1620594289,17:04:49,20210509
24,1996-12-31,KYGA.L,EUR,1996-12-31,1996-12-31,FY,1565908000,0.0,0.0,0.0,16645000.0,0.0,0.0,0.0,1450877000.0,1450877000.0,35741000.0,34471000.0,149502000,0.09547304183898415,115031000.0,0.07345961576286729,0.0,79635000.0,0.05085547809960739,9019000.0,70616000.0,0.04509588047318233,0.342,0.342,163855000,163855000,https://find-and-update.company-information.service.gov.uk/search/companies?q=Kerry+Group+PLC,https://find-and-update.company-information.service.gov.uk/search/companies?q=Kerry+Group+PLC,1620594289,17:04:49,20210509
25,1995-12-31,KYGA.L,EUR,1995-12-31,1995-12-31,FY,1522534000,0.0,0.0,0.0,14836000.0,0.0,0.0,0.0,1397993000.0,1397993000.0,38308000.0,30723000.0,155264000,0.10197736142509789,124541000.0,0.08179850170833623,0.0,54831000.0,0.03601298887249808,6419000.0,48412000.0,0.03179699106883656,0.296,0.296,163855000,163855000,https://find-and-update.company-information.service.gov.uk/search/companies?q=Kerry+Group+PLC,https://find-and-update.company-information.service.gov.uk/search/companies?q=Kerry+Group+PLC,1620594289,17:04:49,20210509
26,1994-12-31,KYGA.L,EUR,1994-12-31,1994-12-31,FY,882697000,0.0,0.0,0.0,8270000.0,0.0,0.0,0.0,823174000.0,823174000.0,12219000.0,18441000.0,77964000,0.08832475923221672,59523000.0,0.06743310558436247,0.0,39730000.0,0.045009782518803165,7480000.0,32250000.0,0.036535753491855075,0.205,0.205,157017000,157017000,https://find-and-update.company-information.service.gov.uk/search/companies?q=Kerry+Group+PLC,https://find-and-update.company-information.service.gov.uk/search/companies?q=Kerry+Group+PLC,1620594289,17:04:49,20210509
27,1993-12-31,KYGA.L,EUR,1993-12-31,1993-12-31,FY,879875000,0.0,0.0,0.0,5371000.0,0.0,0.0,0.0,825508000.0,825508000.0,11146000.0,15613000.0,69980000,0.07953402471942037,54367000.0,0.06178945872993323,0.0,35014000.0,0.03979428896150021,5959000.0,28870000.0,0.032811478903253304,0.185,0.185,156055000,156055000,https://find-and-update.company-information.service.gov.uk/search/companies?q=Kerry+Group+PLC,https://find-and-update.company-information.service.gov.uk/search/companies?q=Kerry+Group+PLC,1620594289,17:04:49,20210509
28,1992-12-31,KYGA.L,EUR,1992-12-31,1992-12-31,FY,826737000,0.0,0.0,0.0,3817000.0,0.0,0.0,0.0,777024000.0,777024000.0,14111000.0,14030000.0,63743000,0.07710190786187143,49713000.0,0.06013157751497756,0.0,28718000.0,0.03473656072003551,3901000.0,24661000.0,0.0298293169411796,0.158,0.158,156082278,156082278,https://find-and-update.company-information.service.gov.uk/search/companies?q=Kerry+Group+PLC,https://find-and-update.company-information.service.gov.uk/search/companies?q=Kerry+Group+PLC,1620594289,17:04:49,20210509
29,1991-12-31,KYGA.L,EUR,1991-12-31,1991-12-31,FY,754931000,0.0,0.0,0.0,3105000.0,0.0,0.0,0.0,754931000.0,754931000.0,14813000.0,15942000.0,54898000,0.07271922864473707,0.0,0.03198040615632422,0.0,24143000.0,0.03198040615632422,1645000.0,22293000.0,0.02952985107248212,0.142849,0.142849,156060000,156060000,https://find-and-update.company-information.service.gov.uk/search/companies?q=Kerry+Group+PLC,https://find-and-update.company-information.service.gov.uk/search/companies?q=Kerry+Group+PLC,1620594289,17:04:49,20210509
30,1990-12-31,KYGA.L,EUR,1990-12-31,1990-12-31,FY,584099000,0.0,0.0,0.0,2302000.0,0.0,0.0,0.0,584099000.0,584099000.0,11116000.0,10751000.0,41135000,0.07042470540096799,0.0,0.03298755861591956,0.0,19268000.0,0.03298755861591956,666000.0,18297000.0,0.03132516919220885,0.117243,0.117243,156060000,156060000,https://find-and-update.company-information.service.gov.uk/search/companies?q=Kerry+Group+PLC,https://find-and-update.company-information.service.gov.uk/search/companies?q=Kerry+Group+PLC,1620594289,17:04:49,20210509
31,1989-12-31,KYGA.L,EUR,1989-12-31,1989-12-31,FY,559551000,0.0,0.0,0.0,2212000.0,0.0,0.0,0.0,559551000.0,559551000.0,12667000.0,11103000.0,40899000,0.07309253312030539,0.0,0.030612044299804665,0.0,17129000.0,0.030612044299804665,467000.0,16234000.0,0.02901254756045472,0.104024,0.104024,156060000,156060000,https://find-and-update.company-information.service.gov.uk/search/companies?q=Kerry+Group+PLC,https://find-and-update.company-information.service.gov.uk/search/companies?q=Kerry+Group+PLC,1620594289,17:04:49,20210509
32,1988-12-31,KYGA.L,EUR,1988-12-31,1988-12-31,FY,396721000,0.0,0.0,0.0,1112000.0,0.0,0.0,0.0,396721000.0,396721000.0,5332000.0,6904000.0,24532000,0.06183690805377079,0.0,0.03099407392096713,0.0,12296000.0,0.03099407392096713,322000.0,11426000.0,0.028801096992596812,0.073215,0.073215,156060000,156060000,https://find-and-update.company-information.service.gov.uk/search/companies?q=Kerry+Group+PLC,https://find-and-update.company-information.service.gov.uk/search/companies?q=Kerry+Group+PLC,1620594289,17:04:49,20210509
33,1987-12-31,KYGA.L,EUR,1987-12-31,1987-12-31,FY,291289000,0.0,0.0,0.0,894000.0,0.0,0.0,0.0,291289000.0,291289000.0,3806000.0,5081000.0,16996000,0.05834755174414413,0.0,0.027838332377810353,0.0,8109000.0,0.027838332377810353,216000.0,7413000.0,0.025448952758257263,0.047501,0.047501,156060000,156060000,https://find-and-update.company-information.service.gov.uk/search/companies?q=Kerry+Group+PLC,https://find-and-update.company-information.service.gov.uk/search/companies?q=Kerry+Group+PLC,1620594289,17:04:49,20210509
34,1986-12-31,KYGA.L,EUR,1986-12-31,1986-12-31,FY,265242000,0.0,0.0,0.0,778000.0,0.0,0.0,0.0,265242000.0,265242000.0,5546000.0,5000000.0,16875000,0.06362114597235732,0.0,0.0238612286138696,0.0,6329000.0,0.0238612286138696,37000.0,5841000.0,0.022021399325898614,0.037428,0.037428,156060000,156060000,https://find-and-update.company-information.service.gov.uk/search/companies?q=Kerry+Group+PLC,https://find-and-update.company-information.service.gov.uk/search/companies?q=Kerry+Group+PLC,1620594289,17:04:49,20210509
35,1985-12-31,KYGA.L,EUR,1985-12-31,1985-12-31,FY,211239000,0.0,0.0,0.0,519000.0,0.0,0.0,0.0,211239000.0,211239000.0,3251000.0,4201000.0,12565000,0.05948238724856679,0.0,0.024204810664697332,0.0,5113000.0,0.024204810664697332,0.0,4527000.0,0.021430701717012484,0.029008,0.029008,156060000,156060000,https://find-and-update.company-information.service.gov.uk/search/companies?q=Kerry+Group+PLC,https://find-and-update.company-information.service.gov.uk/search/companies?q=Kerry+Group+PLC,1620594289,17:04:49,20210509
