,date,symbol,reportedCurrency,fillingDate,acceptedDate,period,revenue,costOfRevenue,grossProfit,grossProfitRatio,researchAndDevelopmentExpenses,generalAndAdministrativeExpenses,sellingAndMarketingExpenses,otherExpenses,operatingExpenses,costAndExpenses,interestExpense,depreciationAndAmortization,ebitda,ebitdaratio,operatingIncome,operatingIncomeRatio,totalOtherIncomeExpensesNet,incomeBeforeTax,incomeBeforeTaxRatio,incomeTaxExpense,netIncome,netIncomeRatio,eps,epsdiluted,weightedAverageShsOut,weightedAverageShsOutDil,link,finalLink,timestamp,est_time,est_date
0,2020-07-31,HBP.TO,CAD,2020-07-31,2020-07-31,FY,0.0,0.0,0.0,0.0,5868000.0,2719000.0,0.0,0.0,8616000.0,8616000.0,25000.0,29000.0,-8587000.0,0.0,-8616000.0,0.0,55000.0,-8561000.0,0.0,0.0,-8985000.0,0.0,-0.08425085578381093,-0.08425085578381093,106645801,106645801,https://www.sedar.com/ModifyCompanyDocumentSearchForm.do?lang=EN&company_search=Helix Biopharma Corp&document_selection=0&industry_group=A&FromDate=13&FromMonth=05&FromYear=2000&ToDate=13&ToMonth=11&ToYear=2020&Variable=Issuer,https://www.sedar.com/ModifyCompanyDocumentSearchForm.do?lang=EN&company_search=Helix Biopharma Corp&document_selection=0&industry_group=A&FromDate=13&FromMonth=05&FromYear=2000&ToDate=13&ToMonth=11&ToYear=2020&Variable=Issuer,1620592973,16:42:53,20210509
1,2019-07-31,HBP.TO,CAD,2019-07-31,2019-07-31,FY,0.0,0.0,0.0,0.0,5006000.0,2469000.0,0.0,0.0,7492000.0,7492000.0,1000.0,17000.0,-7475000.0,0.0,-7492000.0,0.0,-36000.0,-7526000.0,0.0,0.0,-7526000.0,0.0,-0.07,-0.07,106645801,106645801,https://www.sedar.com/ModifyCompanyDocumentSearchForm.do?lang=EN&company_search=Helix Biopharma Corp&document_selection=0&industry_group=A&FromDate=13&FromMonth=05&FromYear=2000&ToDate=13&ToMonth=11&ToYear=2020&Variable=Issuer,https://www.sedar.com/ModifyCompanyDocumentSearchForm.do?lang=EN&company_search=Helix Biopharma Corp&document_selection=0&industry_group=A&FromDate=13&FromMonth=05&FromYear=2000&ToDate=13&ToMonth=11&ToYear=2020&Variable=Issuer,1620592973,16:42:53,20210509
2,2018-07-31,HBP.TO,CAD,2018-07-31,2018-07-31,FY,0.0,0.0,0.0,0.0,6084000.0,2436000.0,0.0,0.0,8546000.0,8546000.0,29000.0,26000.0,-8520000.0,0.0,-8546000.0,0.0,-59000.0,-8625000.0,0.0,0.0,-8625000.0,0.0,-0.09,-0.09,99928708,99928708,https://www.sedar.com/ModifyCompanyDocumentSearchForm.do?lang=EN&company_search=Helix Biopharma Corp&document_selection=0&industry_group=A&FromDate=13&FromMonth=05&FromYear=2000&ToDate=13&ToMonth=11&ToYear=2020&Variable=Issuer,https://www.sedar.com/ModifyCompanyDocumentSearchForm.do?lang=EN&company_search=Helix Biopharma Corp&document_selection=0&industry_group=A&FromDate=13&FromMonth=05&FromYear=2000&ToDate=13&ToMonth=11&ToYear=2020&Variable=Issuer,1620592973,16:42:53,20210509
3,2017-07-31,HBP.TO,CAD,2017-07-31,2017-07-31,FY,0.0,0.0,0.0,0.0,7055000.0,3207000.0,0.0,0.0,10262000.0,10262000.0,14000.0,130000.0,-10132000.0,0.0,-10262000.0,0.0,201000.0,-10059000.0,0.0,0.0,-10059000.0,0.0,-0.11,-0.11,91797627,91797627,https://www.sedar.com/ModifyCompanyDocumentSearchForm.do?lang=EN&company_search=Helix Biopharma Corp&document_selection=0&industry_group=A&FromDate=13&FromMonth=05&FromYear=2000&ToDate=13&ToMonth=11&ToYear=2020&Variable=Issuer,https://www.sedar.com/ModifyCompanyDocumentSearchForm.do?lang=EN&company_search=Helix Biopharma Corp&document_selection=0&industry_group=A&FromDate=13&FromMonth=05&FromYear=2000&ToDate=13&ToMonth=11&ToYear=2020&Variable=Issuer,1620592973,16:42:53,20210509
4,2016-07-31,HBP.TO,CAD,2016-07-31,2016-07-31,FY,0.0,0.0,0.0,0.0,5821000.0,3836000.0,0.0,0.0,9657000.0,9657000.0,17000.0,134000.0,-9523000.0,0.0,-9657000.0,0.0,-17000.0,-9665000.0,0.0,0.0,-9665000.0,0.0,-0.11,-0.11,85550926,85550926,https://www.sedar.com/ModifyCompanyDocumentSearchForm.do?lang=EN&company_search=Helix Biopharma Corp&document_selection=0&industry_group=A&FromDate=13&FromMonth=05&FromYear=2000&ToDate=13&ToMonth=11&ToYear=2020&Variable=Issuer,https://www.sedar.com/ModifyCompanyDocumentSearchForm.do?lang=EN&company_search=Helix Biopharma Corp&document_selection=0&industry_group=A&FromDate=13&FromMonth=05&FromYear=2000&ToDate=13&ToMonth=11&ToYear=2020&Variable=Issuer,1620592973,16:42:53,20210509
5,2015-07-31,HBP.TO,CAD,2015-07-31,2015-07-31,FY,0.0,0.0,0.0,0.0,4885000.0,3892000.0,0.0,0.0,8777000.0,8777000.0,13000.0,133000.0,-8644000.0,0.0,-8777000.0,0.0,-46000.0,-8780000.0,0.0,0.0,-8730000.0,0.0,-0.11,-0.11,78592444,78592444,https://www.sedar.com/ModifyCompanyDocumentSearchForm.do?lang=EN&company_search=Helix Biopharma Corp&document_selection=0&industry_group=A&FromDate=13&FromMonth=05&FromYear=2000&ToDate=13&ToMonth=11&ToYear=2020&Variable=Issuer,https://www.sedar.com/ModifyCompanyDocumentSearchForm.do?lang=EN&company_search=Helix Biopharma Corp&document_selection=0&industry_group=A&FromDate=13&FromMonth=05&FromYear=2000&ToDate=13&ToMonth=11&ToYear=2020&Variable=Issuer,1620592973,16:42:53,20210509
6,2014-07-31,HBP.TO,CAD,2014-07-31,2014-07-31,FY,0.0,0.0,0.0,0.0,5239000.0,3496000.0,0.0,0.0,8735000.0,8735000.0,19000.0,232000.0,-8503000.0,0.0,-8735000.0,0.0,29000.0,-8682000.0,0.0,0.0,-8682000.0,0.0,-0.12,-0.12,70955132,70955132,https://www.sedar.com/ModifyCompanyDocumentSearchForm.do?lang=EN&company_search=Helix Biopharma Corp&document_selection=0&industry_group=A&FromDate=13&FromMonth=05&FromYear=2000&ToDate=13&ToMonth=11&ToYear=2020&Variable=Issuer,https://www.sedar.com/ModifyCompanyDocumentSearchForm.do?lang=EN&company_search=Helix Biopharma Corp&document_selection=0&industry_group=A&FromDate=13&FromMonth=05&FromYear=2000&ToDate=13&ToMonth=11&ToYear=2020&Variable=Issuer,1620592973,16:42:53,20210509
7,2013-07-31,HBP.TO,CAD,2013-07-31,2013-07-31,FY,0.0,0.0,0.0,0.0,5032000.0,3196000.0,0.0,0.0,8228000.0,8228000.0,25000.0,396000.0,-7832000.0,0.0,-8228000.0,0.0,9000.0,-8194000.0,0.0,0.0,-1545000.0,0.0,-0.02,-0.02,67226337,67226337,https://www.sedar.com/ModifyCompanyDocumentSearchForm.do?lang=EN&company_search=Helix Biopharma Corp&document_selection=0&industry_group=A&FromDate=13&FromMonth=05&FromYear=2000&ToDate=13&ToMonth=11&ToYear=2020&Variable=Issuer,https://www.sedar.com/ModifyCompanyDocumentSearchForm.do?lang=EN&company_search=Helix Biopharma Corp&document_selection=0&industry_group=A&FromDate=13&FromMonth=05&FromYear=2000&ToDate=13&ToMonth=11&ToYear=2020&Variable=Issuer,1620592973,16:42:53,20210509
8,2012-07-31,HBP.TO,CAD,2012-07-31,2012-07-31,FY,4260000.0,1741000.0,2519000.0,0.5913145539906103,7450000.0,4580000.0,1088000.0,0.0,13118000.0,14859000.0,17000.0,699000.0,-9900000.0,-2.323943661971831,-10599000.0,-2.4880281690140844,-6932000.0,-17423000.0,-4.089906103286385,0.0,-17423000.0,-4.089906103286385,-0.26,-0.26,67213802,67213802,https://www.sedar.com/ModifyCompanyDocumentSearchForm.do?lang=EN&company_search=Helix Biopharma Corp&document_selection=0&industry_group=A&FromDate=13&FromMonth=05&FromYear=2000&ToDate=13&ToMonth=11&ToYear=2020&Variable=Issuer,https://www.sedar.com/ModifyCompanyDocumentSearchForm.do?lang=EN&company_search=Helix Biopharma Corp&document_selection=0&industry_group=A&FromDate=13&FromMonth=05&FromYear=2000&ToDate=13&ToMonth=11&ToYear=2020&Variable=Issuer,1620592973,16:42:53,20210509
9,2011-07-31,HBP.TO,CAD,2011-07-31,2011-07-31,FY,4532000.0,1642000.0,2890000.0,0.6376875551632833,7323000.0,6516000.0,1124000.0,0.0,15367000.0,17009000.0,0.0,404000.0,-12073000.0,-2.663945278022948,-12477000.0,-2.753089143865843,1275000.0,-11014000.0,-2.43027360988526,334000.0,-11348000.0,-2.5039717563989408,-0.17,-0.17,65321170,65321170,https://www.sedar.com/ModifyCompanyDocumentSearchForm.do?lang=EN&company_search=Helix Biopharma Corp&document_selection=0&industry_group=A&FromDate=13&FromMonth=05&FromYear=2000&ToDate=13&ToMonth=11&ToYear=2020&Variable=Issuer,https://www.sedar.com/ModifyCompanyDocumentSearchForm.do?lang=EN&company_search=Helix Biopharma Corp&document_selection=0&industry_group=A&FromDate=13&FromMonth=05&FromYear=2000&ToDate=13&ToMonth=11&ToYear=2020&Variable=Issuer,1620592973,16:42:53,20210509
10,2010-07-31,HBP.TO,CAD,2010-07-31,2010-07-31,FY,4434000.0,1669000.0,2765000.0,0.6235904375281912,10715000.0,4451000.0,1125000.0,0.0,16673000.0,18342000.0,0.0,429000.0,-13479000.0,-3.0399188092016236,-13908000.0,-3.1366711772665763,-564000.0,-14423000.0,-3.2528191249436174,46000.0,-14469000.0,-3.26319350473613,-0.24,-0.24,59123321,59123321,https://www.sedar.com/ModifyCompanyDocumentSearchForm.do?lang=EN&company_search=Helix Biopharma Corp&document_selection=0&industry_group=A&FromDate=13&FromMonth=05&FromYear=2000&ToDate=13&ToMonth=11&ToYear=2020&Variable=Issuer,https://www.sedar.com/ModifyCompanyDocumentSearchForm.do?lang=EN&company_search=Helix Biopharma Corp&document_selection=0&industry_group=A&FromDate=13&FromMonth=05&FromYear=2000&ToDate=13&ToMonth=11&ToYear=2020&Variable=Issuer,1620592973,16:42:53,20210509
11,2009-07-31,HBP.TO,CAD,2009-07-31,2009-07-31,FY,3841000.0,1516000.0,2325000.0,0.6053111168966415,10322000.0,4940000.0,969000.0,0.0,16615000.0,18131000.0,0.0,384000.0,-13906000.0,-3.620411351210622,-14290000.0,-3.720385316323874,-133000.0,-14084000.0,-3.6667534496224943,18000.0,-14102000.0,-3.6714397292371777,-0.27,-0.27,52001636,52001636,https://www.sedar.com/ModifyCompanyDocumentSearchForm.do?lang=EN&company_search=Helix Biopharma Corp&document_selection=0&industry_group=A&FromDate=13&FromMonth=05&FromYear=2000&ToDate=13&ToMonth=11&ToYear=2020&Variable=Issuer,https://www.sedar.com/ModifyCompanyDocumentSearchForm.do?lang=EN&company_search=Helix Biopharma Corp&document_selection=0&industry_group=A&FromDate=13&FromMonth=05&FromYear=2000&ToDate=13&ToMonth=11&ToYear=2020&Variable=Issuer,1620592973,16:42:53,20210509
12,2008-07-31,HBP.TO,CAD,2008-07-31,2008-07-31,FY,3591000.0,1239000.0,2352000.0,0.6549707602339181,5064000.0,4801000.0,0.0,0.0,10135000.0,11374000.0,0.0,270000.0,-7513000.0,-2.0921748816485657,-7783000.0,-2.167362851573378,327000.0,-6811000.0,-1.8966861598440545,153000.0,-6964000.0,-1.9392926761347813,-0.16,-0.16,42469362,42469362,https://www.sedar.com/ModifyCompanyDocumentSearchForm.do?lang=EN&company_search=Helix Biopharma Corp&document_selection=0&industry_group=A&FromDate=13&FromMonth=05&FromYear=2000&ToDate=13&ToMonth=11&ToYear=2020&Variable=Issuer,https://www.sedar.com/ModifyCompanyDocumentSearchForm.do?lang=EN&company_search=Helix Biopharma Corp&document_selection=0&industry_group=A&FromDate=13&FromMonth=05&FromYear=2000&ToDate=13&ToMonth=11&ToYear=2020&Variable=Issuer,1620592973,16:42:53,20210509
13,2007-07-31,HBP.TO,CAD,2007-07-31,2007-07-31,FY,3424000.0,1139000.0,2285000.0,0.6673481308411215,4116000.0,4465000.0,0.0,0.0,10359000.0,11498000.0,0.0,1778000.0,-6296000.0,-1.838785046728972,-8074000.0,-2.3580607476635516,9000.0,-7569000.0,-2.210572429906542,105000.0,-7674000.0,-2.241238317757009,-0.22,-0.22,35615335,35615335,https://www.sedar.com/ModifyCompanyDocumentSearchForm.do?lang=EN&company_search=Helix Biopharma Corp&document_selection=0&industry_group=A&FromDate=13&FromMonth=05&FromYear=2000&ToDate=13&ToMonth=11&ToYear=2020&Variable=Issuer,https://www.sedar.com/ModifyCompanyDocumentSearchForm.do?lang=EN&company_search=Helix Biopharma Corp&document_selection=0&industry_group=A&FromDate=13&FromMonth=05&FromYear=2000&ToDate=13&ToMonth=11&ToYear=2020&Variable=Issuer,1620592973,16:42:53,20210509
