,date,symbol,reportedCurrency,fillingDate,acceptedDate,period,revenue,costOfRevenue,grossProfit,grossProfitRatio,researchAndDevelopmentExpenses,generalAndAdministrativeExpenses,sellingAndMarketingExpenses,otherExpenses,operatingExpenses,costAndExpenses,interestExpense,depreciationAndAmortization,ebitda,ebitdaratio,operatingIncome,operatingIncomeRatio,totalOtherIncomeExpensesNet,incomeBeforeTax,incomeBeforeTaxRatio,incomeTaxExpense,netIncome,netIncomeRatio,eps,epsdiluted,weightedAverageShsOut,weightedAverageShsOutDil,link,finalLink,timestamp,est_time,est_date
0,2020-12-31,CFW.TO,CAD,2020-12-31,2020-12-31,FY,705436000,806577000,-101141000.0,-0.1433737433303659,0.0,48883000.0,0.0,0.0,0.0,855460000,91267000.0,172021000.0,21997000.0,0.031182134169506517,-150024000.0,-0.21266847736718852,85679000.0,-155612000.0,-0.22058981962927893,168623000.0,-324235000.0,-0.4596235519593556,-2.2428383050095464,-2.2428383050095464,144564590,144564590,https://www.sedar.com/ModifyCompanyDocumentSearchForm.do?lang=EN&company_search=Calfrac Well Services Ltd&document_selection=0&industry_group=A&FromDate=13&FromMonth=05&FromYear=2000&ToDate=13&ToMonth=11&ToYear=2020&Variable=Issuer,https://www.sedar.com/ModifyCompanyDocumentSearchForm.do?lang=EN&company_search=Calfrac Well Services Ltd&document_selection=0&industry_group=A&FromDate=13&FromMonth=05&FromYear=2000&ToDate=13&ToMonth=11&ToYear=2020&Variable=Issuer,1620590175,15:56:15,20210509
1,2019-12-31,CFW.TO,CAD,2019-12-31,2019-12-31,FY,1620955000,1659564000,-38609000.0,-0.023818674793563054,0.0,69874000.0,0.0,0.0,69874000.0,1729438000,85826000.0,261227000.0,152744000.0,0.09423087007350606,-108483000.0,-0.06692536190085474,-14120000.0,-208429000.0,-0.1285840754370109,-52226000.0,-156203000.0,-0.09636479729542152,-1.0805066441235713,-1.0737466003804248,144564590,145474733,https://www.sedar.com/ModifyCompanyDocumentSearchForm.do?lang=EN&company_search=Calfrac Well Services Ltd&document_selection=0&industry_group=A&FromDate=13&FromMonth=05&FromYear=2000&ToDate=13&ToMonth=11&ToYear=2020&Variable=Issuer,https://www.sedar.com/ModifyCompanyDocumentSearchForm.do?lang=EN&company_search=Calfrac Well Services Ltd&document_selection=0&industry_group=A&FromDate=13&FromMonth=05&FromYear=2000&ToDate=13&ToMonth=11&ToYear=2020&Variable=Issuer,1620590175,15:56:15,20210509
2,2018-12-31,CFW.TO,CAD,2018-12-31,2018-12-31,FY,2256426000,2012973000,243453000.0,0.10789319038160347,0.0,91946000.0,0.0,0.0,91946000.0,2104919000,106630000.0,160318000.0,311825000.0,0.13819420623587922,151507000.0,0.06714467924053348,-75646000.0,-30769000.0,-0.013636166220385689,-4592000.0,-18188000.0,-0.008060534668542198,-0.12626880607178842,-0.12387203522945744,144041910,146828943,https://www.sedar.com/ModifyCompanyDocumentSearchForm.do?lang=EN&company_search=Calfrac Well Services Ltd&document_selection=0&industry_group=A&FromDate=13&FromMonth=05&FromYear=2000&ToDate=13&ToMonth=11&ToYear=2020&Variable=Issuer,https://www.sedar.com/ModifyCompanyDocumentSearchForm.do?lang=EN&company_search=Calfrac Well Services Ltd&document_selection=0&industry_group=A&FromDate=13&FromMonth=05&FromYear=2000&ToDate=13&ToMonth=11&ToYear=2020&Variable=Issuer,1620590175,15:56:15,20210509
3,2017-12-31,CFW.TO,CAD,2017-12-31,2017-12-31,FY,1527705000,1407050000,120655000.0,0.07897794404024337,0.0,71328000.0,0.0,0.0,71328000.0,1478378000,85450000.0,130793000.0,180120000.0,0.1179023437116459,49327000.0,0.03228830173364622,28984000.0,-7139000.0,-0.0046730226058041315,-7725000.0,5939000.0,0.003887530642368782,0.043141289364347205,0.042585116023682805,137663943,139461872,https://www.sedar.com/ModifyCompanyDocumentSearchForm.do?lang=EN&company_search=Calfrac Well Services Ltd&document_selection=0&industry_group=A&FromDate=13&FromMonth=05&FromYear=2000&ToDate=13&ToMonth=11&ToYear=2020&Variable=Issuer,https://www.sedar.com/ModifyCompanyDocumentSearchForm.do?lang=EN&company_search=Calfrac Well Services Ltd&document_selection=0&industry_group=A&FromDate=13&FromMonth=05&FromYear=2000&ToDate=13&ToMonth=11&ToYear=2020&Variable=Issuer,1620590175,15:56:15,20210509
4,2016-12-31,CFW.TO,CAD,2016-12-31,2016-12-31,FY,734514000,875477000,-140963000.0,-0.19191329232662685,0.0,70063000.0,0.0,0.0,70063000.0,945540000,80110000.0,152822000.0,-58204000.0,-0.07924151207465072,-211026000.0,-0.28730017399259916,-22053000.0,-313189000.0,-0.4263894221212938,-109632000.0,-198097000.0,-0.2696980588525202,-1.6944965783994794,-1.6884373115794538,116906108,117325647,https://www.sedar.com/ModifyCompanyDocumentSearchForm.do?lang=EN&company_search=Calfrac Well Services Ltd&document_selection=0&industry_group=A&FromDate=13&FromMonth=05&FromYear=2000&ToDate=13&ToMonth=11&ToYear=2020&Variable=Issuer,https://www.sedar.com/ModifyCompanyDocumentSearchForm.do?lang=EN&company_search=Calfrac Well Services Ltd&document_selection=0&industry_group=A&FromDate=13&FromMonth=05&FromYear=2000&ToDate=13&ToMonth=11&ToYear=2020&Variable=Issuer,1620590175,15:56:15,20210509
5,2015-12-31,CFW.TO,CAD,2015-12-31,2015-12-31,FY,1495205000,1543882000,-48677000.0,-0.0325554021020529,0.0,78577000.0,0.0,0.0,78577000.0,1622459000,68967000.0,156638000.0,29384000.0,0.019652154721258957,-127254000.0,-0.08510806210519628,-145302000.0,-341523000.0,-0.22841215753023833,-114097000.0,-221594000.0,-0.14820308920850317,-2.310508801785863,-2.3064397604177036,95907014,96076214,https://www.sedar.com/ModifyCompanyDocumentSearchForm.do?lang=EN&company_search=Calfrac Well Services Ltd&document_selection=0&industry_group=A&FromDate=13&FromMonth=05&FromYear=2000&ToDate=13&ToMonth=11&ToYear=2020&Variable=Issuer,https://www.sedar.com/ModifyCompanyDocumentSearchForm.do?lang=EN&company_search=Calfrac Well Services Ltd&document_selection=0&industry_group=A&FromDate=13&FromMonth=05&FromYear=2000&ToDate=13&ToMonth=11&ToYear=2020&Variable=Issuer,1620590175,15:56:15,20210509
6,2014-12-31,CFW.TO,CAD,2014-12-31,2014-12-31,FY,2496931000,2147772000,349159000.0,0.1398352617673456,0.0,131344000.0,0.0,0.0,131344000.0,2279116000,59584000.0,139395000.0,357210000.0,0.14305961998949912,217815000.0,0.08723308733801614,-41983000.0,116248000.0,0.046556352578425275,48746000.0,66976000.0,0.026823328317842985,0.7116569679107694,0.7066377195884151,94112758,94781241,https://www.sedar.com/ModifyCompanyDocumentSearchForm.do?lang=EN&company_search=Calfrac Well Services Ltd&document_selection=0&industry_group=A&FromDate=13&FromMonth=05&FromYear=2000&ToDate=13&ToMonth=11&ToYear=2020&Variable=Issuer,https://www.sedar.com/ModifyCompanyDocumentSearchForm.do?lang=EN&company_search=Calfrac Well Services Ltd&document_selection=0&industry_group=A&FromDate=13&FromMonth=05&FromYear=2000&ToDate=13&ToMonth=11&ToYear=2020&Variable=Issuer,1620590175,15:56:15,20210509
7,2013-12-31,CFW.TO,CAD,2013-12-31,2013-12-31,FY,1563814000,1389558000,174256000.0,0.11143013171643175,0.0,96186000.0,0.0,0.0,96186000.0,1485744000,41985000.0,110006000.0,188076000.0,0.12026749984333175,78070000.0,0.04992281690789314,-2143000.0,33942000.0,0.021704627276645433,7209000.0,27914000.0,0.017849948906967197,0.30521895769901863,0.30311341586667667,91455656,92090942,https://www.sedar.com/ModifyCompanyDocumentSearchForm.do?lang=EN&company_search=Calfrac Well Services Ltd&document_selection=0&industry_group=A&FromDate=13&FromMonth=05&FromYear=2000&ToDate=13&ToMonth=11&ToYear=2020&Variable=Issuer,https://www.sedar.com/ModifyCompanyDocumentSearchForm.do?lang=EN&company_search=Calfrac Well Services Ltd&document_selection=0&industry_group=A&FromDate=13&FromMonth=05&FromYear=2000&ToDate=13&ToMonth=11&ToYear=2020&Variable=Issuer,1620590175,15:56:15,20210509
8,2012-12-31,CFW.TO,CAD,2012-12-31,2012-12-31,FY,1595216000,1334828000,260388000.0,0.16323055937252384,0.0,93756000.0,0.0,0.0,93756000.0,1428584000,36354000.0,90381000.0,257013000.0,0.16111485842669582,166632000.0,0.10445732740895276,7458000.0,137736000.0,0.08634316606653895,41375000.0,97146000.0,0.060898336024713895,1.095,1.085,88669620,89616198,https://www.sedar.com/ModifyCompanyDocumentSearchForm.do?lang=EN&company_search=Calfrac Well Services Ltd&document_selection=0&industry_group=A&FromDate=13&FromMonth=05&FromYear=2000&ToDate=13&ToMonth=11&ToYear=2020&Variable=Issuer,https://www.sedar.com/ModifyCompanyDocumentSearchForm.do?lang=EN&company_search=Calfrac Well Services Ltd&document_selection=0&industry_group=A&FromDate=13&FromMonth=05&FromYear=2000&ToDate=13&ToMonth=11&ToYear=2020&Variable=Issuer,1620590175,15:56:15,20210509
9,2011-12-31,CFW.TO,CAD,2011-12-31,2011-12-31,FY,1537392000,1134864000,402528000.0,0.2618252208935652,0.0,77157000.0,0.0,0.0,91303000.0,1226167000,35489000.0,87457000.0,398682000.0,0.2593235817540354,311225000.0,0.20243698419140987,0.0,275736000.0,0.17935308626557184,88579000.0,187451000.0,0.12192791428601163,2.145,2.11,87377488,88786468,https://www.sedar.com/ModifyCompanyDocumentSearchForm.do?lang=EN&company_search=Calfrac Well Services Ltd&document_selection=0&industry_group=A&FromDate=13&FromMonth=05&FromYear=2000&ToDate=13&ToMonth=11&ToYear=2020&Variable=Issuer,https://www.sedar.com/ModifyCompanyDocumentSearchForm.do?lang=EN&company_search=Calfrac Well Services Ltd&document_selection=0&industry_group=A&FromDate=13&FromMonth=05&FromYear=2000&ToDate=13&ToMonth=11&ToYear=2020&Variable=Issuer,1620590175,15:56:15,20210509
10,2010-12-31,CFW.TO,CAD,2010-12-31,2010-12-31,FY,935927000,690882000,245045000.0,0.2618206334468393,0.0,59603000.0,0.0,0.0,134673000.0,825555000,48785000.0,79794000.0,190166000.0,0.2031846500848891,110372000.0,0.11792800079493379,48785000.0,61587000.0,0.0658032090109592,7847000.0,53807000.0,0.057490594886139626,0.625,0.615,86179836,87483846,https://www.sedar.com/ModifyCompanyDocumentSearchForm.do?lang=EN&company_search=Calfrac Well Services Ltd&document_selection=0&industry_group=A&FromDate=13&FromMonth=05&FromYear=2000&ToDate=13&ToMonth=11&ToYear=2020&Variable=Issuer,https://www.sedar.com/ModifyCompanyDocumentSearchForm.do?lang=EN&company_search=Calfrac Well Services Ltd&document_selection=0&industry_group=A&FromDate=13&FromMonth=05&FromYear=2000&ToDate=13&ToMonth=11&ToYear=2020&Variable=Issuer,1620590175,15:56:15,20210509
11,2009-12-31,CFW.TO,CAD,2009-12-31,2009-12-31,FY,591500000,482682000,108818000.0,0.18396956889264582,0.0,37683000.0,0.0,0.0,103211000.0,585893000,15248000.0,63188000.0,68795000.0,0.11630600169061707,5607000.0,0.009479289940828403,15248000.0,-9641000.0,-0.016299239222316145,-4229000.0,-5536000.0,-0.009359256128486898,-0.07,-0.07,76950888,76950888,https://www.sedar.com/ModifyCompanyDocumentSearchForm.do?lang=EN&company_search=Calfrac Well Services Ltd&document_selection=0&industry_group=A&FromDate=13&FromMonth=05&FromYear=2000&ToDate=13&ToMonth=11&ToYear=2020&Variable=Issuer,https://www.sedar.com/ModifyCompanyDocumentSearchForm.do?lang=EN&company_search=Calfrac Well Services Ltd&document_selection=0&industry_group=A&FromDate=13&FromMonth=05&FromYear=2000&ToDate=13&ToMonth=11&ToYear=2020&Variable=Issuer,1620590175,15:56:15,20210509
12,2008-12-31,CFW.TO,CAD,2008-12-31,2008-12-31,FY,564363000,441259000,123104000.0,0.2181291119368208,0.0,41164000.0,0.0,2177000.0,92311000.0,533570000,11572000.0,51147000.0,81940000.0,0.14519024103281045,30793000.0,0.05456240044085101,2299000.0,21238000.0,0.03763180789669061,3515000.0,17864000.0,0.03165338620710429,0.23694240941250272,0.23681682971199605,75393848,75433828,https://www.sedar.com/ModifyCompanyDocumentSearchForm.do?lang=EN&company_search=Calfrac Well Services Ltd&document_selection=0&industry_group=A&FromDate=13&FromMonth=05&FromYear=2000&ToDate=13&ToMonth=11&ToYear=2020&Variable=Issuer,https://www.sedar.com/ModifyCompanyDocumentSearchForm.do?lang=EN&company_search=Calfrac Well Services Ltd&document_selection=0&industry_group=A&FromDate=13&FromMonth=05&FromYear=2000&ToDate=13&ToMonth=11&ToYear=2020&Variable=Issuer,1620590175,15:56:15,20210509
13,2007-12-31,CFW.TO,CAD,2007-12-31,2007-12-31,FY,460320000,328541000,131779000.0,0.28627693778241226,0.0,31685000.0,0.0,-2837000.0,68792000.0,397333000,9450000.0,37107000.0,100094000.0,0.21744438651372958,62987000.0,0.13683307264511643,-2305000.0,51232000.0,0.11129648939867919,12664000.0,38568000.0,0.0837851929092805,0.53,0.53,65837736,65837736,https://www.sedar.com/ModifyCompanyDocumentSearchForm.do?lang=EN&company_search=Calfrac Well Services Ltd&document_selection=0&industry_group=A&FromDate=13&FromMonth=05&FromYear=2000&ToDate=13&ToMonth=11&ToYear=2020&Variable=Issuer,https://www.sedar.com/ModifyCompanyDocumentSearchForm.do?lang=EN&company_search=Calfrac Well Services Ltd&document_selection=0&industry_group=A&FromDate=13&FromMonth=05&FromYear=2000&ToDate=13&ToMonth=11&ToYear=2020&Variable=Issuer,1620590175,15:56:15,20210509
14,2006-12-31,CFW.TO,CAD,2006-12-31,2006-12-31,FY,426418000,291056000,135362000.0,0.3174396953224301,0.0,28350000.0,0.0,0.0,54049000.0,345105000,2341000.0,25699000.0,107012000.0,0.25095563508107066,81313000.0,0.1906884793793883,2521000.0,81493000.0,0.19111060039679376,9043000.0,72450000.0,0.16990370950569628,1.0,0.99,72450000,73181818,https://www.sedar.com/ModifyCompanyDocumentSearchForm.do?lang=EN&company_search=Calfrac Well Services Ltd&document_selection=0&industry_group=A&FromDate=13&FromMonth=05&FromYear=2000&ToDate=13&ToMonth=11&ToYear=2020&Variable=Issuer,https://www.sedar.com/ModifyCompanyDocumentSearchForm.do?lang=EN&company_search=Calfrac Well Services Ltd&document_selection=0&industry_group=A&FromDate=13&FromMonth=05&FromYear=2000&ToDate=13&ToMonth=11&ToYear=2020&Variable=Issuer,1620590175,15:56:15,20210509
15,2005-12-31,CFW.TO,CAD,2005-12-31,2005-12-31,FY,314325000,205227000,109098000.0,0.34708661417322834,0.0,29467000.0,0.0,0.0,46646000.0,251873000,0.0,17179000.0,79631000.0,0.2533396961743418,62452000.0,0.19868607333174262,-20000.0,62561000.0,0.19903284816670644,2469000.0,60113000.0,0.19124473077228982,0.83,0.82,72425301,73308537,https://www.sedar.com/ModifyCompanyDocumentSearchForm.do?lang=EN&company_search=Calfrac Well Services Ltd&document_selection=0&industry_group=A&FromDate=13&FromMonth=05&FromYear=2000&ToDate=13&ToMonth=11&ToYear=2020&Variable=Issuer,https://www.sedar.com/ModifyCompanyDocumentSearchForm.do?lang=EN&company_search=Calfrac Well Services Ltd&document_selection=0&industry_group=A&FromDate=13&FromMonth=05&FromYear=2000&ToDate=13&ToMonth=11&ToYear=2020&Variable=Issuer,1620590175,15:56:15,20210509
16,2004-12-31,CFW.TO,CAD,2004-12-31,2004-12-31,FY,241379000,157596000,83783000.0,0.34710144627328804,0.0,18730000.0,0.0,-61000.0,30722000.0,188318000,538000.0,11992000.0,65053000.0,0.2695056322215271,53061000.0,0.21982442548854705,-1026000.0,51497000.0,0.2133449885864139,5846000.0,45630000.0,0.18903881447847576,0.7225,0.7225,63155709,63155709,https://www.sedar.com/ModifyCompanyDocumentSearchForm.do?lang=EN&company_search=Calfrac Well Services Ltd&document_selection=0&industry_group=A&FromDate=13&FromMonth=05&FromYear=2000&ToDate=13&ToMonth=11&ToYear=2020&Variable=Issuer,https://www.sedar.com/ModifyCompanyDocumentSearchForm.do?lang=EN&company_search=Calfrac Well Services Ltd&document_selection=0&industry_group=A&FromDate=13&FromMonth=05&FromYear=2000&ToDate=13&ToMonth=11&ToYear=2020&Variable=Issuer,1620590175,15:56:15,20210509
17,2003-12-31,CFW.TO,CAD,2003-12-31,2003-12-31,FY,35658000,29652000,6006000.0,0.1684334511189635,0.0,2574000.0,0.0,-15478000.0,2574000.0,32226000,3119000.0,9434000.0,12866000.0,0.3608166470357283,3432000.0,0.09624768635369342,-16226000.0,-15913000.0,-0.44626731729205227,43000.0,-15956000.0,-0.447473217791239,-0.2252781385892585,-0.21376704804265695,70828000,74642000,https://www.sedar.com/ModifyCompanyDocumentSearchForm.do?lang=EN&company_search=Calfrac Well Services Ltd&document_selection=0&industry_group=A&FromDate=13&FromMonth=05&FromYear=2000&ToDate=13&ToMonth=11&ToYear=2020&Variable=Issuer,https://www.sedar.com/ModifyCompanyDocumentSearchForm.do?lang=EN&company_search=Calfrac Well Services Ltd&document_selection=0&industry_group=A&FromDate=13&FromMonth=05&FromYear=2000&ToDate=13&ToMonth=11&ToYear=2020&Variable=Issuer,1620590175,15:56:15,20210509
18,2002-12-31,CFW.TO,CAD,2002-12-31,2002-12-31,FY,37966000,29637000,8329000.0,0.21938049834062057,0.0,2283000.0,0.0,0.0,2283000.0,31920000,3239000.0,7764000.0,13810000.0,0.36374651003529473,6046000.0,0.15924774798503924,122000.0,2929000.0,0.07714797450350314,-139000.0,3068000.0,0.0808091450244956,0.04543867934700056,0.04460833532626548,67519568,68776384,https://www.sedar.com/ModifyCompanyDocumentSearchForm.do?lang=EN&company_search=Calfrac Well Services Ltd&document_selection=0&industry_group=A&FromDate=13&FromMonth=05&FromYear=2000&ToDate=13&ToMonth=11&ToYear=2020&Variable=Issuer,https://www.sedar.com/ModifyCompanyDocumentSearchForm.do?lang=EN&company_search=Calfrac Well Services Ltd&document_selection=0&industry_group=A&FromDate=13&FromMonth=05&FromYear=2000&ToDate=13&ToMonth=11&ToYear=2020&Variable=Issuer,1620590175,15:56:15,20210509
19,2001-12-31,CFW.TO,CAD,2001-12-31,2001-12-31,FY,31844000,20708000,11136000.0,0.34970481095339784,0.0,2005000.0,0.0,0.0,2005000.0,22713000,4448000.0,6862000.0,15993000.0,0.5022296193945485,9131000.0,0.2867416153749529,-1469000.0,3214000.0,0.10092953146589624,-1504000.0,4718000.0,0.14815977892224594,0.05,0.05,65121760,65121760,https://www.sedar.com/ModifyCompanyDocumentSearchForm.do?lang=EN&company_search=Calfrac Well Services Ltd&document_selection=0&industry_group=A&FromDate=13&FromMonth=05&FromYear=2000&ToDate=13&ToMonth=11&ToYear=2020&Variable=Issuer,https://www.sedar.com/ModifyCompanyDocumentSearchForm.do?lang=EN&company_search=Calfrac Well Services Ltd&document_selection=0&industry_group=A&FromDate=13&FromMonth=05&FromYear=2000&ToDate=13&ToMonth=11&ToYear=2020&Variable=Issuer,1620590175,15:56:15,20210509
20,2000-12-31,CFW.TO,CAD,2000-12-31,2000-12-31,FY,39813000,15382000,24431000.0,0.6136437846934418,0.0,2262000.0,0.0,0.0,8324000.0,23706000,5981000.0,6062000.0,22169000.0,0.5568281717027102,16107000.0,0.4045663476753824,1421000.0,11547000.0,0.2900308944314671,2516000.0,9031000.0,0.2268354557556577,0.15,0.15,63574240,63574240,https://www.sedar.com/ModifyCompanyDocumentSearchForm.do?lang=EN&company_search=Calfrac Well Services Ltd&document_selection=0&industry_group=A&FromDate=13&FromMonth=05&FromYear=2000&ToDate=13&ToMonth=11&ToYear=2020&Variable=Issuer,https://www.sedar.com/ModifyCompanyDocumentSearchForm.do?lang=EN&company_search=Calfrac Well Services Ltd&document_selection=0&industry_group=A&FromDate=13&FromMonth=05&FromYear=2000&ToDate=13&ToMonth=11&ToYear=2020&Variable=Issuer,1620590175,15:56:15,20210509
21,1999-12-31,CFW.TO,CAD,1999-12-31,1999-12-31,FY,20500000,11200000,9300000.0,0.45365853658536587,0.0,3000000.0,0.0,0.0,4400000.0,15600000,0.0,1400000.0,6300000.0,0.3073170731707317,4900000.0,0.23902439024390243,8800000.0,13500000.0,0.6585365853658537,1200000.0,12300000.0,0.6,0.2,0.2,61500000,61500000,https://www.sedar.com/ModifyCompanyDocumentSearchForm.do?lang=EN&company_search=Calfrac Well Services Ltd&document_selection=0&industry_group=A&FromDate=13&FromMonth=05&FromYear=2000&ToDate=13&ToMonth=11&ToYear=2020&Variable=Issuer,https://www.sedar.com/ModifyCompanyDocumentSearchForm.do?lang=EN&company_search=Calfrac Well Services Ltd&document_selection=0&industry_group=A&FromDate=13&FromMonth=05&FromYear=2000&ToDate=13&ToMonth=11&ToYear=2020&Variable=Issuer,1620590175,15:56:15,20210509
22,1998-12-31,CFW.TO,CAD,1998-12-31,1998-12-31,FY,52400000,43400000,9000000.0,0.1717557251908397,0.0,3500000.0,0.0,2700000.0,3500000.0,46900000,0.0,0.0,17000000.0,0.3244274809160305,5500000.0,0.1049618320610687,-8800000.0,-3200000.0,-0.061068702290076333,100000.0,-3300000.0,-0.06297709923664122,-0.05,-0.05,66000000,66000000,https://www.sedar.com/ModifyCompanyDocumentSearchForm.do?lang=EN&company_search=Calfrac Well Services Ltd&document_selection=0&industry_group=A&FromDate=13&FromMonth=05&FromYear=2000&ToDate=13&ToMonth=11&ToYear=2020&Variable=Issuer,https://www.sedar.com/ModifyCompanyDocumentSearchForm.do?lang=EN&company_search=Calfrac Well Services Ltd&document_selection=0&industry_group=A&FromDate=13&FromMonth=05&FromYear=2000&ToDate=13&ToMonth=11&ToYear=2020&Variable=Issuer,1620590175,15:56:15,20210509
23,1997-12-31,CFW.TO,CAD,1997-12-31,1997-12-31,FY,73100000,49100000,24000000.0,0.3283173734610123,0.0,3200000.0,0.0,0.0,6900000.0,56000000,0.0,3700000.0,20800000.0,0.28454172366621067,17100000.0,0.23392612859097128,10600000.0,27700000.0,0.3789329685362517,2000000.0,25700000.0,0.35157318741450067,0.4,0.4,64250000,64250000,https://www.sedar.com/ModifyCompanyDocumentSearchForm.do?lang=EN&company_search=Calfrac Well Services Ltd&document_selection=0&industry_group=A&FromDate=13&FromMonth=05&FromYear=2000&ToDate=13&ToMonth=11&ToYear=2020&Variable=Issuer,https://www.sedar.com/ModifyCompanyDocumentSearchForm.do?lang=EN&company_search=Calfrac Well Services Ltd&document_selection=0&industry_group=A&FromDate=13&FromMonth=05&FromYear=2000&ToDate=13&ToMonth=11&ToYear=2020&Variable=Issuer,1620590175,15:56:15,20210509
24,1996-12-31,CFW.TO,CAD,1996-12-31,1996-12-31,FY,88900000,48100000,40800000.0,0.45894263217097864,0.0,3100000.0,0.0,8800000.0,13500000.0,61600000,0.0,10400000.0,37700000.0,0.42407199100112486,27300000.0,0.30708661417322836,23200000.0,50400000.0,0.5669291338582677,300000.0,50100000.0,0.5635545556805399,0.8,0.8,62625000,62625000,https://www.sedar.com/ModifyCompanyDocumentSearchForm.do?lang=EN&company_search=Calfrac Well Services Ltd&document_selection=0&industry_group=A&FromDate=13&FromMonth=05&FromYear=2000&ToDate=13&ToMonth=11&ToYear=2020&Variable=Issuer,https://www.sedar.com/ModifyCompanyDocumentSearchForm.do?lang=EN&company_search=Calfrac Well Services Ltd&document_selection=0&industry_group=A&FromDate=13&FromMonth=05&FromYear=2000&ToDate=13&ToMonth=11&ToYear=2020&Variable=Issuer,1620590175,15:56:15,20210509
