,date,symbol,reportedCurrency,fillingDate,acceptedDate,period,revenue,costOfRevenue,grossProfit,grossProfitRatio,researchAndDevelopmentExpenses,generalAndAdministrativeExpenses,sellingAndMarketingExpenses,otherExpenses,operatingExpenses,costAndExpenses,interestExpense,depreciationAndAmortization,ebitda,ebitdaratio,operatingIncome,operatingIncomeRatio,totalOtherIncomeExpensesNet,incomeBeforeTax,incomeBeforeTaxRatio,incomeTaxExpense,netIncome,netIncomeRatio,eps,epsdiluted,weightedAverageShsOut,weightedAverageShsOutDil,link,finalLink,timestamp,est_time,est_date
0,2020-12-31,ZSAN,USD,2021-03-11,2021-03-11 16:12:10,FY,224.0,171.0,53.0,0.23660714285714285,21622.0,11189000.0,0.0,171.0,32982.0,33153.0,719.0,1426.0,-31332.0,-139.875,-32758.0,-146.24107142857142,90.0,-33369.0,-148.96875,0.0,-33369.0,-148.96875,-0.0004913926399340274,-0.0004913926399340274,67907000.0,67907000.0,https://www.sec.gov/Archives/edgar/data/1587221/000158722121000007/0001587221-21-000007-index.htm,https://www.sec.gov/Archives/edgar/data/1587221/000158722121000007/zsan-20201231.htm,1620600176,18:42:56,20210509
1,2019-12-31,ZSAN,USD,2020-03-13,2020-03-12 18:25:14,FY,0.0,0.0,0.0,0.0,25385000.0,11812000.0,0.0,-76000.0,37197000.0,37197000.0,523000.0,683000.0,-36514000.0,0.0,-37197000.0,0.0,-76000.0,-37589000.0,0.0,0.0,-37589000.0,0.0,-2.29,-2.29,16383730.0,16383730.0,https://www.sec.gov/Archives/edgar/data/1587221/000158722120000004/0001587221-20-000004-index.htm,https://www.sec.gov/Archives/edgar/data/1587221/000158722120000004/a10kfy2019.htm,1620600176,18:42:56,20210509
2,2018-12-31,ZSAN,USD,2019-03-25,2019-03-25 08:59:56,FY,0.0,0.0,0.0,0.0,25508000.0,9357000.0,0.0,16000.0,34865000.0,34865000.0,379000.0,764000.0,-34101000.0,0.0,-34865000.0,0.0,-495000.0,-35358000.0,0.0,0.0,-35358000.0,0.0,-3.74,-3.74,9452491.0,9452491.0,https://www.sec.gov/Archives/edgar/data/1587221/000158722119000006/0001587221-19-000006-index.htm,https://www.sec.gov/Archives/edgar/data/1587221/000158722119000006/q4fy1810k.htm,1620600176,18:42:56,20210509
3,2017-12-31,ZSAN,USD,2018-03-12,2018-03-12 08:56:35,FY,0.0,0.0,0.0,0.0,20188000.0,8182000.0,0.0,7000.0,28370000.0,28370000.0,742000.0,2553000.0,-25817000.0,0.0,-28370000.0,0.0,7000.0,-29105000.0,0.0,0.0,-29105000.0,0.0,-16.82,-16.82,1730000.0,1730000.0,https://www.sec.gov/Archives/edgar/data/1587221/000119312518078418/0001193125-18-078418-index.htm,https://www.sec.gov/Archives/edgar/data/1587221/000119312518078418/d501837d10k.htm,1620600176,18:42:56,20210509
4,2016-12-31,ZSAN,USD,2017-03-01,2017-02-28 21:19:12,FY,0.0,0.0,0.0,0.0,20457000.0,8176000.0,0.0,-7000.0,28633000.0,28633000.0,0.0,2543000.0,-26090000.0,0.0,-28633000.0,0.0,-7000.0,-29832000.0,0.0,0.0,-29832000.0,0.0,-43.4,-43.4,688650.0,688650.0,https://www.sec.gov/Archives/edgar/data/1587221/000119312517063319/0001193125-17-063319-index.htm,https://www.sec.gov/Archives/edgar/data/1587221/000119312517063319/d289827d10k.htm,1620600176,18:42:56,20210509
5,2015-12-31,ZSAN,USD,2016-03-29,2016-03-29 16:11:44,FY,313000.0,0.0,313000.0,1.0,20366000.0,6315000.0,0.0,-97000.0,26681000.0,26681000.0,1799000.0,2452000.0,-23916000.0,-76.40894568690096,-26368000.0,-84.24281150159744,-495000.0,-28427000.0,-90.82108626198082,0.0,-28427000.0,-90.82108626198082,-49.8,-49.8,570700.0,570700.0,https://www.sec.gov/Archives/edgar/data/1587221/000119312516521425/0001193125-16-521425-index.htm,https://www.sec.gov/Archives/edgar/data/1587221/000119312516521425/d121789d10k.htm,1620600176,18:42:56,20210509
