,date,symbol,reportedCurrency,fillingDate,acceptedDate,period,revenue,costOfRevenue,grossProfit,grossProfitRatio,researchAndDevelopmentExpenses,generalAndAdministrativeExpenses,sellingAndMarketingExpenses,otherExpenses,operatingExpenses,costAndExpenses,interestExpense,depreciationAndAmortization,ebitda,ebitdaratio,operatingIncome,operatingIncomeRatio,totalOtherIncomeExpensesNet,incomeBeforeTax,incomeBeforeTaxRatio,incomeTaxExpense,netIncome,netIncomeRatio,eps,epsdiluted,weightedAverageShsOut,weightedAverageShsOutDil,link,finalLink,timestamp,est_time,est_date
0,2020-03-31,MIDHANI.NS,INR,2020-03-31,2020-03-31,FY,7128757000,1703579000,5425178000,0.7610272029191064,1750000.0,142151000,228613000,217382000,3670761000,5374340000,59160000,261144000,2015561000,0.28273666783704365,1754417000,0.24610419460222868,0.0,2004587000,0.28119726903301656,423524000,1581063000,0.22178663124581185,8.44,8.44,187340000,187340000,https://www.nseindia.com/companies-listing/corporate-filings-annual-reports,https://www.nseindia.com/companies-listing/corporate-filings-annual-reports,1620595006,17:16:46,20210509
1,2019-03-31,MIDHANI.NS,INR,2019-03-31,2019-03-31,FY,7108460000,2327370000,4781090000,0.6725915317804418,2800000.0,124140000,180160000,210260000,3104550000,5431920000,63640000,231950000,1908490000,0.2684814995090357,1676540000,0.23585136583732622,0.0,1910470000,0.2687600408527304,604910000,1305560000,0.18366284680507453,6.97,6.97,187340000,187340000,https://www.nseindia.com/companies-listing/corporate-filings-annual-reports,https://www.nseindia.com/companies-listing/corporate-filings-annual-reports,1620595006,17:16:46,20210509
2,2018-03-31,MIDHANI.NS,INR,2018-03-31,2018-03-31,FY,6617108000,1546660000,5070448000,0.7662634492288777,7370000.0,191950000,148550000,50630000,3290570000,4837230000,85600000,196410000,1976288000,0.29866340401275,1779878000,0.26898125283734226,0.0,1982510000,0.29960369394001124,669890000,1312620000,0.1983676252526028,7.01,7.01,187340000,187340000,https://www.nseindia.com/companies-listing/corporate-filings-annual-reports,https://www.nseindia.com/companies-listing/corporate-filings-annual-reports,1620595006,17:16:46,20210509
3,2017-03-31,MIDHANI.NS,INR,2017-03-31,2017-03-31,FY,7755220000,3075550000,4679670000,0.6034219532134485,21430000.0,206470000,99260000,31950000,2953110000,6028660000,46760000,176640000,1903200000,0.24540889878043434,1726560000,0.2226319820714306,0.0,1863530000,0.2402936344810334,600400000,1263130000,0.16287481206206916,6.74,6.74,187340000,187340000,https://www.nseindia.com/companies-listing/corporate-filings-annual-reports,https://www.nseindia.com/companies-listing/corporate-filings-annual-reports,1620595006,17:16:46,20210509
4,2016-03-31,MIDHANI.NS,INR,2016-03-31,2016-03-31,FY,7142180000,3118130000,4024050000,0.5634204122550818,45820000.0,261950000,101530000,174600000,2615030000,5733160000,41860000,140650000,1549670000,0.21697436917019733,1409020000,0.19728150228641675,0.0,1618450000,0.22660448210490355,424750000,1193700000,0.16713384428843855,6.37,6.37,187340000,187340000,https://www.nseindia.com/companies-listing/corporate-filings-annual-reports,https://www.nseindia.com/companies-listing/corporate-filings-annual-reports,1620595006,17:16:46,20210509
5,2015-03-31,MIDHANI.NS,INR,2015-03-31,2015-03-31,FY,6473610000,2450680000,4022930000,0.621435335153029,25000000.0,377230000,260750000,42020000,2807130000,5257810000,70430000,97870000,1313670000,0.20292696038222877,1215800000,0.18780865699354765,0.0,1339890000,0.20697725071482526,348260000,991630000,0.1531803738563182,5.29,5.29,187340000,187340000,https://www.nseindia.com/companies-listing/corporate-filings-annual-reports,https://www.nseindia.com/companies-listing/corporate-filings-annual-reports,1620595006,17:16:46,20210509
6,2014-03-31,MIDHANI.NS,INR,2014-03-31,2014-03-31,FY,5546340000,2120940000,3425400000,0.6175964690228151,0.0,211080000,170300000,82570000,2394900000,4515840000,41940000,60380000,1090880000,0.19668466051486205,1030500000,0.1857982020575731,0.0,1214350000,0.21894618793654916,389720000,824630000,0.14868003043448472,4.4,4.4,187340000,187340000,https://www.nseindia.com/companies-listing/corporate-filings-annual-reports,https://www.nseindia.com/companies-listing/corporate-filings-annual-reports,1620595006,17:16:46,20210509
7,2013-03-31,MIDHANI.NS,INR,2013-03-31,2013-03-31,FY,5540050000,2195800000,3344250000,0.6036497865542729,0.0,197090000,32030000,18310000,2331810000,4527610000,68430000,51610000,1064050000,0.19206505356449852,1012440000,0.18274925316558516,0.0,1177760000,0.21259013907816715,352580000,825180000,0.14894811418669507,4.4,4.4,187340000,187340000,https://www.nseindia.com/companies-listing/corporate-filings-annual-reports,https://www.nseindia.com/companies-listing/corporate-filings-annual-reports,1620595006,17:16:46,20210509
