,date,symbol,reportedCurrency,fillingDate,acceptedDate,period,revenue,costOfRevenue,grossProfit,grossProfitRatio,researchAndDevelopmentExpenses,generalAndAdministrativeExpenses,sellingAndMarketingExpenses,otherExpenses,operatingExpenses,costAndExpenses,interestExpense,depreciationAndAmortization,ebitda,ebitdaratio,operatingIncome,operatingIncomeRatio,totalOtherIncomeExpensesNet,incomeBeforeTax,incomeBeforeTaxRatio,incomeTaxExpense,netIncome,netIncomeRatio,eps,epsdiluted,weightedAverageShsOut,weightedAverageShsOutDil,link,finalLink,timestamp,est_time,est_date
0,2020-06-30,BVXP.L,GBP,2020-06-30,2020-06-30,FY,10313576.0,821823.0,9491753.0,0.9203163868671739,0.0,1416766.0,0.0,0.0,1510430.0,2332253.0,0.0,133569.0,8114892.0,0.786816522222748,7981323.0,0.7738657280462179,0.0,8225059.0,0.7974982683018964,1022362.0,7202697.0,0.698370477902136,1.3941,1.3793,5166503.0,5222108.0,https://find-and-update.company-information.service.gov.uk/search/companies?q=Bioventix+PLC,https://find-and-update.company-information.service.gov.uk/search/companies?q=Bioventix+PLC,1620589782,15:49:42,20210509
1,2019-06-30,BVXP.L,GBP,2019-06-30,2019-06-30,FY,9290029.0,875089.0,8414940.0,0.9058034156836324,0.0,1268937.0,0.0,0.0,1384521.0,2259610.0,0.0,67499.0,7097918.0,0.7640361510173973,7030419.0,0.7567704040536364,0.0,6965488.0,0.7497810824917769,1103825.0,5861663.0,0.6309628312247465,1.1404,1.1212,5140006.0,5228026.0,https://find-and-update.company-information.service.gov.uk/search/companies?q=Bioventix+PLC,https://find-and-update.company-information.service.gov.uk/search/companies?q=Bioventix+PLC,1620589782,15:49:42,20210509
2,2018-06-30,BVXP.L,GBP,2018-06-30,2018-06-30,FY,8751608.0,573204.0,8178404.0,0.934503007904376,0.0,1177711.0,0.0,0.0,1273615.0,1846819.0,15.0,58498.0,6963287.0,0.7956580093623937,6904789.0,0.7889737520236281,0.0,6866698.0,0.7846212947380642,1203351.0,5663347.0,0.6471207348409572,1.1021,1.0831,5138674.0,5228609.0,https://find-and-update.company-information.service.gov.uk/search/companies?q=Bioventix+PLC,https://find-and-update.company-information.service.gov.uk/search/companies?q=Bioventix+PLC,1620589782,15:49:42,20210509
3,2017-06-30,BVXP.L,GBP,2017-06-30,2017-06-30,FY,7245862.0,494880.0,6750982.0,0.93170170781613,0.0,998797.0,0.0,0.0,1040467.0,1535347.0,0.0,39479.0,5749994.0,0.7935555493604488,5710515.0,0.7881070602779904,0.0,5771840.0,0.7965705115554229,849551.0,4922289.0,0.6793241439044796,0.9636,0.947,5108026.0,5197961.0,https://find-and-update.company-information.service.gov.uk/search/companies?q=Bioventix+PLC,https://find-and-update.company-information.service.gov.uk/search/companies?q=Bioventix+PLC,1620589782,15:49:42,20210509
4,2016-06-30,BVXP.L,GBP,2016-06-30,2016-06-30,FY,5517217.0,494880.0,5022337.0,0.9103026036496299,0.0,816946.0,0.0,0.0,816946.0,1311826.0,164.0,41729.0,4247120.0,0.7697939015268024,4205391.0,0.7622304868559638,0.0,4218921.0,0.7646828101921676,724493.0,3494428.0,0.6333678736942919,0.6918,0.6795,5050931.0,5142673.0,https://find-and-update.company-information.service.gov.uk/search/companies?q=Bioventix+PLC,https://find-and-update.company-information.service.gov.uk/search/companies?q=Bioventix+PLC,1620589782,15:49:42,20210509
5,2015-06-30,BVXP.L,GBP,2015-06-30,2015-06-30,FY,4333221.0,320464.0,4012757.0,0.926044852085781,0.0,915164.0,0.0,0.0,915164.0,1235628.0,1872.0,14092.0,3111685.0,0.7180997692017093,3097593.0,0.7148476848976777,0.0,3105693.0,0.7167169641243777,548227.0,2557466.0,0.5901997613322746,0.5066,0.4979,5048479.0,5136221.0,https://find-and-update.company-information.service.gov.uk/search/companies?q=Bioventix+PLC,https://find-and-update.company-information.service.gov.uk/search/companies?q=Bioventix+PLC,1620589782,15:49:42,20210509
6,2014-06-30,BVXP.L,GBP,2014-06-30,2014-06-30,FY,3535358.0,302865.0,3232493.0,0.9143325796142852,0.0,860966.0,0.0,0.0,860966.0,1163831.0,104.0,30932.0,2402459.0,0.6795518303945456,2371527.0,0.6708025043008374,0.0,2230607.0,0.6309423260671196,415178.0,1815429.0,0.5135064115147603,0.3609,0.3542,5032247.0,5126718.0,https://find-and-update.company-information.service.gov.uk/search/companies?q=Bioventix+PLC,https://find-and-update.company-information.service.gov.uk/search/companies?q=Bioventix+PLC,1620589782,15:49:42,20210509
7,2013-06-30,BVXP.L,GBP,2013-06-30,2013-06-30,FY,2706436.0,188328.0,2518108.0,0.930414759484429,0.0,708697.0,0.0,0.0,708697.0,897025.0,97.0,44314.0,1853725.0,0.6849321395370147,1809411.0,0.6685585766668785,0.0,1821357.0,0.6729724996268155,299903.0,1521454.0,0.5621614551387877,0.301624,0.301624,5044202.0,5044202.0,https://find-and-update.company-information.service.gov.uk/search/companies?q=Bioventix+PLC,https://find-and-update.company-information.service.gov.uk/search/companies?q=Bioventix+PLC,1620589782,15:49:42,20210509
8,2012-06-30,BVXP.L,GBP,2012-06-30,2012-06-30,FY,2383971.0,203579.0,2180392.0,0.9146050853806527,0.0,685541.0,0.0,0.0,685541.0,889120.0,120.0,43348.0,1538199.0,0.6452255501430176,1494851.0,0.6270424430498526,0.0,1506267.0,0.6318310919050609,269069.0,1237198.0,0.518965205533121,0.245271,0.245271,5044202.0,5044202.0,https://find-and-update.company-information.service.gov.uk/search/companies?q=Bioventix+PLC,https://find-and-update.company-information.service.gov.uk/search/companies?q=Bioventix+PLC,1620589782,15:49:42,20210509
9,2011-06-30,BVXP.L,GBP,2011-06-30,2011-06-30,FY,1973542.0,236315.0,1737227.0,0.88025843888805,0.0,657629.0,0.0,0.0,657629.0,893944.0,0.0,45557.0,1125155.0,0.570119612351802,1079598.0,0.5470357357482131,0.0,1083620.0,0.5490736959233703,199161.0,884459.0,0.44815818462439616,0.175342,0.175342,5044202.0,5044202.0,https://find-and-update.company-information.service.gov.uk/search/companies?q=Bioventix+PLC,https://find-and-update.company-information.service.gov.uk/search/companies?q=Bioventix+PLC,1620589782,15:49:42,20210509
