,date,symbol,reportedCurrency,fillingDate,acceptedDate,period,revenue,costOfRevenue,grossProfit,grossProfitRatio,researchAndDevelopmentExpenses,generalAndAdministrativeExpenses,sellingAndMarketingExpenses,otherExpenses,operatingExpenses,costAndExpenses,interestExpense,depreciationAndAmortization,ebitda,ebitdaratio,operatingIncome,operatingIncomeRatio,totalOtherIncomeExpensesNet,incomeBeforeTax,incomeBeforeTaxRatio,incomeTaxExpense,netIncome,netIncomeRatio,eps,epsdiluted,weightedAverageShsOut,weightedAverageShsOutDil,link,finalLink,timestamp,est_time,est_date
0,2020-12-31,HT,USD,2021-03-29,2021-03-29,FY,176660000.0,185485000.0,-8825000.0,-0.04995471527227442,0.0,20078000.0,0.0,-522000.0,117036000.0,302521000.0,53279000.0,96958000.0,-28903000.0,-0.16360806068153516,-125861000.0,-0.7124476395335673,1170000.0,-177931000.0,-1.0071946111174006,11329000.0,-166345000.0,-0.9416110041888374,-4.275353479682041,-4.275353479682041,38907894.0,38907894.0,https://www.sec.gov/Archives/edgar/data/1063344/000106334421000035/0001063344-21-000035-index.htm,https://www.sec.gov/ix?doc=/Archives/edgar/data/1063344/000106334421000035/ht-20201231.htm,1620593270,16:47:50,20210509
1,2019-12-31,HT,USD,2020-02-25,2020-02-25 16:55:34,FY,529960000.0,360618000.0,169342000.0,0.3195373235715903,0.0,26431000.0,0.0,-584000.0,122960000.0,483578000.0,52205000.0,96529000.0,142911000.0,0.2696637482074119,46382000.0,0.0875198128160616,-185000.0,-5755000.0,-0.010859310136614083,92000.0,-3669000.0,-0.006923164012378293,-0.74,-0.74,38907894.0,38907894.0,https://www.sec.gov/Archives/edgar/data/1063344/000106334420000029/0001063344-20-000029-index.htm,https://www.sec.gov/Archives/edgar/data/1063344/000106334420000029/ht1231201910k.htm,1620593270,16:47:50,20210509
2,2018-12-31,HT,USD,2019-02-27,2019-02-26 17:54:46,FY,495063000.0,338271000.0,156792000.0,0.3167112064525121,0.0,26881000.0,0.0,-901000.0,116712000.0,454983000.0,48491000.0,89831000.0,129911000.0,0.26241306661980396,40080000.0,0.08095939304694554,16929000.0,8632000.0,0.017436164690150545,267000.0,9990000.0,0.020179249913647355,-0.38,-0.38,39383763.0,39383763.0,https://www.sec.gov/Archives/edgar/data/1063344/000106334419000019/0001063344-19-000019-index.htm,https://www.sec.gov/Archives/edgar/data/1063344/000106334419000019/ht_12312018x10k.htm,1620593270,16:47:50,20210509
3,2017-12-31,HT,USD,2018-02-23,2018-02-23 16:51:20,FY,498237000.0,330810000.0,167427000.0,0.33603887306643226,0.0,23553000.0,0.0,-503000.0,107305000.0,438115000.0,42662000.0,83752000.0,143874000.0,0.28876618958447486,60122000.0,0.12066948058855524,92471000.0,110202000.0,0.22118389441169564,5262000.0,99868000.0,0.20044276117590626,1.82,1.79,41423804.0,42056431.0,https://www.sec.gov/Archives/edgar/data/1063344/000106334418000034/0001063344-18-000034-index.htm,https://www.sec.gov/Archives/edgar/data/1063344/000106334418000034/ht-20171231x10k.htm,1620593270,16:47:50,20210509
4,2016-12-31,HT,USD,2017-02-24,2017-02-23 18:43:16,FY,466629000.0,298713000.0,167916000.0,0.3598490449586288,0.0,24444000.0,0.0,-17792000.0,99834000.0,398547000.0,44352000.0,75390000.0,143472000.0,0.30746481680307053,68082000.0,0.14590177635766316,92477000.0,116569000.0,0.2498108775922628,-4888000.0,116980000.0,0.2506916629699397,2.7231756893646626,2.6872969351238325,42957199.0,43530731.0,https://www.sec.gov/Archives/edgar/data/1063344/000106334417000015/0001063344-17-000015-index.htm,https://www.sec.gov/Archives/edgar/data/1063344/000106334417000015/ht-20161231x10k.htm,1620593270,16:47:50,20210509
5,2015-12-31,HT,USD,2016-02-17,2016-02-17 17:24:57,FY,470385000.0,291968000.0,178417000.0,0.379299935159497,0.0,20515000.0,0.0,-367000.0,94905000.0,386873000.0,43557000.0,74390000.0,157902000.0,0.33568672470423166,83512000.0,0.17753967494711778,-1082000.0,39066000.0,0.08305111770145732,-3141000.0,41796000.0,0.0888548741987946,0.8746346350669854,0.8640954211419067,47786811.0,48369658.0,https://www.sec.gov/Archives/edgar/data/1063344/000106334416000102/0001063344-16-000102-index.htm,https://www.sec.gov/Archives/edgar/data/1063344/000106334416000102/ht-20151231x10k.htm,1620593270,16:47:50,20210509
6,2014-12-31,HT,USD,2015-02-20,2015-02-20 17:26:53,FY,417406000.0,260099000.0,157307000.0,0.3768680852694978,0.0,20363000.0,0.0,-485000.0,89530000.0,349629000.0,43357000.0,69167000.0,136944000.0,0.32808344872857603,67777000.0,0.16237667882109985,42026000.0,67251000.0,0.16111651485603945,-2685000.0,67255000.0,0.16112609785197146,1.3511178247467088,1.337095424755882,49777302.0,50299327.0,https://www.sec.gov/Archives/edgar/data/1063344/000106334415000025/0001063344-15-000025-index.htm,https://www.sec.gov/Archives/edgar/data/1063344/000106334415000025/ht-20141231x10k.htm,1620593270,16:47:50,20210509
7,2013-12-31,HT,USD,2014-02-27,2014-02-27 09:32:49,FY,338413000.0,213499000.0,124914000.0,0.3691170256461779,0.0,24025000.0,0.0,-897000.0,79809000.0,293308000.0,39984000.0,55784000.0,100889000.0,0.29812389003968526,45105000.0,0.13328388684831846,8248000.0,15153000.0,0.0447766486512043,-5600000.0,49613000.0,0.14660488811009034,1.000310256872851,0.9828337593540861,49597612.0,50479544.0,https://www.sec.gov/Archives/edgar/data/1063344/000106334414000005/0001063344-14-000005-index.htm,https://www.sec.gov/Archives/edgar/data/1063344/000106334414000005/ht-20131231x10k.htm,1620593270,16:47:50,20210509
8,2012-12-31,HT,USD,2013-02-22,2013-02-22 17:15:32,FY,358215000.0,219481000.0,138734000.0,0.38729254777158967,0.0,23427000.0,0.0,-788000.0,80791000.0,300272000.0,43967000.0,57364000.0,115307000.0,0.3218932763842943,57943000.0,0.16175481205421324,-7423000.0,7864000.0,0.02195329620479321,-3355000.0,22376000.0,0.062465279231746294,0.16,0.16,46853817.0,46853817.0,https://www.sec.gov/Archives/edgar/data/1063344/000114036113008942/0001140361-13-008942-index.htm,https://www.sec.gov/Archives/edgar/data/1063344/000114036113008942/form10k.htm,1620593270,16:47:50,20210509
9,2011-12-31,HT,USD,2012-02-29,2012-02-29 06:12:03,FY,286444000.0,154304000.0,132140000.0,0.4613118096381841,0.0,18540000.0,0.0,0.0,88544000.0,242848000.0,41702000.0,50718000.0,94314000.0,0.32925807487676473,43596000.0,0.15219728812612587,-2548000.0,-197000.0,-0.0006877435030931003,0.0,-25234000.0,-0.08809400790381366,-0.84,-0.84,42188345.0,42188345.0,https://www.sec.gov/Archives/edgar/data/1063344/000114036112011617/0001140361-12-011617-index.htm,https://www.sec.gov/Archives/edgar/data/1063344/000114036112011617/form10k.htm,1620593270,16:47:50,20210509
10,2010-12-31,HT,USD,2011-03-03,2011-03-03 17:23:03,FY,282775000.0,160091000.0,122684000.0,0.43385730704623815,0.0,16912000.0,0.0,0.0,88259000.0,248350000.0,45868000.0,52012000.0,86437000.0,0.30567412253558485,34425000.0,0.12173989921315534,-6399000.0,-17673000.0,-0.062498452833524884,0.0,-16357000.0,-0.057844576076385816,-0.64,-0.64,33057812.0,33057812.0,https://www.sec.gov/Archives/edgar/data/1063344/000114036111013950/0001140361-11-013950-index.htm,https://www.sec.gov/Archives/edgar/data/1063344/000114036111013950/form10k.htm,1620593270,16:47:50,20210509
11,2009-12-31,HT,USD,2010-03-05,2010-03-04 18:11:34,FY,220490000.0,125599000.0,94891000.0,0.43036418885210215,0.0,8035000.0,0.0,0.0,65070000.0,190669000.0,43359000.0,43156000.0,72977000.0,0.33097646151752913,29821000.0,0.13524876411628645,-29091000.0,-42421000.0,-0.19239421288947345,0.0,-49861000.0,-0.2261372397841172,-4.32,-4.32,12756935.0,12756935.0,https://www.sec.gov/Archives/edgar/data/1063344/000114036110010140/0001140361-10-010140-index.htm,https://www.sec.gov/Archives/edgar/data/1063344/000114036110010140/form10k.htm,1620593270,16:47:50,20210509
12,2008-12-31,HT,USD,2009-03-06,2009-03-06 16:42:27,FY,264771000.0,148951000.0,115820000.0,0.4374346133073486,0.0,8714000.0,0.0,0.0,62665000.0,211616000.0,43156000.0,40998000.0,94153000.0,0.3556016331093662,53155000.0,0.20075839121353925,-21545000.0,-11240000.0,-0.04245177908456742,0.0,-8808000.0,-0.033266483111821156,-1.24,-1.24,11296031.0,11296031.0,https://www.sec.gov/Archives/edgar/data/1063344/000114036109006280/0001140361-09-006280-index.htm,https://www.sec.gov/Archives/edgar/data/1063344/000114036109006280/form10k.htm,1620593270,16:47:50,20210509
13,2007-12-31,HT,USD,2008-03-13,2008-03-13 17:17:09,FY,242129000.0,145928000.0,96201000.0,0.3973130025730086,0.0,8185000.0,0.0,0.0,42521000.0,188449000.0,42402000.0,34336000.0,88016000.0,0.36350870816796005,53680000.0,0.2217000028910209,1711000.0,13675000.0,0.05647815833708478,0.0,17847000.0,0.07370864291348826,1.28,1.28,10179681.0,10179681.0,https://www.sec.gov/Archives/edgar/data/1063344/000114036108006663/0001140361-08-006663-index.htm,https://www.sec.gov/Archives/edgar/data/1063344/000114036108006663/form10-k.htm,1620593270,16:47:50,20210509
14,2006-12-31,HT,USD,2007-03-16,2007-03-16 06:14:25,FY,147888000.0,85467000.0,62421000.0,0.4220829276209023,0.0,6238000.0,0.0,0.0,32919000.0,118386000.0,26532000.0,20011000.0,49513000.0,0.3348006599588878,29502000.0,0.1994888023369036,-237000.0,3915000.0,0.026472736124634858,0.0,5098000.0,0.03447203288975441,0.04,0.04,6779566.0,6779566.0,https://www.sec.gov/Archives/edgar/data/1063344/000114036107005830/0001140361-07-005830-index.htm,https://www.sec.gov/Archives/edgar/data/1063344/000114036107005830/form10-k.htm,1620593270,16:47:50,20210509
15,2005-12-31,HT,USD,2006-03-22,2006-03-21 21:58:25,FY,80899000.0,50216000.0,30683000.0,0.3792753927737055,0.0,4992000.0,0.0,0.0,19938000.0,70154000.0,14094000.0,10600000.0,21345000.0,0.2638475135662987,10745000.0,0.13281993596954228,990000.0,2183000.0,0.026984264329596164,0.0,3297000.0,0.0407545210694817,0.649861591504533,0.6485312645376141,5073388.0,5083795.0,https://www.sec.gov/Archives/edgar/data/1063344/000114036106004309/0001140361-06-004309-index.htm,https://www.sec.gov/Archives/edgar/data/1063344/000114036106004309/form10-k.htm,1620593270,16:47:50,20210509
16,2004-12-31,HT,USD,2005-03-16 00:00:00,2005-03-16 17:15:33,FY,50562000.0,32336000.0,18226000.0,0.36046833590443417,0.0,3200000.0,0.0,0.0,13658000.0,45994000.0,6130000.0,7194000.0,11762000.0,0.23262529172105534,4568000.0,0.09034452751077884,-30000.0,840000.0,0.016613266880265813,0.0,2049000.0,0.040524504568648395,0.5000059785975967,0.4224386026003168,4097951.0,4850409.0,https://www.sec.gov/Archives/edgar/data/1063344/000101540205001359/0001015402-05-001359-index.html,https://www.sec.gov/Archives/edgar/data/1063344/000101540205001359/body.htm,1620593270,16:47:50,20210509
17,2003-12-31,HT,USD,2004-03-29 00:00:00,2004-03-29 15:06:52,FY,18601000.0,3373000.0,15228000.0,0.8186656631363906,0.0,1998000.0,0.0,0.0,8142000.0,11515000.0,4954000.0,4790000.0,11876000.0,0.6384602978334498,7086000.0,0.3809472608999516,-2148000.0,785000.0,0.0422020321488092,0.0,785000.0,0.0422020321488092,0.6804908896573186,0.33050725073964154,1153579.0,2375137.0,https://www.sec.gov/Archives/edgar/data/1063344/000101540204001181/0001015402-04-001181-index.html,https://www.sec.gov/Archives/edgar/data/1063344/000101540204001181/doc1.txt,1620593270,16:47:50,20210509
18,2002-12-31,HT,USD,2003-03-31 00:00:00,2003-03-31 17:21:18,FY,14448000.0,0.0,0.0,0.0,0.0,567000.0,0.0,0.0,5582000.0,5582000.0,0.0,3994000.0,12860000.0,0.8900885935769657,8866000.0,0.6136489479512736,0.0,0.0,0.0,0.0,1292000.0,0.08942414174972314,2.050940146518402,1.7561171868416259,629955.0,735714.0,https://www.sec.gov/Archives/edgar/data/1063344/000101540203001018/0001015402-03-001018-index.html,https://www.sec.gov/Archives/edgar/data/1063344/000101540203001018/doc1.txt,1620593270,16:47:50,20210509
19,2001-12-31,HT,USD,2002-04-01 00:00:00,2002-04-01 00:00:00,FY,14087000.0,0.0,0.0,0.0,0.0,554000.0,0.0,0.0,6087000.0,6087000.0,0.0,4476000.0,12476000.0,0.8856392418541918,8000000.0,0.5678994817917229,0.0,0.0,0.0,0.0,834000.0,0.05920352097678711,1.4663736263736264,0.457199494120272,568750.0,1824149.0,https://www.sec.gov/Archives/edgar/data/1063344/000101540202001076/0001015402-02-001076-index.html,https://www.sec.gov/Archives/edgar/data/1063344/000101540202001076/doc1.txt,1620593270,16:47:50,20210509
20,2000-12-31,HT,USD,2000-12-31,2000-12-31,FY,12824000.0,0.0,0.0,0.0,0.0,590000.0,0.0,0.0,5357000.0,5357000.0,0.0,3892000.0,11359000.0,0.8857610729881472,7467000.0,0.5822676232064878,0.0,0.0,0.0,0.0,847000.0,0.06604803493449782,1.4892307692307691,0.5044672450668524,568750.0,1678999.0,,,1620593270,16:47:50,20210509
21,1999-12-31,HT,USD,2000-03-30 00:00:00,2000-03-30 00:00:00,FY,7370000.0,0.0,0.0,0.0,0.0,363000.0,0.0,0.0,2897000.0,2897000.0,0.0,2064000.0,6537000.0,0.8869742198100407,4473000.0,0.6069199457259159,0.0,0.0,0.0,0.0,1338000.0,0.18154681139755766,2.36,1.92,568750.0,1592425.0,https://www.sec.gov/Archives/edgar/data/1063344/000091664100000428/0000916641-00-000428-index.html,https://www.sec.gov/Archives/edgar/data/1063344/0000916641-00-000428.txt,1620593270,16:47:50,20210509
22,1998-12-31,HT,USD,1998-12-31,1998-12-31,FY,18086000.0,0.0,0.0,0.0,0.0,2673000.0,918000.0,0.0,0.0,14147000.0,0.0,1543000.0,5482000.0,0.3031073758708393,3939000.0,0.21779276788676324,0.0,0.0,0.0,0.0,1948000.0,0.10770761915293597,3.425055,3.425055,568750.0,568750.0,,,1620593270,16:47:50,20210509
