,date,symbol,reportedCurrency,fillingDate,acceptedDate,period,revenue,costOfRevenue,grossProfit,grossProfitRatio,researchAndDevelopmentExpenses,generalAndAdministrativeExpenses,sellingAndMarketingExpenses,otherExpenses,operatingExpenses,costAndExpenses,interestExpense,depreciationAndAmortization,ebitda,ebitdaratio,operatingIncome,operatingIncomeRatio,totalOtherIncomeExpensesNet,incomeBeforeTax,incomeBeforeTaxRatio,incomeTaxExpense,netIncome,netIncomeRatio,eps,epsdiluted,weightedAverageShsOut,weightedAverageShsOutDil,link,finalLink,timestamp,est_time,est_date
0,2020-12-31,HON,USD,2021-02-12,2021-02-12 14:31:39,FY,32637000000,22169000000,10468000000,0.32074026411741274,0,4772000000,0,437000000,4772000000,26941000000,359000000,1002000000,6698000000,0.205227196127095,5696000000,0.17452584489996018,568000000,6012000000,0.18420810736280907,1147000000,4779000000,0.14642889971504733,6.79,6.72,702600000,702600000,https://www.sec.gov/Archives/edgar/data/773840/000077384021000015/0000773840-21-000015-index.htm,https://www.sec.gov/Archives/edgar/data/773840/000077384021000015/hon-20201231.htm,1620593186,16:46:26,20210509
1,2019-12-31,HON,USD,2020-02-14 00:00:00,2020-02-14 13:25:35,FY,36709000000,24339000000,12370000000,0.3369745838895094,0,5519000000,0,639000000,5519000000,29858000000,357000000,1088000000,7939000000,0.21626849001607235,6851000000,0.18662998174834508,810000000,7559000000,0.20591680514315291,1329000000,6143000000,0.16734315835353727,8.52,8.41,721000000,730300000,https://www.sec.gov/Archives/edgar/data/773840/000077384020000009/0000773840-20-000009-index.html,https://www.sec.gov/Archives/edgar/data/773840/000077384020000009/hon1231201910k.htm,1620593186,16:46:26,20210509
2,2018-12-31,HON,USD,2019-02-08 00:00:00,2019-02-08 14:09:10,FY,41802000000,29046000000,12756000000,0.3051528634993541,0,6051000000,0,1140000000,6051000000,35097000000,367000000,1116000000,7821000000,0.1870963111812832,6705000000,0.16039902397014497,932000000,7487000000,0.17910626285823644,659000000,6765000000,0.16183436199224918,9.1,8.98,743000000,753000000,https://www.sec.gov/Archives/edgar/data/773840/000093041319000366/0000930413-19-000366-index.html,https://www.sec.gov/Archives/edgar/data/773840/000093041319000366/c92779_10k.htm,1620593186,16:46:26,20210509
3,2017-12-31,HON,USD,2018-02-09 00:00:00,2018-02-09 14:29:41,FY,40534000000,27575000000,12959000000,0.31970691271525137,0,5808000000,0,-98000000,5808000000,33383000000,316000000,1115000000,8266000000,0.20392756698080625,7151000000,0.17641979572704397,-84000000,6902000000,0.17027680465781814,5204000000,1655000000,0.0408299205605171,2.17,2.14,762100000,772100000,https://www.sec.gov/Archives/edgar/data/773840/000093041318000292/0000930413-18-000292-index.html,https://www.sec.gov/Archives/edgar/data/773840/000093041318000292/c89913_10k.htm,1620593186,16:46:26,20210509
4,2016-12-31,HON,USD,2017-02-10 00:00:00,2017-02-10 15:53:13,FY,39302000000,27150000000,12152000000,0.30919546079079946,0,5469000000,0,-201000000,5469000000,32619000000,338000000,1030000000,7713000000,0.1962495547300392,6683000000,0.17004223703628313,-4000000,6447000000,0.1640374535647041,1601000000,4809000000,0.1223601852323037,6.29,6.2,764300000,775300000,https://www.sec.gov/Archives/edgar/data/773840/000093041317000391/0000930413-17-000391-index.html,https://www.sec.gov/Archives/edgar/data/773840/000093041317000391/c86783_10k.htm,1620593186,16:46:26,20210509
5,2015-12-31,HON,USD,2016-02-12 00:00:00,2016-02-12 13:41:09,FY,38581000000,26747000000,11834000000,0.30673129260516835,0,5006000000,0,-22000000,5006000000,31753000000,310000000,883000000,7711000000,0.19986521863093232,6828000000,0.17697830538347892,-36000000,6586000000,0.1707057878230217,1739000000,4768000000,0.12358414763743812,6.11,6.04,779800000,789300000,https://www.sec.gov/Archives/edgar/data/773840/000093041316005457/0000930413-16-005457-index.html,https://www.sec.gov/Archives/edgar/data/773840/000093041316005457/c83288_10k.htm,1620593186,16:46:26,20210509
6,2014-12-31,HON,USD,2015-02-13,2015-02-13 13:45:03,FY,40306000000,28957000000,11349000000,0.2815709819877934,0,5518000000,0,-9000000,5518000000,34475000000,318000000,924000000,6755000000,0.16759291420632164,5831000000,0.14466828759986106,203000000,5818000000,0.1443457549744455,1489000000,4239000000,0.10517044608743115,5.4,5.33,784400000,795200000,https://www.sec.gov/Archives/edgar/data/773840/000093041315000621/c79276_10k.htm,https://www.sec.gov/Archives/edgar/data/773840/000093041315000621/c79276_10k.htm,1620593186,16:46:26,20210509
7,2013-12-31,HON,USD,2014-02-14,2014-02-14 09:15:25,FY,39055000000,28364000000,10691000000,0.27374215849443095,0,5190000000,0,-8000000,5190000000,33554000000,327000000,989000000,6490000000,0.1661759057739086,5501000000,0.14085264370759185,169000000,5412000000,0.1385738061707848,1450000000,3924000000,0.10047369094866214,4.99,4.92,786400000,797300000,https://www.sec.gov/Archives/edgar/data/773840/000093041314000634/c75936_10k.htm,https://www.sec.gov/Archives/edgar/data/773840/000093041314000634/c75936_10k.htm,1620593186,16:46:26,20210509
8,2012-12-31,HON,USD,2013-02-15 00:00:00,2013-02-15 09:16:19,FY,37665000000,28291000000,9374000000,0.24887826894995355,0,5218000000,0,-2000000,5218000000,33509000000,351000000,926000000,5082000000,0.134926324173636,4156000000,0.11034116553829816,12000000,3875000000,0.102880658436214,944000000,2926000000,0.07768485331209346,3.74,3.69,782400000,791900000,https://www.sec.gov/Archives/edgar/data/773840/000093041313000907/0000930413-13-000907-index.html,https://www.sec.gov/Archives/edgar/data/773840/000093041313000907/c72130_10-k.htm,1620593186,16:46:26,20210509
9,2011-12-31,HON,USD,2012-02-17 00:00:00,2012-02-17 13:58:44,FY,36529000000,28556000000,7973000000,0.21826494018451092,0,5399000000,0,0,5399000000,33955000000,376000000,957000000,3531000000,0.09666292534698459,2574000000,0.07046456240247474,26000000,2282000000,0.06247091352076432,417000000,2067000000,0.05658517889895699,2.65,2.61,780800000,791600000,https://www.sec.gov/Archives/edgar/data/773840/000093041312000976/0000930413-12-000976-index.html,https://www.sec.gov/Archives/edgar/data/773840/000093041312000976/c68029_10k.htm,1620593186,16:46:26,20210509
10,2010-12-31,HON,USD,2011-02-11,2011-02-11 12:04:55,FY,33370000000,25519000000,7851000000,0.23527120167815402,0,4717000000,0,0,4717000000,30236000000,386000000,987000000,4121000000,0.12349415642792928,3134000000,0.09391669163919689,95000000,2843000000,0.08519628408750375,808000000,2022000000,0.060593347317950255,2.61,2.59,773500000,781000000,https://www.sec.gov/Archives/edgar/data/773840/000093041311000961/c63936_10-k.htm,https://www.sec.gov/Archives/edgar/data/773840/000093041311000961/c63936_10-k.htm,1620593186,16:46:26,20210509
11,2009-12-31,HON,USD,2010-02-12 00:00:00,2010-02-12 16:36:38,FY,30908000000,23185000000,7723000000,0.24987058366765885,0,4341000000,0,0,4341000000,27526000000,459000000,957000000,4339000000,0.1403843665070532,3382000000,0.1094215089944351,22000000,2978000000,0.09635045942797982,789000000,2153000000,0.0696583408826194,2.86,2.85,753000000,756000000,https://www.sec.gov/Archives/edgar/data/773840/000093041310000784/0000930413-10-000784-index.html,https://www.sec.gov/Archives/edgar/data/773840/000093041310000784/c60039_10k.htm,1620593186,16:46:26,20210509
12,2008-12-31,HON,USD,2009-02-13 00:00:00,2009-02-13 11:24:23,FY,36556000000,27994000000,8562000000,0.23421599737389212,0,5033000000,0,0,5033000000,33027000000,0,903000000,4432000000,0.12123864755443703,3529000000,0.09653682022103074,626000000,3801000000,0.10397745924061713,1009000000,2792000000,0.07637597111281322,3.79,3.76,736763174,743530427,https://www.sec.gov/Archives/edgar/data/773840/000093041309000801/0000930413-09-000801-index.html,https://www.sec.gov/Archives/edgar/data/773840/000093041309000801/c56028_10k.htm,1620593186,16:46:26,20210509
13,2007-12-31,HON,USD,2008-02-15,2008-02-15 12:01:53,FY,34589000000,26300000000,8289000000,0.23964266096157738,0,4565000000,0,0,4565000000,30865000000,0,837000000,4561000000,0.13186273092601694,3724000000,0.10766428633380555,-28000000,3321000000,0.09601318338200006,877000000,2444000000,0.07065830177223972,3.2,3.16,763750000,773417722,https://www.sec.gov/Archives/edgar/data/773840/000093041308001037/c51271_10k.htm,https://www.sec.gov/Archives/edgar/data/773840/000093041308001037/c51271_10k.htm,1620593186,16:46:26,20210509
14,2006-12-31,HON,USD,2007-02-16,2007-02-16 17:12:38,FY,31367000000,24096000000,7271000000,0.2318041253546721,0,4210000000,0,0,4210000000,28306000000,0,794000000,3855000000,0.12289986291325278,3061000000,0.09758663563617814,17000000,2798000000,0.08920202760863327,720000000,2083000000,0.06640737080371091,2.54,2.52,820078740,826587302,https://www.sec.gov/Archives/edgar/data/773840/000093041307001369/c44492_10k.htm,https://www.sec.gov/Archives/edgar/data/773840/000093041307001369/c44492_10k.htm,1620593186,16:46:26,20210509
15,2005-12-31,HON,USD,2006-03-01,2006-03-01 16:37:10,FY,27653000000,21465000000,6188000000,0.22377318916573247,0,3707000000,0,0,3707000000,25172000000,0,697000000,3178000000,0.1149242396846635,2481000000,0.08971901782808375,198000000,2323000000,0.08400535204136983,742000000,1655000000,0.0598488409937439,1.95,1.94,848717949,853092784,https://www.sec.gov/Archives/edgar/data/773840/000095011706000980/a41243.htm,https://www.sec.gov/Archives/edgar/data/773840/000095011706000980/a41243.htm,1620593186,16:46:26,20210509
16,2004-12-31,HON,USD,2004-12-31,2004-12-31,FY,25601000000,20585000000,5016000000,0.19592984649037146,0,3316000000,0,0,3316000000,23901000000,0,650000000,2350000000,0.09179328932463576,1700000000,0.06640365610718331,191000000,1680000000,0.0656224366235694,399000000,1281000000,0.05003710792547166,1.49,1.49,859731544,859731544,,,1620593186,16:46:26,20210509
17,2003-12-31,HON,USD,2003-12-31,2003-12-31,FY,23103000000,18235000000,4868000000,0.21070856598710125,0,2950000000,0,0,2950000000,21185000000,0,595000000,2513000000,0.10877375232653767,1918000000,0.08301952127429338,-45000000,1640000000,0.07098645197593387,296000000,1324000000,0.05730857464398563,1.54,1.54,859740260,859740260,,,1620593186,16:46:26,20210509
18,2002-12-31,HON,USD,2002-12-31,2002-12-31,FY,22274000000,17615000000,4659000000,0.20916763940019753,0,2757000000,0,0,2757000000,20372000000,0,671000000,2573000000,0.11551584807398761,1902000000,0.08539103887941098,-2563000000,-945000000,-0.04242614707730987,-725000000,-220000000,-0.009876986621172668,-0.27,-0.27,814814815,814814815,,,1620593186,16:46:26,20210509
19,2001-12-31,HON,USD,2001-12-31,2001-12-31,FY,23652000000,20429000000,3223000000,0.1362675460848977,0,3064000000,0,0,3064000000,23493000000,0,926000000,1085000000,0.0458734990698461,159000000,0.006722475900558092,-202000000,-422000000,-0.017842042956198206,-323000000,-99000000,-0.004185692541856925,-0.12,-0.12,825000000,825000000,,,1620593186,16:46:26,20210509
20,2000-12-31,HON,USD,2001-03-30 00:00:00,2001-03-30 00:00:00,FY,25023000000,19090000000,5933000000,0.23710186628301963,0,3134000000,0,0,3134000000,22224000000,0,995000000,3794000000,0.15162050913159894,2799000000,0.11185709147584222,35000000,2398000000,0.0958318347120649,739000000,1659000000,0.06629900491547776,2.07,2.05,801449275,809268293,https://www.sec.gov/Archives/edgar/data/773840/000095011701000640/0000950117-01-000640-index.html,https://www.sec.gov/Archives/edgar/data/773840/000095011701000640/0000950117-01-000640-0001.txt,1620593186,16:46:26,20210509
21,1999-12-31,HON,USD,1999-12-31,1999-12-31,FY,23735000000,18495000000,5240000000,0.22077101327153992,0,3216000000,0,0,3216000000,21711000000,0,881000000,2905000000,0.12239309037286708,2024000000,0.08527491046977038,459000000,2248000000,0.0947124499684011,707000000,1541000000,0.0649252159258479,1.95,1.9,790256410,811052632,,,1620593186,16:46:26,20210509
22,1998-12-31,HON,USD,1998-12-31,1998-12-31,FY,15128000000,11476000000,3652000000,0.24140666314119513,0,1690000000,0,0,1690000000,13166000000,0,609000000,2571000000,0.1699497620306716,1962000000,0.12969328397673188,133000000,1943000000,0.12843733474352195,612000000,1331000000,0.0879825489159175,2.37,2.32,561603376,573706897,,,1620593186,16:46:26,20210509
23,1997-12-31,HON,USD,1997-12-31,1997-12-31,FY,14472000000,11481000000,2991000000,0.20667495854063017,0,1581000000,0,0,1355000000,12836000000,0,609000000,2245000000,0.15512714206744058,1636000000,0.11304588170259812,431000000,1716000000,0.11857379767827529,546000000,1170000000,0.08084577114427861,2.07,2.02,565217391,579207921,,,1620593186,16:46:26,20210509
24,1996-12-31,HON,USD,1996-12-31,1996-12-31,FY,13971000000,11606000000,2365000000,0.16927922124400543,0,1511000000,0,0,856000000,12462000000,0,602000000,2111000000,0.15109870445923698,1509000000,0.10800944814258107,809000000,1553000000,0.11115882900293465,533000000,1020000000,0.07300837449001503,1.8049999997080146,1.8032415919441065,565096953,565648000,,,1620593186,16:46:26,20210509
25,1995-12-31,HON,USD,1996-02-27 00:00:00,1996-02-27 00:00:00,FY,14346000000,11539000000,2807000000,0.1956642966680608,0,1503000000,0,0,1547000000,13086000000,0,612000000,1872000000,0.13048933500627352,1260000000,0.08782936010037641,126000000,1261000000,0.08789906594172592,386000000,875000000,0.060992611180816954,1.5450000001942286,1.5426494077989301,566343042,567206000,https://www.sec.gov/Archives/edgar/data/773840/000095011796000146/0000950117-96-000146-index.html,https://www.sec.gov/Archives/edgar/data/773840/0000950117-96-000146.txt,1620593186,16:46:26,20210509
26,1994-12-31,HON,USD,1995-03-02 00:00:00,1995-03-02 00:00:00,FY,12817000000,10299000000,2518000000,0.196457829445268,0,1366000000,0,0,1366000000,11665000000,0,560000000,1712000000,0.13357259889209644,1152000000,0.08988062729187797,103000000,1111000000,0.08668175079971913,352000000,759000000,0.05921822579386752,1.3400000010592885,1.3382702988627346,566417910,567150000,https://www.sec.gov/Archives/edgar/data/773840/000095011795000038/0000950117-95-000038-index.html,https://www.sec.gov/Archives/edgar/data/773840/0000950117-95-000038.txt,1620593186,16:46:26,20210509
