,date,symbol,reportedCurrency,fillingDate,acceptedDate,period,revenue,costOfRevenue,grossProfit,grossProfitRatio,researchAndDevelopmentExpenses,generalAndAdministrativeExpenses,sellingAndMarketingExpenses,otherExpenses,operatingExpenses,costAndExpenses,interestExpense,depreciationAndAmortization,ebitda,ebitdaratio,operatingIncome,operatingIncomeRatio,totalOtherIncomeExpensesNet,incomeBeforeTax,incomeBeforeTaxRatio,incomeTaxExpense,netIncome,netIncomeRatio,eps,epsdiluted,weightedAverageShsOut,weightedAverageShsOutDil,link,finalLink,timestamp,est_time,est_date
0,2019-12-31,1169.HK,CNY,2019-12-31,2019-12-31,FY,75879970000.0,59348597000.0,16531373000.0,0.21786214464765866,0.0,2379548000.0,10793062000.0,6602000.0,12792626000.0,72141223000.0,4870000.0,381818000.0,4120565000.0,0.05430372468518372,3738747000.0,0.049271856591403505,0.0,5087318000.0,0.06704428059209828,882117000.0,7350810000.0,0.09687418168457368,2.63,2.61,2798167617,2812648910,https://www1.hkexnews.hk/search/titlesearch.xhtml,https://www1.hkexnews.hk/search/titlesearch.xhtml,1620585107,14:31:47,20210509
1,2018-12-31,1169.HK,CNY,2018-12-31,2018-12-31,FY,85250041000.0,70067466000.0,15182575000.0,0.17809463575507253,0.0,2607194000.0,8827562000.0,144763000.0,11218187000.0,81285653000.0,10908000.0,328641000.0,4293029000.0,0.050358087217811424,3964388000.0,0.046503062678878944,0.0,4864081000.0,0.05705664118097022,873976000.0,3789679000.0,0.04445369123048281,1.36,1.35,2793695434,2812808569,https://www1.hkexnews.hk/search/titlesearch.xhtml,https://www1.hkexnews.hk/search/titlesearch.xhtml,1620585107,14:31:47,20210509
2,2017-12-31,1169.HK,CNY,2017-12-31,2017-12-31,FY,78798324000.0,64974005000.0,13824319000.0,0.17543925172824743,0.0,2351755000.0,7876752000.0,71850000.0,10010225000.0,74984230000.0,11121000.0,333758000.0,4147852000.0,0.052638835313299305,3814094000.0,0.04840323761200809,0.0,4350402000.0,0.05520932145714165,825427000.0,3358297000.0,0.042618888696160595,1.21,1.2,2784235089,2804591798,https://www1.hkexnews.hk/search/titlesearch.xhtml,https://www1.hkexnews.hk/search/titlesearch.xhtml,1620585107,14:31:47,20210509
3,2016-12-31,1169.HK,CNY,2016-12-31,2016-12-31,FY,63854877000.0,52782910000.0,11071967000.0,0.17339266036014758,0.0,2032317000.0,6091216000.0,56138000.0,7885551000.0,60668461000.0,43022000.0,298829000.0,3485245000.0,0.054580717460312386,3186416000.0,0.04990090263583156,0.0,3494210000.0,0.05472111394091324,683575000.0,2786219000.0,0.0436336131381163,1.002,0.9892,2780520334,2854256919,https://www1.hkexnews.hk/search/titlesearch.xhtml,https://www1.hkexnews.hk/search/titlesearch.xhtml,1620585107,14:31:47,20210509
4,2015-12-31,1169.HK,CNY,2015-12-31,2015-12-31,FY,62826119000.0,52833427000.0,9992692000.0,0.15905314794313494,0.0,1972653000.0,5348277000.0,45270000.0,7201177000.0,60034604000.0,70525000.0,246540000.0,3038055000.0,0.04835656011156761,2791515000.0,0.044432396023061684,0.0,3343986000.0,0.05322604759335842,609489000.0,2702996000.0,0.0430234438004996,0.9812,0.9682,2754846230,2840870425,https://www1.hkexnews.hk/search/titlesearch.xhtml,https://www1.hkexnews.hk/search/titlesearch.xhtml,1620585107,14:31:47,20210509
5,2014-12-31,1169.HK,CNY,2014-12-31,2014-12-31,FY,67133962000.0,57292029000.0,9841933000.0,0.1466014027296646,0.0,2245444000.0,4704728000.0,65661000.0,6905359000.0,64197388000.0,95961000.0,155365000.0,3091939000.0,0.0460562568912587,2936574000.0,0.04374200348848769,0.0,3165915000.0,0.04715817308682005,650813000.0,2446605000.0,0.03644362595492279,0.9219,0.8976,2653867520,2828095517,https://www1.hkexnews.hk/search/titlesearch.xhtml,https://www1.hkexnews.hk/search/titlesearch.xhtml,1620585107,14:31:47,20210509
6,2013-12-31,1169.HK,CNY,2013-12-31,2013-12-31,FY,62263162000.0,53125613000.0,9137549000.0,0.14675690579286674,0.0,2221437000.0,4403956000.0,71406000.0,6590206000.0,59715819000.0,68334000.0,121635000.0,2668978000.0,0.04286608508575263,2547343000.0,0.04091252223907292,0.0,2637840000.0,0.04236598199108487,547527000.0,2036882000.0,0.03271407899264737,0.8015,0.7814,2541398244,2687721473,https://www1.hkexnews.hk/search/titlesearch.xhtml,https://www1.hkexnews.hk/search/titlesearch.xhtml,1620585107,14:31:47,20210509
7,2012-12-31,1169.HK,CNY,2012-12-31,2012-12-31,FY,55615047000.0,46673866000.0,8941181000.0,0.16076909905335512,0.0,2152495000.0,4569519000.0,37546000.0,6712738000.0,53386604000.0,64504000.0,106133000.0,2334576000.0,0.04197741665128864,2228443000.0,0.04006906620073521,0.0,2244262000.0,0.04035350361207103,537285000.0,1695122000.0,0.03047955708821032,0.7073,0.6618,2396748020,2654524208,https://www1.hkexnews.hk/search/titlesearch.xhtml,https://www1.hkexnews.hk/search/titlesearch.xhtml,1620585107,14:31:47,20210509
8,2011-12-31,1169.HK,CNY,2011-12-31,2011-12-31,FY,49899807000.0,42416066000.0,7483741000.0,0.1499753496040576,0.0,1565167000.0,4146905000.0,0.0,5612727000.0,48028793000.0,22492000.0,90292000.0,1961306000.0,0.039304881479802115,1871014000.0,0.03749541556343094,0.0,1848522000.0,0.03704467233710944,385877000.0,1406016000.0,0.02817678232703385,0.6113,0.5544,2300165017,2571581003,https://www1.hkexnews.hk/search/titlesearch.xhtml,https://www1.hkexnews.hk/search/titlesearch.xhtml,1620585107,14:31:47,20210509
9,2010-12-31,1169.HK,CNY,2010-12-31,2010-12-31,FY,35806672000.0,31033259000.0,4773413000.0,0.13331071371279632,0.0,898503000.0,2511004000.0,0.0,3338610000.0,34371869000.0,4691000.0,77837000.0,1512640000.0,0.04224464088703915,1434803000.0,0.040070828140632564,0.0,1435430000.0,0.040088338843665784,427943000.0,964363000.0,0.026932494592069322,0.4685,0.4068,2058303521,2372196910,https://www1.hkexnews.hk/search/titlesearch.xhtml,https://www1.hkexnews.hk/search/titlesearch.xhtml,1620585107,14:31:47,20210509
10,2009-12-31,1169.HK,CNY,2009-12-31,2009-12-31,FY,11530604000.0,8084214000.0,3446390000.0,0.29889067389704826,0.0,620696000.0,2297564000.0,0.0,2900438000.0,10984652000.0,7906000.0,79390000.0,625342000.0,0.05423323877916543,545952000.0,0.04734808341349681,0.0,538046000.0,0.04666242982587902,117692000.0,369711000.0,0.03206345478519599,0.1839,0.1699,2010030069,2176288559,https://www1.hkexnews.hk/search/titlesearch.xhtml,https://www1.hkexnews.hk/search/titlesearch.xhtml,1620585107,14:31:47,20210509
11,2008-12-31,1169.HK,CNY,2008-12-31,2008-12-31,FY,10046098018.39465,7149838851.309922,2896259167.084727,0.28829692501323456,0.0,725669511.1482723,1997129396.948161,-10951714.464883,2699653967.879041,9849492819.188963,13852976.658305,85671322.881828,282276522.087514,0.028098125418511626,196605199.205686,0.01957030469399135,-10951714.464883,178137498.676143,0.017732008820735067,24069469.899666,133997810.130992,0.013338294120327988,0.068767,0.068594,1948822406,1953479940,https://www1.hkexnews.hk/search/titlesearch.xhtml,https://www1.hkexnews.hk/search/titlesearch.xhtml,1620585107,14:31:47,20210509
12,2007-12-31,1169.HK,CNY,2007-12-31,2007-12-31,FY,8008893994.326707,5675121249.442802,2333772744.883905,0.29139763199976043,0.0,493758072.0908351,1542585649.271474,32339139.141876,2064504749.772376,7739625999.215177,0.0,75333397.445992,344601392.557521,0.04302733845667425,269267995.111529,0.03362112113136614,0.0,301607134.253405,0.037659024388018575,90175058.505195,211432075.74821,0.026399659665614632,0.087028,0.087028,1852863294,1852863294,https://www1.hkexnews.hk/search/titlesearch.xhtml,https://www1.hkexnews.hk/search/titlesearch.xhtml,1620585107,14:31:47,20210509
13,2006-12-31,1169.HK,CNY,2006-12-31,2006-12-31,FY,6920342665.402173,5075870185.816241,1844472479.585932,0.26652906781730024,0.0,402763711.502604,1247098649.778178,43076011.05896,1663448952.292162,6739319138.108404,0.0,102274442.551276,283297969.845046,0.04093698586074021,181023527.29377,0.02615817395846393,0.0,224099538.352729,0.03238272281994081,39817234.617116,287981583.617309,0.04161377514686594,1.439878,1.396762,1836573461,1836573461,https://www1.hkexnews.hk/search/titlesearch.xhtml,https://www1.hkexnews.hk/search/titlesearch.xhtml,1620585107,14:31:47,20210509
14,2005-12-31,1169.HK,CNY,2005-12-31,2005-12-31,FY,5142717488.267148,4467794331.549768,674923156.71738,0.13123862204314807,0.0,231569756.38215607,479690395.951521,-318101729.241877,774218046.480144,5242012378.029912,0.0,73604588.060856,-25690301.701908007,-0.004995472094377952,-99294889.762764,-0.019307863982281803,0.0,-417396619.004642,-0.08116265767211818,17544977.114492,-434941596.119134,-0.0845742736425696,-0.288339,-0.288339,1562028315,1562028315,https://www1.hkexnews.hk/search/titlesearch.xhtml,https://www1.hkexnews.hk/search/titlesearch.xhtml,1620585107,14:31:47,20210509
15,2004-12-31,1169.HK,CNY,2004-12-31,2004-12-31,FY,6279281920.853384,5622465366.32514,656816554.528244,0.10460058376212858,0.0,132012351.123101,354202085.840301,18855406.711188,499193110.517232,6121658476.842372,0.0,45120653.725027,202744097.73603898,0.03228778390451453,157623444.011012,0.02510214479900119,0.0,176478850.7222,0.028104941448180064,18130936.343711,158347914.378489,0.025217519514869745,0.200295,0.24916016949586323,635526596,635526596,https://www1.hkexnews.hk/search/titlesearch.xhtml,https://www1.hkexnews.hk/search/titlesearch.xhtml,1620585107,14:31:47,20210509
