,date,symbol,reportedCurrency,fillingDate,acceptedDate,period,revenue,costOfRevenue,grossProfit,grossProfitRatio,researchAndDevelopmentExpenses,generalAndAdministrativeExpenses,sellingAndMarketingExpenses,otherExpenses,operatingExpenses,costAndExpenses,interestExpense,depreciationAndAmortization,ebitda,ebitdaratio,operatingIncome,operatingIncomeRatio,totalOtherIncomeExpensesNet,incomeBeforeTax,incomeBeforeTaxRatio,incomeTaxExpense,netIncome,netIncomeRatio,eps,epsdiluted,weightedAverageShsOut,weightedAverageShsOutDil,link,finalLink,timestamp,est_time,est_date
0,2020-03-31,ONELIFECAP.NS,INR,2020-03-31,2020-03-31,FY,62633000.0,27323000.0,35310000.0,0.563760318043204,0.0,28062000.0,318000.0,1684000.0,0.0,85444000.0,273000.0,8879000.0,-13932000.0,-0.22243865055162615,-22811000.0,-0.36420098031389203,0.0,-15485000.0,-0.24723388628997495,818000.0,-16300000.0,-0.26024619609471045,-1.22,-1.22,13360000.0,13360000.0,,,1620596131,17:35:31,20210509
1,2019-03-31,ONELIFECAP.NS,INR,2019-03-31,2019-03-31,FY,82881000.0,39209000.0,43672000.0,0.5269241442550162,0.0,13022000.0,251000.0,992000.0,65853000.0,105062000.0,302000.0,5668000.0,-16513000.0,-0.19923746093797132,-22181000.0,-0.26762466669079765,0.0,-180000.0,-0.002171788467803236,622000.0,-802000.0,-0.009676524173212195,-0.06,-0.06,13360000.0,13360000.0,https://www.nseindia.com/companies-listing/corporate-filings-annual-reports,https://www.nseindia.com/companies-listing/corporate-filings-annual-reports,1620596131,17:35:31,20210509
2,2018-03-31,ONELIFECAP.NS,INR,2018-03-31,2018-03-31,FY,53122000.0,19491000.0,33631000.0,0.6330898686043447,0.0,10163000.0,373000.0,177000.0,48222000.0,67713000.0,487000.0,5270000.0,-9321000.0,-0.1754640262038327,-14591000.0,-0.2746696284025451,0.0,845000.0,0.015906780618199615,-285000.0,560000.0,0.010541771770641166,0.041916,0.041916,13360000.0,13360000.0,https://www.nseindia.com/companies-listing/corporate-filings-annual-reports,https://www.nseindia.com/companies-listing/corporate-filings-annual-reports,1620596131,17:35:31,20210509
3,2017-03-31,ONELIFECAP.NS,INR,2017-03-31,2017-03-31,FY,66295000.0,30957000.0,35338000.0,0.5330417075194208,0.0,0.0,0.0,12310000.0,85498000.0,116455000.0,821000.0,17101000.0,-33059000.0,-0.49866505769665886,-50160000.0,-0.7566181461648691,0.0,-40351000.0,-0.6086582698544385,237000.0,-40588000.0,-0.6122332000905045,-3.04,-3.04,13351316.0,13351316.0,https://www.nseindia.com/companies-listing/corporate-filings-annual-reports,https://www.nseindia.com/companies-listing/corporate-filings-annual-reports,1620596131,17:35:31,20210509
4,2016-03-31,ONELIFECAP.NS,INR,2016-03-31,2016-03-31,FY,3532000.0,0.0,3532000.0,1.0,0.0,0.0,0.0,0.0,35782000.0,35782000.0,2400000.0,6782000.0,-25468000.0,-7.210645526613817,-32250000.0,-9.130804077010193,0.0,-62844000.0,-17.792751981879956,274000.0,-62469000.0,-17.686579841449603,-4.68,-4.68,13360000.0,13360000.0,https://www.nseindia.com/companies-listing/corporate-filings-annual-reports,https://www.nseindia.com/companies-listing/corporate-filings-annual-reports,1620596131,17:35:31,20210509
5,2015-03-31,ONELIFECAP.NS,INR,2015-03-31,2015-03-31,FY,57956000.0,28836000.0,29120000.0,0.5024501345848574,0.0,0.0,0.0,0.0,46623000.0,75459000.0,1177000.0,7791000.0,-9712000.0,-0.16757540202912555,-17503000.0,-0.30200496928704534,0.0,21589000.0,0.3725067292428739,508000.0,7693000.0,0.13273862930499,0.58,0.58,13360000.0,13360000.0,https://www.nseindia.com/companies-listing/corporate-filings-annual-reports,https://www.nseindia.com/companies-listing/corporate-filings-annual-reports,1620596131,17:35:31,20210509
6,2014-03-31,ONELIFECAP.NS,INR,2014-03-31,2014-03-31,FY,55487000.0,27249000.0,28238000.0,0.5089119974047975,0.0,0.0,0.0,0.0,18407000.0,45656000.0,0.0,7602000.0,17433000.0,0.31418170021806907,9831000.0,0.17717663596878547,0.0,14888000.0,0.26831510083442967,6000.0,4058000.0,0.07313424766161443,0.3,0.3,13360000.0,13360000.0,https://www.nseindia.com/companies-listing/corporate-filings-annual-reports,https://www.nseindia.com/companies-listing/corporate-filings-annual-reports,1620596131,17:35:31,20210509
7,2013-03-31,ONELIFECAP.NS,INR,2013-03-31,2013-03-31,FY,52078000.0,23717000.0,28361000.0,0.5445869657052882,0.0,0.0,0.0,0.0,23309000.0,47026000.0,0.0,7688000.0,12740000.0,0.24463305042436345,5052000.0,0.0970083336533661,0.0,6478000.0,0.12439033757056722,60000.0,-5670000.0,-0.10887514881523869,-0.42,-0.42,13360000.0,13360000.0,https://www.nseindia.com/companies-listing/corporate-filings-annual-reports,https://www.nseindia.com/companies-listing/corporate-filings-annual-reports,1620596131,17:35:31,20210509
8,2012-03-31,ONELIFECAP.NS,INR,2012-03-31,2012-03-31,FY,90861000.0,0.0,0.0,0.0,0.0,82111000.0,0.0,0.0,90730000.0,90730000.0,0.0,149000.0,280000.0,0.003081630182366472,131000.0,0.0014417626924643136,0.0,131000.0,0.0014417626924643136,0.0,131000.0,0.0014417626924643136,0.01,0.01,11589000.0,11589000.0,https://www.nseindia.com/companies-listing/corporate-filings-annual-reports,https://www.nseindia.com/companies-listing/corporate-filings-annual-reports,1620596131,17:35:31,20210509
9,2011-03-31,ONELIFECAP.NS,INR,2011-03-31,2011-03-31,FY,1410255.0,0.0,0.0,0.0,0.0,1778027.0,14216.0,-56345.0,7421651.0,7421651.0,0.0,157169.0,-5854227.0,-4.151183296637842,-6011396.0,-4.262630517175972,0.0,-6995785.0,-4.960652506107052,0.0,-6995785.0,-4.960652506107052,-1.0,-1.0,6984109.0,6984109.0,https://www.nseindia.com/companies-listing/corporate-filings-annual-reports,https://www.nseindia.com/companies-listing/corporate-filings-annual-reports,1620596131,17:35:31,20210509
10,2010-03-31,ONELIFECAP.NS,INR,2010-03-31,2010-03-31,FY,5805884.0,0.0,0.0,0.0,0.0,556374.0,0.0,0.0,3526393.0,3526393.0,0.0,61532.0,2341023.0,0.4032155998983101,2279491.0,0.3926173860862532,0.0,2047005.0,0.3525742160883683,675000.0,1372005.0,0.23631285089402407,0.82,0.82,1681233.0,1681233.0,https://www.nseindia.com/companies-listing/corporate-filings-annual-reports,https://www.nseindia.com/companies-listing/corporate-filings-annual-reports,1620596131,17:35:31,20210509
11,2009-03-31,ONELIFECAP.NS,INR,2009-03-31,2009-03-31,FY,0.0,0.0,0.0,0.0,0.0,5515.0,0.0,0.0,41298.0,41298.0,0.0,35783.0,-5515.0,0.0,-41298.0,0.0,0.0,-43298.0,0.0,0.0,-43298.0,0.0,-0.55,-0.55,78724.0,78724.0,https://www.nseindia.com/companies-listing/corporate-filings-annual-reports,https://www.nseindia.com/companies-listing/corporate-filings-annual-reports,1620596131,17:35:31,20210509
