,date,symbol,reportedCurrency,fillingDate,acceptedDate,period,revenue,costOfRevenue,grossProfit,grossProfitRatio,researchAndDevelopmentExpenses,generalAndAdministrativeExpenses,sellingAndMarketingExpenses,otherExpenses,operatingExpenses,costAndExpenses,interestExpense,depreciationAndAmortization,ebitda,ebitdaratio,operatingIncome,operatingIncomeRatio,totalOtherIncomeExpensesNet,incomeBeforeTax,incomeBeforeTaxRatio,incomeTaxExpense,netIncome,netIncomeRatio,eps,epsdiluted,weightedAverageShsOut,weightedAverageShsOutDil,link,finalLink,timestamp,est_time,est_date
0,2020-12-31,0152.HK,HKD,2020-12-31,2020-12-31,FY,19452409000,12990147000,6462262000,0.33220882822276665,0.0,971782000,166450000.0,4321085000.0,0.0,14128379000,1010804000.0,2531704000.0,7855734000.0,0.40384376043090603,5324030000.0,0.27369515004542627,0.0,9110599000,0.46835325126055083,3071972000.0,4098836000,0.21071097158197732,1.9140023348120476,1.9140023348120476,2141500000,2141500000,https://www1.hkexnews.hk/search/titlesearch.xhtml,https://www1.hkexnews.hk/search/titlesearch.xhtml,1620584560,14:22:40,20210509
1,2019-12-31,0152.HK,HKD,2019-12-31,2019-12-31,FY,16820326000,10121072000,6699254000,0.39828324373736873,0.0,869504000,150949000.0,2609898000.0,0.0,11141525000,999448000.0,2113894000.0,7792695000.0,0.4632903666670908,5678801000.0,0.3376153946124469,0.0,9147506000,0.5438364274271498,2037965000.0,5113545000,0.30400986282905573,2.34,2.33,2141500000,2150785000,https://www1.hkexnews.hk/search/titlesearch.xhtml,https://www1.hkexnews.hk/search/titlesearch.xhtml,1620584560,14:22:40,20210509
2,2018-12-31,0152.HK,HKD,2018-12-31,2018-12-31,FY,11581036000,7005626000,4575410000,0.3950777806061565,0.0,592761000,87234000.0,93816000.0,0.0,7685621000,1388651000.0,2311259000.0,6206674000.0,0.5359342635667482,3895415000.0,0.336361531040919,0.0,8361925000,0.7220360078321145,1835228000.0,4305621000,0.37178202364624374,2.03,2.02,2074843000,2090419000,https://www1.hkexnews.hk/search/titlesearch.xhtml,https://www1.hkexnews.hk/search/titlesearch.xhtml,1620584560,14:22:40,20210509
3,2017-12-31,0152.HK,HKD,2017-12-31,2017-12-31,FY,9706528000,6126220000,3580308000,0.36885568145479003,0.0,606072000,75062000.0,2934937000.0,0.0,6807354000,1045260000.0,1935870000.0,4835044000.0,0.49812291274490733,2899174000.0,0.29868290700856165,0.0,6186942000,0.6374001084630879,1430450000.0,3841776000,0.39579301682331725,1.93,1.92,1992748000,2002999000,https://www1.hkexnews.hk/search/titlesearch.xhtml,https://www1.hkexnews.hk/search/titlesearch.xhtml,1620584560,14:22:40,20210509
4,2016-12-31,0152.HK,HKD,2016-12-31,2016-12-31,FY,7787180000,4656733000,3130447000,0.40200008218636274,0.0,509560000,73101000.0,26007000.0,0.0,5210060000,940561000.0,1673254000.0,4250374000.0,0.545816842554044,2577120000.0,0.3309439360590098,0.0,3754805000,0.4821777588292553,837623000.0,2115695000,0.27168949478501847,1.1,1.09,1929847000,1934044000,https://www1.hkexnews.hk/search/titlesearch.xhtml,https://www1.hkexnews.hk/search/titlesearch.xhtml,1620584560,14:22:40,20210509
5,2015-12-31,0152.HK,HKD,2015-12-31,2015-12-31,FY,6738397000,3873487000,2864910000,0.42516194875428087,0.0,495311000,73165000.0,28304000.0,0.0,4433558000,724958000.0,1308899000.0,3613738000.0,0.5362904560238881,2304839000.0,0.34204559333621926,0.0,3798508000,0.5637109241263167,736318000.0,2198385000,0.3262474739912178,1.159838727292008,1.1558760852842993,1895423000,1901921000,https://www1.hkexnews.hk/search/titlesearch.xhtml,https://www1.hkexnews.hk/search/titlesearch.xhtml,1620584560,14:22:40,20210509
6,2014-12-31,0152.HK,HKD,2014-12-31,2014-12-31,FY,6370230000,3228450000,3141780000,0.49319726289317656,0.0,396886000,57139000.0,48871000.0,0.0,3641070000,863826000.0,1420789000.0,4149949000.0,0.6514598373999055,2729160000.0,0.4284240914378288,0.0,4755804000,0.7465670784257398,1068622000.0,2229254000,0.3499487459636465,1.3040584413685146,1.300422983071927,1709474000,1714253000,https://www1.hkexnews.hk/search/titlesearch.xhtml,https://www1.hkexnews.hk/search/titlesearch.xhtml,1620584560,14:22:40,20210509
7,2013-12-31,0152.HK,HKD,2013-12-31,2013-12-31,FY,5962765000,3025297000,2937468000,0.492635212019927,0.0,330661000,64198000.0,31837000.0,0.0,3412844000,955163000.0,1375897000.0,3925818000.0,0.6583888514808147,2549921000.0,0.4276407002456075,0.0,2637192000,0.4422766954592374,530894000.0,1641038000,0.27521426720657277,1.0,0.99,1648339000,1656107000,https://www1.hkexnews.hk/search/titlesearch.xhtml,https://www1.hkexnews.hk/search/titlesearch.xhtml,1620584560,14:22:40,20210509
8,2012-12-31,0152.HK,HKD,2012-12-31,2012-12-31,FY,5739514000,3101685000,2637829000,0.45959100369822253,0.0,336758000,42607000.0,41576000.0,0.0,3475774000,973024000.0,1157232000.0,3420972000.0,0.5960386192977315,2263740000.0,0.39441318550664745,0.0,2774979000,0.48348675515034895,479409000.0,1878312000,0.32725976450270877,1.147,1.146,1637221000,1638584100,https://www1.hkexnews.hk/search/titlesearch.xhtml,https://www1.hkexnews.hk/search/titlesearch.xhtml,1620584560,14:22:40,20210509
9,2011-12-31,0152.HK,HKD,2011-12-31,2011-12-31,FY,5581043000,2839131000,2741912000,0.4912902480772859,0.0,330432000,34870000.0,0.0,0.0,2720364000,679443000.0,1069307000.0,3929986000.0,0.7041669451391075,2860679000.0,0.5125706789931559,0.0,2802720000,0.5021857025649148,539946000.0,1745231000,0.3127069617632403,1.066,1.065,1637217300,1638714554,https://www1.hkexnews.hk/search/titlesearch.xhtml,https://www1.hkexnews.hk/search/titlesearch.xhtml,1620584560,14:22:40,20210509
10,2010-12-31,0152.HK,HKD,2010-12-31,2010-12-31,FY,5111806000,2993949000,2117857000,0.41430699834852885,0.0,244266000,27366000.0,17229000.0,0.0,3243180000,653398000.0,954622000.0,2823248000.0,0.5522995199739583,1868626000.0,0.36555104008250705,0.0,2145341000,0.419683571716141,453068000.0,1279839000,0.2503692432772292,0.903,0.866,1416934900,1560849900,https://www1.hkexnews.hk/search/titlesearch.xhtml,https://www1.hkexnews.hk/search/titlesearch.xhtml,1620584560,14:22:40,20210509
11,2009-12-31,0152.HK,HKD,2009-12-31,2009-12-31,FY,4080949000,2635576000,1445373000,0.35417570766015455,0.0,201637000,23052000.0,18352000.0,0.0,2821231000,569047000.0,538624000.0,1798342000.0,0.4406675996195983,1259718000.0,0.30868261279423,0.0,1443983000,0.3538351006101767,266885000.0,865859000,0.21217099258040226,0.617,0.603,1403737400,1552854300,https://www1.hkexnews.hk/search/titlesearch.xhtml,https://www1.hkexnews.hk/search/titlesearch.xhtml,1620584560,14:22:40,20210509
12,2008-12-31,0152.HK,HKD,2008-12-31,2008-12-31,FY,5951614000,4665236000,1286378000,0.21613935312337124,0.0,214332000,21757000.0,31114000.0,0.0,4856076000,445761000.0,0.0,1732486000.0,0.2910951550285351,1095538000.0,0.18407410157984036,0.0,1156665000,0.1943447609337568,190043000.0,574986000,0.09661009601765168,0.406,0.404,1415401400,1423232673,https://www1.hkexnews.hk/search/titlesearch.xhtml,https://www1.hkexnews.hk/search/titlesearch.xhtml,1620584560,14:22:40,20210509
13,2007-12-31,0152.HK,HKD,2007-12-31,2007-12-31,FY,853985000,478565000,375420000,0.4396095950163059,0.0,144401000,19824000.0,-170732000.0,0.0,663912000,97245000.0,127882000.0,317955000.0,0.3723191859341792,190073000.0,0.2225718250320556,0.0,2437830000,2.854652013794153,387608000.0,2033555000,2.3812537690943048,1.503,1.426,1353109100,1426055400,https://www1.hkexnews.hk/search/titlesearch.xhtml,https://www1.hkexnews.hk/search/titlesearch.xhtml,1620584560,14:22:40,20210509
14,2006-12-31,0152.HK,HKD,2006-12-31,2006-12-31,FY,425567000,298453000,127114000,0.2986932727396626,0.0,88046000,0.0,0.0,0.0,313499000,0.0,0.0,112068000.0,0.263338087774663,112068000.0,0.263338087774663,0.0,232659000,0.5467035742902998,9952000.0,219936000,0.5168069892637353,0.191,0.185,1151497382,1188843243,https://www1.hkexnews.hk/search/titlesearch.xhtml,https://www1.hkexnews.hk/search/titlesearch.xhtml,1620584560,14:22:40,20210509
15,2005-12-31,0152.HK,HKD,2005-12-31,2005-12-31,FY,316959000,224810000,92149000,0.2907284538378781,0.0,91623000,0.0,0.0,0.0,181133000,0.0,0.0,135826000.0,0.42852861095599115,135826000.0,0.42852861095599115,0.0,364216000,1.1490949933587624,4244000.0,360253000,1.136591798939295,0.316,0.302,1140041139,1192890728,https://www1.hkexnews.hk/search/titlesearch.xhtml,https://www1.hkexnews.hk/search/titlesearch.xhtml,1620584560,14:22:40,20210509
16,2004-12-31,0152.HK,HKD,2004-12-31,2004-12-31,FY,231011000,163774000,67237000,0.2910554042881075,0.0,60884000,14807000.0,0.0,0.0,113719000,0.0,0.0,117292000.0,0.5077333979767197,117292000.0,0.5077333979767197,0.0,350883000,1.5189016973217726,36443000.0,315364000,1.3651471142066829,0.277,0.277,1138498195,1138498195,https://www1.hkexnews.hk/search/titlesearch.xhtml,https://www1.hkexnews.hk/search/titlesearch.xhtml,1620584560,14:22:40,20210509
17,2003-12-31,0152.HK,HKD,2003-12-31,2003-12-31,FY,153057000,110383000,42674000,0.27881116185473387,0.0,58106000,13867000.0,0.0,0.0,144984000,0.0,0.0,8073000.0,0.05274505576353907,8073000.0,0.05274505576353907,0.0,387533000,2.5319521485459666,48287000.0,338757000,2.213273486348223,0.302,0.302,1121711921,1121711921,https://www1.hkexnews.hk/search/titlesearch.xhtml,https://www1.hkexnews.hk/search/titlesearch.xhtml,1620584560,14:22:40,20210509
18,2002-12-31,0152.HK,HKD,2002-12-31,2002-12-31,FY,114912000,74844000,40068000,0.34868421052631576,0.0,47581000,9095000.0,0.0,0.0,76689000,0.0,0.0,38223000.0,0.33262844611528825,38223000.0,0.33262844611528825,0.0,176086000,1.532355193539404,17997000.0,155238000,1.3509294068504596,0.138,0.138,1124913043,1124913043,https://www1.hkexnews.hk/search/titlesearch.xhtml,https://www1.hkexnews.hk/search/titlesearch.xhtml,1620584560,14:22:40,20210509
19,2001-12-31,0152.HK,HKD,2001-12-31,2001-12-31,FY,491872000,364266000,127606000,0.25942928241493723,0.0,118854000,10055000.0,0.0,0.0,391029000,0.0,0.0,100843000.0,0.20501878537505694,100843000.0,0.20501878537505694,0.0,288633000,0.5868051037668337,11020000.0,251412000,0.5111329776852515,0.225,0.224,1117386667,1122375000,https://www1.hkexnews.hk/search/titlesearch.xhtml,https://www1.hkexnews.hk/search/titlesearch.xhtml,1620584560,14:22:40,20210509
