,date,symbol,reportedCurrency,fillingDate,acceptedDate,period,revenue,costOfRevenue,grossProfit,grossProfitRatio,researchAndDevelopmentExpenses,generalAndAdministrativeExpenses,sellingAndMarketingExpenses,otherExpenses,operatingExpenses,costAndExpenses,interestExpense,depreciationAndAmortization,ebitda,ebitdaratio,operatingIncome,operatingIncomeRatio,totalOtherIncomeExpensesNet,incomeBeforeTax,incomeBeforeTaxRatio,incomeTaxExpense,netIncome,netIncomeRatio,eps,epsdiluted,weightedAverageShsOut,weightedAverageShsOutDil,link,finalLink,timestamp,est_time,est_date
0,2020-08-31,CCF,USD,2020-11-12,2020-11-12 16:34:19,FY,261162000,161615000,99547000,0.38116954227644145,4007000.0,49364000.0,0.0,-1675000.0,54178000.0,215793000,246000.0,15591000.0,60960000.0,0.23341833804305373,45369000.0,0.1737197601488731,197000.0,45320000.0,0.17353213714093169,11163000.0,34157000.0,0.13078855269909098,3.6334342756555116,3.6334342756555116,9363559.0,9363559.0,https://www.sec.gov/Archives/edgar/data/830524/000155837020013721/0001558370-20-013721-index.htm,https://www.sec.gov/Archives/edgar/data/830524/000155837020013721/ccf-20200831x10k.htm,1620590021,15:53:41,20210509
1,2019-08-31,CCF,USD,2019-11-13 00:00:00,2019-11-13 17:19:11,FY,281351000,180163000,101188000,0.35965040110040486,0.0,52728000.0,0.0,-992000.0,53714000.0,233877000,519000.0,17207000.0,64681000.0,0.22989433128014472,47474000.0,0.16873584952603687,-3402000.0,43553000.0,0.15479952088316729,10842000.0,32711000.0,0.11626402607419202,3.479617,3.46,9400748.0,9400748.0,https://www.sec.gov/Archives/edgar/data/830524/000155837019010957/0001558370-19-010957-index.html,https://www.sec.gov/Archives/edgar/data/830524/000155837019010957/ccf-20190831x10k.htm,1620590021,15:53:41,20210509
2,2018-08-31,CCF,USD,2018-11-27 00:00:00,2018-11-27 16:58:42,FY,284188000,175136000,109052000,0.3837318957872957,0.0,52297000.0,0.0,482000.0,53569000.0,228705000,1172000.0,17624000.0,73107000.0,0.2572487226765381,55483000.0,0.19523343702056387,2654000.0,56965000.0,0.2004482947907723,13822000.0,43143000.0,0.15181147690965135,4.591172,4.56,9396947.0,9396947.0,https://www.sec.gov/Archives/edgar/data/830524/000155837018009471/0001558370-18-009471-index.html,https://www.sec.gov/Archives/edgar/data/830524/000155837018009471/ccf-20180831x10k.htm,1620590021,15:53:41,20210509
3,2017-08-31,CCF,USD,2017-11-09 00:00:00,2017-11-09 17:24:33,FY,252560000,146036000,106524000,0.42177700348432057,0.0,47736000.0,0.0,724000.0,47806000.0,193842000,839000.0,14257000.0,72975000.0,0.2889412416851441,58718000.0,0.23249128919860626,3013000.0,60892000.0,0.24109914475768135,18878000.0,42014000.0,0.16635254988913525,4.491489,4.44,9354136.0,9357000.0,https://www.sec.gov/Archives/edgar/data/830524/000155837017008752/0001558370-17-008752-index.html,https://www.sec.gov/Archives/edgar/data/830524/000155837017008752/ccf-20170831x10k.htm,1620590021,15:53:41,20210509
4,2016-08-31,CCF,USD,2016-11-14 00:00:00,2016-11-14 17:23:32,FY,238094000,144438000,93656000,0.39335724545767636,0.0,44574000.0,0.0,2351000.0,45509000.0,189947000,1054000.0,13442000.0,61589000.0,0.25867514511075457,48147000.0,0.20221845153594797,3017000.0,50110000.0,0.2104630944080909,17303000.0,32807000.0,0.13779011650860584,3.535814,3.5,9278486.0,9294000.0,https://www.sec.gov/Archives/edgar/data/830524/000155837016010069/0001558370-16-010069-index.html,https://www.sec.gov/Archives/edgar/data/830524/000155837016010069/ccf-20160831x10k.htm,1620590021,15:53:41,20210509
5,2015-08-31,CCF,USD,2015-11-16 00:00:00,2015-11-16 17:12:35,FY,238046000,149202000,88844000,0.3732219823059409,0.0,46015000.0,0.0,44000.0,46015000.0,195217000,1063000.0,12572000.0,55401000.0,0.23273232904564664,42829000.0,0.17991900725069945,-540000.0,41226000.0,0.1731850146610319,14813000.0,26318000.0,0.11055846349024978,2.828886,2.79,9191958.0,9254000.0,https://www.sec.gov/Archives/edgar/data/830524/000155837015002705/0001558370-15-002705-index.html,https://www.sec.gov/Archives/edgar/data/830524/000155837015002705/ccf-20150831x10k.htm,1620590021,15:53:41,20210509
6,2014-08-31,CCF,USD,2014-11-14 00:00:00,2014-11-14 15:49:45,FY,224006000,145193000,78813000,0.35183432586627145,0.0,42640000.0,0.0,-246000.0,42640000.0,187833000,1143000.0,10514000.0,46687000.0,0.20841852450380793,36173000.0,0.16148228172459667,5460000.0,40490000.0,0.18075408694409972,13967000.0,26631000.0,0.11888520843191701,2.925425,2.86,9103292.0,9165000.0,https://www.sec.gov/Archives/edgar/data/830524/000104746914009223/0001047469-14-009223-index.html,https://www.sec.gov/Archives/edgar/data/830524/000104746914009223/a2222194z10-k.htm,1620590021,15:53:41,20210509
7,2013-08-31,CCF,USD,2013-11-14 00:00:00,2013-11-14 16:16:05,FY,216062000,146035000,70027000,0.3241060436356231,0.0,43236000.0,0.0,313000.0,43236000.0,189271000,1294000.0,10665000.0,37456000.0,0.17335764734196665,26791000.0,0.12399681572881859,313000.0,25810000.0,0.1194564523146134,9070000.0,17214000.0,0.07967157575140468,1.898718,1.87,9066115.0,9066115.0,https://www.sec.gov/Archives/edgar/data/830524/000104746913010544/0001047469-13-010544-index.html,https://www.sec.gov/Archives/edgar/data/830524/000104746913010544/a2217383z10-k.htm,1620590021,15:53:41,20210509
8,2012-08-31,CCF,USD,2012-11-14 00:00:00,2012-11-14 17:35:26,FY,148919000,101249000,47670000,0.32010690375304696,0.0,30172000.0,0.0,0.0,30172000.0,131421000,398000.0,5888000.0,23386000.0,0.1570383899972468,17498000.0,0.11750011751354764,-3104000.0,13996000.0,0.09398397786716269,4732000.0,9338000.0,0.06270522901711668,1.0658281877656437,1.0627365066719776,8761262.0,8786750.0,https://www.sec.gov/Archives/edgar/data/830524/000104746912010587/0001047469-12-010587-index.html,https://www.sec.gov/Archives/edgar/data/830524/000104746912010587/a2211841z10-k.htm,1620590021,15:53:41,20210509
9,2011-08-31,CCF,USD,2011-11-14 00:00:00,2011-11-14 16:54:56,FY,123040000,80317000,42723000,0.3472285435630689,0.0,26780000.0,0.0,0.0,26780000.0,107097000,196000.0,5068000.0,21011000.0,0.17076560468140442,15943000.0,0.1295757477243173,426000.0,16173000.0,0.13144505851755528,5242000.0,10931000.0,0.08884102730819246,1.253346346456989,1.2472888497785437,8721452.0,8763808.0,https://www.sec.gov/Archives/edgar/data/830524/000104746911009551/0001047469-11-009551-index.html,https://www.sec.gov/Archives/edgar/data/830524/000104746911009551/a2206352z10-k.htm,1620590021,15:53:41,20210509
10,2010-08-31,CCF,USD,2010-11-15 00:00:00,2010-11-15 16:39:44,FY,118743000,74828000,43915000,0.3698323269582207,0.0,27151000.0,0.0,0.0,27151000.0,101979000,360000.0,6123000.0,22887000.0,0.19274399333013315,16764000.0,0.14117884843738157,52000.0,16456000.0,0.13858501132698348,5730000.0,12516000.0,0.10540410803163133,1.39,1.38,8730928.0,8814635.0,https://www.sec.gov/Archives/edgar/data/830524/000104746910009792/0001047469-10-009792-index.html,https://www.sec.gov/Archives/edgar/data/830524/000104746910009792/a2200991z10-k.htm,1620590021,15:53:41,20210509
11,2009-08-31,CCF,USD,2009-11-16 00:00:00,2009-11-13 17:57:16,FY,107606000,75742000,31864000,0.296117316878241,0.0,21985000.0,0.0,0.0,21985000.0,97727000,17000.0,3660000.0,13539000.0,0.12582012155456015,9879000.0,0.09180714830028065,-41000.0,9821000.0,0.09126814489898333,3436000.0,6385000.0,0.05933683995316246,0.76,0.73,8408614.0,8754436.0,https://www.sec.gov/Archives/edgar/data/830524/000104746909010146/0001047469-09-010146-index.html,https://www.sec.gov/Archives/edgar/data/830524/000104746909010146/a2195469z10-k.htm,1620590021,15:53:41,20210509
12,2008-08-31,CCF,USD,2008-11-14 00:00:00,2008-11-14 17:12:30,FY,132477754,89680358,42797396,0.3230534539406518,0.0,23950867.0,0.0,0.0,23950867.0,113631225,0.0,3813070.0,22659599.0,0.17104455892270035,18846529.0,0.14226183967460682,477150.0,19283825.0,0.1455627410470742,6910225.0,12373600.0,0.09340134193398236,1.5,1.43,8248296.0,8646545.0,https://www.sec.gov/Archives/edgar/data/830524/000104746908012335/0001047469-08-012335-index.html,https://www.sec.gov/Archives/edgar/data/830524/000104746908012335/a2189201z10-k.htm,1620590021,15:53:41,20210509
13,2007-08-31,CCF,USD,2007-11-14 00:00:00,2007-11-14 13:42:31,FY,127459614,87889639,39569975,0.3104510813911613,0.0,22420919.0,0.0,0.0,22731919.0,110621558,0.0,3501250.0,20339306.0,0.15957451432419997,16838056.0,0.132105028970196,-70255.0,16179056.0,0.12693476382252342,5986252.0,10192804.0,0.07996889116579312,1.26,1.22,8080770.0,8354375.0,https://www.sec.gov/Archives/edgar/data/830524/000104746907009210/0001047469-07-009210-index.html,https://www.sec.gov/Archives/edgar/data/830524/000104746907009210/a2181159z10-k.htm,1620590021,15:53:41,20210509
14,2006-08-31,CCF,USD,2006-11-29,2006-11-29 10:45:28,FY,108442365,77608493,30833872,0.284334189871274,0.0,20578741.0,0.0,0.0,21035741.0,98644234,0.0,2862013.0,12660144.0,0.11674536976392944,9798131.0,0.09035335037187726,1008462.0,8964071.0,0.08266207584093173,2850082.0,6113989.0,0.05638007802577895,0.785,0.765,7770332.0,7967214.0,https://www.sec.gov/Archives/edgar/data/830524/000110465906078309/a06-24557_110k.htm,https://www.sec.gov/Archives/edgar/data/830524/000110465906078309/a06-24557_110k.htm,1620590021,15:53:41,20210509
15,2005-08-31,CCF,USD,2005-11-23,2005-11-23 11:25:15,FY,91389211,66223612,25165599,0.2753672859698942,0.0,16633882.0,0.0,0.0,16633882.0,82857494,0.0,2208471.0,10740188.0,0.11752139976347974,8531717.0,0.09335584481629894,-435374.0,7683908.0,0.08407894012784507,2834913.0,4788264.0,0.05239419344587623,0.635,0.61,7564534.0,7819502.0,https://www.sec.gov/Archives/edgar/data/830524/000110465905057445/a05-20657_210k.htm,https://www.sec.gov/Archives/edgar/data/830524/000110465905057445/a05-20657_210k.htm,1620590021,15:53:41,20210509
16,2004-08-31,CCF,USD,2004-11-24,2004-11-24 15:54:49,FY,87083644,61748527,25335117,0.2909285353286319,0.0,15887050.0,0.0,0.0,15887050.0,77635577,0.0,1988671.0,11436738.0,0.13133049416260073,9448067.0,0.10849416223326622,103511.0,8509651.0,0.09771813177684664,3408200.0,4627416.0,0.05313760182107216,0.61,0.58,7574046.0,8010022.0,https://www.sec.gov/Archives/edgar/data/830524/000104746904035224/a2147040z10-k.htm,https://www.sec.gov/Archives/edgar/data/830524/000104746904035224/a2147040z10-k.htm,1620590021,15:53:41,20210509
17,2003-08-31,CCF,USD,2003-11-24,2003-11-24 11:08:23,FY,74565650,51647526,22918124,0.3073549818180355,0.0,14610288.0,0.0,0.0,14610288.0,66257814,0.0,2174076.0,10481912.0,0.1405729313698734,8307836.0,0.11141639615560248,936890.0,7975828.0,0.10696383656549631,2658112.0,5257716.0,0.07051123406018724,0.65,0.625,8088794.0,8412346.0,https://www.sec.gov/Archives/edgar/data/830524/000104746903038274/a2123395z10-k.htm,https://www.sec.gov/Archives/edgar/data/830524/000104746903038274/a2123395z10-k.htm,1620590021,15:53:41,20210509
18,2002-08-31,CCF,USD,2002-11-27,2002-11-27 16:25:47,FY,69347505,49223636,20123869,0.290188796265994,0.0,13353714.0,0.0,0.0,13353714.0,62577350,0.0,1787364.0,8557519.0,0.12340053185763497,6770155.0,0.09762651158105833,0.0,6458378.0,0.0931306468776346,1995062.0,4463316.0,0.06436159455195972,0.55,0.54,8115120.0,8265400.0,https://www.sec.gov/Archives/edgar/data/830524/000083052402000012/r10k2002-630.htm,https://www.sec.gov/Archives/edgar/data/830524/000083052402000012/r10k2002-630.htm,1620590021,15:53:41,20210509
19,2001-08-31,CCF,USD,2001-11-28 00:00:00,2001-11-28 00:00:00,FY,70530561,49450526,21080035,0.2988780282068081,0.0,12078306.0,0.0,0.0,12876680.0,62327206,0.0,2094854.0,10298209.0,0.14601059248628406,8203355.0,0.1163092265776817,296000.0,8499355.0,0.12050598888615106,2625995.0,5873360.0,0.08327397254078271,0.735,0.72,7990966.0,8157444.0,https://www.sec.gov/Archives/edgar/data/830524/000083052401500016/0000830524-01-500016-index.html,https://www.sec.gov/Archives/edgar/data/830524/000083052401500016/r10k-630.htm,1620590021,15:53:41,20210509
20,2000-08-31,CCF,USD,2000-11-22 00:00:00,2000-11-22 00:00:00,FY,68526849,45673625,22853224,0.33349299338132415,0.0,11815371.0,0.0,0.0,13797830.0,59471455,0.0,1982459.0,11037853.0,0.16107340642497658,9055394.0,0.1321437382886232,326000.0,8495536.0,0.12397383104540528,2725613.0,5769923.0,0.084199450057889,0.725,0.715,7958514.0,8069822.0,https://www.sec.gov/Archives/edgar/data/830524/000083052400000008/0000830524-00-000008-index.html,https://www.sec.gov/Archives/edgar/data/830524/000083052400000008/0000830524-00-000008-0001.txt,1620590021,15:53:41,20210509
21,1999-08-31,CCF,USD,1999-08-31,1999-08-31,FY,49600000,31300000,18300000,0.3689516129032258,0.0,8800000.0,0.0,0.0,10200000.0,41500000,0.0,1400000.0,9500000.0,0.19153225806451613,8100000.0,0.16330645161290322,200000.0,8000000.0,0.16129032258064516,2800000.0,5200000.0,0.10483870967741936,0.67,0.65,7761194.0,8000000.0,,,1620590021,15:53:41,20210509
22,1998-08-31,CCF,USD,1998-11-27 00:00:00,1998-11-27 00:00:00,FY,46200000,29000000,17200000,0.3722943722943723,0.0,9700000.0,0.0,0.0,10700000.0,39700000,0.0,1000000.0,7500000.0,0.16233766233766234,6500000.0,0.1406926406926407,2400000.0,8700000.0,0.18831168831168832,2600000.0,6100000.0,0.13203463203463203,0.79,0.78,7721519.0,7820513.0,https://www.sec.gov/Archives/edgar/data/830524/000083052498000014/0000830524-98-000014-index.html,https://www.sec.gov/Archives/edgar/data/830524/0000830524-98-000014.txt,1620590021,15:53:41,20210509
23,1997-08-31,CCF,USD,1997-08-31,1997-08-31,FY,41000000,25900000,15100000,0.36829268292682926,0.0,8900000.0,0.0,0.0,9900000.0,35800000,0.0,1000000.0,6200000.0,0.15121951219512195,5200000.0,0.12682926829268293,500000.0,5300000.0,0.12926829268292683,2000000.0,3300000.0,0.08048780487804878,0.42,0.42,7857143.0,7857143.0,,,1620590021,15:53:41,20210509
24,1996-08-31,CCF,USD,1996-11-26 00:00:00,1996-11-26 00:00:00,FY,34300000,21800000,12500000,0.36443148688046645,0.0,7600000.0,0.0,0.0,8500000.0,30300000,0.0,900000.0,4900000.0,0.14285714285714285,4000000.0,0.11661807580174927,100000.0,3500000.0,0.10204081632653061,1200000.0,2300000.0,0.06705539358600583,0.305,0.305,7540984.0,7540984.0,https://www.sec.gov/Archives/edgar/data/830524/000083052496000008/0000830524-96-000008-index.html,https://www.sec.gov/Archives/edgar/data/830524/0000830524-96-000008.txt,1620590021,15:53:41,20210509
25,1995-08-31,CCF,USD,1995-11-28 00:00:00,1995-11-28 00:00:00,FY,32700000,21200000,11500000,0.3516819571865443,0.0,7300000.0,0.0,0.0,8100000.0,29300000,0.0,800000.0,4200000.0,0.12844036697247707,3400000.0,0.10397553516819572,100000.0,3100000.0,0.09480122324159021,1200000.0,1900000.0,0.0581039755351682,0.215,0.215,8837209.0,8837209.0,https://www.sec.gov/Archives/edgar/data/830524/000083052495000011/0000830524-95-000011-index.html,https://www.sec.gov/Archives/edgar/data/830524/0000830524-95-000011.txt,1620590021,15:53:41,20210509
