,date,symbol,reportedCurrency,fillingDate,acceptedDate,period,revenue,costOfRevenue,grossProfit,grossProfitRatio,researchAndDevelopmentExpenses,generalAndAdministrativeExpenses,sellingAndMarketingExpenses,otherExpenses,operatingExpenses,costAndExpenses,interestExpense,depreciationAndAmortization,ebitda,ebitdaratio,operatingIncome,operatingIncomeRatio,totalOtherIncomeExpensesNet,incomeBeforeTax,incomeBeforeTaxRatio,incomeTaxExpense,netIncome,netIncomeRatio,eps,epsdiluted,weightedAverageShsOut,weightedAverageShsOutDil,link,finalLink,timestamp,est_time,est_date
0,2020-12-31,NVCN.TO,USD,2020-12-31,2020-12-31,FY,1957362.0,446239.0,1511123.0,0.7720201986142573,19914443.0,13206537.0,2196803.0,0.0,0.0,36841061.0,1035957.0,768101.0,-34115598.0,-17.42937586404559,-34883699.0,-17.821792289826817,8801024.0,-29219098.0,-14.927794654233606,-524057.0,-28695041.0,-14.660058282525155,-4.406708599573197,-4.406708599573197,6511672.0,6511672.0,https://www.sedar.com/ModifyCompanyDocumentSearchForm.do?lang=EN&company_search=NEOVASC INC&document_selection=0&industry_group=A&FromDate=13&FromMonth=05&FromYear=2000&ToDate=13&ToMonth=11&ToYear=2020&Variable=Issuer,https://www.sedar.com/ModifyCompanyDocumentSearchForm.do?lang=EN&company_search=NEOVASC INC&document_selection=0&industry_group=A&FromDate=13&FromMonth=05&FromYear=2000&ToDate=13&ToMonth=11&ToYear=2020&Variable=Issuer,1620595909,17:31:49,20210509
1,2019-12-31,NVCN.TO,USD,2019-12-31,2019-12-31,FY,2092032.0,458436.0,1633596.0,0.7808656846549192,20020959.0,9031262.0,1645985.0,0.0,31573455.0,32031891.0,133082.0,182202.0,-29757657.0,-14.224283854166666,-29939859.0,-14.311377168226873,-5214193.0,-35102222.0,-16.779008160487027,28793.0,-35131015.0,-16.792771334281692,-5.4,-5.4,6511672.0,6511672.0,https://www.sedar.com/ModifyCompanyDocumentSearchForm.do?lang=EN&company_search=NEOVASC INC&document_selection=0&industry_group=A&FromDate=13&FromMonth=05&FromYear=2000&ToDate=13&ToMonth=11&ToYear=2020&Variable=Issuer,https://www.sedar.com/ModifyCompanyDocumentSearchForm.do?lang=EN&company_search=NEOVASC INC&document_selection=0&industry_group=A&FromDate=13&FromMonth=05&FromYear=2000&ToDate=13&ToMonth=11&ToYear=2020&Variable=Issuer,1620595909,17:31:49,20210509
2,2018-12-31,NVCN.TO,USD,2018-12-31,2018-12-31,FY,1749133.0,366258.0,1382875.0,0.7906059745027966,16060857.0,12850536.0,829912.0,0.0,32551479.0,32917737.0,0.0,60206.0,-31108398.0,-17.785038644860055,-31168604.0,-17.81945912632144,-30056047.0,-107935775.0,-61.70815769869987,107093.0,-108042868.0,-61.769384031974695,-76.3,-76.3,1416011.0,1416011.0,https://www.sedar.com/ModifyCompanyDocumentSearchForm.do?lang=EN&company_search=NEOVASC INC&document_selection=0&industry_group=A&FromDate=13&FromMonth=05&FromYear=2000&ToDate=13&ToMonth=11&ToYear=2020&Variable=Issuer,https://www.sedar.com/ModifyCompanyDocumentSearchForm.do?lang=EN&company_search=NEOVASC INC&document_selection=0&industry_group=A&FromDate=13&FromMonth=05&FromYear=2000&ToDate=13&ToMonth=11&ToYear=2020&Variable=Issuer,1620595909,17:31:49,20210509
3,2017-12-31,NVCN.TO,USD,2017-12-31,2017-12-31,FY,5389014.0,3477821.0,1911193.0,0.3546461374937976,17489092.0,15684783.0,886226.0,0.0,34798122.0,38275943.0,0.0,93196.0,-32793733.0,-6.085293710500659,-32886929.0,-6.102587412094309,13458817.0,-22424293.0,-4.161112403864603,484428.0,-22908721.0,-4.251004172562921,-280.0,-280.0,81523.0,81523.0,https://www.sedar.com/ModifyCompanyDocumentSearchForm.do?lang=EN&company_search=NEOVASC INC&document_selection=0&industry_group=A&FromDate=13&FromMonth=05&FromYear=2000&ToDate=13&ToMonth=11&ToYear=2020&Variable=Issuer,https://www.sedar.com/ModifyCompanyDocumentSearchForm.do?lang=EN&company_search=NEOVASC INC&document_selection=0&industry_group=A&FromDate=13&FromMonth=05&FromYear=2000&ToDate=13&ToMonth=11&ToYear=2020&Variable=Issuer,1620595909,17:31:49,20210509
4,2016-12-31,NVCN.TO,USD,2016-12-31,2016-12-31,FY,9512796.0,7091761.0,2421035.0,0.25450298734462506,19364503.0,5892672.0,696638.0,0.0,137854886.0,144946647.0,0.0,119977.0,-135313874.0,-14.224406157768968,-135433851.0,-14.237018327734559,48961720.0,-86294370.0,-9.071399197459927,200523.0,-86494893.0,-9.09247848897422,-1280.0,-1280.0,67465.0,67465.0,https://www.sedar.com/ModifyCompanyDocumentSearchForm.do?lang=EN&company_search=NEOVASC INC&document_selection=0&industry_group=A&FromDate=13&FromMonth=05&FromYear=2000&ToDate=13&ToMonth=11&ToYear=2020&Variable=Issuer,https://www.sedar.com/ModifyCompanyDocumentSearchForm.do?lang=EN&company_search=NEOVASC INC&document_selection=0&industry_group=A&FromDate=13&FromMonth=05&FromYear=2000&ToDate=13&ToMonth=11&ToYear=2020&Variable=Issuer,1620595909,17:31:49,20210509
5,2015-12-31,NVCN.TO,USD,2015-12-31,2015-12-31,FY,9929940.0,6938134.0,2991806.0,0.3012914478838744,17181395.0,6776306.0,655669.0,0.0,24691914.0,31630048.0,2538.0,78544.0,-21621564.0,-2.1774113438751894,-21700108.0,-2.1853211600472915,-5437499.0,-26563139.0,-2.6750553376958974,167351.0,-26730490.0,-2.691908511028264,-410.0,-410.0,65397.0,65397.0,https://www.sedar.com/ModifyCompanyDocumentSearchForm.do?lang=EN&company_search=NEOVASC INC&document_selection=0&industry_group=A&FromDate=13&FromMonth=05&FromYear=2000&ToDate=13&ToMonth=11&ToYear=2020&Variable=Issuer,https://www.sedar.com/ModifyCompanyDocumentSearchForm.do?lang=EN&company_search=NEOVASC INC&document_selection=0&industry_group=A&FromDate=13&FromMonth=05&FromYear=2000&ToDate=13&ToMonth=11&ToYear=2020&Variable=Issuer,1620595909,17:31:49,20210509
6,2014-12-31,NVCN.TO,USD,2014-12-31,2014-12-31,FY,13665257.653808,8711593.990662,4953663.663146,0.3625005681298368,11101118.136554,10139456.092897,151983.012594,0.0,21464216.184553,30175810.175215,6656.272074,71658.942508,-16438893.578899,-1.2029698960208108,-16510552.521407,-1.2082137739134486,-91723.377496,-16419807.728753,-1.201573226405827,0.0,-16419807.728753,-1.201573226405827,-310.114915,-310.114915,52289.0,52289.0,https://www.sedar.com/ModifyCompanyDocumentSearchForm.do?lang=EN&company_search=NEOVASC INC&document_selection=0&industry_group=A&FromDate=13&FromMonth=05&FromYear=2000&ToDate=13&ToMonth=11&ToYear=2020&Variable=Issuer,https://www.sedar.com/ModifyCompanyDocumentSearchForm.do?lang=EN&company_search=NEOVASC INC&document_selection=0&industry_group=A&FromDate=13&FromMonth=05&FromYear=2000&ToDate=13&ToMonth=11&ToYear=2020&Variable=Issuer,1620595909,17:31:49,20210509
7,2013-12-31,NVCN.TO,USD,2013-12-31,2013-12-31,FY,11033026.850869,6652964.489984,4380062.360885,0.39699553169672663,6430795.38304,4474787.043211,73701.362736,0.0,11056592.503545,17709556.993529,8593.405149,77308.714558,-6599221.428102001,-0.5981333606182806,-6676530.14266,-0.6051403873937036,334738.018539,-6339632.033209,-0.5746049673313056,0.0,-6339632.033209,-0.5746049673313056,-131.483795,-131.483795,47361.0,47361.0,https://www.sedar.com/ModifyCompanyDocumentSearchForm.do?lang=EN&company_search=NEOVASC INC&document_selection=0&industry_group=A&FromDate=13&FromMonth=05&FromYear=2000&ToDate=13&ToMonth=11&ToYear=2020&Variable=Issuer,https://www.sedar.com/ModifyCompanyDocumentSearchForm.do?lang=EN&company_search=NEOVASC INC&document_selection=0&industry_group=A&FromDate=13&FromMonth=05&FromYear=2000&ToDate=13&ToMonth=11&ToYear=2020&Variable=Issuer,1620595909,17:31:49,20210509
8,2012-12-31,NVCN.TO,USD,2012-12-31,2012-12-31,FY,7859789.109697,4664417.036077,3195372.073621,0.4065467952160085,4000739.824895,3889458.500447,169951.650031,0.0,8149210.41786,12813627.453937,10607.842546,89060.442488,-4864777.901752,-0.6189450930369225,-4953838.34424,-0.6302762421612828,4582457.304263,-353194.013047,-0.04493683076194087,0.0,-353194.013047,-0.04493683076194087,-10.051969,-10.051969,45780.0,45780.0,https://www.sedar.com/ModifyCompanyDocumentSearchForm.do?lang=EN&company_search=NEOVASC INC&document_selection=0&industry_group=A&FromDate=13&FromMonth=05&FromYear=2000&ToDate=13&ToMonth=11&ToYear=2020&Variable=Issuer,https://www.sedar.com/ModifyCompanyDocumentSearchForm.do?lang=EN&company_search=NEOVASC INC&document_selection=0&industry_group=A&FromDate=13&FromMonth=05&FromYear=2000&ToDate=13&ToMonth=11&ToYear=2020&Variable=Issuer,1620595909,17:31:49,20210509
9,2011-12-31,NVCN.TO,USD,2011-12-31,2011-12-31,FY,5147660.13712,3127302.644466,2020357.492654,0.3924807463657351,2570781.58668,1238363.369246,188398.628795,27087.169442,5823549.461312,8950852.105779,11604.3095,56542.605289,-3746649.363369,-0.7278354171736687,-3803191.968658,-0.738819554389968,27087.169442,0.0,0.0,0.0,-3780779.627816,-0.7344656653908899,-88.148874,-88.148874,42613.0,42613.0,https://www.sedar.com/ModifyCompanyDocumentSearchForm.do?lang=EN&company_search=NEOVASC INC&document_selection=0&industry_group=A&FromDate=13&FromMonth=05&FromYear=2000&ToDate=13&ToMonth=11&ToYear=2020&Variable=Issuer,https://www.sedar.com/ModifyCompanyDocumentSearchForm.do?lang=EN&company_search=NEOVASC INC&document_selection=0&industry_group=A&FromDate=13&FromMonth=05&FromYear=2000&ToDate=13&ToMonth=11&ToYear=2020&Variable=Issuer,1620595909,17:31:49,20210509
10,2010-12-31,NVCN.TO,USD,2010-12-31,2010-12-31,FY,4358127.699568,2614500.679891,1743627.019677,0.4000862617793043,1820396.736522,2164723.644217,190712.486002,0.0,4298931.171013,6913431.850904,11565.149576,123098.304271,-2432205.847065,-0.5580850343843969,-2555304.151336,-0.5863307198614889,-9910.414334,0.0,0.0,0.0,-2630464.12574,-0.6035766519647291,-69.988802,-69.988802,35963.0,35963.0,https://www.sedar.com/ModifyCompanyDocumentSearchForm.do?lang=EN&company_search=NEOVASC INC&document_selection=0&industry_group=A&FromDate=13&FromMonth=05&FromYear=2000&ToDate=13&ToMonth=11&ToYear=2020&Variable=Issuer,https://www.sedar.com/ModifyCompanyDocumentSearchForm.do?lang=EN&company_search=NEOVASC INC&document_selection=0&industry_group=A&FromDate=13&FromMonth=05&FromYear=2000&ToDate=13&ToMonth=11&ToYear=2020&Variable=Issuer,1620595909,17:31:49,20210509
11,2009-12-31,NVCN.TO,USD,2009-12-31,2009-12-31,FY,2865100.754465,1341330.340942,1523770.413523,0.5318383345326834,2567025.11699,2382447.71273,636350.873842,0.0,5778354.502913,7119684.843854,9784.165791,192530.799351,-4062053.290039,-1.4177697882731204,-4254584.08939,-1.48496840216164,0.0,0.0,0.0,0.0,-4274934.581224,-1.492071290882843,-171.14799348322524,-162.0889732776219,24978.0,26374.0,https://www.sedar.com/ModifyCompanyDocumentSearchForm.do?lang=EN&company_search=NEOVASC INC&document_selection=0&industry_group=A&FromDate=13&FromMonth=05&FromYear=2000&ToDate=13&ToMonth=11&ToYear=2020&Variable=Issuer,https://www.sedar.com/ModifyCompanyDocumentSearchForm.do?lang=EN&company_search=NEOVASC INC&document_selection=0&industry_group=A&FromDate=13&FromMonth=05&FromYear=2000&ToDate=13&ToMonth=11&ToYear=2020&Variable=Issuer,1620595909,17:31:49,20210509
12,2008-12-31,NVCN.TO,USD,2008-12-31,2008-12-31,FY,1270533.278554,582004.930156,688528.348398,0.5419207509319374,2548783.073131,2842892.358258,2667120.788825,239025.472473,9704988.496302,10286993.426459,35141.331142,1909499.589154,-7106960.558751,-5.593683124018181,-9016460.147905,-7.096595028322813,-19225179.129006,0.0,0.0,0.0,-28150834.018077,-22.15670733954769,-2420.5360290693898,-2312.7533698715906,11630.0,12172.0,https://www.sedar.com/ModifyCompanyDocumentSearchForm.do?lang=EN&company_search=NEOVASC INC&document_selection=0&industry_group=A&FromDate=13&FromMonth=05&FromYear=2000&ToDate=13&ToMonth=11&ToYear=2020&Variable=Issuer,https://www.sedar.com/ModifyCompanyDocumentSearchForm.do?lang=EN&company_search=NEOVASC INC&document_selection=0&industry_group=A&FromDate=13&FromMonth=05&FromYear=2000&ToDate=13&ToMonth=11&ToYear=2020&Variable=Issuer,1620595909,17:31:49,20210509
13,2007-12-31,NVCN.TO,USD,2007-12-31,2007-12-31,FY,1532740.583662,807425.02272,725315.560941,0.47321482100257783,2771799.454711,0.0,0.0,0.0,8151614.662224,8959039.684944,14274.462284,207463.394931,-7218835.706351,-4.709757008654308,-7426299.101282,-4.845111547538724,-634268.403514,-7907658.285368,-5.159162854861679,0.0,-7907658.285368,-5.159162854861679,-1615.672019,-1615.672019,4936.0,4936.0,https://www.sedar.com/ModifyCompanyDocumentSearchForm.do?lang=EN&company_search=NEOVASC INC&document_selection=0&industry_group=A&FromDate=13&FromMonth=05&FromYear=2000&ToDate=13&ToMonth=11&ToYear=2020&Variable=Issuer,https://www.sedar.com/ModifyCompanyDocumentSearchForm.do?lang=EN&company_search=NEOVASC INC&document_selection=0&industry_group=A&FromDate=13&FromMonth=05&FromYear=2000&ToDate=13&ToMonth=11&ToYear=2020&Variable=Issuer,1620595909,17:31:49,20210509
14,2006-12-31,NVCN.TO,USD,2006-12-31,2006-12-31,FY,928989.361702,526097.28895,402892.072752,0.43368857530710797,1698087.680165,0.0,0.0,0.0,5251031.228552,5777128.517502,10452.12766,124829.272478,-4723309.883322,-5.084353037873793,-4848139.1558,-5.218724084114086,0.0,-4704840.425532,-5.0644718007451335,0.0,-4704840.425532,-5.0644718007451335,-1372.683596,-1372.683596,3447.0,3447.0,https://www.sedar.com/ModifyCompanyDocumentSearchForm.do?lang=EN&company_search=NEOVASC INC&document_selection=0&industry_group=A&FromDate=13&FromMonth=05&FromYear=2000&ToDate=13&ToMonth=11&ToYear=2020&Variable=Issuer,https://www.sedar.com/ModifyCompanyDocumentSearchForm.do?lang=EN&company_search=NEOVASC INC&document_selection=0&industry_group=A&FromDate=13&FromMonth=05&FromYear=2000&ToDate=13&ToMonth=11&ToYear=2020&Variable=Issuer,1620595909,17:31:49,20210509
15,2005-12-31,NVCN.TO,USD,2005-12-31,2005-12-31,FY,313378.680902,279841.570518,33537.110384,0.10701784271817695,1476728.086792,0.0,0.0,0.0,4993233.166868,5273074.737386,11252.798347,1006811.606682,-3952884.449802,-12.613763126529175,-4959696.056484,-15.826526687164783,-29640.950577,-4969569.485104,-15.858033069767396,419531.599793,-5389101.084898,-17.196769956994245,-2410.883417,-2410.883417,2215.0,2215.0,https://www.sedar.com/ModifyCompanyDocumentSearchForm.do?lang=EN&company_search=NEOVASC INC&document_selection=0&industry_group=A&FromDate=13&FromMonth=05&FromYear=2000&ToDate=13&ToMonth=11&ToYear=2020&Variable=Issuer,https://www.sedar.com/ModifyCompanyDocumentSearchForm.do?lang=EN&company_search=NEOVASC INC&document_selection=0&industry_group=A&FromDate=13&FromMonth=05&FromYear=2000&ToDate=13&ToMonth=11&ToYear=2020&Variable=Issuer,1620595909,17:31:49,20210509
16,2004-12-31,NVCN.TO,USD,2004-12-31,2004-12-31,FY,726749.796197,489392.250487,237357.54571,0.3266014616750708,1129078.975826,0.0,0.0,0.0,4054143.444191,4543535.694678,10930.507262,997414.610611,-2819371.28787,-3.8794249446280595,-3816785.898481,-5.251856854248618,3223.418237,-3786257.840185,-5.209850570303648,161425.457933,-3947683.298118,-5.431970285751414,-2329.17963,-2329.17963,1646.0,1646.0,https://www.sedar.com/ModifyCompanyDocumentSearchForm.do?lang=EN&company_search=NEOVASC INC&document_selection=0&industry_group=A&FromDate=13&FromMonth=05&FromYear=2000&ToDate=13&ToMonth=11&ToYear=2020&Variable=Issuer,https://www.sedar.com/ModifyCompanyDocumentSearchForm.do?lang=EN&company_search=NEOVASC INC&document_selection=0&industry_group=A&FromDate=13&FromMonth=05&FromYear=2000&ToDate=13&ToMonth=11&ToYear=2020&Variable=Issuer,1620595909,17:31:49,20210509
17,2003-12-31,NVCN.TO,USD,2003-12-31,2003-12-31,FY,504454.143757,305856.088589,198598.055168,0.3936890153957511,138839.578337,0.0,0.0,0.0,1220028.223972,1525884.312561,17367.767607,289329.642111,-732100.526693,-1.451272698922777,-1021430.168804,-2.02482263540694,3120.830988,-1020994.470878,-2.023958933658442,-68408.430177,-952586.040701,-1.8883501156447415,-771.146772,-771.146772,1209.0,1209.0,https://www.sedar.com/ModifyCompanyDocumentSearchForm.do?lang=EN&company_search=NEOVASC INC&document_selection=0&industry_group=A&FromDate=13&FromMonth=05&FromYear=2000&ToDate=13&ToMonth=11&ToYear=2020&Variable=Issuer,https://www.sedar.com/ModifyCompanyDocumentSearchForm.do?lang=EN&company_search=NEOVASC INC&document_selection=0&industry_group=A&FromDate=13&FromMonth=05&FromYear=2000&ToDate=13&ToMonth=11&ToYear=2020&Variable=Issuer,1620595909,17:31:49,20210509
18,2002-12-31,NVCN.TO,USD,2002-12-31,2002-12-31,FY,755490.976999,339619.896971,415871.080029,0.5504646550259865,38984.062859,0.0,0.0,0.0,507010.055199,846629.95217,14034.719973,52343.566388,-38795.408782000006,-0.05135125363919649,-91138.97517,-0.1206354251006768,3493.594019,-97402.036448,-0.1289254794741631,-42259.783651,-55142.252796,-0.07298863186300238,-53.021397,-53.021397,1040.0,1040.0,https://www.sedar.com/ModifyCompanyDocumentSearchForm.do?lang=EN&company_search=NEOVASC INC&document_selection=0&industry_group=A&FromDate=13&FromMonth=05&FromYear=2000&ToDate=13&ToMonth=11&ToYear=2020&Variable=Issuer,https://www.sedar.com/ModifyCompanyDocumentSearchForm.do?lang=EN&company_search=NEOVASC INC&document_selection=0&industry_group=A&FromDate=13&FromMonth=05&FromYear=2000&ToDate=13&ToMonth=11&ToYear=2020&Variable=Issuer,1620595909,17:31:49,20210509
19,2001-12-31,NVCN.TO,USD,2001-12-31,2001-12-31,FY,0.0,0.0,0.0,0.0,0.0,19988.316436,0.0,0.0,19988.316436,19988.316436,0.0,0.0,-19988.316436,0.0,-19988.316436,0.0,0.0,0.0,0.0,0.0,-10035.9301,0.0,-38.15943,-38.15943,263.0,263.0,https://www.sedar.com/ModifyCompanyDocumentSearchForm.do?lang=EN&company_search=NEOVASC INC&document_selection=0&industry_group=A&FromDate=13&FromMonth=05&FromYear=2000&ToDate=13&ToMonth=11&ToYear=2020&Variable=Issuer,https://www.sedar.com/ModifyCompanyDocumentSearchForm.do?lang=EN&company_search=NEOVASC INC&document_selection=0&industry_group=A&FromDate=13&FromMonth=05&FromYear=2000&ToDate=13&ToMonth=11&ToYear=2020&Variable=Issuer,1620595909,17:31:49,20210509
