,date,symbol,reportedCurrency,fillingDate,acceptedDate,period,revenue,costOfRevenue,grossProfit,grossProfitRatio,researchAndDevelopmentExpenses,generalAndAdministrativeExpenses,sellingAndMarketingExpenses,otherExpenses,operatingExpenses,costAndExpenses,interestExpense,depreciationAndAmortization,ebitda,ebitdaratio,operatingIncome,operatingIncomeRatio,totalOtherIncomeExpensesNet,incomeBeforeTax,incomeBeforeTaxRatio,incomeTaxExpense,netIncome,netIncomeRatio,eps,epsdiluted,weightedAverageShsOut,weightedAverageShsOutDil,link,finalLink,timestamp,est_time,est_date
0,2020-12-31,OI,USD,2021-02-16,2021-02-16 06:48:52,FY,6091000000,5119000000,972000000,0.15957970776555574,75000000,403000000,-403000000,-23000000,511000000,5630000000,265000000,33000000,494000000,0.08110326711541618,461000000,0.07568543753078312,157000000,353000000,0.05795435889016582,89000000,249000000,0.040879986865867676,1.603864734299517,1.603864734299517,157274000,157274000,https://www.sec.gov/Archives/edgar/data/812074/000155837021001009/0001558370-21-001009-index.htm,https://www.sec.gov/Archives/edgar/data/812074/000155837021001009/oi-20201231x10k.htm,1620596073,17:34:33,20210509
1,2019-12-31,OI,USD,2020-02-21 00:00:00,2020-02-21 06:24:46,FY,6691000000,5483000000,1208000000,0.180541025257809,68000000,439000000,0,-18000000,548000000,6031000000,311000000,41000000,701000000,0.10476759826632791,660000000,0.09863996413092213,-610000000,-261000000,-0.03900762217904648,118000000,-400000000,-0.059781796442983114,-2.58,-2.58,155250000,155250000,https://www.sec.gov/Archives/edgar/data/812074/000155837020001125/0001558370-20-001125-index.html,https://www.sec.gov/Archives/edgar/data/812074/000155837020001125/oi-20191231x10keddfad.htm,1620596073,17:34:33,20210509
2,2018-12-31,OI,USD,2019-02-14 00:00:00,2019-02-14 06:53:07,FY,6877000000,5594000000,1283000000,0.18656390868111095,70000000,483000000,0,-20000000,574000000,6168000000,261000000,40000000,749000000,0.10891377053947943,709000000,0.1030972807910426,-171000000,277000000,0.040279191507924965,108000000,257000000,0.03737094663370656,1.61,1.59,160125000,162088000,https://www.sec.gov/Archives/edgar/data/812074/000155837019000652/0001558370-19-000652-index.html,https://www.sec.gov/Archives/edgar/data/812074/000155837019000652/oi-20181231x10k.htm,1620596073,17:34:33,20210509
3,2017-12-31,OI,USD,2018-02-14 00:00:00,2018-02-14 07:02:56,FY,6869000000,5736000000,1133000000,0.1649439510845829,60000000,502000000,0,18000000,603000000,6339000000,268000000,41000000,571000000,0.08312709273547823,530000000,0.07715824719755422,13000000,275000000,0.04003493958363663,70000000,180000000,0.026204687727471247,1.11,1.1,162737000,164647000,https://www.sec.gov/Archives/edgar/data/812074/000155837018000669/0001558370-18-000669-index.html,https://www.sec.gov/Archives/edgar/data/812074/000155837018000669/oi-20171231x10k.htm,1620596073,17:34:33,20210509
4,2016-12-31,OI,USD,2017-02-10 00:00:00,2017-02-10 06:40:01,FY,6702000000,5490000000,1212000000,0.18084153983885407,65000000,503000000,0,27000000,607000000,6097000000,272000000,39000000,644000000,0.096090719188302,605000000,0.09027156072814085,23000000,356000000,0.05311847209788123,119000000,209000000,0.031184720978812294,1.29,1.28,161857000,162825000,https://www.sec.gov/Archives/edgar/data/812074/000155837017000499/0001558370-17-000499-index.html,https://www.sec.gov/Archives/edgar/data/812074/000155837017000499/oi-20161231x10k.htm,1620596073,17:34:33,20210509
5,2015-12-31,OI,USD,2016-02-16 00:00:00,2016-02-16 06:47:32,FY,6156000000,5046000000,1110000000,0.18031189083820662,64000000,476000000,0,3000000,540000000,5586000000,251000000,409000000,979000000,0.15903183885640026,570000000,0.09259259259259259,-260000000,59000000,0.00958414554905783,106000000,-74000000,-0.012020792722547108,-0.47,-0.47,161169000,161169000,https://www.sec.gov/Archives/edgar/data/812074/000155837016003216/0001558370-16-003216-index.html,https://www.sec.gov/Archives/edgar/data/812074/000155837016003216/oi-20151231x10k.htm,1620596073,17:34:33,20210509
6,2014-12-31,OI,USD,2015-02-11,2015-02-10 17:59:40,FY,6784000000,5531000000,1253000000,0.18469929245283018,63000000,523000000,0,-13000000,655000000,6186000000,230000000,418000000,1016000000,0.14976415094339623,598000000,0.08814858490566038,-150000000,218000000,0.032134433962264154,92000000,75000000,0.011055424528301886,0.4553153514123882,0.4516793438002493,164721000,166047000,https://www.sec.gov/Archives/edgar/data/812074/000104746915000716/a2222968z10-k.htm,https://www.sec.gov/Archives/edgar/data/812074/000104746915000716/a2222968z10-k.htm,1620596073,17:34:33,20210509
7,2013-12-31,OI,USD,2014-02-13,2014-02-13 16:14:22,FY,6967000000,5636000000,1331000000,0.19104349074206975,62000000,506000000,0,-266000000,568000000,6204000000,239000000,397000000,1160000000,0.16649921056408784,763000000,0.10951629108655088,-199000000,335000000,0.04808382374049089,120000000,184000000,0.026410219606717383,1.1190512391667933,1.1095834237885038,164425000,165828000,https://www.sec.gov/Archives/edgar/data/812074/000104746914000875/a2218189z10-k.htm,https://www.sec.gov/Archives/edgar/data/812074/000104746914000875/a2218189z10-k.htm,1620596073,17:34:33,20210509
8,2012-12-31,OI,USD,2013-02-13 00:00:00,2013-02-13 16:38:58,FY,7000000000,5626000000,1374000000,0.19628571428571429,62000000,555000000,0,-271000000,600000000,6226000000,248000000,412000000,1186000000,0.16942857142857143,774000000,0.11057142857142857,-207000000,328000000,0.046857142857142854,108000000,184000000,0.026285714285714287,1.12,1.11,164474000,165768000,https://www.sec.gov/Archives/edgar/data/812074/000104746913000991/0001047469-13-000991-index.html,https://www.sec.gov/Archives/edgar/data/812074/000104746913000991/a2212782z10-k.htm,1620596073,17:34:33,20210509
9,2011-12-31,OI,USD,2012-02-09 00:00:00,2012-02-09 16:20:36,FY,7358000000,5979000000,1379000000,0.18741505843979342,71000000,556000000,0,0,627000000,6606000000,314000000,422000000,1174000000,0.15955422669203587,752000000,0.1022016852405545,-855000000,-406000000,-0.055178037510192984,85000000,-510000000,-0.06931231312856755,-3.11,-3.11,163691000,163691000,https://www.sec.gov/Archives/edgar/data/812074/000104746912000772/0001047469-12-000772-index.html,https://www.sec.gov/Archives/edgar/data/812074/000104746912000772/a2207097z10-k.htm,1620596073,17:34:33,20210509
10,2010-12-31,OI,USD,2011-02-10,2011-02-10 16:21:01,FY,6633000000,5283000000,1350000000,0.20352781546811397,62000000,492000000,0,0,554000000,5837000000,249000000,391000000,1187000000,0.1789537162671491,796000000,0.12000603045379164,-136000000,424000000,0.06392281019146691,129000000,-47000000,-0.00708578320518619,-0.2861125822573674,-0.2813057374399981,164271000,167078000,https://www.sec.gov/Archives/edgar/data/812074/000104746911000741/a2201749z10-k.htm,https://www.sec.gov/Archives/edgar/data/812074/000104746911000741/a2201749z10-k.htm,1620596073,17:34:33,20210509
11,2009-12-31,OI,USD,2010-02-10 00:00:00,2010-02-10 16:34:31,FY,7066500000,5582600000,1483900000,0.2099908016698507,58800000,506400000,0,0,565200000,6147800000,221700000,395900000,1314600000,0.1860326894502229,918700000,0.13000778320243403,-400300000,325300000,0.04603410457793816,127500000,161800000,0.022896766433170592,0.96,0.95,167687000,170540000,https://www.sec.gov/Archives/edgar/data/812074/000110465910006102/0001104659-10-006102-index.html,https://www.sec.gov/Archives/edgar/data/812074/000110465910006102/a09-35364_110k.htm,1620596073,17:34:33,20210509
12,2008-12-31,OI,USD,2009-02-17 00:00:00,2009-02-17 14:39:32,FY,7884700000,6208100000,1676600000,0.212639669232818,66600000,511900000,0,0,578500000,6786600000,253000000,431000000,1529100000,0.1939325529189443,1098100000,0.13926972491026926,-325300000,558400000,0.0708207033875734,236700000,258300000,0.03275964843304121,1.55,1.52,163178000,169677000,https://www.sec.gov/Archives/edgar/data/812074/000110465909010082/0001104659-09-010082-index.html,https://www.sec.gov/Archives/edgar/data/812074/000110465909010082/a09-1539_110k.htm,1620596073,17:34:33,20210509
13,2007-12-31,OI,USD,2008-02-29,2008-02-29 14:44:55,FY,7679200000,5971400000,1707800000,0.22239295759974997,65800000,520600000,0,0,586400000,6557800000,0,460900000,1582300000,0.20605010938639443,1121400000,0.1460308365454735,-215700000,506600000,0.06597041358474841,147800000,1340600000,0.1745754766121471,8.55,7.99,154280702,165093867,https://www.sec.gov/Archives/edgar/data/812074/000110465908014206/a08-2811_110k.htm,https://www.sec.gov/Archives/edgar/data/812074/000110465908014206/a08-2811_110k.htm,1620596073,17:34:33,20210509
14,2006-12-31,OI,USD,2007-03-01,2007-03-01 13:49:27,FY,7523500000,6084000000,1439500000,0.19133382069515517,63800000,564800000,0,0,628600000,6712600000,0,509200000,1320100000,0.17546354755100685,810900000,0.10778228218249485,-98100000,142600000,0.01895394430783545,126500000,-27500000,-0.0036552136638532597,-0.32,-0.32,153125000,153125000,https://www.sec.gov/Archives/edgar/data/812074/000110465907015390/a07-5962_110k.htm,https://www.sec.gov/Archives/edgar/data/812074/000110465907015390/a07-5962_110k.htm,1620596073,17:34:33,20210509
15,2005-12-31,OI,USD,2006-03-16,2006-03-16 10:12:09,FY,7189700000,5719500000,1470200000,0.2044869744217422,29800000,523700000,0,0,1688800000,7408300000,0,524000000,305400000,0.042477432994422575,-218600000,-0.030404606589982893,-574500000,-218600000,-0.030404606589982893,367100000,-558600000,-0.07769447960276507,-3.85,-3.85,150675325,150675325,https://www.sec.gov/Archives/edgar/data/812074/000110465906017125/a06-6864_110k.htm,https://www.sec.gov/Archives/edgar/data/812074/000110465906017125/a06-6864_110k.htm,1620596073,17:34:33,20210509
16,2004-12-31,OI,USD,2005-03-16,2005-03-16 15:58:01,FY,6263400000,4918400000,1345000000,0.21473959830124215,25400000,435900000,0,0,1134700000,6053100000,0,474800000,685100000,0.10938148609381486,210300000,0.03357601302806782,-99900000,210300000,0.03357601302806782,5900000,235500000,0.037599386914455406,1.45,1.43,147586207,149650350,https://www.sec.gov/Archives/edgar/data/812074/000104746905006751/a2153665z10-k.htm,https://www.sec.gov/Archives/edgar/data/812074/000104746905006751/a2153665z10-k.htm,1620596073,17:34:33,20210509
17,2003-12-31,OI,USD,2004-03-15,2004-03-15 14:31:54,FY,6110500000,4917200000,1193300000,0.19528680140741347,47600000,391900000,0,0,-6055600000,-1138400000,0,525200000,7774100000,1.272252679813436,7248900000,1.1863022665902954,-1374500000,-1116500000,-0.18271827182718273,-125700000,-990800000,-0.1621471238032894,-6.89,-6.89,146923077,146923077,https://www.sec.gov/Archives/edgar/data/812074/000104746904007941/a2130443z10-k.htm,https://www.sec.gov/Archives/edgar/data/812074/000104746904007941/a2130443z10-k.htm,1620596073,17:34:33,20210509
18,2002-12-31,OI,USD,2003-03-27,2003-03-27 16:49:59,FY,5760100000,4413400000,1346700000,0.23379802433985522,41100000,867300000,0,0,908400000,5321800000,0,480700000,919000000,0.15954584121803442,438300000,0.07609242895088628,95600000,16600000,0.0028818944115553548,-18300000,-460200000,-0.07989444627697435,-3.29,-3.29,146413374,146413374,https://www.sec.gov/Archives/edgar/data/812074/000104746903010557/a2106089z10-k.htm,https://www.sec.gov/Archives/edgar/data/812074/000104746903010557/a2106089z10-k.htm,1620596073,17:34:33,20210509
19,2001-12-31,OI,USD,2001-12-31,2001-12-31,FY,6013300000,4218400000,1794900000,0.2984883508223438,41200000,652500000,0,0,693700000,4912100000,0,543700000,1644900000,0.2735436449204264,1101200000,0.18312740092794305,583900000,647100000,0.10761146126087173,286400000,356600000,0.05930188083082501,2.3,2.3,155043478,155043478,,,1620596073,17:34:33,20210509
20,2000-12-31,OI,USD,2001-04-02 00:00:00,2001-04-02 00:00:00,FY,5552100000,3809600000,1742500000,0.3138452117216909,46700000,1313900000,0,0,1910100000,5719700000,0,549500000,381900000,0.06878478413573243,-167600000,-0.030186776174780713,230200000,-413600000,-0.07449433547666649,-143900000,-269700000,-0.048576214405360134,-2.0,-2.0,134850000,134850000,https://www.sec.gov/Archives/edgar/data/812074/000091205701506253/0000912057-01-506253-index.html,https://www.sec.gov/Archives/edgar/data/812074/000091205701506253/a2043253z10-k.txt,1620596073,17:34:33,20210509
21,1999-12-31,OI,USD,1999-12-31,1999-12-31,FY,5522900000,3751100000,1771800000,0.3208097195314056,37500000,529100000,0,0,1111900000,4863000000,0,545300000,1205200000,0.21821868945662604,659900000,0.11948432888518713,235300000,484600000,0.08774375780839776,185500000,298300000,0.054011479476362055,1.79,1.78,166648045,167584270,,,1620596073,17:34:33,20210509
22,1998-12-31,OI,USD,1998-12-31,1998-12-31,FY,5306300000,3611700000,1694600000,0.31935623692591825,36400000,798300000,0,0,1298600000,4910300000,0,463900000,859900000,0.16205265439194919,396000000,0.07462827205397358,193000000,188800000,0.03558034788835912,66700000,108000000,0.020353165105629158,0.62,0.62,174193548,174193548,,,1620596073,17:34:33,20210509
23,1997-12-31,OI,USD,1997-12-31,1997-12-31,FY,4658500000,3322900000,1335600000,0.2867017280240421,28900000,378100000,0,0,750500000,4073400000,0,343500000,928600000,0.1993345497477729,585100000,0.12559836857357518,169900000,420900000,0.09035097134270688,148500000,167900000,0.036041644306107117,1.25,1.24,134320000,135403226,,,1620596073,17:34:33,20210509
24,1996-12-31,OI,USD,1996-12-31,1996-12-31,FY,3845700000,2832600000,1013100000,0.26343708557609796,56700000,188600000,0,0,516900000,3349500000,0,271600000,767800000,0.1996515588839483,496200000,0.1290272252125751,130500000,296000000,0.0769690823517175,104900000,191100000,0.04969186363990951,1.580000001157509,1.5451605180422718,120949367,123676471,,,1620596073,17:34:33,20210509
25,1995-12-31,OI,USD,1995-12-31,1995-12-31,FY,3763200000,2710400000,1052800000,0.27976190476190477,54800000,187800000,0,0,480700000,3191100000,0,238100000,810200000,0.21529549319727892,572100000,0.15202487244897958,37500000,269900000,0.07172087585034014,100800000,169100000,0.04493516156462585,1.4,1.4,120785714,120785714,,,1620596073,17:34:33,20210509
26,1994-12-31,OI,USD,1995-03-30 00:00:00,1995-03-30 00:00:00,FY,3567300000,2590700000,976600000,0.2737644717293191,54600000,193500000,0,0,481700000,3072400000,0,233600000,728500000,0.20421607378129117,494900000,0.13873237462506657,-45400000,147200000,0.041263700838168924,68900000,78300000,0.021949373475737954,0.64,0.64,122343750,122343750,https://www.sec.gov/Archives/edgar/data/812074/000081207495000006/0000812074-95-000006-index.html,https://www.sec.gov/Archives/edgar/data/812074/0000812074-95-000006.txt,1620596073,17:34:33,20210509
27,1993-12-31,OI,USD,1993-12-31,1993-12-31,FY,3535000000,2591500000,943500000,0.2669024045261669,0,0,0,0,0,3666600000,0,232300000,100700000,0.028486562942008485,-131600000,-0.037227722772277226,127100000,-313900000,-0.0887977369165488,-113100000,4900000,0.001386138613861386,0.03,0.03,119077491,119077491,,,1620596073,17:34:33,20210509
28,1992-12-31,OI,USD,1992-12-31,1992-12-31,FY,3672100000,2699100000,973000000,0.264970997521854,0,0,0,0,0,3199700000,0,251100000,723500000,0.19702622477601373,472400000,0.12864573404863702,66500000,173300000,0.0471937038751668,76600000,-134200000,-0.03654584570136979,-1.13,-1.13,118761062,118761062,,,1620596073,17:34:33,20210509
29,1991-12-31,OI,USD,1991-12-31,1991-12-31,FY,3574800000,2658500000,916300000,0.2563220320017903,0,0,0,0,0,3040200000,0,165200000,699800000,0.19575920331207342,534600000,0.14954682779456194,22400000,48500000,0.013567192570213719,58500000,-130100000,-0.036393644399686696,-3.25,-3.25,118982000,118982000,,,1620596073,17:34:33,20210509
