,date,symbol,reportedCurrency,fillingDate,acceptedDate,period,revenue,costOfRevenue,grossProfit,grossProfitRatio,researchAndDevelopmentExpenses,generalAndAdministrativeExpenses,sellingAndMarketingExpenses,otherExpenses,operatingExpenses,costAndExpenses,interestExpense,depreciationAndAmortization,ebitda,ebitdaratio,operatingIncome,operatingIncomeRatio,totalOtherIncomeExpensesNet,incomeBeforeTax,incomeBeforeTaxRatio,incomeTaxExpense,netIncome,netIncomeRatio,eps,epsdiluted,weightedAverageShsOut,weightedAverageShsOutDil,link,finalLink,timestamp,est_time,est_date
0,2020-12-31,OCX,USD,2021-03-19,2021-03-19 17:30:01,FY,1216000.0,1855000.0,-639000.0,-0.5254934210526315,9800000.0,16788000.0,6494000.0,27000.0,33082000.0,34937000.0,0.0,1898000.0,-31823000.0,-26.170230263157894,-33721000.0,-27.73108552631579,2787000.0,-31186000.0,-25.64638157894737,-1254000.0,-29932000.0,-24.61513157894737,-0.5835152838427947,-0.5835152838427947,51296000.0,51296000.0,https://www.sec.gov/Archives/edgar/data/1642380/000149315221006465/0001493152-21-006465-index.htm,https://www.sec.gov/Archives/edgar/data/1642380/000149315221006465/form10-k.htm,1620596033,17:33:53,20210509
1,2019-12-31,OCX,USD,2020-04-28,2020-04-28,FY,0.0,0.0,0.0,0.0,6794000.0,13281000.0,2164000.0,-3000.0,22000000.0,22239000.0,299000.0,351000.0,-21888000.0,0.0,-22239000.0,0.0,-486000.0,-22426000.0,0.0,0.0,-22426000.0,0.0,-0.44,-0.44,51296000.0,51296000.0,https://www.sec.gov/Archives/edgar/data/1642380/000149315220007252/0001493152-20-007252-index.htm,https://www.sec.gov/Archives/edgar/data/1642380/000149315220007252/form10-ka.htm,1620596033,17:33:53,20210509
2,2018-12-31,OCX,USD,2018-12-31,2018-12-31,FY,0.0,0.0,0.0,0.0,6514000.0,7007000.0,1681000.0,91000.0,15000000.0,15202000.0,216000.0,559000.0,-14643000.0,0.0,-15202000.0,0.0,-336000.0,-15754000.0,0.0,0.0,-15754000.0,0.0,-0.42,-0.42,37850000.0,37850000.0,,,1620596033,17:33:53,20210509
3,2017-12-31,OCX,USD,2017-12-31,2017-12-31,FY,0.0,0.0,0.0,0.0,7174000.0,9232000.0,2443000.0,0.0,19000000.0,18849000.0,217000.0,580000.0,-18269000.0,0.0,-18849000.0,0.0,-309000.0,-19375000.0,0.0,0.0,-19375000.0,0.0,-0.64,-0.64,30195000.0,30195000.0,,,1620596033,17:33:53,20210509
4,2016-12-31,OCX,USD,2016-12-31,2016-12-31,FY,0.0,0.0,0.0,0.0,5677000.0,5463000.0,0.0,0.0,11000000.0,11140000.0,28000.0,387000.0,-10753000.0,0.0,-11140000.0,0.0,0.0,-11168000.0,0.0,0.0,-11168000.0,0.0,-0.42,-0.42,26529000.0,26529000.0,,,1620596033,17:33:53,20210509
5,2015-12-31,OCX,USD,2015-12-31,2015-12-31,FY,0.0,0.0,0.0,0.0,4527000.0,4191000.0,0.0,2000.0,9000000.0,8718000.0,19000.0,283000.0,-8435000.0,0.0,-8718000.0,0.0,2000.0,-8735000.0,0.0,0.0,-8735000.0,0.0,-0.42,-0.42,21009000.0,21009000.0,,,1620596033,17:33:53,20210509
6,2014-12-31,OCX,USD,2014-12-31,2014-12-31,FY,0.0,0.0,0.0,0.0,3962000.0,1011000.0,0.0,-11000.0,5000000.0,4973000.0,2000.0,281000.0,-4692000.0,0.0,-4973000.0,0.0,-11000.0,-4986000.0,0.0,0.0,-4986000.0,0.0,-0.768,-0.768,6492306.0,6492306.0,,,1620596033,17:33:53,20210509
7,2013-12-31,OCX,USD,2013-12-31,2013-12-31,FY,0.0,0.0,0.0,0.0,2943000.0,552000.0,0.0,0.0,3000000.0,3495000.0,0.0,277000.0,-3218000.0,0.0,-3495000.0,0.0,0.0,-3495000.0,0.0,0.0,-3495000.0,0.0,-0.53833,-0.53833,6492306.0,6492306.0,,,1620596033,17:33:53,20210509
