,date,symbol,reportedCurrency,fillingDate,acceptedDate,period,revenue,costOfRevenue,grossProfit,grossProfitRatio,researchAndDevelopmentExpenses,generalAndAdministrativeExpenses,sellingAndMarketingExpenses,otherExpenses,operatingExpenses,costAndExpenses,interestExpense,depreciationAndAmortization,ebitda,ebitdaratio,operatingIncome,operatingIncomeRatio,totalOtherIncomeExpensesNet,incomeBeforeTax,incomeBeforeTaxRatio,incomeTaxExpense,netIncome,netIncomeRatio,eps,epsdiluted,weightedAverageShsOut,weightedAverageShsOutDil,link,finalLink,timestamp,est_time,est_date
0,2019-03-31,PYX,USD,2019-06-14 00:00:00,2019-06-14 16:45:33,FY,1801593000,1550779000,250814000,0.13921790326672007,0.0,161719000,0.0,0.0,161807000.00000003,1723610000.0,135553000.0,35747000,124754000,0.0692464946300302,89007000,0.0494046102532592,0.0,-42917000.0,-0.02382169557719196,37840000.0,-70467000.0,-0.03911371769317487,-7.78297,-7.78297,9054000.0,9054000.0,https://www.sec.gov/Archives/edgar/data/939930/000093993019000058/0000939930-19-000058-index.html,https://www.sec.gov/Archives/edgar/data/939930/000093993019000058/pyx-20190331x10k.htm,1620596960,17:49:20,20210509
1,2018-03-31,PYX,USD,2018-06-07 00:00:00,2018-06-06 17:54:04,FY,1845966000,1599775000,246191000,0.13336702842847592,0.0,139923000,0.0,0.0,131311999.9999999,1749363000.0,132978000.0,33598000,148477000,0.08043322574738647,114879000,0.06223245715251527,0.0,-16129000.0,-0.008737430700240417,-58764000.0,52436000.0,0.028405723615711233,5.81202,5.81202,9022000.0,9022000.0,https://www.sec.gov/Archives/edgar/data/939930/000093993018000037/0000939930-18-000037-index.html,https://www.sec.gov/Archives/edgar/data/939930/000093993018000037/aoi-20180331x10k.htm,1620596960,17:49:20,20210509
2,2017-03-31,PYX,USD,2017-06-14 00:00:00,2017-06-14 16:07:14,FY,1714750000,1497721000,217029000,0.1265659717159936,0.0,126032000,0.0,4896000.0,129386999.99999994,1633703000.0,132667000.0,34476000,122118000,0.07121621227584196,87642000,0.05111065753025222,0.0,-39642000.0,-0.023118238810322204,23480000.0,-62928000.0,-0.03669806094182825,-7.04681,-7.04681,8930000.0,8930000.0,https://www.sec.gov/Archives/edgar/data/939930/000093993017000036/0000939930-17-000036-index.html,https://www.sec.gov/Archives/edgar/data/939930/000093993017000036/aoi-20170331x10k.htm,1620596960,17:49:20,20210509
3,2016-03-31,PYX,USD,2016-07-12,2016-07-11 18:58:54,FY,1904592000,1678798000,225794000,0.11855242487629897,0.0,117491000,0.0,105427000.0,24007000.000000063,1802344000.0,117190000.0,28361000,230148000,0.12083847879230827,201787000,0.10594762552819711,0.0,91674000.0,0.0481331434763981,32215000.0,65532000.0,0.03440736913732705,7.37724,7.37724,8883000.0,8883000.0,https://www.sec.gov/Archives/edgar/data/939930/000093993016000150/aoi-20160331x10k.htm,https://www.sec.gov/Archives/edgar/data/939930/000093993016000150/aoi-20160331x10k.htm,1620596960,17:49:20,20210509
4,2015-03-31,PYX,USD,2015-06-08 00:00:00,2015-06-08 16:39:25,FY,2066865000,1823366000,243499000,0.11781079073863072,0.0,130490000,0.0,0.0,145433000.0,1961168000.0,113273000.0,29623000,127689000,0.06177907120203787,98066000,0.04744673696637178,0.0,-8939000.0,-0.00432490752903552,20860000.0,-27862000.0,-0.013480319227428981,-3.15574,-3.15574,8829000.0,8829000.0,https://www.sec.gov/Archives/edgar/data/939930/000093993015000032/0000939930-15-000032-index.html,https://www.sec.gov/Archives/edgar/data/939930/000093993015000032/aoi-20150331x10k.htm,1620596960,17:49:20,20210509
5,2014-03-31,PYX,USD,2014-06-05 00:00:00,2014-06-05 16:35:31,FY,2355000000,2114900000,240000000,0.10191082802547771,0.0,126200000,0.0,0.0,178400000.0000001,2249016000.0,116798000.0,32400000,94000000,0.03991507430997877,61600000,0.026157112526539277,7000000.0,-48100000.0,-0.020424628450106157,38942000.0,-86700000.0,-0.03681528662420382,-9.85227,-9.85227,8800000.0,8800000.0,https://www.sec.gov/Archives/edgar/data/939930/000093993014000022/0000939930-14-000022-index.html,https://www.sec.gov/Archives/edgar/data/939930/000093993014000022/aoi-20140331x10k.htm,1620596960,17:49:20,20210509
6,2013-03-31,PYX,USD,2013-06-17 00:00:00,2013-06-17 17:04:24,FY,2243800000,1958600000,285200000,0.12710580265620822,0.0,137300000,0.0,0.0,126099999.99999991,2104320000.0,114557000.0,33800000,192900000,0.0859702290756752,159100000,0.07090649790533916,-15800000.0,51100000.0,0.022773865763437026,27992000.0,24000000.0,0.010696140475978251,2.16216,2.16216,11100000.0,11100000.0,https://www.sec.gov/Archives/edgar/data/939930/000093993013000034/0000939930-13-000034-index.html,https://www.sec.gov/Archives/edgar/data/939930/000093993013000034/aoi-20130331x10k.htm,1620596960,17:49:20,20210509
7,2012-03-31,PYX,USD,2012-06-13,2012-06-13 16:43:35,FY,2150800000,1863100000,287700000,0.13376418076994606,0.0,147600000,0.0,15725000.0,132900000.0000001,2010673000.0,106804000.0,33100000,187900000,0.08736284173330854,154800000,0.0719732192672494,5100000.0,54200000.0,0.025199925609075694,25039000.0,29500000.0,0.013715826669146364,2.68182,2.68182,11000000.0,11000000.0,https://www.sec.gov/Archives/edgar/data/939930/000093993012000021/aoi-20120331x10k.htm,https://www.sec.gov/Archives/edgar/data/939930/000093993012000021/aoi-20120331x10k.htm,1620596960,17:49:20,20210509
8,2011-03-31,PYX,USD,2011-06-10 00:00:00,2011-06-10 17:01:01,FY,2094100000,1817200000,276800000,0.13218088916479634,0.0,157900000,0.0,37442000.0,148599999.9999999,1975163000.0,-102696000.0,28200000,156500000,0.07473377584642567,128300000,0.06126737023064801,2400000.0,32800000.0,0.015663053340337137,107460000.0,-71600000.0,-0.034191299364882285,-8.13636,-8.13636,8800000.0,8800000.0,https://www.sec.gov/Archives/edgar/data/939930/000093993011000026/0000939930-11-000026-index.html,https://www.sec.gov/Archives/edgar/data/939930/000093993011000026/aoi10k2011.htm,1620596960,17:49:20,20210509
9,2010-03-31,PYX,USD,2010-06-14 00:00:00,2010-06-14 16:33:06,FY,2308300000,1911800000,396500000,0.17177143352250573,0.0,155400000,0.0,-17260000.0,213000000.00000024,2067225000.0,-113819000.0,29100000,212600000,0.0921024130312351,183500000,0.0794957327903652,3000000.0,74200000.0,0.03214486851795694,0.0,79200000.0,0.03431096477927479,7.4717,7.4717,10600000.0,10600000.0,https://www.sec.gov/Archives/edgar/data/939930/000093993010000013/0000939930-10-000013-index.html,https://www.sec.gov/Archives/edgar/data/939930/000093993010000013/aoi10k2010.htm,1620596960,17:49:20,20210509
10,2009-03-31,PYX,USD,2009-06-08 00:00:00,2009-06-08 16:36:29,FY,2258200000,1897400000,360800000,0.15977327074661235,0.0,156000000,0.0,0.0,157299999.99999973,2053380000.0,-97984000.0,29300000,232800000,0.10309095739969888,203500000,0.09011602161013196,3500000.0,109300000.0,0.04840138163138783,-22020000.0,132600000.0,0.05871933398281817,14.89888,14.89888,8900000.0,8900000.0,https://www.sec.gov/Archives/edgar/data/939930/000093993009000026/0000939930-09-000026-index.html,https://www.sec.gov/Archives/edgar/data/939930/000093993009000026/aoi10k2009.htm,1620596960,17:49:20,20210509
11,2008-03-31,PYX,USD,2008-06-30 00:00:00,2008-06-30 17:10:08,FY,2011500000,1761100000,250400000,0.12448421575938355,0.0,157400000,0.0,0.0,162700000.00000006,1918516000.0,-101885000.0,34600000,122300000,0.06080039771314939,87700000,0.04359930400198857,3300000.0,2000000.0,0.0009942828734775043,-5499000.0,16900000.0,0.008401690280884912,1.89888,1.89888,8900000.0,8900000.0,https://www.sec.gov/Archives/edgar/data/939930/000093993008000045/0000939930-08-000045-index.html,https://www.sec.gov/Archives/edgar/data/939930/000093993008000045/aoi10k2008.htm,1620596960,17:49:20,20210509
12,2007-03-31,PYX,USD,2007-06-22 00:00:00,2007-06-21 17:44:15,FY,1979100000,1683300000,295700000,0.1494113485927947,0.0,158300000,0.0,0.0,185900000.0000001,1841681000.0,-105635000.0,36300000,146100000,0.07382143398514476,109800000,0.05547976352887676,1700000.0,13100000.0,0.006619170329947956,16062000.0,-21600000.0,-0.010914051841746248,-2.51163,-2.51163,8600000.0,8600000.0,https://www.sec.gov/Archives/edgar/data/939930/000093993007000071/0000939930-07-000071-index.html,https://www.sec.gov/Archives/edgar/data/939930/000093993007000071/aoi10k2007.htm,1620596960,17:49:20,20210509
13,2006-03-31,PYX,USD,2006-06-23,2006-06-23 16:39:36,FY,2112700000,1888000000,224700000,0.10635679462299427,0.0,164100000,0.0,0.0,570400000.0000001,2052087000.0,-108585000.0,43500000,-302200000,-0.14303971221659487,-345700000,-0.16362947886590617,0.0,-442100000.0,-0.20925829507265584,0.0,-447400000.0,-0.21176693330808918,-55.23457,-55.23457,8100000.0,8100000.0,https://www.sec.gov/Archives/edgar/data/939930/000093993006000052/aoi10k2006.htm,https://www.sec.gov/Archives/edgar/data/939930/000093993006000052/aoi10k2006.htm,1620596960,17:49:20,20210509
14,2005-03-31,PYX,USD,2005-06-14,2005-06-14 16:15:04,FY,1311400000,1123400000,187900000,0.14328198871435108,0.0,125200000,0.0,0.0,125000000.0,1248659000.0,-52840000.0,33100000,96100000,0.07328046362665853,63000000,0.04804026231508312,-5300000.0,27700000.0,0.02112246454171115,0.0,13300000.0,0.010141833155406435,2.95556,2.95556,4500000.0,4500000.0,https://www.sec.gov/Archives/edgar/data/939930/000093993005000043/aoi10k2005.htm,https://www.sec.gov/Archives/edgar/data/939930/000093993005000043/aoi10k2005.htm,1620596960,17:49:20,20210509
15,2004-03-31,PYX,USD,2004-06-10,2004-06-10 15:57:32,FY,835300000,732100000,103200000,0.12354842571531187,0.0,90300000,0.0,0.0,119799999.99999996,822395000.0,-32167000.0,27000000,10400000,0.01245061654495391,-16600000,-0.019873099485214894,0.0,-35800000.0,-0.04285885310666826,0.0,-32900000.0,-0.03938704657009458,-7.31111,-7.31111,4500000.0,4500000.0,https://www.sec.gov/Archives/edgar/data/939930/000093993004000026/f10k2004.htm,https://www.sec.gov/Archives/edgar/data/939930/000093993004000026/f10k2004.htm,1620596960,17:49:20,20210509
16,2003-06-30,PYX,USD,2003-08-28,2003-08-28 12:01:45,FY,1271700000,1061300000,210400000,0.16544782574506567,0.0,116100000,0.0,0.0,116000000.0,1177345000.0,-46887000.0,35300000,129600000,0.10191082802547771,94300000,0.07415270897224188,0.0,35000000.0,0.027522214358732405,0.0,28100000.0,0.02209640638515373,6.24444,6.24444,4500000.0,4500000.0,https://www.sec.gov/Archives/edgar/data/939930/000093993003000040/f10k2003.htm,https://www.sec.gov/Archives/edgar/data/939930/000093993003000040/f10k2003.htm,1620596960,17:49:20,20210509
17,2002-06-30,PYX,USD,2002-08-29,2002-08-29 16:07:45,FY,1259700000,1054300000,205500000,0.16313407954274828,0.0,109400000,0.0,0.0,109299999.99999996,1163618000.0,-47877000.0,41900000,138000000,0.10954989283162658,96100000,0.07628800508057473,0.0,38000000.0,0.030165912518853696,0.0,27500000.0,0.021830594586012542,6.11111,6.11111,4500000.0,4500000.0,https://www.sec.gov/Archives/edgar/data/939930/000093993002000046/f10k2002.htm,https://www.sec.gov/Archives/edgar/data/939930/000093993002000046/f10k2002.htm,1620596960,17:49:20,20210509
18,2001-06-30,PYX,USD,2001-09-06 00:00:00,2001-09-06 00:00:00,FY,1401000000,1209900000,191000000,0.1363311920057102,0.0,103500000,0.0,0.0,98299999.99999996,1313468000.0,-53574000.0,44300000,137100000,0.09785867237687366,92800000,0.0662384011420414,0.0,34500000.0,0.02462526766595289,0.0,24900000.0,0.017773019271948607,5.53333,5.53333,4500000.0,4500000.0,https://www.sec.gov/Archives/edgar/data/939930/000093993001500020/0000939930-01-500020-index.html,https://www.sec.gov/Archives/edgar/data/939930/000093993001500020/dmn10k.htm,1620596960,17:49:20,20210509
19,2000-06-30,PYX,USD,2000-09-07 00:00:00,2000-09-07 00:00:00,FY,1473600000,1286100000,187500000,0.12723941368078176,0.0,106700000,0.0,0.0,106500000.0,0.0,0.0,44000000,125100000,0.08489413680781759,81100000,0.05503528773072747,0.0,23400000.0,0.015879478827361564,0.0,18000000.0,0.012214983713355049,4.0,4.0,4500000.0,4500000.0,https://www.sec.gov/Archives/edgar/data/939930/000093993000500004/0000939930-00-500004-index.html,https://www.sec.gov/Archives/edgar/data/939930/000093993000500004/k10thru63.htm,1620596960,17:49:20,20210509
20,1999-06-30,PYX,USD,1999-06-30,1999-06-30,FY,1815200000,1658000000,157200000,0.08660202732481269,0.0,117800000,0.0,0.0,128400000.0000001,0.0,0.0,45100000,73900000,0.040711767298369325,28800000,0.015866020273248127,0.0,-37300000.0,-0.020548699867783165,0.0,-5500000.0,-0.0030299691494050244,-1.22222,-1.22222,4500000.0,4500000.0,,,1620596960,17:49:20,20210509
21,1998-06-30,PYX,USD,1998-06-30,1998-06-30,FY,2171800000,1911800000,260000000,0.11971636430610554,0.0,120200000,0.0,0.0,120200000.00000004,0.0,0.0,43500000,183300000,0.0844000368358044,139800000,0.0643705681922829,0.0,56000000.0,0.02578506308131504,0.0,28900000.0,0.013306934340178654,6.42222,6.42222,4500000.0,4500000.0,,,1620596960,17:49:20,20210509
22,1997-06-30,PYX,USD,1997-06-30,1997-06-30,FY,2513200000,2195300000,317900000,0.12649212159796275,0.0,137100000,0.0,0.0,141000000.0,0.0,0.0,37200000,214100000,0.08519019576635366,176900000,0.0703883495145631,0.0,123900000.0,0.04929969759668948,0.0,77200000.0,0.030717809963393284,17.54545,17.54545,4400000.0,4400000.0,,,1620596960,17:49:20,20210509
23,1996-06-30,PYX,USD,1996-06-30,1996-06-30,FY,2167500000,1905000000,262500000,0.12110726643598616,0.0,132700000,0.0,0.0,148099999.9999999,0.0,0.0,33800000,148200000,0.06837370242214533,114400000,0.05277970011534026,0.0,67500000.0,0.031141868512110725,0.0,41300000.0,0.019054209919261822,9.83333,9.83333,4200000.0,4200000.0,,,1620596960,17:49:20,20210509
