,date,symbol,reportedCurrency,fillingDate,acceptedDate,period,revenue,costOfRevenue,grossProfit,grossProfitRatio,researchAndDevelopmentExpenses,generalAndAdministrativeExpenses,sellingAndMarketingExpenses,otherExpenses,operatingExpenses,costAndExpenses,interestExpense,depreciationAndAmortization,ebitda,ebitdaratio,operatingIncome,operatingIncomeRatio,totalOtherIncomeExpensesNet,incomeBeforeTax,incomeBeforeTaxRatio,incomeTaxExpense,netIncome,netIncomeRatio,eps,epsdiluted,weightedAverageShsOut,weightedAverageShsOutDil,link,finalLink,timestamp,est_time,est_date
0,2020-12-31,0127.HK,HKD,2020-12-31,2020-12-31,FY,3041464000,79938000.0,2961526000.0,0.9737172624762286,0.0,320600000.0,0.0,-4860000.0,0.0,119270000.0,188332000.0,88188000.0,3010382000,0.9897805793525749,2922194000,0.9607853323268005,0.0,692546000,0.22770152794838275,70282000.0,622233000,0.2045833848436148,0.326,0.326,1907619079,1907619079,https://www1.hkexnews.hk/search/titlesearch.xhtml,https://www1.hkexnews.hk/search/titlesearch.xhtml,1620584545,14:22:25,20210509
1,2019-12-31,0127.HK,HKD,2019-12-31,2019-12-31,FY,538986000,27535000.0,511451000.0,0.9489133298453021,0.0,269516000.0,0.0,-12341000.0,0.0,237141000.0,376856000.0,27064000.0,328909000,0.6102366295228447,301845000,0.5600238225111599,0.0,948910000,1.7605466561283596,157258000.0,790167000,1.4660250915608197,0.414,0.414,1907619079,1907619079,https://www1.hkexnews.hk/search/titlesearch.xhtml,https://www1.hkexnews.hk/search/titlesearch.xhtml,1620584545,14:22:25,20210509
2,2018-12-31,0127.HK,HKD,2018-12-31,2018-12-31,FY,843618000,124507000.0,719111000.0,0.8524130589911547,0.0,255506000.0,0.0,-2559000.0,0.0,206951000.0,342356000.0,6806000.0,643473000,0.7627539952917078,636667000,0.754686362785052,0.0,1186854000,1.4068618735019878,127041000.0,1015290000,1.2034949467650051,0.532,0.532,1907619079,1907619079,https://www1.hkexnews.hk/search/titlesearch.xhtml,https://www1.hkexnews.hk/search/titlesearch.xhtml,1620584545,14:22:25,20210509
3,2017-12-31,0127.HK,HKD,2017-12-31,2017-12-31,FY,1516655000,546813000.0,969842000.0,0.6394611826684381,0.0,279254000.0,0.0,140283000.0,0.0,694047000.0,234631000.0,8680000.0,831288000,0.5481061942234721,822608000,0.5423830732763878,0.0,4125682000,2.7202508151161604,327049000.0,3708886000,2.4454381517220463,1.944,1.944,1907619079,1907619079,https://www1.hkexnews.hk/search/titlesearch.xhtml,https://www1.hkexnews.hk/search/titlesearch.xhtml,1620584545,14:22:25,20210509
4,2016-12-31,0127.HK,HKD,2016-12-31,2016-12-31,FY,3745148000,1597606000.0,2147542000.0,0.5734197954259752,0.0,331484000.0,0.0,2176425000.0,0.0,1826176000.0,227478000.0,10304000.0,1929276000,0.5151401226333379,1918972000,0.5123888294935207,0.0,7258155000,1.9380155336985347,564966000.0,6360312000,1.6982805485924721,3.334,3.334,1907619079,1907619079,https://www1.hkexnews.hk/search/titlesearch.xhtml,https://www1.hkexnews.hk/search/titlesearch.xhtml,1620584545,14:22:25,20210509
5,2015-12-31,0127.HK,HKD,2015-12-31,2015-12-31,FY,1542397000,255521000.0,1286876000.0,0.8343351290232022,0.0,344790000.0,0.0,26137000.0,0.0,506875000.0,289989000.0,55832000.0,1091354000,0.707570100304915,1035522000,0.6713718971185758,0.0,8196126000,5.313888706993076,476395000.0,7727208000,5.009869702806736,4.051,4.051,1907619079,1907619079,https://www1.hkexnews.hk/search/titlesearch.xhtml,https://www1.hkexnews.hk/search/titlesearch.xhtml,1620584545,14:22:25,20210509
6,2014-12-31,0127.HK,HKD,2014-12-31,2014-12-31,FY,2627288000,422694000.0,2204594000.0,0.8391139456351949,6503000.0,296296000.0,0.0,17636000.0,0.0,724952000.0,380329000.0,23381000.0,1925717000,0.7329676076623499,1902336000,0.724068316834698,0.0,9008758000,3.4289190983249647,255859000.0,8744927000,3.3284995782723477,4.584,4.584,1907619079,1907619079,https://www1.hkexnews.hk/search/titlesearch.xhtml,https://www1.hkexnews.hk/search/titlesearch.xhtml,1620584545,14:22:25,20210509
7,2013-12-31,0127.HK,HKD,2013-12-31,2013-12-31,FY,6452726000,3692055000.0,2760671000.0,0.4278301914570679,22035000.0,307823000.0,0.0,0.0,0.0,3987479000.0,382032000.0,18525000.0,2483772000,0.3849182500543181,2465247000,0.38204737036719055,0.0,6945040000,1.0762955067362228,443919000.0,6317737000,0.9790803142733784,3.312,3.312,1907619079,1907619079,https://www1.hkexnews.hk/search/titlesearch.xhtml,https://www1.hkexnews.hk/search/titlesearch.xhtml,1620584545,14:22:25,20210509
8,2012-12-31,0127.HK,HKD,2012-12-31,2012-12-31,FY,2433544000,568580000.0,1864964000.0,0.766357214005582,694737000.0,281768000.0,0.0,0.0,0.0,1516655000.0,313869000.0,1430000.0,918319000,0.37735869990433707,916889000,0.3767710795448942,0.0,10113939000,4.15605347591825,299090000.0,9794937000,4.024968112349725,5.135,5.135,1907619079,1907619079,https://www1.hkexnews.hk/search/titlesearch.xhtml,https://www1.hkexnews.hk/search/titlesearch.xhtml,1620584545,14:22:25,20210509
9,2011-12-31,0127.HK,HKD,2011-12-31,2011-12-31,FY,527792000,244484000.0,283308000.0,0.5367796404644254,0.0,273248000.0,0.0,78265000.0,0.0,279458000.0,330729000.0,20085000.0,268419000,0.5085696638069542,248334000,0.4705148998090157,0.0,3635850000,6.888793312517052,116146000.0,3497816000,6.627262254827659,1.83,1.83,1907619079,1907619079,https://www1.hkexnews.hk/search/titlesearch.xhtml,https://www1.hkexnews.hk/search/titlesearch.xhtml,1620584545,14:22:25,20210509
10,2010-12-31,0127.HK,HKD,2010-12-31,2010-12-31,FY,2671012000,1320032000.0,1350980000.0,0.5057933098016781,0.0,229800000.0,0.0,19867000.0,0.0,562861000.0,68486000.0,22909000.0,2131060000,0.7978474076492356,2108151000,0.7892705087060635,0.0,-8715145000,-3.262862540490271,120602000.0,-8858245000,-3.316437739703154,-4.6,-4.6,1925225796,1925225796,https://www1.hkexnews.hk/search/titlesearch.xhtml,https://www1.hkexnews.hk/search/titlesearch.xhtml,1620584545,14:22:25,20210509
11,2009-12-31,0127.HK,HKD,2009-12-31,2009-12-31,FY,2151319000,1220382000.0,930937000.0,0.4327284795978653,0.0,204870000.0,0.0,0.0,0.0,1373557000.0,80864000.0,2860000.0,780622000,0.3628573912097648,777762000,0.3615279742334819,0.0,10200383000,4.741455358317386,1528111000.0,8648727000,4.020197376586178,4.34,4.34,1995051304,1995051304,https://www1.hkexnews.hk/search/titlesearch.xhtml,https://www1.hkexnews.hk/search/titlesearch.xhtml,1620584545,14:22:25,20210509
12,2008-12-31,0127.HK,HKD,2008-12-31,2008-12-31,FY,1264925000,279811000.0,985114000.0,0.7787924185228373,0.0,224083000.0,0.0,-7457500000.0,0.0,-3525767000.0,283171000.0,23670000.0,4814362000,3.8060454177125127,4790692000,3.7873328458208984,0.0,-2960986000,-2.340839180188549,-1506728000.0,-1494376000,-1.1813949443642904,-0.67,-0.67,2228668314,2228668314,https://www1.hkexnews.hk/search/titlesearch.xhtml,https://www1.hkexnews.hk/search/titlesearch.xhtml,1620584545,14:22:25,20210509
13,2007-12-31,0127.HK,HKD,2007-12-31,2007-12-31,FY,8446865000,6510325000.0,1936540000.0,0.22926138869272802,0.0,229125000.0,0.0,7812354000.0,0.0,6749254000.0,0.0,1430000.0,1699041000,0.20114456665283512,1697611000,0.2009752730746851,0.0,9509965000,1.1258573447071782,1177097000.0,8332868000,0.9865042237563877,3.599,3.599,2277259517,2277259517,https://www1.hkexnews.hk/search/titlesearch.xhtml,https://www1.hkexnews.hk/search/titlesearch.xhtml,1620584545,14:22:25,20210509
14,2006-12-31,0127.HK,HKD,2006-12-31,2006-12-31,FY,4763789000,3840040000.0,923749000.0,0.19391056152990824,0.0,186599000.0,0.0,14675012000.0,0.0,10375790000.0,0.0,0.0,-5612001000,-1.178054065786709,-5612001000,-1.178054065786709,0.0,9063011000,1.9024795178795701,1505924000.0,7557087000,1.5863605629888309,3.392,3.332,2204405955,2244101140,https://www1.hkexnews.hk/search/titlesearch.xhtml,https://www1.hkexnews.hk/search/titlesearch.xhtml,1620584545,14:22:25,20210509
15,2005-12-31,0127.HK,HKD,2005-12-31,2005-12-31,FY,2274988000,1490240000.0,784748000.0,0.34494599531953574,0.0,-128533000.0,0.0,12529956000.0,0.0,7421254000.0,0.0,10398000.0,-5135868000,-2.257536303488194,-5146266000,-2.2621068770472634,0.0,7383690000,3.245595141600747,929023000.0,6454667000,2.8372312293515396,3.0,2.762,2051524000,2228302679,https://www1.hkexnews.hk/search/titlesearch.xhtml,https://www1.hkexnews.hk/search/titlesearch.xhtml,1620584545,14:22:25,20210509
16,2004-12-31,0127.HK,HKD,2004-12-31,2004-12-31,FY,5257357000,4297871000.0,959486000.0,0.18250348987143158,0.0,119091000.0,0.0,174027000.0,0.0,3718101000.0,0.0,14979000.0,1554235000,0.29563048505170947,1539256000,0.29278133480378066,0.0,1713283000,0.3258829484092482,49255000.0,1624701000,0.3090337977809002,0.784,0.784,2072322704,2072322704,https://www1.hkexnews.hk/search/titlesearch.xhtml,https://www1.hkexnews.hk/search/titlesearch.xhtml,1620584545,14:22:25,20210509
17,2003-12-31,0127.HK,HKD,2003-12-31,2003-12-31,FY,2531532000,1777530000.0,754002000.0,0.2978441512886268,0.0,188670000.0,0.0,-19846000.0,0.0,2146530000.0,0.0,12585000.0,397587000,0.15705391043842226,385002000,0.15208261242599344,0.0,1198782000,0.47354013301036685,45712000.0,1153070000,0.45548308297110207,0.521,0.521,2214673704,2214673704,https://www1.hkexnews.hk/search/titlesearch.xhtml,https://www1.hkexnews.hk/search/titlesearch.xhtml,1620584545,14:22:25,20210509
18,2002-12-31,0127.HK,HKD,2002-12-31,2002-12-31,FY,729280000,97438000.0,631842000.0,0.8663915094339623,0.0,217271000.0,0.0,-528059000.0,0.0,141369000.0,0.0,18692000.0,606603000,0.8317834028082493,587911000,0.8061526437033787,0.0,-1721212000,-2.360152479157525,-1552000.0,-1719660000,-2.35802435278631,-0.616,-0.616,2369423701,2369423701,https://www1.hkexnews.hk/search/titlesearch.xhtml,https://www1.hkexnews.hk/search/titlesearch.xhtml,1620584545,14:22:25,20210509
19,2001-12-31,0127.HK,HKD,2001-12-31,2001-12-31,FY,714520000,44810000.0,669710000.0,0.9372865700050383,0.0,159183000.0,0.0,-912127000.0,0.0,48714000.0,0.0,0.0,665806000,0.93182276213402,665806000,0.93182276213402,0.0,-679263000,-0.9506563847058165,-57018000.0,-622245000,-0.8708573587863181,-0.225,-0.225,2381320000,2381320000,https://www1.hkexnews.hk/search/titlesearch.xhtml,https://www1.hkexnews.hk/search/titlesearch.xhtml,1620584545,14:22:25,20210509
20,2000-12-31,0127.HK,HKD,2000-12-31,2000-12-31,FY,649698000,85736000.0,563962000.0,0.8680371495679531,0.0,161172000.0,0.0,-835138000.0,0.0,92369000.0,0.0,0.0,557329000,0.8578277907581676,557329000,0.8578277907581676,0.0,-375554000,-0.5780439527288063,12214000.0,-378830000,-0.5830862954788225,-0.176,-0.176,2152443182,2152443182,https://www1.hkexnews.hk/search/titlesearch.xhtml,https://www1.hkexnews.hk/search/titlesearch.xhtml,1620584545,14:22:25,20210509
21,1999-12-31,0127.HK,HKD,1999-12-31,1999-12-31,FY,1400337000,796337000.0,604000000.0,0.4313247454005714,0.0,174751000.0,0.0,0.0,0.0,900715000.0,0.0,0.0,499622000,0.35678697342139787,499622000,0.35678697342139787,0.0,147707000,0.10547960955112948,8924000.0,138237000,0.09871695170519668,0.072,0.067,1919958333,2063238806,https://www1.hkexnews.hk/search/titlesearch.xhtml,https://www1.hkexnews.hk/search/titlesearch.xhtml,1620584545,14:22:25,20210509
22,1998-12-31,0127.HK,HKD,1998-12-31,1998-12-31,FY,3704582000,0.0,0.0,0.0,0.0,0.0,0.0,61753000.0,0.0,0.0,0.0,0.0,3704582000,1.0,3704582000,1.0,0.0,406424000,0.1097084637349099,101068000.0,516749000,0.1394891515426032,0.268,0.267,1921309701,1928505618,https://www1.hkexnews.hk/search/titlesearch.xhtml,https://www1.hkexnews.hk/search/titlesearch.xhtml,1620584545,14:22:25,20210509
23,1997-12-31,0127.HK,HKD,1997-12-31,1997-12-31,FY,15070899000,0.0,0.0,0.0,0.0,0.0,0.0,0.0,0.0,0.0,0.0,0.0,15070899000,1.0,15070899000,1.0,0.0,1315546000,0.0872904794863266,-396084000.0,510141000,0.03384940739102558,0.474,0.474,1933786920,1933786920,https://www1.hkexnews.hk/search/titlesearch.xhtml,https://www1.hkexnews.hk/search/titlesearch.xhtml,1620584545,14:22:25,20210509
