,date,symbol,reportedCurrency,fillingDate,acceptedDate,period,revenue,costOfRevenue,grossProfit,grossProfitRatio,researchAndDevelopmentExpenses,generalAndAdministrativeExpenses,sellingAndMarketingExpenses,otherExpenses,operatingExpenses,costAndExpenses,interestExpense,depreciationAndAmortization,ebitda,ebitdaratio,operatingIncome,operatingIncomeRatio,totalOtherIncomeExpensesNet,incomeBeforeTax,incomeBeforeTaxRatio,incomeTaxExpense,netIncome,netIncomeRatio,eps,epsdiluted,weightedAverageShsOut,weightedAverageShsOutDil,link,finalLink,timestamp,est_time,est_date
0,2020-12-31,SEFER.PA,EUR,2020-12-31,2020-12-31,FY,195301000,85004000,110297000,0.5647538927092027,0.0,35695000,0.0,5845000.0,0.0,196214000,2161000.0,16126000.0,15213000,0.07789514646622393,-913000.0,0.004767000681000097,0.0,931000.0,0.004767000681000097,176000.0,471000.0,0.002411661998658481,0.04,0.04,11775000.0,11775000.0,https://www.infogreffe.com/recherche-entreprise-dirigeants/resultats-entreprise-dirigeants.html?ga_cat=globale&ga_q=S.E.F.E.R#phrase=S.E.F.E.R,https://www.infogreffe.com/recherche-entreprise-dirigeants/resultats-entreprise-dirigeants.html?ga_cat=globale&ga_q=S.E.F.E.R#phrase=S.E.F.E.R,1620597740,18:02:20,20210509
1,2019-12-31,SEFER.PA,EUR,2019-12-31,2019-12-31,FY,189047000,74815000,114232000,0.6042518527138754,0.0,19872000,13577000.0,1785000.0,108582000.0,183397000,1139000.0,14581000.0,20231000,0.10701571566859035,5650000.0,0.029886747739980006,0.0,6685000.0,0.0353615767507551,1899000.0,4826000.0,0.02552804329082186,0.41,0.41,11770732.0,11770732.0,https://www.infogreffe.com/recherche-entreprise-dirigeants/resultats-entreprise-dirigeants.html?ga_cat=globale&ga_q=S.E.F.E.R#phrase=S.E.F.E.R,https://www.infogreffe.com/recherche-entreprise-dirigeants/resultats-entreprise-dirigeants.html?ga_cat=globale&ga_q=S.E.F.E.R#phrase=S.E.F.E.R,1620597740,18:02:20,20210509
2,2018-12-31,SEFER.PA,EUR,2018-12-31,2018-12-31,FY,184904000,74648000,110256000,0.5962878034006835,0.0,19254000,13794000.0,588000.0,106346000.0,180994000,676000.0,7712000.0,11622000,0.06285423787478908,3910000.0,0.021146108250767966,0.0,2282000.0,0.01234153939341496,476000.0,-123000.0,-0.0006652100549474322,-0.01,-0.01,12300000.0,12300000.0,https://www.infogreffe.com/recherche-entreprise-dirigeants/resultats-entreprise-dirigeants.html?ga_cat=globale&ga_q=S.E.F.E.R#phrase=S.E.F.E.R,https://www.infogreffe.com/recherche-entreprise-dirigeants/resultats-entreprise-dirigeants.html?ga_cat=globale&ga_q=S.E.F.E.R#phrase=S.E.F.E.R,1620597740,18:02:20,20210509
3,2017-12-31,SEFER.PA,EUR,2017-12-31,2017-12-31,FY,172139000,64089000,108050000,0.6276904129802079,0.0,18142000,13026000.0,166000.0,101822000.0,165911000,598000.0,6510000.0,12738000,0.07399833855198415,6228000.0,0.03618006378566159,0.0,4031000.0,0.023417122209377306,574000.0,2780000.0,0.01614973945474297,0.2,0.2,13900000.0,13900000.0,https://www.infogreffe.com/recherche-entreprise-dirigeants/resultats-entreprise-dirigeants.html?ga_cat=globale&ga_q=S.E.F.E.R#phrase=S.E.F.E.R,https://www.infogreffe.com/recherche-entreprise-dirigeants/resultats-entreprise-dirigeants.html?ga_cat=globale&ga_q=S.E.F.E.R#phrase=S.E.F.E.R,1620597740,18:02:20,20210509
4,2016-12-31,SEFER.PA,EUR,2016-12-31,2016-12-31,FY,158470000,53827000,104643000,0.6603331860920048,0.0,18569000,13426000.0,647000.0,97804000.0,151631000,544000.0,6870000.0,13709000,0.0865084874108664,6839000.0,0.04315643339433331,0.0,7015000.0,0.04426705370101597,1713000.0,4279000.0,0.027001956206222,0.35,0.35,12225714.0,12225714.0,https://www.infogreffe.com/recherche-entreprise-dirigeants/resultats-entreprise-dirigeants.html?ga_cat=globale&ga_q=S.E.F.E.R#phrase=S.E.F.E.R,https://www.infogreffe.com/recherche-entreprise-dirigeants/resultats-entreprise-dirigeants.html?ga_cat=globale&ga_q=S.E.F.E.R#phrase=S.E.F.E.R,1620597740,18:02:20,20210509
5,2015-12-31,SEFER.PA,EUR,2015-12-31,2015-12-31,FY,148398000,54841000,93557000,0.6304465019744201,0.0,15103000,11416000.0,573000.0,85666000.0,140507000,511000.0,7370000.0,15261000,0.10283831318481382,7891000.0,0.05317457108586369,0.0,7804000.0,0.05258830981549616,2157000.0,4787000.0,0.03225784714079705,0.39,0.39,12274359.0,12274359.0,https://www.infogreffe.com/recherche-entreprise-dirigeants/resultats-entreprise-dirigeants.html?ga_cat=globale&ga_q=S.E.F.E.R#phrase=S.E.F.E.R,https://www.infogreffe.com/recherche-entreprise-dirigeants/resultats-entreprise-dirigeants.html?ga_cat=globale&ga_q=S.E.F.E.R#phrase=S.E.F.E.R,1620597740,18:02:20,20210509
6,2014-12-31,SEFER.PA,EUR,2014-12-31,2014-12-31,FY,142324000,53221000,89103000,0.6260574463899272,614000.0,11648000,3180000.0,687000.0,81780000.0,135001000,638000.0,7241000.0,14564000,0.10232989516876985,7323000.0,0.05145302268064417,0.0,7256000.0,0.050982265816025406,1824000.0,4355000.0,0.03059919620021922,0.41,0.41,10621951.0,10621951.0,https://www.infogreffe.com/recherche-entreprise-dirigeants/resultats-entreprise-dirigeants.html?ga_cat=globale&ga_q=S.E.F.E.R#phrase=S.E.F.E.R,https://www.infogreffe.com/recherche-entreprise-dirigeants/resultats-entreprise-dirigeants.html?ga_cat=globale&ga_q=S.E.F.E.R#phrase=S.E.F.E.R,1620597740,18:02:20,20210509
7,2013-12-31,SEFER.PA,EUR,2013-12-31,2013-12-31,FY,139592000,52618000,86974000,0.6230586280016047,782000.0,11160000,3654000.0,-234000.0,78001000.0,130619000,877000.0,7214000.0,16187000,0.11595936729898562,8973000.0,0.06428018797638833,0.0,7241000.0,0.051872600149005674,2337000.0,3826000.0,0.027408447475500027,0.44,0.44,8695455.0,8695455.0,https://www.infogreffe.com/recherche-entreprise-dirigeants/resultats-entreprise-dirigeants.html?ga_cat=globale&ga_q=S.E.F.E.R#phrase=S.E.F.E.R,https://www.infogreffe.com/recherche-entreprise-dirigeants/resultats-entreprise-dirigeants.html?ga_cat=globale&ga_q=S.E.F.E.R#phrase=S.E.F.E.R,1620597740,18:02:20,20210509
