,date,symbol,reportedCurrency,fillingDate,acceptedDate,period,revenue,costOfRevenue,grossProfit,grossProfitRatio,researchAndDevelopmentExpenses,generalAndAdministrativeExpenses,sellingAndMarketingExpenses,otherExpenses,operatingExpenses,costAndExpenses,interestExpense,depreciationAndAmortization,ebitda,ebitdaratio,operatingIncome,operatingIncomeRatio,totalOtherIncomeExpensesNet,incomeBeforeTax,incomeBeforeTaxRatio,incomeTaxExpense,netIncome,netIncomeRatio,eps,epsdiluted,weightedAverageShsOut,weightedAverageShsOutDil,link,finalLink,timestamp,est_time,est_date
0,2020-12-31,HIL,USD,2021-03-16,2021-03-16 17:14:55,FY,368524000.0,249173000.0,119351000.0,0.32386221792881875,0.0,0.0,0.0,-5711000.0,109215000.0,358388000.0,5224000.0,4038000.0,14174000.0,0.038461538461538464,10136000.0,0.027504314508688715,-5348000.0,-436000.0,-0.001183097980050146,7134000.0,-8182000.0,-0.02220208181828049,-0.14538024164889837,-0.14538024164889837,56280000.0,56280000.0,https://www.sec.gov/Archives/edgar/data/1287808/000128780821000008/0001287808-21-000008-index.htm,https://www.sec.gov/Archives/edgar/data/1287808/000128780821000008/hil-20201231.htm,1620593093,16:44:53,20210509
1,2019-12-31,HIL,USD,2020-03-26,2020-03-25 20:26:48,FY,376437000.0,249587000.0,126850000.0,0.33697537702191865,0.0,0.0,0.0,613000.0,111124000.0,360711000.0,5795000.0,7723000.0,23449000.0,0.06229196386115074,15726000.0,0.041775914694889185,3214000.0,13145000.0,0.034919521726079,-1109000.0,14084000.0,0.037413963027013816,0.25,0.25,56280000.0,56280000.0,https://www.sec.gov/Archives/edgar/data/1287808/000128780820000014/0001287808-20-000014-index.htm,https://www.sec.gov/Archives/edgar/data/1287808/000128780820000014/hil-12312019x10k.htm,1620593093,16:44:53,20210509
2,2018-12-31,HIL,USD,2019-04-01,2019-04-01 16:20:43,FY,428679000.0,297988000.0,130691000.0,0.3048691445113943,0.0,0.0,0.0,0.0,148038000.0,446026000.0,5310000.0,5430000.0,-11917000.0,-0.027799355695053873,-17347000.0,-0.04046617632307624,-3616000.0,-26273000.0,-0.06128828330755647,4239000.0,-31461000.0,-0.07339057896467986,-0.57,-0.57,54769000.0,54769000.0,https://www.sec.gov/Archives/edgar/data/1287808/000128780819000004/0001287808-19-000004-index.htm,https://www.sec.gov/Archives/edgar/data/1287808/000128780819000004/hil-12312018x10k.htm,1620593093,16:44:53,20210509
3,2017-12-31,HIL,USD,2018-08-31,2018-08-31 16:02:30,FY,483736000.0,336883000.0,146853000.0,0.30358087882646734,0.0,0.0,0.0,0.0,151186000.0,488069000.0,3031000.0,6523000.0,2190000.0,0.004527262804504936,-4333000.0,-0.008957365174392645,3777000.0,-3587000.0,-0.007415201680255346,3103000.0,27366000.0,0.05657217986670415,0.52,0.52,52175000.0,52175000.0,https://www.sec.gov/Archives/edgar/data/1287808/000128780818000020/0001287808-18-000020-index.htm,https://www.sec.gov/Archives/edgar/data/1287808/000128780818000020/hil-12312017x10k.htm,1620593093,16:44:53,20210509
4,2016-12-31,HIL,USD,2017-03-31,2017-03-31 17:15:29,FY,520847000.0,358943000.0,161904000.0,0.31084752336098703,0.0,0.0,0.0,0.0,162721000.0,521664000.0,694000.0,7153000.0,6336000.0,0.012164800795627123,-817000.0,-0.0015685988399664393,-37000.0,-1548000.0,-0.00297208201256799,6068000.0,-18828000.0,-0.03614881145518742,-0.36,-0.36,51724000.0,51724000.0,https://www.sec.gov/Archives/edgar/data/1287808/000104746917002267/0001047469-17-002267-index.htm,https://www.sec.gov/Archives/edgar/data/1287808/000104746917002267/a2231587z10-k.htm,1620593093,16:44:53,20210509
5,2015-12-31,HIL,USD,2016-03-29,2016-03-29 14:03:14,FY,720605000.0,452020000.0,268585000.0,0.37272153260107826,0.0,0.0,0.0,0.0,237504000.0,689524000.0,14663000.0,11004000.0,42085000.0,0.058402314721657494,31081000.0,0.043131812851701,-237000.0,16181000.0,0.02245474288965522,8442000.0,6931000.0,0.0096183068393919,0.13623855014349176,0.13507824832881837,50874000.0,51311000.0,https://www.sec.gov/Archives/edgar/data/1287808/000104746916011694/0001047469-16-011694-index.htm,https://www.sec.gov/Archives/edgar/data/1287808/000104746916011694/a2227987z10-k.htm,1620593093,16:44:53,20210509
6,2014-12-31,HIL,USD,2015-03-13,2015-03-13 16:34:27,FY,640281000.0,393271000.0,247010000.0,0.38578374182585456,0.0,0.0,0.0,0.0,217730000.0,611001000.0,30485000.0,9823000.0,39103000.0,0.061071623240421,29280000.0,0.04572992170625085,0.0,-1205000.0,-0.0018819861904382606,8411000.0,-10879000.0,-0.01699097739898576,-0.25,-0.25,44370000.0,44370000.0,https://www.sec.gov/Archives/edgar/data/1287808/000104746915002173/0001047469-15-002173-index.htm,https://www.sec.gov/Archives/edgar/data/1287808/000104746915002173/a2223525z10-k.htm,1620593093,16:44:53,20210509
7,2013-12-31,HIL,USD,2014-03-14,2014-03-14 12:13:23,FY,576681000.0,360651000.0,216030000.0,0.37460918601445164,0.0,0.0,0.0,0.0,183572000.0,544223000.0,22864000.0,10756000.0,43214000.0,0.07493570969045278,32458000.0,0.05628415016274162,0.0,9594000.0,0.01663658070926561,6043000.0,1629000.0,0.0028247852799034474,0.04166453527034631,0.041427190885509384,39098000.0,39322000.0,https://www.sec.gov/Archives/edgar/data/1287808/000104746914002378/0001047469-14-002378-index.htm,https://www.sec.gov/Archives/edgar/data/1287808/000104746914002378/a2218896z10-k.htm,1620593093,16:44:53,20210509
8,2012-12-31,HIL,USD,2013-03-18,2013-03-18 16:20:46,FY,480781000.0,302755000.0,178026000.0,0.37028501542282244,0.0,0.0,0.0,0.0,172779000.0,475534000.0,18150000.0,12430000.0,17677000.0,0.03676725993747673,5247000.0,0.010913492837695334,0.0,-12903000.0,-0.02683758301596777,13442000.0,-28217000.0,-0.05868992327067833,-0.73,-0.73,38500000.0,38500000.0,https://www.sec.gov/Archives/edgar/data/1287808/000110465913021745/0001104659-13-021745-index.htm,https://www.sec.gov/Archives/edgar/data/1287808/000110465913021745/a13-4274_110k.htm,1620593093,16:44:53,20210509
9,2011-12-31,HIL,USD,2012-03-12,2012-03-12 15:50:41,FY,501456000.0,330193000.0,171263000.0,0.34153146038735205,0.0,0.0,0.0,0.0,175122000.0,505315000.0,7262000.0,15640000.0,11781000.0,0.023493586675600652,-3859000.0,-0.007695590440636865,0.0,-11121000.0,-0.02217741935483871,-6186000.0,-6017000.0,-0.011999058740946365,-0.16,-0.16,38414000.0,38414000.0,https://www.sec.gov/Archives/edgar/data/1287808/000119312512109496/0001193125-12-109496-index.htm,https://www.sec.gov/Archives/edgar/data/1287808/000119312512109496/d277080d10k.htm,1620593093,16:44:53,20210509
10,2010-12-31,HIL,USD,2011-03-11,2011-03-11 16:57:49,FY,451758000.0,283008000.0,168750000.0,0.3735407009947804,0.0,0.0,0.0,0.0,151634000.0,434642000.0,3144000.0,10001000.0,27117000.0,0.060025500378521245,17116000.0,0.037887541559861695,1503000.0,15475000.0,0.03425506576529912,481000.0,14216000.0,0.03146817543906251,0.3621172754597789,0.35697067095218965,39258000.0,39824000.0,https://www.sec.gov/Archives/edgar/data/1287808/000119312511064139/0001193125-11-064139-index.htm,https://www.sec.gov/Archives/edgar/data/1287808/000119312511064139/d10k.htm,1620593093,16:44:53,20210509
11,2009-12-31,HIL,USD,2010-03-12,2010-03-12 15:53:33,FY,421782000.0,266824000.0,154958000.0,0.3673888406807308,0.0,0.0,0.0,0.0,136683000.0,403507000.0,1737000.0,7343000.0,25618000.0,0.0607375374008374,18275000.0,0.04332806995082768,8222000.0,24760000.0,0.058703311189192524,4577000.0,19470000.0,0.046161287110403,0.49093522277414964,0.4852457382115442,39659000.0,40124000.0,https://www.sec.gov/Archives/edgar/data/1287808/000119312510055329/0001193125-10-055329-index.htm,https://www.sec.gov/Archives/edgar/data/1287808/000119312510055329/d10k.htm,1620593093,16:44:53,20210509
12,2008-12-31,HIL,USD,2009-03-16,2009-03-16 16:39:13,FY,380482000.0,229328000.0,151154000.0,0.3972697788594467,0.0,0.0,0.0,0.0,128956000.0,358284000.0,0.0,6385000.0,28583000.0,0.07512313328882839,22198000.0,0.05834178752214297,3658000.0,21305000.0,0.05599476453551022,3654000.0,17651000.0,0.046391156480464255,0.43252713862138253,0.42896374064353066,40809000.0,41148000.0,https://www.sec.gov/Archives/edgar/data/1287808/000119312509055492/0001193125-09-055492-index.htm,https://www.sec.gov/Archives/edgar/data/1287808/000119312509055492/d10k.htm,1620593093,16:44:53,20210509
13,2007-12-31,HIL,USD,2008-03-25,2008-03-25 17:15:00,FY,290323000.0,194029000.0,96294000.0,0.331678854241655,0.0,0.0,0.0,0.0,78682000.0,272711000.0,433000.0,3740000.0,21352000.0,0.0735456715451411,17612000.0,0.06066346793054632,2221000.0,16932000.0,0.05832124909152909,2788000.0,14144000.0,0.048718151851558436,0.53,0.45,26720000.0,31387000.0,https://www.sec.gov/Archives/edgar/data/1287808/000119312508064682/0001193125-08-064682-index.htm,https://www.sec.gov/Archives/edgar/data/1287808/000119312508064682/d10k.htm,1620593093,16:44:53,20210509
14,2006-12-30,HIL,USD,2007-03-30,2007-03-30 11:38:10,FY,197472000.0,138507000.0,58965000.0,0.2985992950899368,0.0,48672000.0,0.0,0.0,48672000.0,187179000.0,-312000.0,1505000.0,12619000.0,0.06390273051369308,11114000.0,0.05628139685626317,0.0,11114000.0,0.05628139685626317,2534000.0,8580000.0,0.04344919786096257,0.49768,0.49768,17240000.0,17240000.0,https://www.sec.gov/Archives/edgar/data/1287808/000119312507069932/0001193125-07-069932-index.htm,https://www.sec.gov/Archives/edgar/data/1287808/000119312507069932/d10k.htm,1620593093,16:44:53,20210509
15,2005-12-31,HIL,USD,2005-12-31,2005-12-31,FY,0.0,0.0,0.0,0.0,0.0,0.0,0.0,0.0,0.0,481473.0,0.0,0.0,-481473.0,0.0,-481473.0,0.0,0.0,561525.0,0.0,277568.0,283957.0,0.0,0.03,0.03,8300000.0,8300000.0,,,1620593093,16:44:53,20210509
16,2004-12-31,HIL,USD,2004-12-31,2004-12-31,FY,0.0,0.0,0.0,0.0,158639.0,0.0,0.0,0.0,0.0,158639.0,0.0,0.0,-158639.0,0.0,-158639.0,0.0,0.0,138143.0,0.0,67717.0,70426.0,0.0,0.01,0.01,6091241.0,6091241.0,,,1620593093,16:44:53,20210509
17,2003-12-31,HIL,USD,2003-12-31,2003-12-31,FY,78731000.0,51623000.0,27108000.0,0.34431164344413256,0.0,0.0,0.0,0.0,0.0,79051000.0,0.0,0.0,-320000.0,-0.004064472698174798,-320000.0,-0.004064472698174798,-562000.0,-882000.0,-0.011202702874344286,-353000.0,-529000.0,-0.006719081429170212,-0.05,-0.05,11586000.0,11586000.0,,,1620593093,16:44:53,20210509
18,2002-12-31,HIL,USD,2002-12-31,2002-12-31,FY,73090000.0,23931000.0,49159000.0,0.6725817485292106,0.0,0.0,0.0,0.0,0.0,72578000.0,483000.0,0.0,512000.0,0.00700506225201806,512000.0,0.00700506225201806,0.0,29000.0,0.00039677110411821045,12000.0,17000.0,0.00023258995758653714,0.0,0.0,11586000.0,11586000.0,,,1620593093,16:44:53,20210509
