,date,symbol,reportedCurrency,fillingDate,acceptedDate,period,revenue,costOfRevenue,grossProfit,grossProfitRatio,researchAndDevelopmentExpenses,generalAndAdministrativeExpenses,sellingAndMarketingExpenses,otherExpenses,operatingExpenses,costAndExpenses,interestExpense,depreciationAndAmortization,ebitda,ebitdaratio,operatingIncome,operatingIncomeRatio,totalOtherIncomeExpensesNet,incomeBeforeTax,incomeBeforeTaxRatio,incomeTaxExpense,netIncome,netIncomeRatio,eps,epsdiluted,weightedAverageShsOut,weightedAverageShsOutDil,link,finalLink,timestamp,est_time,est_date
0,2020-12-31,6090.HK,SGD,2020-12-31,2020-12-31,FY,128355000,38756000,89599000.0,0.6980561723345409,0.0,21186000.0,1284000.0,251000.0,0.0,54704000,21557000.0,3313000.0,76964000.0,0.5996182462701103,73651000.0,0.5738070195940945,0.0,25744000.0,0.20056873514861126,7033000.0,17171000.0,0.13377741420279693,0.0204,0.0204,840779000,840779000,https://www1.hkexnews.hk/search/titlesearch.xhtml,https://www1.hkexnews.hk/search/titlesearch.xhtml,1620585699,14:41:39,20210509
1,2019-12-31,6090.HK,SGD,2019-12-31,2019-12-31,FY,133353000,36417000,96936000.0,0.7269127803648961,0.0,23796000.0,1462000.0,290000.0,25151000.0,61568000,28615000.0,3113000.0,74898000.0,0.5616521563069448,71785000.0,0.5383080995553156,0.0,111001000.0,0.8323847232533201,7213000.0,99951000.0,0.7495219455130369,0.1189,0.1189,840779000,840779000,https://www1.hkexnews.hk/search/titlesearch.xhtml,https://www1.hkexnews.hk/search/titlesearch.xhtml,1620585699,14:41:39,20210509
2,2018-12-31,6090.HK,SGD,2018-12-31,2018-12-31,FY,120070000,33749000,86321000.0,0.7189222953277254,0.0,21010000.0,1143000.0,228000.0,22032000.0,55781000,23929000.0,3086000.0,67375000.0,0.5611310069126343,64289000.0,0.535429332889148,0.0,96586000.0,0.8044140917797952,12435000.0,79326000.0,0.6606646123094861,0.0943,0.0943,840779000,840779000,https://www1.hkexnews.hk/search/titlesearch.xhtml,https://www1.hkexnews.hk/search/titlesearch.xhtml,1620585699,14:41:39,20210509
3,2017-12-31,6090.HK,SGD,2017-12-31,2017-12-31,FY,137113000,42903000,94210000.0,0.6870975035189952,0.0,26832000.0,1180000.0,12000.0,27686000.0,70589000,21545000.0,4769000.0,71293000.0,0.5199579908542589,66524000.0,0.48517646029187605,0.0,49390000.0,0.36021383822102937,11746000.0,31722000.0,0.23135661826376785,0.0417,0.0417,760836000,760836000,https://www1.hkexnews.hk/search/titlesearch.xhtml,https://www1.hkexnews.hk/search/titlesearch.xhtml,1620585699,14:41:39,20210509
4,2016-12-31,6090.HK,SGD,2016-12-31,2016-12-31,FY,120288000,41885000,78403000.0,0.6517940276669327,0.0,18166000.0,1313000.0,351000.0,19192000.0,61077000,21383000.0,7981000.0,67192000.0,0.5585927108273477,59211000.0,0.49224361532322425,0.0,41859000.0,0.34798982442138865,7048000.0,28707000.0,0.23865223463687152,0.0386,0.0386,743342000,743342000,https://www1.hkexnews.hk/search/titlesearch.xhtml,https://www1.hkexnews.hk/search/titlesearch.xhtml,1620585699,14:41:39,20210509
5,2015-12-31,6090.HK,SGD,2015-12-31,2015-12-31,FY,104538000,35718000,68820000.0,0.658325202318774,0.0,20241000.0,1470000.0,316000.0,21320000.0,57038000,19524000.0,7230000.0,54730000.0,0.523541678624041,47500000.0,0.45438022537259176,0.0,42248000.0,0.40414012129560545,8269000.0,34129000.0,0.32647458340507757,0.0452,0.0452,755637000,755637000,https://www1.hkexnews.hk/search/titlesearch.xhtml,https://www1.hkexnews.hk/search/titlesearch.xhtml,1620585699,14:41:39,20210509
6,2014-12-31,6090.HK,SGD,2014-12-31,2014-12-31,FY,84443000,28802000,55641000.0,0.6589178499105905,0.0,14359000.0,1175000.0,714000.0,15534000.0,44336000,8889000.0,6893000.0,47000000.0,0.5565884679606362,40107000.0,0.47495944009568586,0.0,117722000.0,1.3941001622396172,6503000.0,111200000.0,1.3168646305792073,0.147,0.1442,756590000,771121000,https://www1.hkexnews.hk/search/titlesearch.xhtml,https://www1.hkexnews.hk/search/titlesearch.xhtml,1620585699,14:41:39,20210509
7,2013-12-31,6090.HK,SGD,2013-12-31,2013-12-31,FY,66432000,31707000,34725000.0,0.5227149566473989,0.0,12153000.0,2021000.0,1121000.0,14174000.0,45881000,2527000.0,7973000.0,28524000.0,0.429371387283237,20551000.0,0.3093539258188825,0.0,95695000.0,1.4404955443159924,3537000.0,92158000.0,1.3872531310211946,0.1219,0.1217,756061000,757180000,https://www1.hkexnews.hk/search/titlesearch.xhtml,https://www1.hkexnews.hk/search/titlesearch.xhtml,1620585699,14:41:39,20210509
8,2012-12-31,6090.HK,SGD,2012-12-31,2012-12-31,FY,65231000,39495000,25736000.0,0.39453634008370253,0.0,11031000.0,2013000.0,1159000.0,13044000.0,52539000,1980000.0,13170000.0,25862000.0,0.3964679370238077,12692000.0,0.19457006637948215,0.0,12662000.0,0.19411016234612377,3166000.0,9141000.0,0.1401327589642961,0.0121,0.0121,756061000,756061000,https://www1.hkexnews.hk/search/titlesearch.xhtml,https://www1.hkexnews.hk/search/titlesearch.xhtml,1620585699,14:41:39,20210509
9,2011-12-31,6090.HK,SGD,2011-12-31,2011-12-31,FY,30044000,15381000,14663000.0,0.4880508587405139,0.0,4431000.0,1062000.0,0.0,5030000.0,20411000,847000.0,3034000.0,12667000.0,0.421614964718413,9633000.0,0.32062974304353614,0.0,-4669000.0,-0.1554054054054054,1493000.0,-6154000.0,-0.20483291172946344,-0.0114,-0.0114,542022000,542022000,https://www1.hkexnews.hk/search/titlesearch.xhtml,https://www1.hkexnews.hk/search/titlesearch.xhtml,1620585699,14:41:39,20210509
10,2010-12-31,6090.HK,SGD,2010-12-31,2010-12-31,FY,38326000,29046000,9280000.0,0.24213327767051088,0.0,7840000.0,2607000.0,0.0,8730000.0,37776000,0.0,4816000.0,5366000.0,0.14000939310128893,550000.0,0.014350571413661743,0.0,541000.0,0.014115743881438188,-90000.0,688000.0,0.0179512602410896,0.0038,0.0038,181210000,181210000,https://www1.hkexnews.hk/search/titlesearch.xhtml,https://www1.hkexnews.hk/search/titlesearch.xhtml,1620585699,14:41:39,20210509
11,2009-12-31,6090.HK,SGD,2009-12-31,2009-12-31,FY,42940000,34250000,8690000.0,0.2023754075454122,0.0,8468000.0,3664000.0,0.0,9066000.0,43316000,0.0,5625000.0,5249000.0,0.12224033535165348,-376000.0,-0.008756404285048905,0.0,-180000.0,-0.004191895668374476,239000.0,-419000.0,-0.00975780158360503,-0.0024,-0.0024,181210000,181210000,https://www1.hkexnews.hk/search/titlesearch.xhtml,https://www1.hkexnews.hk/search/titlesearch.xhtml,1620585699,14:41:39,20210509
12,2008-12-31,6090.HK,SGD,2008-12-31,2008-12-31,FY,58865000,48348000,10517000.0,0.17866304255499874,0.0,10986000.0,4418000.0,0.0,15476000.0,63824000,0.0,5797000.0,838000.0,0.014235963645629832,-4959000.0,-0.0842436082561794,0.0,-5029000.0,-0.08543276989722245,-453000.0,-4576000.0,-0.07773719527732949,-0.0252,-0.0252,181210000,181210000,https://www1.hkexnews.hk/search/titlesearch.xhtml,https://www1.hkexnews.hk/search/titlesearch.xhtml,1620585699,14:41:39,20210509
13,2007-12-31,6090.HK,SGD,2007-12-31,2007-12-31,FY,83353000,62830000,20523000.0,0.24621789257735174,0.0,10955000.0,0.0,0.0,15522000.0,78352000,0.0,6955000.0,11956000.0,0.14343814859693113,5001000.0,0.05999784050963972,0.0,12834000.0,0.15397166268760573,-585000.0,13419000.0,0.1609900063584994,0.0742,0.0742,180983827,180983827,https://www1.hkexnews.hk/search/titlesearch.xhtml,https://www1.hkexnews.hk/search/titlesearch.xhtml,1620585699,14:41:39,20210509
14,2006-12-31,6090.HK,SGD,2006-12-31,2006-12-31,FY,79306000,60524000,18782000.0,0.23682949587673063,0.0,10130000.0,0.0,0.0,15001000.0,75525000,0.0,6732000.0,10513000.0,0.13256247950974706,3781000.0,0.04767609008145664,0.0,4442000.0,0.05601089450987315,299000.0,4143000.0,0.05224068796812347,0.0226,0.02,181415929,205000000,https://www1.hkexnews.hk/search/titlesearch.xhtml,https://www1.hkexnews.hk/search/titlesearch.xhtml,1620585699,14:41:39,20210509
15,2005-12-31,6090.HK,SGD,2005-12-31,2005-12-31,FY,79345000,66538000,12807000.0,0.161409036486231,0.0,11113000.0,0.0,0.0,15922000.0,82460000,0.0,7635000.0,4520000.0,0.0569664125023631,-3115000.0,-0.03925893250992501,0.0,-3606000.0,-0.0454470981158233,-625000.0,-2981000.0,-0.037570105236624865,-0.0164,-0.02,181341463,181341463,https://www1.hkexnews.hk/search/titlesearch.xhtml,https://www1.hkexnews.hk/search/titlesearch.xhtml,1620585699,14:41:39,20210509
16,2004-12-31,6090.HK,SGD,2004-12-31,2004-12-31,FY,59018000,42452000,16566000.0,0.28069402555152667,0.0,8145000.0,0.0,0.0,11299000.0,53751000,0.0,6115000.0,11382000.0,0.19285641668643463,5267000.0,0.08924395946999221,0.0,6410000.0,0.1086109322579552,1628000.0,4782000.0,0.0810261276220814,0.0286,0.02,183251748,183251748,https://www1.hkexnews.hk/search/titlesearch.xhtml,https://www1.hkexnews.hk/search/titlesearch.xhtml,1620585699,14:41:39,20210509
17,2003-12-31,6090.HK,SGD,2003-12-31,2003-12-31,FY,51212000,35265000,15947000.0,0.3113918612825119,0.0,8686000.0,0.0,0.0,12108000.0,47373000,0.0,5711000.0,9550000.0,0.18647973131297352,3839000.0,0.07496289932047176,0.0,5106000.0,0.09970319456377412,2182000.0,2924000.0,0.05709599312661095,0.0178,0.0178,184213483,184213483,https://www1.hkexnews.hk/search/titlesearch.xhtml,https://www1.hkexnews.hk/search/titlesearch.xhtml,1620585699,14:41:39,20210509
18,2002-12-31,6090.HK,SGD,2002-12-31,2002-12-31,FY,42591000,30624000,11967000.0,0.28097485384236104,0.0,7829000.0,0.0,0.0,11873000.0,42497000,0.0,6487000.0,6581000.0,0.15451621234533117,94000.0,0.0022070390458078,0.0,-8479000.0,-0.19907961775962058,1473000.0,-9952000.0,-0.2336643891902045,-0.0534,-0.06,185093633,185093633,https://www1.hkexnews.hk/search/titlesearch.xhtml,https://www1.hkexnews.hk/search/titlesearch.xhtml,1620585699,14:41:39,20210509
19,2001-12-31,6090.HK,SGD,2001-12-31,2001-12-31,FY,46408000,13610000,32798000.0,0.7067315980003448,0.0,0.0,0.0,0.0,31736000.0,45346000,0.0,6452000.0,7514000.0,0.16191173935528358,1062000.0,0.022883985519737977,0.0,1526000.0,0.032882261679020856,300000.0,1301000.0,0.02803395966212722,0.007,0.006999999994619524,185857143,185857143,https://www1.hkexnews.hk/search/titlesearch.xhtml,https://www1.hkexnews.hk/search/titlesearch.xhtml,1620585699,14:41:39,20210509
20,2000-12-31,6090.HK,SGD,2000-12-31,2000-12-31,FY,47425000,13567000,33858000.0,0.7139272535582498,0.0,0.0,0.0,0.0,32449000.0,46016000,0.0,7853000.0,9262000.0,0.19529783869267264,1409000.0,0.02971006852925672,0.0,1080000.0,0.022772799156562995,88000.0,-333000.0,-0.00702161307327359,-0.0018,-0.0018,185000000,185000000,https://www1.hkexnews.hk/search/titlesearch.xhtml,https://www1.hkexnews.hk/search/titlesearch.xhtml,1620585699,14:41:39,20210509
21,1999-12-31,6090.HK,SGD,1999-12-31,1999-12-31,FY,44046000,11093000,32953000.0,0.7481496617172956,0.0,0.0,0.0,0.0,26505000.0,37598000,0.0,5390000.0,11838000.0,0.26876447350497207,6448000.0,0.1463924079371566,0.0,7561000.0,0.1716614448531081,2479000.0,3071000.0,0.06972256277528038,0.0166,0.0166,185000000,185000000,https://www1.hkexnews.hk/search/titlesearch.xhtml,https://www1.hkexnews.hk/search/titlesearch.xhtml,1620585699,14:41:39,20210509
