,date,symbol,reportedCurrency,fillingDate,acceptedDate,period,revenue,costOfRevenue,grossProfit,grossProfitRatio,researchAndDevelopmentExpenses,generalAndAdministrativeExpenses,sellingAndMarketingExpenses,otherExpenses,operatingExpenses,costAndExpenses,interestExpense,depreciationAndAmortization,ebitda,ebitdaratio,operatingIncome,operatingIncomeRatio,totalOtherIncomeExpensesNet,incomeBeforeTax,incomeBeforeTaxRatio,incomeTaxExpense,netIncome,netIncomeRatio,eps,epsdiluted,weightedAverageShsOut,weightedAverageShsOutDil,link,finalLink,timestamp,est_time,est_date
0,2015-12-31,COB,USD,2016-03-11 00:00:00,2016-03-11 16:05:16,FY,68375000.0,0.0,68375000.0,1.0,0.0,43807000.0,0.0,0.0,45229000.0,45229000.0,10185000,3312000.0,17350000.0,0.25374771480804387,14038000.0,0.205308957952468,0.0,14038000.0,0.205308957952468,7124000.0,6914000.0,0.10111882998171846,0.2852763683930453,0.28509454467424095,24236147.0,24251604.0,https://www.sec.gov/Archives/edgar/data/764811/000076481116000093/0000764811-16-000093-index.html,https://www.sec.gov/Archives/edgar/data/764811/000076481116000093/cob-20151231x10k.htm,1620590517,16:01:57,20210509
1,2014-12-31,COB,USD,2015-03-06,2015-03-06 17:08:28,FY,63766000.0,0.0,63766000.0,1.0,0.0,43682000.0,0.0,0.0,45090000.0,45090000.0,10090000,3071000.0,11037000.0,0.17308597057993289,7966000.0,0.12492550889188596,0.0,7966000.0,0.12492550889188596,-142492000.0,150458000.0,2.359533293604742,6.885312174529562,6.881439715481662,21852023.0,21864320.0,https://www.sec.gov/Archives/edgar/data/764811/000076481115000011/0000764811-15-000011-index.htm,https://www.sec.gov/Archives/edgar/data/764811/000076481115000011/cob-20141231x10k.htm,1620590517,16:01:57,20210509
2,2013-12-31,COB,USD,2014-03-07,2014-03-07 16:57:34,FY,64433000.0,0.0,64433000.0,1.0,0.0,39526000.0,1135000.0,4138000.0,42068000.0,42068000.0,10559000,5609000.0,4126000.0,0.06403550975431845,-1483000.0,-0.02301615631741499,665000.0,-157000.0,-0.002436639610137662,1326000.0,-1483000.0,-0.02301615631741499,-0.06767955069905719,-0.06824342886646423,21912084.0,21731030.0,https://www.sec.gov/Archives/edgar/data/764811/000076481114000012/0000764811-14-000012-index.htm,https://www.sec.gov/Archives/edgar/data/764811/000076481114000012/cob-20131231x10k.htm,1620590517,16:01:57,20210509
3,2012-12-31,COB,USD,2013-03-08 00:00:00,2013-03-08 16:15:24,FY,61280000.0,0.0,61280000.0,1.0,0.0,39094000.0,957000.0,27883000.0,41458000.0,41458000.0,16708000,7939000.0,-32066000.0,-0.5232702349869451,-40005000.0,-0.6528231070496083,1223000.0,-41044000.0,-0.6697780678851175,-1039000.0,-40005000.0,-0.6528231070496083,-1.825704939794864,-1.8721517601174815,21912084.0,21368460.0,https://www.sec.gov/Archives/edgar/data/764811/000076481113000006/0000764811-13-000006-index.html,https://www.sec.gov/Archives/edgar/data/764811/000076481113000006/fnbn20121231-10k.htm,1620590517,16:01:57,20210509
4,2011-12-31,COB,USD,2012-03-30,2012-03-30 08:02:06,FY,39555000.0,0.0,39555000.0,1.0,0.0,27725000.0,0.0,0.0,27725000.0,27725000.0,23576000,1225000.0,-129652000.0,-3.2777651371508028,-130877000.0,-3.3087346732397926,0.0,-130877000.0,-3.3087346732397926,641000.0,-137314000.0,-3.471470104917204,-6.266587879089912,-32.7177558050821,21912084.0,4196926.0,https://www.sec.gov/Archives/edgar/data/764811/000119312512141568/0001193125-12-141568-index.htm,https://www.sec.gov/Archives/edgar/data/764811/000119312512141568/d318694d10k.htm,1620590517,16:01:57,20210509
5,2010-12-31,COB,USD,2011-03-14,2011-03-14 17:18:39,FY,0.0,0.0,0.0,0.0,0.0,0.0,0.0,0.0,0.0,0.0,-79601000,0.0,0.0,0.0,0.0,0.0,0.0,0.0,0.0,0.0,0.0,0.0,-0.01017,-0.01017,11098268.0,11098268.0,https://www.sec.gov/Archives/edgar/data/764811/000119312511065982/0001193125-11-065982-index.htm,https://www.sec.gov/Archives/edgar/data/764811/000119312511065982/d10k.htm,1620590517,16:01:57,20210509
6,2009-12-31,COB,USD,2010-04-15,2010-04-15 17:06:31,FY,0.0,0.0,0.0,0.0,0.0,0.0,2056000.0,3472000.0,2056000.0,2056000.0,-40975000,0.0,-97704000.0,0.0,-97704000.0,0.0,398000.0,-97704000.0,0.0,3992000.0,-101696000.0,0.0,-8.90744,-8.90744,11416977.0,11416977.0,https://www.sec.gov/Archives/edgar/data/764811/000119312510084429/0001193125-10-084429-index.htm,https://www.sec.gov/Archives/edgar/data/764811/000119312510084429/d10k.htm,1620590517,16:01:57,20210509
7,2008-12-31,COB,USD,2009-03-16 00:00:00,2009-03-16 17:26:48,FY,646000.0,0.0,646000.0,1.0,0.0,0.0,1371000.0,10077000.0,1371000.0,1371000.0,-54018000,0.0,-62927000.0,-97.41021671826626,-62927000.0,-97.41021671826626,810000.0,-62927000.0,-97.41021671826626,0.0,-62927000.0,-97.41021671826626,-5.51623,-5.51623,11407616.0,11407616.0,https://www.sec.gov/Archives/edgar/data/764811/000091431709000664/0000914317-09-000664-index.html,https://www.sec.gov/Archives/edgar/data/764811/000091431709000664/form10k-98983_fnbu.htm,1620590517,16:01:57,20210509
8,2006-12-31,COB,USD,2007-03-27,2007-03-27 12:07:31,FY,0.0,0.0,0.0,0.0,0.0,0.0,0.0,13700000.0,0.0,0.0,-47155000,0.0,19462000.0,0.0,19462000.0,0.0,1932000.0,19462000.0,0.0,0.0,12187000.0,0.0,1.2668570365295997,1.2543763448109404,9619870.0,9715585.0,https://www.sec.gov/Archives/edgar/data/764811/000119312507065153/0001193125-07-065153-index.htm,https://www.sec.gov/Archives/edgar/data/764811/000119312507065153/d10k.htm,1620590517,16:01:57,20210509
9,2005-12-31,COB,USD,2006-03-16,2006-03-16 14:41:34,FY,0.0,0.0,0.0,0.0,0.0,0.0,0.0,7142000.0,0.0,0.0,-31678000,1755000.0,16526000.0,0.0,14771000.0,0.0,445000.0,14771000.0,0.0,0.0,9937000.0,0.0,1.7336111205125782,1.6931267776595866,5731966.0,5869023.0,https://www.sec.gov/Archives/edgar/data/764811/000119312506056492/0001193125-06-056492-index.htm,https://www.sec.gov/Archives/edgar/data/764811/000119312506056492/d10k.htm,1620590517,16:01:57,20210509
10,2004-12-31,COB,USD,2005-03-16,2005-03-16 13:07:10,FY,0.0,0.0,0.0,0.0,0.0,0.0,0.0,7160000.0,0.0,0.0,-12402000,1619000.0,10541000.0,0.0,8922000.0,0.0,156000.0,8922000.0,0.0,0.0,6598000.0,0.0,1.165071241863881,1.1332783812978493,5663173.0,5822047.0,https://www.sec.gov/Archives/edgar/data/764811/000119312505052359/0001193125-05-052359-index.htm,https://www.sec.gov/Archives/edgar/data/764811/000119312505052359/d10k.htm,1620590517,16:01:57,20210509
11,2003-12-31,COB,USD,2004-03-15,2004-03-15 12:44:56,FY,0.0,0.0,0.0,0.0,0.0,0.0,0.0,6551000.0,0.0,0.0,-13144000,1793000.0,13388000.0,0.0,11595000.0,0.0,274000.0,11595000.0,0.0,0.0,8400000.0,0.0,1.4979454073796281,1.4285651117869207,5607681.0,5880026.0,https://www.sec.gov/Archives/edgar/data/764811/000119312504041859/0001193125-04-041859-index.htm,https://www.sec.gov/Archives/edgar/data/764811/000119312504041859/d10k.htm,1620590517,16:01:57,20210509
12,2002-12-31,COB,USD,2003-03-28,2003-03-28 12:43:41,FY,1631000.0,0.0,1631000.0,1.0,0.0,0.0,0.0,4939000.0,0.0,0.0,-14114000,1382000.0,13068000.0,8.012262415695892,11686000.0,7.164929491109748,237000.0,11686000.0,7.164929491109748,0.0,8200000.0,5.027590435315757,1.6326865438952756,1.5781759057959857,5022397.0,5195872.0,https://www.sec.gov/Archives/edgar/data/764811/000095016803001006/0000950168-03-001006-index.htm,https://www.sec.gov/Archives/edgar/data/764811/000095016803001006/d10k.htm,1620590517,16:01:57,20210509
