,date,symbol,reportedCurrency,fillingDate,acceptedDate,period,revenue,costOfRevenue,grossProfit,grossProfitRatio,researchAndDevelopmentExpenses,generalAndAdministrativeExpenses,sellingAndMarketingExpenses,otherExpenses,operatingExpenses,costAndExpenses,interestExpense,depreciationAndAmortization,ebitda,ebitdaratio,operatingIncome,operatingIncomeRatio,totalOtherIncomeExpensesNet,incomeBeforeTax,incomeBeforeTaxRatio,incomeTaxExpense,netIncome,netIncomeRatio,eps,epsdiluted,weightedAverageShsOut,weightedAverageShsOutDil,link,finalLink,timestamp,est_time,est_date
0,2020-12-31,1086.HK,HKD,2020-12-31,2020-12-31,FY,8304967000,4636930000,3668037000,0.44166785972779904,0.0,1145615000,2131438000,5380000.0,0.0,7902642000,114068000.0,465510000,867835000,0.10449589986329867,402325000,0.03861544543163146,0.0,320700000,0.03861544543163146,62780000,256574000,0.03089404208349052,0.15,0.15,1668023166,1668023166,https://www1.hkexnews.hk/search/titlesearch.xhtml,https://www1.hkexnews.hk/search/titlesearch.xhtml,1620585066,14:31:06,20210509
1,2019-12-31,1086.HK,HKD,2019-12-31,2019-12-31,FY,8777142000,4996484000,3780658000,0.4307390720122792,0.0,1170329000,2274966000,5718000.0,3402730000.0,8399214000,141856000.0,411724000,789652000,0.08996687076499389,377928000,0.04305820732990306,0.0,252830000,0.028805504115120846,50262000,202194000,0.023036428030901175,0.12,0.12,1668023166,1668023166,https://www1.hkexnews.hk/search/titlesearch.xhtml,https://www1.hkexnews.hk/search/titlesearch.xhtml,1620585066,14:31:06,20210509
2,2018-12-31,1086.HK,HKD,2018-12-31,2018-12-31,FY,8629115000,4967782000,3661333000,0.42429994269400745,0.0,1207135000,2208873000,7137000.0,3345620000.0,8313402000,123576000.0,290553000,606266000,0.07025818986072152,315713000,0.03658695011017932,0.0,207523000,0.024049163790261226,40692000,163764000,0.018978075967234182,0.09820851280569136,0.09807481775010614,1667513287,1669786432,https://www1.hkexnews.hk/search/titlesearch.xhtml,https://www1.hkexnews.hk/search/titlesearch.xhtml,1620585066,14:31:06,20210509
3,2017-12-31,1086.HK,HKD,2017-12-31,2017-12-31,FY,7142566000,4395786000,2746780000,0.38456487486429947,0.0,1103495000,1332515000,3747000.0,2443204000.0,6838990000,65506000.0,228971000,532547000,0.07455961905007248,303576000,0.04250237239669889,0.0,251538000,0.03521675543495153,67132000,179350000,0.02511002348455723,0.14671548729829176,0.1467001264557544,1222434000,1222562000,https://www1.hkexnews.hk/search/titlesearch.xhtml,https://www1.hkexnews.hk/search/titlesearch.xhtml,1620585066,14:31:06,20210509
4,2016-12-31,1086.HK,HKD,2016-12-31,2016-12-31,FY,6238179000,4126715000,2111464000,0.3384744169732866,0.0,924260000,982468000,4177000.0,1936632000.0,6063347000,55166000.0,198740000,373572000,0.05988478368446946,174832000,0.028026127496501782,0.0,161845000,0.025944269954420993,-50395000,207390000,0.03324527879049319,0.18637626275107863,0.1855186498171113,1112749000,1117893000,https://www1.hkexnews.hk/search/titlesearch.xhtml,https://www1.hkexnews.hk/search/titlesearch.xhtml,1620585066,14:31:06,20210509
5,2015-12-31,1086.HK,HKD,2015-12-31,2015-12-31,FY,6951131000,4900919000,2050212000,0.294946534599909,0.0,794064000,1030382000,2430000.0,1785482000.0,6686401000,60466000.0,195440000,460170000,0.06620073769290206,264730000,0.03808444985427551,0.0,264327000,0.03802647367744904,61655000,197434000,0.02840314763165879,0.1788223487630867,0.17802644689206187,1104079000,1109015000,https://www1.hkexnews.hk/search/titlesearch.xhtml,https://www1.hkexnews.hk/search/titlesearch.xhtml,1620585066,14:31:06,20210509
6,2014-12-31,1086.HK,HKD,2014-12-31,2014-12-31,FY,6115592000,4588057000,1527535000,0.24977712705491145,0.0,699180000,777464000,5683000.0,1423727000.0,6011784000,48110000.0,156878000,260686000,0.0426264538249118,103808000,0.01697431744956171,0.0,105269000,0.017213215008457072,47545000,57475000,0.009398108964757623,0.05254698601093635,0.0521988925388506,1093783000,1101077000,https://www1.hkexnews.hk/search/titlesearch.xhtml,https://www1.hkexnews.hk/search/titlesearch.xhtml,1620585066,14:31:06,20210509
7,2013-12-31,1086.HK,HKD,2013-12-31,2013-12-31,FY,4188794000,3228205000,960589000,0.22932352366814887,0.0,359971000,446969000,3916000.0,777398000.0,4005603000,6826000.0,110912000,294103000,0.07021185572744805,183191000,0.043733590145516824,0.0,194928000,0.04653558995739585,23799000,171213000,0.040874055873838626,0.17059000530064206,0.1695314178661853,1003652000,1009919000,https://www1.hkexnews.hk/search/titlesearch.xhtml,https://www1.hkexnews.hk/search/titlesearch.xhtml,1620585066,14:31:06,20210509
8,2012-12-31,1086.HK,HKD,2012-12-31,2012-12-31,FY,4554462000,3682571000,871891000,0.1914366614541959,0.0,343301000,359350000,2101000.0,657179000.0,4339750000,11897000.0,99946000,314658000,0.06908785274748148,214712000,0.047143219111280325,0.0,215903000,0.047404720908858174,32780000,181207000,0.03978669708957941,0.18,0.18,1000000000,1000000000,https://www1.hkexnews.hk/search/titlesearch.xhtml,https://www1.hkexnews.hk/search/titlesearch.xhtml,1620585066,14:31:06,20210509
9,2011-12-31,1086.HK,HKD,2011-12-31,2011-12-31,FY,3941672000,3267990000,673682000,0.17091274971636403,0.0,301080000,271309000,0.0,472009000.0,3739999000,11617000.0,79479000,281152000,0.07132810644822807,201673000,0.05116432823431275,0.0,193805000,0.04916822099860161,16117000,176915000,0.04488323736728982,0.176,0.176,1000000000,1000000000,https://www1.hkexnews.hk/search/titlesearch.xhtml,https://www1.hkexnews.hk/search/titlesearch.xhtml,1620585066,14:31:06,20210509
10,2010-12-31,1086.HK,HKD,2010-12-31,2010-12-31,FY,3721908000,2979349000,742559000,0.19951030492962213,0.0,245505000,246002000,0.0,479249000.0,3458598000,18341000.0,93429000,356739000,0.0958484196815182,263310000,0.07074597222714801,0.0,246132000,0.06613059753223346,42942000,150925000,0.040550438108626005,0.18,0.18,819926027,819926027,https://www1.hkexnews.hk/search/titlesearch.xhtml,https://www1.hkexnews.hk/search/titlesearch.xhtml,1620585066,14:31:06,20210509
11,2009-12-31,1086.HK,HKD,2009-12-31,2009-12-31,FY,3032235000,2463360000,568875000,0.187609139792925,0.0,175994000,180115000,0.0,351050000.0,2814410000,14415000.0,108335000,326160000,0.10756422242998975,217825000,0.07183645067087478,0.0,204783000,0.0675353328485424,40421000,62745000,0.020692657396277004,0.08,0.08,799000000,799000000,https://www1.hkexnews.hk/search/titlesearch.xhtml,https://www1.hkexnews.hk/search/titlesearch.xhtml,1620585066,14:31:06,20210509
