,date,symbol,reportedCurrency,fillingDate,acceptedDate,period,revenue,costOfRevenue,grossProfit,grossProfitRatio,researchAndDevelopmentExpenses,generalAndAdministrativeExpenses,sellingAndMarketingExpenses,otherExpenses,operatingExpenses,costAndExpenses,interestExpense,depreciationAndAmortization,ebitda,ebitdaratio,operatingIncome,operatingIncomeRatio,totalOtherIncomeExpensesNet,incomeBeforeTax,incomeBeforeTaxRatio,incomeTaxExpense,netIncome,netIncomeRatio,eps,epsdiluted,weightedAverageShsOut,weightedAverageShsOutDil,link,finalLink,timestamp,est_time,est_date
0,2020-12-31,IRTC,USD,2021-02-26,2021-02-26 17:06:46,FY,265166000,70277000,194889000,0.7349697925073351,41329000.0,197233000.0,0.0,1591000.0,238562000.0,308839000,1519000.0,6900000.0,-36773000,-0.13867916701236208,-43673000,-0.16470060264136427,1591000.0,-43601000,-0.16442907461740947,229000.0,-43830000,-0.16529268458248794,-1.58,-1.58,27754404.0,27754404.0,https://www.sec.gov/Archives/edgar/data/1388658/000138865821000039/0001388658-21-000039-index.htm,https://www.sec.gov/Archives/edgar/data/1388658/000138865821000039/irtc-20201231.htm,1620593762,16:56:02,20210509
1,2019-12-31,IRTC,USD,2020-03-02,2020-03-02 16:32:43,FY,214552000,52485000,162067000,0.7553739885901786,37299000.0,179523000.0,0.0,1895000.0,216822000.0,269307000,1643000.0,3445000.0,-51310000,-0.23914948357507737,-54755000,-0.25520619709907155,1895000.0,-54503000,-0.2540316566613222,65000.0,-54568000,-0.2543346135202655,-2.16,-2.16,25265918.0,25265918.0,https://www.sec.gov/Archives/edgar/data/1388658/000138865820000034/0001388658-20-000034-index.htm,https://www.sec.gov/Archives/edgar/data/1388658/000138865820000034/irtc-20191231.htm,1620593762,16:56:02,20210509
2,2018-12-31,IRTC,USD,2019-03-04,2019-03-04 06:08:29,FY,147293000,38579000,108714000,0.7380798815965457,20750000.0,131582000.0,0.0,1526000.0,152332000.0,190911000,3115000.0,2269000.0,-41349000,-0.28072617164427366,-43618000,-0.29613084124839606,-1503000.0,-48236000,-0.3274833155682891,44000.0,-48280000,-0.32778203987969556,-2.02,-2.02,23885858.0,23885858.0,https://www.sec.gov/Archives/edgar/data/1388658/000156459019005924/0001564590-19-005924-index.htm,https://www.sec.gov/Archives/edgar/data/1388658/000156459019005924/irtc-10k_20181231.htm,1620593762,16:56:02,20210509
3,2017-12-31,IRTC,USD,2018-03-01,2018-03-01 15:23:53,FY,98509000,27708000,70801000,0.7187262077576668,13335000.0,84737000.0,0.0,1237000.0,98072000.0,125780000,3386000.0,1597000.0,-25674000,-0.26062593265589945,-27271000,-0.27683764935183586,1237000.0,-29420000,-0.2986529149620847,0.0,-29420000,-0.2986529149620847,-1.3,-1.3,22627327.0,22627327.0,https://www.sec.gov/Archives/edgar/data/1388658/000156459018004080/0001564590-18-004080-index.htm,https://www.sec.gov/Archives/edgar/data/1388658/000156459018004080/irtc-10k_20171231.htm,1620593762,16:56:02,20210509
4,2016-12-31,IRTC,USD,2017-03-31,2017-03-31 14:31:31,FY,64072000,20883000,43189000,0.6740697964789611,7150000.0,51621000.0,0.0,-2073000.0,58771000.0,79654000,3248000.0,568000.0,-15014000,-0.23433012860531902,-15582000,-0.2431951554501186,-2073000.0,-20903000,-0.3262423523536022,0.0,-20903000,-0.3262423523536022,-3.95,-3.95,5285847.0,5285847.0,https://www.sec.gov/Archives/edgar/data/1388658/000156459017005767/0001564590-17-005767-index.htm,https://www.sec.gov/Archives/edgar/data/1388658/000156459017005767/irtc-10k_20161231.htm,1620593762,16:56:02,20210509
5,2015-12-31,IRTC,USD,2015-12-31,2015-12-31,FY,36140000,14700000,21440000,0.5932484781405645,6349000.0,0.0,0.0,-109000.0,0.0,57771000,1059000.0,492000.0,-21139000,-0.5849197565024903,-21631000,-0.5985334809075816,-109000.0,-22799000,-0.6308522412838959,0.0,-22799000,-0.6308522412838959,-1.57,-1.57,14427447.0,14427447.0,,,1620593762,16:56:02,20210509
6,2014-12-31,IRTC,USD,2014-12-31,2014-12-31,FY,21749000,10591000,11158000,0.513035082072739,5698000.0,0.0,0.0,-293000.0,0.0,36514000,774000.0,242000.0,-14523000,-0.6677548393029564,-14765000,-0.6788817876683986,-293000.0,-15832000,-0.7279415145523932,0.0,-15832000,-0.7279415145523932,-1.072029,-1.072029,14768259.0,14768259.0,,,1620593762,16:56:02,20210509
