,date,symbol,reportedCurrency,fillingDate,acceptedDate,period,revenue,costOfRevenue,grossProfit,grossProfitRatio,researchAndDevelopmentExpenses,generalAndAdministrativeExpenses,sellingAndMarketingExpenses,otherExpenses,operatingExpenses,costAndExpenses,interestExpense,depreciationAndAmortization,ebitda,ebitdaratio,operatingIncome,operatingIncomeRatio,totalOtherIncomeExpensesNet,incomeBeforeTax,incomeBeforeTaxRatio,incomeTaxExpense,netIncome,netIncomeRatio,eps,epsdiluted,weightedAverageShsOut,weightedAverageShsOutDil,link,finalLink,timestamp,est_time,est_date
0,2020-06-30,LU2.DE,USD,2020-06-30,2020-06-30,FY,1678600000,1028400000,650200000,0.3873465983557727,198600000,235200000,0.0,17000000.0,433800000,1462200000,61200000.0,191900000,408300000,0.2432384129631836,216400000.0,0.128916954605028,3300000.0,174300000.0,0.10383653044203503,38800000.0,135500000.0,0.08072203026331466,1.79,1.75,75900000,77600000,https://www.bundesanzeiger.de/pub/de/suche;wwwsid=627BFD7A56A5CB624C47FDDEAB2FC509.web07-pub?0,https://www.bundesanzeiger.de/pub/de/suche;wwwsid=627BFD7A56A5CB624C47FDDEAB2FC509.web07-pub?0,1620594645,17:10:45,20210509
1,2019-06-30,LU2.DE,USD,2019-06-30,2019-06-30,FY,1565300000,1139400000,425900000,0.2720884175557401,184600000,200300000,0.0,2500000.0,384900000,1524300000,36300000.0,157500000,198500000,0.12681275154922378,41000000.0,0.026193062032837156,-51900000.0,-33300000.0,-0.02127387721203603,3100000.0,-36400000.0,-0.023254328243787134,-0.54,-0.54,70700000,70700000,https://www.bundesanzeiger.de/pub/de/suche;wwwsid=627BFD7A56A5CB624C47FDDEAB2FC509.web07-pub?0,https://www.bundesanzeiger.de/pub/de/suche;wwwsid=627BFD7A56A5CB624C47FDDEAB2FC509.web07-pub?0,1620594645,17:10:45,20210509
2,2018-06-30,LU2.DE,USD,2018-06-30,2018-06-30,FY,1247700000,815600000,432100000,0.3463172236915925,156800000,128200000,0.0,300000.0,285000000,1100600000,18200000.0,77200000,224300000,0.1797707782319468,147100000.0,0.1178969303518474,-8000000.0,129400000.0,0.10371082792337902,-118700000.0,248100000.0,0.19884587641259918,3.88,3.82,62300000,63300000,https://www.bundesanzeiger.de/pub/de/suche;wwwsid=627BFD7A56A5CB624C47FDDEAB2FC509.web07-pub?0,https://www.bundesanzeiger.de/pub/de/suche;wwwsid=627BFD7A56A5CB624C47FDDEAB2FC509.web07-pub?0,1620594645,17:10:45,20210509
3,2017-06-30,LU2.DE,USD,2017-06-30,2017-06-30,FY,1001600000,683500000,318100000,0.31759185303514376,148300000,110200000,0.0,1700000.0,258500000,942000000,5500000.0,61000000,120600000,0.1204073482428115,59600000.0,0.05950479233226837,-113900000.0,-59800000.0,-0.05970447284345048,42700000.0,-102500000.0,-0.10233626198083066,-1.71,-1.71,60600000,60600000,https://www.bundesanzeiger.de/pub/de/suche;wwwsid=627BFD7A56A5CB624C47FDDEAB2FC509.web07-pub?0,https://www.bundesanzeiger.de/pub/de/suche;wwwsid=627BFD7A56A5CB624C47FDDEAB2FC509.web07-pub?0,1620594645,17:10:45,20210509
4,2016-06-30,LU2.DE,USD,2016-06-30,2016-06-30,FY,903000000,625700000,277300000,0.3070874861572536,141100000,117300000,0.0,-200000.0,258400000,884100000,100000.0,54600000,73500000,0.08139534883720931,18900000.0,0.020930232558139535,-9100000.0,9700000.0,0.010741971207087486,400000.0,9300000.0,0.010299003322259137,0.15736040609137056,0.15196078431372548,59100000,61200000,https://www.bundesanzeiger.de/pub/de/suche;wwwsid=627BFD7A56A5CB624C47FDDEAB2FC509.web07-pub?0,https://www.bundesanzeiger.de/pub/de/suche;wwwsid=627BFD7A56A5CB624C47FDDEAB2FC509.web07-pub?0,1620594645,17:10:45,20210509
5,2015-06-30,LU2.DE,USD,2015-06-30,2015-06-30,FY,837100000,579200000,257900000,0.3080874447497312,140800000,128900000,0.0,-100000.0,269700000,848900000,700000.0,51000000,39200000,0.04682833592163421,-11800000.0,-0.01409628479273683,-12000000.0,-24500000.0,-0.029267709951021383,-21100000.0,-3400000.0,-0.004061641380958069,-0.05821,-0.05821,58409685,58409685,https://www.bundesanzeiger.de/pub/de/suche;wwwsid=627BFD7A56A5CB624C47FDDEAB2FC509.web07-pub?0,https://www.bundesanzeiger.de/pub/de/suche;wwwsid=627BFD7A56A5CB624C47FDDEAB2FC509.web07-pub?0,1620594645,17:10:45,20210509
6,2014-06-30,LU2.DE,USD,2014-06-30,2014-06-30,FY,817900000,561300000,256600000,0.3137302848759017,134900000,108200000,0.0,-300000.0,243100000,804400000,200000.0,44800000,58300000,0.07128010759261523,13500000.0,0.01650568529160044,-3500000.0,9800000.0,0.011981904878346987,-900000.0,10700000.0,0.013082283897787015,0.184483,0.184483,58000000,58000000,https://www.bundesanzeiger.de/pub/de/suche;wwwsid=627BFD7A56A5CB624C47FDDEAB2FC509.web07-pub?0,https://www.bundesanzeiger.de/pub/de/suche;wwwsid=627BFD7A56A5CB624C47FDDEAB2FC509.web07-pub?0,1620594645,17:10:45,20210509
7,2013-06-30,LU2.DE,USD,2013-06-30,2013-06-30,FY,769900000,547100000,222800000,0.28938823223795296,113700000,102600000,0.0,-300000.0,216300000,763400000,1000000.0,46000000,52500000,0.06819067411352124,6500000.0,0.008442654890245486,-1800000.0,3700000.0,0.004805818937524354,-2800000.0,6500000.0,0.008442654890245486,0.112069,0.112069,58000000,58000000,https://www.bundesanzeiger.de/pub/de/suche;wwwsid=627BFD7A56A5CB624C47FDDEAB2FC509.web07-pub?0,https://www.bundesanzeiger.de/pub/de/suche;wwwsid=627BFD7A56A5CB624C47FDDEAB2FC509.web07-pub?0,1620594645,17:10:45,20210509
8,2012-06-30,LU2.DE,USD,2012-06-30,2012-06-30,FY,727900000,523000000,204900000,0.28149471081192473,107000000,101600000,0.0,400000.0,208600000,731600000,900000.0,42000000,38300000,0.05261711773595274,-3700000.0,-0.005083115812611622,8600000.0,4000000.0,0.005495260337958511,1400000.0,2600000.0,0.003571919219673032,0.044828,0.044828,58000000,58000000,https://www.bundesanzeiger.de/pub/de/suche;wwwsid=627BFD7A56A5CB624C47FDDEAB2FC509.web07-pub?0,https://www.bundesanzeiger.de/pub/de/suche;wwwsid=627BFD7A56A5CB624C47FDDEAB2FC509.web07-pub?0,1620594645,17:10:45,20210509
