,date,symbol,reportedCurrency,fillingDate,acceptedDate,period,revenue,costOfRevenue,grossProfit,grossProfitRatio,researchAndDevelopmentExpenses,generalAndAdministrativeExpenses,sellingAndMarketingExpenses,otherExpenses,operatingExpenses,costAndExpenses,interestExpense,depreciationAndAmortization,ebitda,ebitdaratio,operatingIncome,operatingIncomeRatio,totalOtherIncomeExpensesNet,incomeBeforeTax,incomeBeforeTaxRatio,incomeTaxExpense,netIncome,netIncomeRatio,eps,epsdiluted,weightedAverageShsOut,weightedAverageShsOutDil,link,finalLink,timestamp,est_time,est_date
0,2019-12-31,ARA,USD,2020-03-16,2020-03-16 16:07:04,FY,822522000,610179000,212343000,0.25816087594009646,0.0,116905000,0.0,221000.0,160670000,770849000,43587000,43765000,95438000,0.11603093899008173,51673000,0.06282263574712896,221000.0,8307000.0,0.010099425912012079,-17838000.0,-13790000.0,-0.0167655090076618,-0.68,-0.68,32274570,32274570,https://www.sec.gov/Archives/edgar/data/1498068/000149806820000037/0001498068-20-000037-index.htm,https://www.sec.gov/Archives/edgar/data/1498068/000149806820000037/ara1231201910-kxdocume.htm,1620588674,15:31:14,20210509
1,2018-12-31,ARA,USD,2019-09-05,2019-09-04 18:51:57,FY,805776000,570009000,235767000,0.2925962053970334,0.0,140162000,0.0,2673000.0,179964000,749973000,32632000,39802000,95605000,0.11864959988880285,55803000,0.06925373801155656,2192000.0,25363000.0,0.03147648974404797,2896000.0,-28767000.0,-0.03570098886042771,-0.98,-0.98,31965844,31965844,https://www.sec.gov/Archives/edgar/data/1498068/000149806819000060/0001498068-19-000060-index.htm,https://www.sec.gov/Archives/edgar/data/1498068/000149806819000060/ara1231201810-kxdocument.htm,1620588674,15:31:14,20210509
2,2017-12-31,ARA,USD,2018-03-06,2018-03-06 16:29:35,FY,745106000,482450000,262656000,0.3525082337278186,0.0,117847000,0.0,7234000.0,155481000,637931000,29289000,37634000,144809000,0.19434684461002863,107175000,0.14383859477711897,5991000.0,83877000.0,0.11257056043032804,8194000.0,4857000.0,0.0065185356177510315,-0.24,-0.24,31081824,31081824,https://www.sec.gov/Archives/edgar/data/1498068/000149806818000012/0001498068-18-000012-index.htm,https://www.sec.gov/Archives/edgar/data/1498068/000149806818000012/ara1231201710-kxdocument.htm,1620588674,15:31:14,20210509
3,2016-12-31,ARA,USD,2017-03-08,2017-03-08 17:31:11,FY,749767000,452449000,297318000,0.39654719399493443,0.0,134410000,0.0,1286000.0,168272000,620721000,35933000,33862000,162908000,0.21727816775078124,129046000,0.17211480366567214,-5661000.0,87452000.0,0.11663890248570556,-753000.0,-385000.0,-0.0005134928584480245,-0.28,-0.28,28118673,28118673,https://www.sec.gov/Archives/edgar/data/1498068/000149806817000012/0001498068-17-000012-index.htm,https://www.sec.gov/Archives/edgar/data/1498068/000149806817000012/ara-20161231x10k.htm,1620588674,15:31:14,20210509
4,2015-12-31,ARA,USD,2015-12-31,2015-12-31,FY,652981000,390949000,262032000,0.40128579545193505,0.0,77250000,0.0,0.0,109096000,500045000,45400000,31846000,184782000,0.28298220009464287,152936000,0.23421202148301407,-2086000.0,105450000.0,0.16149015055568233,12373000.0,18845000.0,0.02885995151466888,0.79,0.77,23836786,24391209,,,1620588674,15:31:14,20210509
5,2014-12-31,ARA,USD,2014-12-31,2014-12-31,FY,560734000,329847000,230887000,0.41175851651585244,0.0,63026000,0.0,0.0,91553000,421400000,44070000,28527000,167861000,0.29935941105764946,139334000,0.24848502141835524,0.0,95264000.0,0.1698916063588083,12858000.0,16197000.0,0.028885353839788564,0.680021,0.664082,23818366,24390069,,,1620588674,15:31:14,20210509
6,2013-12-31,ARA,USD,2013-12-31,2013-12-31,FY,495926000,288384000,207542000,0.41849388820106226,0.0,72640000,0.0,0.0,96347000,384731000,43314000,23707000,134902000,0.2720204224017293,111195000,0.2242169194597581,-34454000.0,33427000.0,0.06740320128406255,-8200000.0,-20447000.0,-0.04122994156386235,-0.8577918180748025,-0.8382938295514585,23836786,24391209,,,1620588674,15:31:14,20210509
7,2012-12-31,ARA,USD,2012-12-31,2012-12-31,FY,421467000,244973000,176494000,0.4187611366963487,0.0,45904000,0.0,0.0,66895000,311868000,40884000,20991000,130590000,0.30984632248788163,109599000,0.2600417114507186,0.0,68715000.0,0.16303767554755177,8953000.0,8954000.0,0.021244842419453954,0.375928,0.367117,23818366,24390069,,,1620588674,15:31:14,20210509
