,date,symbol,reportedCurrency,fillingDate,acceptedDate,period,revenue,costOfRevenue,grossProfit,grossProfitRatio,researchAndDevelopmentExpenses,generalAndAdministrativeExpenses,sellingAndMarketingExpenses,otherExpenses,operatingExpenses,costAndExpenses,interestExpense,depreciationAndAmortization,ebitda,ebitdaratio,operatingIncome,operatingIncomeRatio,totalOtherIncomeExpensesNet,incomeBeforeTax,incomeBeforeTaxRatio,incomeTaxExpense,netIncome,netIncomeRatio,eps,epsdiluted,weightedAverageShsOut,weightedAverageShsOutDil,link,finalLink,timestamp,est_time,est_date
0,2020-12-31,SBVG.OL,NOK,2020-12-31,2020-12-31,FY,1150241000,0.0,0.0,0.0,0.0,20485000.0,20485000.0,0.0,0.0,0.0,334416000,28481000.0,0.0,0.0,0.0,0.5477252158460705,0.0,630016000,0.5477252158460705,125296000,503360000,0.4376126394381699,7.977008036578867,7.977008036578867,63101353,63101353,https://www.oslobors.no/ob_eng/,https://www.oslobors.no/ob_eng/,1620597636,18:00:36,20210509
1,2019-12-31,SBVG.OL,NOK,2019-12-31,2019-12-31,FY,1130024000,0.0,0.0,0.0,0.0,100997000.0,23334000.0,0.0,588335000.0,0.0,473121000,28370000.0,0.0,0.0,0.0,0.5883167083176994,0.0,664812000,0.5883167083176994,126247000,537930000,0.4760341373280568,4.63,4.63,63101353,63101353,https://www.oslobors.no/ob_eng/,https://www.oslobors.no/ob_eng/,1620597636,18:00:36,20210509
2,2018-12-31,SBVG.OL,NOK,2018-12-31,2018-12-31,FY,1060288000,0.0,0.0,0.0,0.0,95072000.0,19508000.0,0.0,466183000.0,0.0,356464000,8192000.0,0.0,0.0,0.0,0.6903765769300416,0.0,731998000,0.6903765769300416,135912000,594891000,0.5610654840948874,5.4,5.4,63101048,63101048,https://www.oslobors.no/ob_eng/,https://www.oslobors.no/ob_eng/,1620597636,18:00:36,20210509
3,2017-12-31,SBVG.OL,NOK,2017-12-31,2017-12-31,FY,1056655000,0.0,0.0,0.0,0.0,89765000.0,19995000.0,0.0,595491000.0,0.0,312917000,18934000.0,0.0,0.0,0.0,0.5795931500820987,0.0,612430000,0.5795931500820987,103692000,507679000,0.4804586170509769,3.84,3.84,63101353,63101353,https://www.oslobors.no/ob_eng/,https://www.oslobors.no/ob_eng/,1620597636,18:00:36,20210509
4,2016-12-31,SBVG.OL,NOK,2016-12-31,2016-12-31,FY,749491000,0.0,0.0,0.0,0.0,66382000.0,16623000.0,1000.0,433491000.0,0.0,245275000,9815000.0,406786000.0,0.5427496794491194,396971000.0,0.5296541252663475,0.0,396972000,0.5296554595051842,89313000,307659000,0.41049058627788726,3.65,3.65,21425058,21425058,https://www.oslobors.no/ob_eng/,https://www.oslobors.no/ob_eng/,1620597636,18:00:36,20210509
5,2015-12-31,SBVG.OL,NOK,2015-12-31,2015-12-31,FY,624671000,0.0,0.0,0.0,0.0,66097000.0,16305000.0,0.0,398910000.0,0.0,363906000,9555000.0,0.0,0.0,0.0,0.3680145228448255,0.0,229888000,0.3680145228448255,53854000,176034000,0.28180274096284286,1.49,1.49,21425058,21425058,https://www.oslobors.no/ob_eng/,https://www.oslobors.no/ob_eng/,1620597636,18:00:36,20210509
6,2014-12-31,SBVG.OL,NOK,2014-12-31,2014-12-31,FY,731629000,0.0,0.0,0.0,0.0,57210000.0,20897000.0,0.0,386620000.0,0.0,502003000,11243000.0,0.0,0.0,0.0,0.4168943549257889,0.0,305012000,0.4168943549257889,54902000,250110000,0.3418535897292207,22.851904,22.851904,10944821,10944821,https://www.oslobors.no/ob_eng/,https://www.oslobors.no/ob_eng/,1620597636,18:00:36,20210509
7,2013-12-31,SBVG.OL,NOK,2013-12-31,2013-12-31,FY,657223000,0.0,0.0,0.0,0.0,52479000.0,21524000.0,0.0,394194000.0,0.0,530757000,11905000.0,0.0,0.0,0.0,0.4360270410499937,0.0,286567000,0.4360270410499937,70386000,216180000,0.3289294501257564,19.751808,19.751808,10944821,10944821,https://www.oslobors.no/ob_eng/,https://www.oslobors.no/ob_eng/,1620597636,18:00:36,20210509
8,2012-12-31,SBVG.OL,NOK,2012-12-31,2012-12-31,FY,588353000,0.0,0.0,0.0,0.0,75068000.0,18713000.0,0.0,358534000.0,0.0,580760000,10363000.0,0.0,0.0,0.0,0.42180969587985445,0.0,248173000,0.42180969587985445,64943000,183230000,0.3114286831205076,16.741251,16.741251,10944821,10944821,https://www.oslobors.no/ob_eng/,https://www.oslobors.no/ob_eng/,1620597636,18:00:36,20210509
9,2011-12-31,SBVG.OL,NOK,2011-12-31,2011-12-31,FY,522750000,0.0,0.0,0.0,0.0,0.0,0.0,0.0,361956000.0,0.0,581952000,11559000.0,0.0,0.0,0.0,0.24540602582496412,0.0,128286000,0.24540602582496412,29588000,98699000,0.18880726924916308,9.018291,9.018291,10944313,10944313,https://www.oslobors.no/ob_eng/,https://www.oslobors.no/ob_eng/,1620597636,18:00:36,20210509
10,2010-12-31,SBVG.OL,NOK,2010-12-31,2010-12-31,FY,600939000,0.0,0.0,0.0,0.0,0.0,0.0,-11013000.0,321829000.0,0.0,564555000,16395000.0,0.0,0.0,0.0,0.446130139664758,0.0,268097000,0.446130139664758,60979000,214353000,0.3566967695556454,19.584879,19.584879,10944821,10944821,https://www.oslobors.no/ob_eng/,https://www.oslobors.no/ob_eng/,1620597636,18:00:36,20210509
11,2009-12-31,SBVG.OL,NOK,2009-12-31,2009-12-31,FY,589142000,0.0,0.0,0.0,0.0,80769000.0,0.0,-69637000.0,308426000.0,0.0,663891000,15447000.0,0.0,0.0,0.0,0.332062558771909,0.0,195632000,0.332062558771909,52218000,143414000,0.24342857918803956,2.272756338520982,2.272756338520982,63101353,63101353,https://www.oslobors.no/ob_eng/,https://www.oslobors.no/ob_eng/,1620597636,18:00:36,20210509
12,2008-12-31,SBVG.OL,NOK,2008-12-31,2008-12-31,FY,339150000,0.0,0.0,0.0,0.0,50640000.0,0.0,-49551000.0,185703000.0,0.0,679173000,33949000.0,0.0,0.0,0.0,0.2068937048503612,0.0,70168000,0.2068937048503612,16277000,53891000,0.15890019165560962,0.8540387398666396,0.8540387398666396,63101353,63101353,https://www.oslobors.no/ob_eng/,https://www.oslobors.no/ob_eng/,1620597636,18:00:36,20210509
