,date,symbol,reportedCurrency,fillingDate,acceptedDate,period,revenue,costOfRevenue,grossProfit,grossProfitRatio,researchAndDevelopmentExpenses,generalAndAdministrativeExpenses,sellingAndMarketingExpenses,otherExpenses,operatingExpenses,costAndExpenses,interestExpense,depreciationAndAmortization,ebitda,ebitdaratio,operatingIncome,operatingIncomeRatio,totalOtherIncomeExpensesNet,incomeBeforeTax,incomeBeforeTaxRatio,incomeTaxExpense,netIncome,netIncomeRatio,eps,epsdiluted,weightedAverageShsOut,weightedAverageShsOutDil,link,finalLink,timestamp,est_time,est_date
0,2019-12-31,SSO.OL,NOK,2019-12-31,2019-12-31,FY,1810000000,0.0,0.0,0.0,0.0,96000000.0,0.0,0.0,909000000,909000000,704000000,512000000,1413000000,0.7806629834254144,901000000,0.4977900552486188,0.0,184000000,0.10165745856353592,29000000.0,-39000000.0,-0.02154696132596685,-0.3117505995203837,-0.3087885985748218,125100000.0,126300000.0,https://www.oslobors.no/ob_eng/,https://www.oslobors.no/ob_eng/,1620598315,18:11:55,20210509
1,2018-12-31,SSO.OL,NOK,2018-12-31,2018-12-31,FY,1151000000,0.0,0.0,0.0,0.0,72000000.0,0.0,0.0,583000000,583000000,500000000,273000000,841000000,0.7306689834926151,568000000,0.4934839270199826,0.0,323000000,0.28062554300608167,97000000.0,140000000.0,0.12163336229365769,1.29,1.28,108800000.0,109100000.0,https://www.oslobors.no/ob_eng/,https://www.oslobors.no/ob_eng/,1620598315,18:11:55,20210509
2,2017-12-31,SSO.OL,NOK,2017-12-31,2017-12-31,FY,1121052000,0.0,0.0,0.0,0.0,69731000.0,0.0,0.0,498270000,498270000,482095000,248058000,870840000,0.7768060714400402,622782000,0.555533552413269,0.0,460885000,0.41111830673331834,22975000.0,339096000.0,0.3024801704113636,3.36,3.35,101063000.0,101290000.0,https://www.oslobors.no/ob_eng/,https://www.oslobors.no/ob_eng/,1620598315,18:11:55,20210509
3,2016-12-31,SSO.OL,NOK,2016-12-31,2016-12-31,FY,1012938000,0.0,0.0,0.0,0.0,61173000.0,0.0,0.0,521995000,521995000,496317000,270083000,761026000,0.7513056080431378,490943000,0.48467230965764935,0.0,98897000,0.09763381371811503,28410000.0,3502000.0,0.0034572698427741875,0.03732838748187942,0.03726919597722556,93816000.0,93965000.0,https://www.oslobors.no/ob_eng/,https://www.oslobors.no/ob_eng/,1620598315,18:11:55,20210509
4,2015-12-31,SSO.OL,NOK,2015-12-31,2015-12-31,FY,867714000,0.0,0.0,0.0,0.0,45964000.0,0.0,0.0,353365000,353365000,395541000,170795000,685144000,0.7895965721424341,514349000,0.5927632837547856,0.0,219644000,0.2531294873656527,83970000.0,67651000.0,0.07796462889846194,0.72,0.72,93816000.0,93816000.0,https://www.oslobors.no/ob_eng/,https://www.oslobors.no/ob_eng/,1620598315,18:11:55,20210509
5,2014-12-31,SSO.OL,NOK,2014-12-31,2014-12-31,FY,477609000,5118000.0,472491000.0,0.9892841215303732,0.0,64916000.0,0.0,0.0,266563000,271681000,190802000,88141000,294069000,0.6157107592193615,205928000,0.43116440435586434,0.0,59579000,0.124744299207092,11062000.0,-17923000.0,-0.03752651227259118,-0.25,-0.25,72807000.0,72807000.0,https://www.oslobors.no/ob_eng/,https://www.oslobors.no/ob_eng/,1620598315,18:11:55,20210509
6,2013-12-31,SSO.OL,NOK,2013-12-31,2013-12-31,FY,1904687000,1445165000.0,459522000.0,0.24125853749198686,0.0,0.0,0.0,1000.0,174983000,1620148000,33716000,43788000,328327000,0.172378453782695,284539000,0.14938884971651512,0.0,336085000,0.17645156395775263,108060000.0,223676000.0,0.11743451811242477,137.731527,137.731527,1624000.0,1624000.0,https://www.oslobors.no/ob_eng/,https://www.oslobors.no/ob_eng/,1620598315,18:11:55,20210509
7,2012-12-31,SSO.OL,NOK,2012-12-31,2012-12-31,FY,664632000,460882000.0,203750000.0,0.3065606230214615,0.0,0.0,0.0,0.0,125332000,586214000,62734000,26714000,105132000,0.15818076770302963,78418000,0.11798709661888082,0.0,12396000,0.018650922615823493,4995000.0,-6334000.0,-0.009530085821928526,-3.900246,-3.900246,1624000.0,1624000.0,https://www.oslobors.no/ob_eng/,https://www.oslobors.no/ob_eng/,1620598315,18:11:55,20210509
