,date,symbol,fillingDate,acceptedDate,period,revenue,costOfRevenue,grossProfit,grossProfitRatio,researchAndDevelopmentExpenses,generalAndAdministrativeExpenses,sellingAndMarketingExpenses,otherExpenses,operatingExpenses,costAndExpenses,interestExpense,depreciationAndAmortization,ebitda,ebitdaratio,operatingIncome,operatingIncomeRatio,totalOtherIncomeExpensesNet,incomeBeforeTax,incomeBeforeTaxRatio,incomeTaxExpense,netIncome,netIncomeRatio,eps,epsdiluted,weightedAverageShsOut,weightedAverageShsOutDil,link,finalLink
0,2020-10-31,ADI,2020-11-24,2020-11-24 08:08:16,FY,1526295000,503211000,1023084000,0.6703055438168899,280239000,165115000,0.0,116058000,561412000,1064623000,-48593000,233775000,695447000,0.4556438958392709,461672000,0.3024788785916222,0.0,417310000,0.2734137240834832,30784000,386526000,0.2532446217801932,1.0466903521408997,1.0466903521408997,369284000,372003000,https://www.sec.gov/Archives/edgar/data/6281/000000628120000156/0000006281-20-000156-index.htm,https://www.sec.gov/Archives/edgar/data/6281/000000628120000156/adi-20201031.htm
0,2019-11-02,ADI,2019-11-26 00:00:00,2019-11-26 16:26:04,FY,5991065000,1977315000,4013750000,0.669956,1130348000,648094000,0.0,524700000,2303142000.0000005,4280457000.0000005,229075000,811251000,2526054000,0.421637,1710608000,0.285527,-6034000.0,1485728000,0.247991,122717000,1363011000,0.227507,3.65545,3.65545,372871000,372871000,https://www.sec.gov/Archives/edgar/data/6281/000000628119000144/0000006281-19-000144-index.html,https://www.sec.gov/Archives/edgar/data/6281/000000628119000144/adi-20191102.htm
0,2018-11-03,ADI,2018-11-27 00:00:00,2018-11-27 08:17:08,FY,6224689000,1974293000,4250396000,0.682829,1165047000,695540000,50988000,439232000,2350807000.0000005,4325100000.000001,253589000,799063000,2653966000,0.426361,1899589000,0.30517,-69000.0,1655314000,0.265927,94334000,1506980000,0.242097,4.01928,4.01928,374938000,374938000,https://www.sec.gov/Archives/edgar/data/6281/000000628118000126/0000006281-18-000126-index.html,https://www.sec.gov/Archives/edgar/data/6281/000000628118000126/adi-1132018x10k.htm
0,2017-10-28,ADI,2017-11-22 00:00:00,2017-11-22 16:09:02,FY,5246354000,2078113000,3168241000,0.603894,968133000,690533000,40361000,306453000,2005480000,4083593000,250840000,584059000,1769646000,0.33731,1162761000,0.221632,-7507000.0,934747000,0.178171,129368000,805379000,0.153512,2.29791,2.29791,350484000,350484000,https://www.sec.gov/Archives/edgar/data/6281/000000628117000144/0000006281-17-000144-index.html,https://www.sec.gov/Archives/edgar/data/6281/000000628117000144/adi-10282017x10k.htm
0,2016-10-29,ADI,2016-11-22 00:00:00,2016-11-22 08:18:52,FY,3421409000,1194236000,2227173000,0.650952,653816000,461438000,28574000,0.0,1205061000,2399297000,88757000,209790000,1255468000,0.366945,1022112000,0.29874,2345000.0,956921000,0.279686,95257000,861664000,0.251845,2.75902,2.75902,312308000,312308000,https://www.sec.gov/Archives/edgar/data/6281/000000628116000097/0000006281-16-000097-index.html,https://www.sec.gov/Archives/edgar/data/6281/000000628116000097/adi-10292016x10k.htm
0,2015-10-31,ADI,2015-11-24 00:00:00,2015-11-24 08:12:56,FY,3435092000,1175830000,2259262000,0.657701,637459000,478972000,9700000.0,223672000,1428421000.0000002,2604251000.0000005,27030000,222240000,1059384000,0.3084,830841000,0.241869,-2322000.0,810114000,0.235835,113236000,696878000,0.20287,2.19924,2.19924,316872000,316872000,https://www.sec.gov/Archives/edgar/data/6281/000000628115000044/0000006281-15-000044-index.html,https://www.sec.gov/Archives/edgar/data/6281/000000628115000044/adi-10312015x10k.htm
0,2014-11-01,ADI,2014-12-10 00:00:00,2014-12-10 16:45:07,FY,2864800000,1034600000,1830200000,0.638858,559700000,454700000,33300000,30042000,1077700000.0000002,2112300000.0000002,34784000,142000000,906084000,0.316282,752500000,0.262671,-500000.0,729300000,0.254573,100000000,629300000,0.219666,1.97893,1.97893,318000000,318000000,https://www.sec.gov/Archives/edgar/data/6281/000000628114000039/0000006281-14-000039-index.html,https://www.sec.gov/Archives/edgar/data/6281/000000628114000039/adi-1112014x10k.htm
0,2013-11-02,ADI,2013-11-26 00:00:00,2013-11-26 16:22:18,FY,2633700000,941300000,1692400000,0.642594,513300000,396200000,28392000,1456000.0,939300000,1880600000,27102000,110400000,952802000,0.361773,753100000,0.285948,76600000,815300000,0.309564,141800000,673500000,0.255724,2.1449,2.1449,314000000,314000000,https://www.sec.gov/Archives/edgar/data/6281/000000628113000040/0000006281-13-000040-index.html,https://www.sec.gov/Archives/edgar/data/6281/000000628113000040/adi-1122013x10k.htm
0,2012-11-03,ADI,2012-11-27 00:00:00,2012-11-27 16:14:09,FY,2701100000,960100000,1741000000,0.644552,512000000,396500000,23077000,0.0,916999999.9999999,1877100000,26422000,109800000,949722000,0.351606,824000000,0.305061,1500000.0,813500000,0.301174,162300000,651200000,0.241087,2.12671,2.12671,306200000,306200000,https://www.sec.gov/Archives/edgar/data/6281/000000628112000010/0000006281-12-000010-index.html,https://www.sec.gov/Archives/edgar/data/6281/000000628112000010/adi-1132012x10k.htm
0,2011-10-29,ADI,2011-11-22 00:00:00,2011-11-22 10:51:07,FY,2993300000,1006800000,1986500000,0.663649,505600000,406700000,0.0,0.0,914500000,1921300000,-10100000,118200000,1176100000,0.392911,1072000000,0.358133,-500000.0,1061400000,0.354592,200600000,867400000,0.289781,2.81441,2.81441,308200000,308200000,https://www.sec.gov/Archives/edgar/data/6281/000095012311099928/0000950123-11-099928-index.html,https://www.sec.gov/Archives/edgar/data/6281/000095012311099928/b87841e10vk.htm
0,2010-10-30,ADI,2010-11-22 00:00:00,2010-11-22 16:19:46,FY,2761500000,962100000,1799400000,0.651602,492300000,390600000,0.0,0.0,899300000.0000001,1861400000,-600000.0,120899999.99999999,1022800000,0.370378,900100000,0.325946,2200000.0,901700000,0.326525,190400000,712100000,0.257867,2.32788,2.32788,305900000,305900000,https://www.sec.gov/Archives/edgar/data/6281/000095012310107816/0000950123-10-107816-index.html,https://www.sec.gov/Archives/edgar/data/6281/000095012310107816/b81293e10vk.htm
0,2009-10-31,ADI,2009-11-24 00:00:00,2009-11-24 15:37:04,FY,2014900000,896300000,1118600000,0.555164,447000000,333200000,0.0,0.0,833800000,1730100000,-4094000.0,139900000,433606000,0.2152,284800000,0.141347,1100000.0,297400000,0.1476,50000000,247800000,0.122984,0.8466,0.8466,292700000,292700000,https://www.sec.gov/Archives/edgar/data/6281/000095012309065635/0000950123-09-065635-index.html,https://www.sec.gov/Archives/edgar/data/6281/000095012309065635/b76910e10vk.htm
0,2008-11-01,ADI,2008-11-25 00:00:00,2008-11-25 16:26:02,FY,2582900000,1005700000,1577300000,0.61067,533500000,415700000,0.0,0.0,952200000,1957900000,41000000,153500000,1121700000,0.434279,625000000,0.241976,0.0,666100000,0.257888,140900000,786300000,0.304425,2.64658,2.64658,297100000,297100000,https://www.sec.gov/Archives/edgar/data/6281/000095013508007596/0000950135-08-007596-index.html,https://www.sec.gov/Archives/edgar/data/6281/000095013508007596/b72976ade10vk.htm
0,2007-11-03,ADI,2007-11-30 00:00:00,2007-11-30 16:08:24,FY,2546100000,1026900000,1519200000,0.596677,519300000,393200000,0.0,0.0,953000000,1979900000,77000000,154799999.99999997,887100000,0.348415,566200000,0.222379,15700000,658900000,0.258788,158400000,496900000,0.195161,1.49534,1.49534,332300000,332300000,https://www.sec.gov/Archives/edgar/data/6281/000095013507007253/0000950135-07-007253-index.html,https://www.sec.gov/Archives/edgar/data/6281/000095013507007253/b67578ade10vk.htm
0,2006-10-28,ADI,2006-11-20,2006-11-20 16:01:56,FY,2573200000,1067000000,1506100000,0.585302,536700000,394100000,0.0,0.0,954400000.0000001,2021400000,-52000.0,172200000.00000003,835348000,0.324634,551800000,0.214441,10500000,662400000,0.257423,113700000,549500000,0.213547,1.48113,1.48113,371000000,371000000,https://www.sec.gov/Archives/edgar/data/6281/000095013506007047/b63086ade10vk.htm,https://www.sec.gov/Archives/edgar/data/6281/000095013506007047/b63086ade10vk.htm
0,2005-10-29,ADI,2005-11-21,2005-11-21 17:31:32,FY,2388800000,1006000000,1382800000,0.578868,497100000,338300000,0.0,0.0,866800000,1872800000,-27000.0,155600000,743273000,0.311149,516000000,0.216008,0.0,587700000,0.246023,172900000,414800000,0.173644,1.08162,1.08162,383500000,383500000,https://www.sec.gov/Archives/edgar/data/6281/000095013505006610/b57812ade10vk.htm,https://www.sec.gov/Archives/edgar/data/6281/000095013505006610/b57812ade10vk.htm
0,2004-10-30,ADI,2004-11-30,2004-11-30 16:01:23,FY,2633800000,1080000000,1553800000,0.589946,511700000,340000000,0.0,0.0,854500000,1934500000,-224000.0,152600000,885076000,0.336045,699300000,0.26551,-2400000.0,732700000,0.278191,162000000,570700000,0.216683,1.45253,1.45253,392900000,392900000,https://www.sec.gov/Archives/edgar/data/6281/000095013504005529/b52531ade10vk.htm,https://www.sec.gov/Archives/edgar/data/6281/000095013504005529/b52531ade10vk.htm
0,2003-11-01,ADI,2003-12-23,2003-12-23 14:52:54,FY,2047300000,923200000,1124100000,0.549065,450200000,288000000,0.0,0.0,750399999.9999999,1673600000,-32230000,168299999.99999997,517970000,0.253002,373700000,0.182533,-800000.0,381800000,0.18649,83600000,298300000,0.145704,0.78048,0.78048,382200000,382200000,https://www.sec.gov/Archives/edgar/data/6281/000095013503006138/b48618aie10vk.htm,https://www.sec.gov/Archives/edgar/data/6281/000095013503006138/b48618aie10vk.htm
0,2002-11-02,ADI,2003-01-29,2003-01-29 16:55:03,FY,1707500000,803000000,904500000,0.529722,423900000,257100000,0.0,0.0,786300000,1589300000,-44458000,238000000,333942000,0.195574,118200000,0.069224,1700000.0,140400000,0.082225,35100000,105300000,0.061669,0.27623,0.27623,381200000,381200000,https://www.sec.gov/Archives/edgar/data/6281/000095013503000473/b45351ade10vk.htm,https://www.sec.gov/Archives/edgar/data/6281/000095013503000473/b45351ade10vk.htm
0,2001-11-03,ADI,2002-01-28 00:00:00,2002-01-28 00:00:00,FY,2276900000,1008100000,1268800000,0.557249,464700000,287100000,0.0,0.0,861100000,1869200000,70200000,210500000,788000000,0.346085,407700000,0.179059,29400000,507200000,0.222759,150900000,356400000,0.156529,0.93298,0.93298,382000000,382000000,https://www.sec.gov/Archives/edgar/data/6281/000095013502000307/0000950135-02-000307-index.html,https://www.sec.gov/Archives/edgar/data/6281/000095013502000307/b40733ade10-k.htm
0,2000-10-28,ADI,2001-01-26 00:00:00,2001-01-26 00:00:00,FY,2577500000,1116500000,1461000000,0.566828,400600000,293400000,0.0,0.0,694000000,1810500000,57600000,156700000,1080000000,0.419011,767100000,0.297614,41000000,865700000,0.335868,258600000,607100000,0.235538,1.5926,1.5926,381200000,381200000,https://www.sec.gov/Archives/edgar/data/6281/000095013501000177/0000950135-01-000177-index.html,https://www.sec.gov/Archives/edgar/data/6281/000095013501000177/b37980ade10-k.txt
0,1999-10-30,ADI,,,FY,1450400000,735600000,714700000,0.492761,257000000,209600000,0.0,0.0,471900000,1207500000,17500000,142600000,417600000,0.287921,242900000,0.167471,-2900000.0,257500000,0.177537,60700000,196800000,0.135687,0.5423,0.5423,362900000,362900000,,
0,1998-10-31,ADI,,,FY,1230600000,642100000,588500000,0.478222,219400000,207500000,0.0,0.0,430699999.99999994,1072799999.9999999,-4200000.0,127600000,236800000,0.192426,157700000,0.128149,-3100000.0,150500000,0.122298,31000000,82400000,0.066959,0.23159,0.23159,355800000,355800000,,
0,1997-11-01,ADI,,,FY,1243500000,622500000,621000000,0.499397,196100000,191600000,0.0,0.0,387799999.99999994,1010300000,3900000.0,103600000,343400000,0.276156,233200000,0.187535,-1200000.0,235900000,0.189706,57700000,178200000,0.143305,0.50254,0.50254,354600000,354600000,,
0,1996-11-02,ADI,1997-01-29 00:00:00,1997-01-29 00:00:00,FY,1193800000,592900000,600900000,0.503351,177800000,195800000,0.0,0.0,373700000.00000006,966600000,5100000.0,83800000,319600000,0.267717,227200000,0.190317,-1600000.0,230700000,0.193248,58800000,171900000,0.143994,0.50146,0.50146,342800000,342800000,https://www.sec.gov/Archives/edgar/data/6281/000095013597000278/0000950135-97-000278-index.html,https://www.sec.gov/Archives/edgar/data/6281/0000950135-97-000278.txt
0,1995-10-28,ADI,,,FY,941500000,464600000,477000000,0.506638,134300000,184900000,0.0,0.0,319199999.99999994,783799999.9999999,3900000.0,64100000,227500000,0.241636,157800000,0.167605,-2200000.0,159400000,0.169304,40200000,119300000,0.126713,0.37587,0.37587,317400000,317400000,,
0,1994-10-29,ADI,1995-01-24 00:00:00,1995-01-24 00:00:00,FY,773500000,394400000,379000000,0.489981,106900000,170300000,0.0,0.0,277300000.00000006,671700000.0000001,-7100000.0,61300000,151100000,0.195346,101800000,0.13161,2200000.0,96900000,0.125275,22400000,74500000,0.096315,0.2411,0.2411,309000000,309000000,https://www.sec.gov/Archives/edgar/data/6281/000095013595000029/0000950135-95-000029-index.html,https://www.sec.gov/Archives/edgar/data/6281/0000950135-95-000029.txt
