,date,symbol,fillingDate,acceptedDate,period,revenue,costOfRevenue,grossProfit,grossProfitRatio,researchAndDevelopmentExpenses,generalAndAdministrativeExpenses,sellingAndMarketingExpenses,otherExpenses,operatingExpenses,costAndExpenses,interestExpense,depreciationAndAmortization,ebitda,ebitdaratio,operatingIncome,operatingIncomeRatio,totalOtherIncomeExpensesNet,incomeBeforeTax,incomeBeforeTaxRatio,incomeTaxExpense,netIncome,netIncomeRatio,eps,epsdiluted,weightedAverageShsOut,weightedAverageShsOutDil,link,finalLink
0,2019-12-31,SSYS,2020-02-26 00:00:00,2020-02-26 12:46:46,FY,636080000,322388000,313692000,0.49316438183876243,94253000,231138000,0.0,0.0,0.0,647779000,0.0,0.0,39243000,0.06169506980254056,-11699000,-0.011231291661426236,0.0,-7144000.0,-0.011231291661426236,3523000.0,-10849000,-0.01705603068796378,-0.2,-0.2,54260000,54260000,https://www.sec.gov/Archives/edgar/data/1517396/000120677420000614/0001206774-20-000614-index.html,https://www.sec.gov/Archives/edgar/data/1517396/000120677420000614/stratasys3639044-20f.htm
0,2018-12-31,SSYS,2019-03-07 00:00:00,2019-03-07 13:44:19,FY,663237000,338013000,325224000,0.49035865007531243,98964000,235107000,0.0,0.0,0.0,672084000,0.0,0.0,52403000,0.07901097194517194,-8847000.0,-0.01238471315683534,0.0,-8214000.0,-0.01238471315683534,4736000.0,-10964000,-0.016531043955629737,-0.22,-0.22,53751000,53751000,https://www.sec.gov/Archives/edgar/data/1517396/000120677419000740/0001206774-19-000740-index.html,https://www.sec.gov/Archives/edgar/data/1517396/000120677419000740/stratasys3490683-20f.htm
0,2017-12-31,SSYS,2018-02-28 00:00:00,2018-02-28 14:05:16,FY,668362000,345585000,322777000,0.482937390216679,96237000,255685000,0.0,0.0,0.0,697507000,0.0,0.0,38868000,0.058154114087874534,-29145000,-0.04410184899799809,-1378000.0,-29476000,-0.04410184899799809,9273000.0,-39981000,-0.059819379318393325,-0.75,-0.75,52959000,52959000,https://www.sec.gov/Archives/edgar/data/1517396/000120677418000616/0001206774-18-000616-index.html,https://www.sec.gov/Archives/edgar/data/1517396/000120677418000616/stratasys31410916-20f1.htm
0,2016-12-31,SSYS,2017-03-09 00:00:00,2017-03-09 11:27:00,FY,672458000,355152000,317306000,0.4718599525918347,97778000,307113000,0.0,0.0,0.0,760043000,0.0,0.0,4420000.0,0.006572901207212941,-87585000,-0.12842289035151638,872000.0,-86359000,-0.12842289035151638,-9446000.0,-77219000,-0.11483096342076382,-1.48,-1.48,52330000,52582000,https://www.sec.gov/Archives/edgar/data/1517396/000120677417000761/0001206774-17-000761-index.html,https://www.sec.gov/Archives/edgar/data/1517396/000120677417000761/stratasys3141094-20f.htm
0,2015-12-31,SSYS,2016-03-21 00:00:00,2016-03-21 17:24:43,FY,695995000,593823000,102172000,0.14679990517173255,122360000,434619000,0.0,0.0,0.0,1150802000,0.0,0.0,572325000,0.8223119418961343,-454807000,-1.9882772146351626,-918737000,-1383831000,-1.9882772146351626,-10320000,-1374635000,-1.9750644760379026,-26.64,-26.64,51592000,51592000,https://www.sec.gov/Archives/edgar/data/1517396/000120677416005045/0001206774-16-005045-index.html,https://www.sec.gov/Archives/edgar/data/1517396/000120677416005045/stratasys_20f.htm
0,2014-12-31,SSYS,,,FY,750129000,387735000,362394000,0.48310890526829386,82270000,351993000,0.0,0.0,0.0,821998000,6529000.0,0.0,113880000,0.15181388801126205,-71869000,-0.20625519077385357,-76320000,-154718000,-0.20625519077385357,-35248000,-119420000,-0.15919928438975162,-2.39,-2.39,50019000,50019000,,
0,2013-12-31,SSYS,,,FY,484403000,258230000,226173000,0.4669108159941206,52310000,202040000,0.0,-450000.0,0.0,513334000,0.0,0.0,63505000,0.13109951837622805,-28931000,-0.06065404219214167,-450000.0,-29381000,-0.06065404219214167,-2474000.0,-26954000,-0.05564375117412568,-0.64,-0.68,42079000,42099000,,
0,2012-12-31,SSYS,2013-03-07 00:00:00,2013-03-07 15:50:17,FY,215244000,105333000,109911000,0.5106344427719239,19659000,73130000,0.0,1388000.0,0.0,198122000,0.0,0.0,36619000,0.17012785489955584,17122000,0.08599542844399843,1388000.0,18510000,0.08599542844399843,9687000.0,8491000.0,0.03944825407444574,0.37,0.36,22812000,23776000,https://www.sec.gov/Archives/edgar/data/1517396/000120677413000975/0001206774-13-000975-index.html,https://www.sec.gov/Archives/edgar/data/1517396/000120677413000975/stratasys_20f.htm
