,date,symbol,fillingDate,acceptedDate,period,revenue,costOfRevenue,grossProfit,grossProfitRatio,researchAndDevelopmentExpenses,generalAndAdministrativeExpenses,sellingAndMarketingExpenses,otherExpenses,operatingExpenses,costAndExpenses,interestExpense,depreciationAndAmortization,ebitda,ebitdaratio,operatingIncome,operatingIncomeRatio,totalOtherIncomeExpensesNet,incomeBeforeTax,incomeBeforeTaxRatio,incomeTaxExpense,netIncome,netIncomeRatio,eps,epsdiluted,weightedAverageShsOut,weightedAverageShsOutDil,link,finalLink
0,2020-01-31,SAIC,2020-03-27 00:00:00,2020-03-26 18:11:26,FY,6379000000,5673000000,706000000,0.11067565449129958,0.0,288000000,0.0,6000000.0,0.0,5961000000,90000000,0.0,562000000,0.08810158332026964,418000000,0.04483461357579558,-42000000,286000000,0.04483461357579558,57000000,226000000,0.03542875058786644,3.87,3.83,58400000,59000000,https://www.sec.gov/Archives/edgar/data/1571123/000157112320000013/0001571123-20-000013-index.html,https://www.sec.gov/Archives/edgar/data/1571123/000157112320000013/saic2020-01x3110xk.htm
0,2019-02-01,SAIC,2019-03-29 00:00:00,2019-03-29 16:02:49,FY,4659000000,4195000000,464000000,0.099592,5000000.0,159000000,0.0,-3000000.0,244000000,4439000000,53000000,49000000,272000000,0.058382,220000000,0.04722,3000000.0,170000000,0.036489,33000000,137000000,0.029405,3.10658,3.10658,44100000,44100000,https://www.sec.gov/Archives/edgar/data/1571123/000157112319000004/0001571123-19-000004-index.html,https://www.sec.gov/Archives/edgar/data/1571123/000157112319000004/saic2019-02x0110xk.htm
0,2018-02-02,SAIC,2018-03-29 00:00:00,2018-03-29 16:15:43,FY,4454000000,4037000000,417000000,0.093624,4000000.0,144000000,0.0,-2000000.0,161000000,4198000000,44000000,46000000,304000000,0.068253,256000000,0.057476,2000000.0,214000000,0.048047,35000000,179000000,0.040189,4.02247,4.02247,44500000,44500000,https://www.sec.gov/Archives/edgar/data/1571123/000157112318000010/0001571123-18-000010-index.html,https://www.sec.gov/Archives/edgar/data/1571123/000157112318000010/saic2017-03x3010xk.htm
0,2017-02-03,SAIC,2017-03-30 00:00:00,2017-03-30 16:38:37,FY,4442000000,4003000000,439000000,0.098829,4000000.0,172000000,0.0,1000000.0,176000000,4179000000,52000000,53000000,320000000,0.07204,263000000,0.059208,1000000.0,212000000,0.047726,72000000,143000000,0.032193,3.11547,3.11547,45900000,45900000,https://www.sec.gov/Archives/edgar/data/1571123/000156459017005636/0001564590-17-005636-index.html,https://www.sec.gov/Archives/edgar/data/1571123/000156459017005636/saic-10k_20170203.htm
0,2016-01-29,SAIC,2016-03-29 00:00:00,2016-03-29 16:23:50,FY,4315000000,3904000000,411000000,0.095249,4000000.0,154000000,0.0,0.0,184000000,4088000000,44000000,62000000,289000000,0.066976,227000000,0.052607,0.0,183000000,0.04241,66000000,117000000,0.027115,2.46835,2.46835,47400000,47400000,https://www.sec.gov/Archives/edgar/data/1571123/000156459016015504/0001564590-16-015504-index.html,https://www.sec.gov/Archives/edgar/data/1571123/000156459016015504/saic-10k_20160129.htm
0,2015-01-30,SAIC,2015-03-31,2015-03-31 16:51:49,FY,3885000000,3550000000,335000000,0.086229,5000000.0,90000000,0.0,0.0,95000000,3645000000,17000000,21000000,261000000,0.067181,240000000,0.061776,0.0,223000000,0.0574,82000000,141000000,0.036293,2.90722,2.90722,48500000,48500000,https://www.sec.gov/Archives/edgar/data/1571123/000156459015002280/saic-10k_20150130.htm,https://www.sec.gov/Archives/edgar/data/1571123/000156459015002280/saic-10k_20150130.htm
0,2014-01-31,SAIC,2014-04-09 00:00:00,2014-04-08 20:20:29,FY,4121000000,3788000000,333000000,0.08080562970152876,0.0,92000000,0.0,0.0,0.0,3880000000,7000000.0,0.0,254000000,0.061635525357922834,241000000,0.04270808056297015,-58000000,176000000,0.04270808056297015,63000000,113000000,0.027420528997816065,2.33,2.27,48600000,49700000,https://www.sec.gov/Archives/edgar/data/1571123/000119312514135913/0001193125-14-135913-index.html,https://www.sec.gov/Archives/edgar/data/1571123/000119312514135913/d648713d10k.htm
