,date,symbol,fillingDate,acceptedDate,period,revenue,costOfRevenue,grossProfit,grossProfitRatio,researchAndDevelopmentExpenses,generalAndAdministrativeExpenses,sellingAndMarketingExpenses,otherExpenses,operatingExpenses,costAndExpenses,interestExpense,depreciationAndAmortization,ebitda,ebitdaratio,operatingIncome,operatingIncomeRatio,totalOtherIncomeExpensesNet,incomeBeforeTax,incomeBeforeTaxRatio,incomeTaxExpense,netIncome,netIncomeRatio,eps,epsdiluted,weightedAverageShsOut,weightedAverageShsOutDil,link,finalLink
0,2019-12-31,CTSH,2020-02-14 00:00:00,2020-02-14 09:28:06,FY,16783000000,10634000000,6149000000,0.366383,0.0,2972000000,0.0,90000000,3696000000,14330000000,26000000,526000000,3037000000,0.180957,2453000000,0.14616,5000000.0,2543000000,0.151522,643000000,1842000000,0.109754,3.28929,3.28929,560000000,560000000,https://www.sec.gov/Archives/edgar/data/1058290/000105829020000008/0001058290-20-000008-index.html,https://www.sec.gov/Archives/edgar/data/1058290/000105829020000008/ctsh20191231-10k.htm
0,2018-12-31,CTSH,2019-02-19 00:00:00,2019-02-19 13:47:51,FY,16125000000,9838000000,6287000000,0.389891,0.0,3007000000,0.0,-4000000.0,3486000000,13324000000,27000000,498000000,3324000000,0.20614,2801000000,0.173705,-2000000.0,2797000000,0.173457,698000000,2101000000,0.130295,3.5976,3.5976,584000000,584000000,https://www.sec.gov/Archives/edgar/data/1058290/000105829019000009/0001058290-19-000009-index.html,https://www.sec.gov/Archives/edgar/data/1058290/000105829019000009/ctsh20181231-10k.htm
0,2017-12-31,CTSH,2018-02-27 00:00:00,2018-02-27 16:38:47,FY,14810000000,8920000000,5890000000,0.397704,0.0,2677000000,0.0,174000000,3409000000,12329000000,23000000,443000000,3123000000,0.210871,2481000000,0.167522,-3000000.0,2655000000,0.179271,1153000000,1504000000,0.101553,2.52773,2.52773,595000000,595000000,https://www.sec.gov/Archives/edgar/data/1058290/000105829018000009/0001058290-18-000009-index.html,https://www.sec.gov/Archives/edgar/data/1058290/000105829018000009/ctsh20171231-10k.htm
0,2016-12-31,CTSH,2017-03-01 00:00:00,2017-03-01 07:31:55,FY,13487000000,8025000000,5462000000,0.404983,0.0,2728000000,0.0,68000000,3173000000,11198000000,19000000,379000000,2756000000,0.204345,2289000000,0.169719,2000000.0,2357000000,0.174761,805000000,1553000000,0.115148,2.5459,2.5459,610000000,610000000,https://www.sec.gov/Archives/edgar/data/1058290/000105829017000008/0001058290-17-000008-index.html,https://www.sec.gov/Archives/edgar/data/1058290/000105829017000008/ctsh20161231-10k.htm
0,2015-12-31,CTSH,2016-02-25 00:00:00,2016-02-25 17:03:59,FY,12416000000,7423200000,4992800000,0.402126,0.0,2520500000,0.0,21000000,2850800000,10274000000,17700000,330000000,2511300000,0.202263,2142000000,0.172519,-1800000.0,2163600000,0.174259,540000000,1623600000,0.130767,2.64732,2.64732,613300000,613300000,https://www.sec.gov/Archives/edgar/data/1058290/000105829016000049/0001058290-16-000049-index.html,https://www.sec.gov/Archives/edgar/data/1058290/000105829016000049/ctsh20151231-10k.htm
0,2014-12-31,CTSH,2015-02-27,2015-02-27 16:33:53,FY,10263000000,6025000000,4237000000,0.412842,0.0,2037000000,0.0,39153000,2353000000,8378000000,2468000.0,208100000,2134332000,0.207964,1885000000,0.183669,0.0,1924000000,0.18747,484764000,1439000000,0.140212,2.35131,2.35131,612000000,612000000,https://www.sec.gov/Archives/edgar/data/1058290/000105829015000006/ctsh20141231-10k.htm,https://www.sec.gov/Archives/edgar/data/1058290/000105829015000006/ctsh20141231-10k.htm
0,2013-12-31,CTSH,2014-02-25,2014-02-25 17:16:33,FY,8843000000,5044000000,3799000000,0.429605,0.0,1728000000,0.0,10007000,2121000000,7165000000,8000000.0,179900000,1876239000,0.212172,1678000000,0.189755,2000000.0,1688000000,0.190885,459339000,1229000000,0.13898,2.01475,2.01475,610000000,610000000,https://www.sec.gov/Archives/edgar/data/1058290/000119312514067531/d675333d10k.htm,https://www.sec.gov/Archives/edgar/data/1058290/000119312514067531/d675333d10k.htm
0,2012-12-31,CTSH,2013-02-26 00:00:00,2013-02-26 17:26:02,FY,7346000000,4278000000,3068000000,0.417642,0.0,1558000000,0.0,26100000,1707000000,5985000000,24000000,156600000,1567933000,0.21344,1361000000,0.185271,2000000.0,1388000000,0.188946,336333000,1051000000,0.143071,1.71732,1.71732,612000000,612000000,https://www.sec.gov/Archives/edgar/data/1058290/000119312513077271/0001193125-13-077271-index.html,https://www.sec.gov/Archives/edgar/data/1058290/000119312513077271/d450416d10k.htm
0,2011-12-31,CTSH,2012-02-27 00:00:00,2012-02-27 16:21:43,FY,6121000000,3539000000,2583000000,0.42199,0.0,1329000000,0.0,32681000,1446000000,4985000000,30000000,124200000,1323731000,0.216261,1136000000,0.185591,2000000.0,1169000000,0.190982,285531000,884000000,0.144421,1.42351,1.42351,621000000,621000000,https://www.sec.gov/Archives/edgar/data/1058290/000119312512081638/0001193125-12-081638-index.html,https://www.sec.gov/Archives/edgar/data/1058290/000119312512081638/d255156d10k.htm
0,2010-12-31,CTSH,2011-02-23,2011-02-23 17:01:58,FY,4592000000,2655000000,1938000000,0.422038,0.0,972000000,0.0,16728000,1076000000,3731000000,16000000,110200000,1005240000,0.218911,862000000,0.187718,1000000.0,879000000,0.19142,145040000,734000000,0.159843,1.1877,1.1877,618000000,618000000,https://www.sec.gov/Archives/edgar/data/1058290/000119312511043696/d10k.htm,https://www.sec.gov/Archives/edgar/data/1058290/000119312511043696/d10k.htm
0,2009-12-31,CTSH,2010-02-25 00:00:00,2010-02-25 15:07:06,FY,3279000000,1849000000,1429000000,0.435804,0.0,721000000,0.0,2566000.0,811000000,2660000000,18000000,89400000,744388000,0.227017,618000000,0.188472,1000000.0,637000000,0.194267,101988000,535000000,0.163159,0.8887,0.8887,602000000,602000000,https://www.sec.gov/Archives/edgar/data/1058290/000119312510040500/0001193125-10-040500-index.html,https://www.sec.gov/Archives/edgar/data/1058290/000119312510040500/d10k.htm
0,2008-12-31,CTSH,2009-03-02 00:00:00,2009-03-02 12:28:41,FY,2816000000,1573000000,1243000000,0.441406,0.0,652000000,0.0,-23648000,727000000,2300000000,22000000,74800000,612165000,0.217388,517000000,0.183594,-24000000,515000000,0.182884,84365000,431000000,0.153054,0.72074,0.72074,598000000,598000000,https://www.sec.gov/Archives/edgar/data/1058290/000119312509042103/0001193125-09-042103-index.html,https://www.sec.gov/Archives/edgar/data/1058290/000119312509042103/d10k.htm
0,2007-12-31,CTSH,2008-02-28,2008-02-28 17:19:03,FY,2136000000,1206000000,930000000,0.435393,0.0,494000000,0.0,3274000.0,548000000,1754000000,30000000,53900000,498123000,0.233204,382000000,0.178839,3000000.0,414000000,0.19382,64223000,350000000,0.163858,0.57661,0.57661,607000000,607000000,https://www.sec.gov/Archives/edgar/data/1058290/000119312508042031/d10k.htm,https://www.sec.gov/Archives/edgar/data/1058290/000119312508042031/d10k.htm
0,2006-12-31,CTSH,2007-02-16,2007-02-16 16:20:14,FY,1424000000,788000000,636000000,0.446629,0.0,343000000,0.0,1253000.0,377000000,1165000000,18000000,34200000,330216000,0.231893,259000000,0.181882,1000000.0,278000000,0.195225,45016000,233000000,0.163624,0.38704,0.38704,602000000,602000000,https://www.sec.gov/Archives/edgar/data/1058290/000119312507034095/d10k.htm,https://www.sec.gov/Archives/edgar/data/1058290/000119312507034095/d10k.htm
0,2005-12-31,CTSH,2006-03-15,2006-03-15 15:37:09,FY,886000000,480000000,406000000,0.458239,0.0,207000000,0.0,-1326000.0,228000000,708000000,9000000.0,21400000,215406000,0.243122,178000000,0.200903,-1000000.0,185000000,0.208804,19006000,166000000,0.187359,0.28231,0.28231,588000000,588000000,https://www.sec.gov/Archives/edgar/data/1058290/000119312506054940/d10k.htm,https://www.sec.gov/Archives/edgar/data/1058290/000119312506054940/d10k.htm
0,2004-12-31,CTSH,2005-03-16 00:00:00,2005-03-16 15:07:48,FY,587000000,320000000,267000000,0.454855,0.0,133000000,0.0,86000.0,149000000,469000000,4000000.0,16400000,98548000,0.167884,118000000,0.201022,0.0,122000000,0.207836,-21852000,100000000,0.170358,0.17544,0.17544,570000000,570000000,https://www.sec.gov/Archives/edgar/data/1058290/000095012305003226/0000950123-05-003226-index.html,https://www.sec.gov/Archives/edgar/data/1058290/000095012305003226/y06838e10vk.htm
0,2003-12-31,CTSH,2004-03-12 00:00:00,2004-03-12 17:00:09,FY,368000000,200000000,169000000,0.459239,0.0,84000000,0.0,0.0,98000000,298000000,2000000.0,11900000,85900000,0.233424,70000000,0.190217,0.0,72000000,0.195652,15000000,57000000,0.154891,0.10497,0.10497,543000000,543000000,https://www.sec.gov/Archives/edgar/data/1058290/000090310004000126/0000903100-04-000126-index.html,https://www.sec.gov/Archives/edgar/data/1058290/000090310004000126/form10k_123103.txt
0,2002-12-31,CTSH,2003-03-14 00:00:00,2003-03-14 16:58:46,FY,229000000,123000000,106000000,0.462882,0.0,53000000,0.0,0.0,63000000,186000000,2000000.0,7800000.0,55800000,0.243668,44000000,0.19214,0.0,45000000,0.196507,11000000,35000000,0.152838,0.06863,0.06863,510000000,510000000,https://www.sec.gov/Archives/edgar/data/1058290/000090310003000057/0000903100-03-000057-index.html,https://www.sec.gov/Archives/edgar/data/1058290/000090310003000057/form10k-123102.txt
0,2001-12-31,CTSH,2002-03-11 00:00:00,2002-03-11 00:00:00,FY,178000000,91000000,87000000,0.488764,0.0,45000000,0.0,0.0,53000000,144000000,3000000.0,6400000.0,44400000,0.249438,34000000,0.191011,-1000000.0,35000000,0.196629,13000000,22000000,0.123596,0.04499,0.04499,489000000,489000000,https://www.sec.gov/Archives/edgar/data/1058290/000090310002000082/0000903100-02-000082-index.html,https://www.sec.gov/Archives/edgar/data/1058290/000090310002000082/form10-k_123101.txt
0,2000-12-31,CTSH,2001-03-15 00:00:00,2001-03-15 00:00:00,FY,137000000,70000000,67000000,0.489051,0.0,36000000,0.0,0.0,41000000,111000000,3000000.0,4500000.0,36500000,0.266423,26000000,0.189781,-1000000.0,28000000,0.20438,11000000,18000000,0.131387,0.03704,0.03704,486000000,486000000,https://www.sec.gov/Archives/edgar/data/1058290/000090310001000038/0000903100-01-000038-index.html,https://www.sec.gov/Archives/edgar/data/1058290/000090310001000038/0000903100-01-000038-0001.txt
0,1999-12-31,CTSH,2000-03-07 00:00:00,2000-03-07 00:00:00,FY,89000000,46000000,43000000,0.483146,0.0,23000000,0.0,0.0,26000000,72000000,1000000.0,3000000.0,22000000,0.247191,17000000,0.191011,0.0,18000000,0.202247,7000000.0,11000000,0.123596,0.02361,0.02361,466000000,466000000,https://www.sec.gov/Archives/edgar/data/1058290/000101535700000035/0001015357-00-000035-index.html,https://www.sec.gov/Archives/edgar/data/1058290/0001015357-00-000035.txt
0,1998-12-31,CTSH,1999-03-19 00:00:00,1999-03-19 00:00:00,FY,59000000,32000000,27000000,0.457627,0.0,16000000,0.0,0.0,18000000,50000000,1000000.0,2200000.0,13200000,0.223729,9000000.0,0.152542,0.0,10000000,0.169492,4000000.0,6000000.0,0.101695,0.01511,0.01511,397000000,397000000,https://www.sec.gov/Archives/edgar/data/1058290/000101535799000036/0001015357-99-000036-index.html,https://www.sec.gov/Archives/edgar/data/1058290/0001015357-99-000036.txt
