,date,symbol,fillingDate,acceptedDate,period,revenue,costOfRevenue,grossProfit,grossProfitRatio,researchAndDevelopmentExpenses,generalAndAdministrativeExpenses,sellingAndMarketingExpenses,otherExpenses,operatingExpenses,costAndExpenses,interestExpense,depreciationAndAmortization,ebitda,ebitdaratio,operatingIncome,operatingIncomeRatio,totalOtherIncomeExpensesNet,incomeBeforeTax,incomeBeforeTaxRatio,incomeTaxExpense,netIncome,netIncomeRatio,eps,epsdiluted,weightedAverageShsOut,weightedAverageShsOutDil,link,finalLink
0,2019-12-31,BLKB,2020-02-20 00:00:00,2020-02-20 08:30:50,FY,900423000,418424000,481999000,0.5353028521039556,106164000,337566000,224152000,1256000.0,449046000,867470000,20618000,5316000.0,122704000,0.13627372912508898,32953000,0.011755585985697833,-4552000.0,10585000,0.011755585985697833,-1323000.0,11908000,0.013224895410268285,0.25,0.25,47695383,48312271,https://www.sec.gov/Archives/edgar/data/1280058/000128005820000011/0001280058-20-000011-index.html,https://www.sec.gov/Archives/edgar/data/1280058/000128005820000011/a201910-k.htm
0,2018-12-31,BLKB,2019-02-20 00:00:00,2019-02-20 16:05:43,FY,848606000,381742000,466864000,0.550154017294245,98811000,299202000,192848000,-905000.0,402857000,784599000,15898000,4844000.0,144676000,0.1704866569409125,64007000,0.05258270622644667,-5495000.0,44622000,0.05258270622644667,-219000.0,44841000,0.05284077652055253,0.95,0.93,47206669,48045084,https://www.sec.gov/Archives/edgar/data/1280058/000128005819000007/0001280058-19-000007-index.html,https://www.sec.gov/Archives/edgar/data/1280058/000128005819000007/a201810-k.htm
0,2017-12-31,BLKB,2018-02-20 00:00:00,2018-02-20 17:11:22,FY,788306000,361904000,426402000,0.5409092408278003,89911000,268395000,173525000,1104000.0,361577000,723481000,12097000,3271000.0,140870000,0.17869964201718622,64825000,0.06874741534378782,473000.0,54194000,0.06874741534378782,-11739000,65933000,0.0836388407547323,1.41,1.38,46669440,47775702,https://www.sec.gov/Archives/edgar/data/1280058/000128005818000007/0001280058-18-000007-index.html,https://www.sec.gov/Archives/edgar/data/1280058/000128005818000007/a201710-k.htm
0,2016-12-31,BLKB,2017-02-22 00:00:00,2017-02-22 16:10:39,FY,730815000,339220000,391595000,0.5358332820207576,89870000,237085000,155754000,-872000.0,329795000,669015000,10583000,2840000.0,132000000,0.18062026641489295,61800000,0.06968384611700636,-872000.0,50926000,0.06968384611700636,9411000.0,41515000,0.05680644212283546,0.9,0.88,46132389,47316538,https://www.sec.gov/Archives/edgar/data/1280058/000128005817000006/0001280058-17-000006-index.html,https://www.sec.gov/Archives/edgar/data/1280058/000128005817000006/a201610-k.htm
0,2015-12-31,BLKB,2016-02-24 00:00:00,2016-02-24 08:20:25,FY,637940000,304631000,333309000,0.52247703545788,84636000,199730000,123646000,134000.0,286597000,591228000,8073000.0,2231000.0,102998000,0.16145405524030473,46712000,0.05792394269053516,-1842000.0,36952000,0.05792394269053516,11303000,25649000,0.0402059754835878,0.56,0.55,45623854,46498704,https://www.sec.gov/Archives/edgar/data/1280058/000128005816000045/0001280058-16-000045-index.html,https://www.sec.gov/Archives/edgar/data/1280058/000128005816000045/a201510-k.htm
0,2014-12-31,BLKB,2015-02-25,,FY,564421000,273438000,290983000,0.5155424762721443,77179000,165637000,107360000,-182000.0,244619000,518057000,6011000.0,1803000.0,91658000,0.1623929655345921,46364000,0.06951194232673838,-1178000.0,39234000,0.06951194232673838,10944000,28290000,0.050122160585803856,0.63,0.62,45215138,45799874,https://www.sec.gov/Archives/edgar/data/1280058/000128005815000007/form10-k2014.htm,https://www.sec.gov/Archives/edgar/data/1280058/000128005815000007/form10-k2014.htm
0,2013-12-31,BLKB,2014-02-26,,FY,503817000,232663000,271154000,0.53819938588813,65645000,147934000,97614000,-462000.0,216118000,448781000,5818000.0,2539000.0,97805000,0.19412802664459516,55036000,0.08997116016331326,-3956000.0,45329000,0.08997116016331326,14857000,30472000,0.06048227828755282,0.68,0.67,44684812,45421140,https://www.sec.gov/Archives/edgar/data/1280058/000128005814000005/form10-k2013.htm,https://www.sec.gov/Archives/edgar/data/1280058/000128005814000005/form10-k2013.htm
0,2012-12-31,BLKB,2013-02-27 00:00:00,2013-02-27 17:09:08,FY,447419000,202460000,244959000,0.5474935127922596,64692000,158526000,95218000,-392000.0,225324000,427784000,5864000.0,2106000.0,51268000,0.11458610385343493,19635000,0.029781927008017094,-592000.0,13325000,0.029781927008017094,6742000.0,6583000.0,0.014713277710602365,0.15,0.15,44145535,44691845,https://www.sec.gov/Archives/edgar/data/1280058/000128005813000005/0001280058-13-000005-index.html,https://www.sec.gov/Archives/edgar/data/1280058/000128005813000005/form10k2012.htm
0,2011-12-31,BLKB,2012-02-29 00:00:00,2012-02-29 13:22:34,FY,370868000,157194000,213674000,0.5761456906500426,47672000,112294000,75361000,0.0,160946000,318140000,200000.0,980000.0,69906000,0.18849294088462742,52728000,0.13820820345783405,-1454000.0,51257000,0.13820820345783405,18037000,33220000,0.0895736488454113,0.76,0.75,43522563,44149054,https://www.sec.gov/Archives/edgar/data/1280058/000119312512088252/0001193125-12-088252-index.html,https://www.sec.gov/Archives/edgar/data/1280058/000119312512088252/d265338d10k.htm
0,2010-12-31,BLKB,2011-03-01,,FY,327094000,131815000,195279000,0.5970118681479941,45527000,102657000,70186000,0.0,148982000,280797000,74000.0,798000.0,62449000,0.19092065277871192,46297000,0.14118265697322482,-127000.0,46180000,0.14118265697322482,16375000,29805000,0.09112059530287929,0.69,0.68,43145189,43876155,https://www.sec.gov/Archives/edgar/data/1280058/000119312511051808/d10k.htm,https://www.sec.gov/Archives/edgar/data/1280058/000119312511051808/d10k.htm
0,2009-12-31,BLKB,2010-02-26 00:00:00,2010-02-26 15:41:33,FY,309338000,120940000,188398000,0.6090360705765214,45662000,96176000,62796000,0.0,142606000,263546000,962000.0,768000.0,61938000,0.20022758277353575,45792000,0.14769281497908437,220000.0,45687000,0.14769281497908437,17240000,28447000,0.09196089714163795,0.67,0.65,42771173,43600048,https://www.sec.gov/Archives/edgar/data/1280058/000119312510042796/0001193125-10-042796-index.html,https://www.sec.gov/Archives/edgar/data/1280058/000119312510042796/d10k.htm
0,2008-12-31,BLKB,2009-03-02 00:00:00,2009-03-02 15:31:50,FY,302495000,116416000,186079000,0.615147357807567,38708000,99257000,0.0,0.0,138678000,255094000,0.0,713000.0,60460000,0.1998710722491281,47401000,0.152752938065092,-194000.0,46207000,0.152752938065092,16329000,29878000,0.09877188052695086,0.7,0.68,42958947,43958557,https://www.sec.gov/Archives/edgar/data/1280058/000119312509042444/0001193125-09-042444-index.html,https://www.sec.gov/Archives/edgar/data/1280058/000119312509042444/d10k.htm
0,2007-12-31,BLKB,2008-02-29,,FY,257038000,92477000,164561000,0.6402205121421736,28525000,83138000,0.0,0.0,112154000,204631000,0.0,491000.0,61059000,0.237548533679845,52407000,0.20056567511418544,-503000.0,51553000,0.20056567511418544,19829000,31724000,0.12342143963149417,0.73,0.71,43619158,44595483,https://www.sec.gov/Archives/edgar/data/1280058/000119312508043914/d10k.htm,https://www.sec.gov/Archives/edgar/data/1280058/000119312508043914/d10k.htm
0,2006-12-31,BLKB,2007-02-28,,FY,191959000,57271000,134688000,0.7016498314744294,23118000,63162000,0.0,0.0,86979000,144250000,0.0,699000.0,51704000,0.2693491839403206,47709000,0.2552993087065467,-238000.0,49007000,0.2552993087065467,18499000,30508000,0.1589297714616142,0.7,0.68,43320096,44668476,https://www.sec.gov/Archives/edgar/data/1280058/000095014407001722/g05572e10vk.htm,https://www.sec.gov/Archives/edgar/data/1280058/000095014407001722/g05572e10vk.htm
0,2005-12-31,BLKB,2006-03-13,,FY,166296000,50130000,116166000,0.698549574253139,20999000,49425000,0.0,0.0,70442000,120572000,0.0,18000.0,48450000,0.29134795785827683,45724000,0.280493818251792,6000.0,46645000,0.280493818251792,13344000,33301000,0.20025135902246596,0.78,0.72,42559342,46210099,https://www.sec.gov/Archives/edgar/data/1280058/000095014406002153/g00083e10vk.htm,https://www.sec.gov/Archives/edgar/data/1280058/000095014406002153/g00083e10vk.htm
0,2004-12-31,BLKB,2005-03-14,,FY,138745000,40539000,98206000,0.7078164978918159,17875000,58687000,0.0,0.0,79049000,119588000,0.0,32000.0,23961000,0.1726981152473963,19157000,0.1410645428664096,-2099000.0,19572000,0.1410645428664096,6931000.0,12641000,0.091109589534758,0.3,0.27,42496280,46540790,https://www.sec.gov/Archives/edgar/data/1280058/000095014405002491/g93584e10vk.htm,https://www.sec.gov/Archives/edgar/data/1280058/000095014405002491/g93584e10vk.htm
