,date,symbol,fillingDate,acceptedDate,period,revenue,costOfRevenue,grossProfit,grossProfitRatio,researchAndDevelopmentExpenses,generalAndAdministrativeExpenses,sellingAndMarketingExpenses,otherExpenses,operatingExpenses,costAndExpenses,interestExpense,depreciationAndAmortization,ebitda,ebitdaratio,operatingIncome,operatingIncomeRatio,totalOtherIncomeExpensesNet,incomeBeforeTax,incomeBeforeTaxRatio,incomeTaxExpense,netIncome,netIncomeRatio,eps,epsdiluted,weightedAverageShsOut,weightedAverageShsOutDil,link,finalLink
0,2019-03-31,AVX,2019-05-17 00:00:00,2019-05-17 15:27:14,FY,1791790000,1308907000,482883000,0.269498,0.0,168804000,0.0,0.0,163215000.00000015,1508310000,0.0,90031000,423274000,0.23623,319668000,0.178407,-6319000.0,333243000,0.185983,61430000,271813000,0.151699,1.6053,1.6053,169322000,169322000,https://www.sec.gov/Archives/edgar/data/859163/000143774919010375/0001437749-19-010375-index.html,https://www.sec.gov/Archives/edgar/data/859163/000143774919010375/avx20190331_10k.htm
0,2018-03-31,AVX,2018-05-18 00:00:00,2018-05-18 17:22:48,FY,1562474000,1243612000,318862000,0.204075,0.0,139028000,0.0,0.0,139028000.00000003,1402026000,0.0,59788000,252101000,0.161347,179834000,0.115096,2781000.0,192313000,0.123082,187403000,4910000.0,0.003142,0.02907,0.02907,168925000,168925000,https://www.sec.gov/Archives/edgar/data/859163/000143774918010388/0001437749-18-010388-index.html,https://www.sec.gov/Archives/edgar/data/859163/000143774918010388/avx20180331_10k.htm
0,2017-03-31,AVX,2017-05-19 00:00:00,2017-05-19 14:28:05,FY,1312661000,1027906000,284755000,0.21693,0.0,121198000,0.0,0.0,121198000.00000009,1161997000,0.0,42687000,217636000,0.165798,163557000,0.1246,4011000.0,174949000,0.133278,49164000,125785000,0.095824,0.74945,0.74945,167837000,167837000,https://www.sec.gov/Archives/edgar/data/859163/000085916317000028/0000859163-17-000028-index.html,https://www.sec.gov/Archives/edgar/data/859163/000085916317000028/avx-20170331x10k.htm
0,2016-03-31,AVX,2016-05-20 00:00:00,2016-05-20 14:21:07,FY,1195529000,906460000,289069000,0.241792,0.0,119767000,0.0,0.0,165085000.00000003,1039910000,513000.0,38951000,171616000,0.143548,123984000,0.103706,3678000.0,132152000,0.110539,30617000,101535000,0.084929,0.60452,0.60452,167961000,167961000,https://www.sec.gov/Archives/edgar/data/859163/000085916316000079/0000859163-16-000079-index.html,https://www.sec.gov/Archives/edgar/data/859163/000085916316000079/avx-20160331x10k.htm
0,2015-03-31,AVX,2015-05-20 00:00:00,2015-05-20 16:32:03,FY,1353228000,1024659000,328569000,0.242804,0.0,115820000,0.0,0.0,115819999.99999994,1152430000,978000.0,42214000,261791000,0.193457,212749000,0.157216,2274000.0,218599000,0.161539,-7272000.0,225871000,0.166913,1.34126,1.34126,168402000,168402000,https://www.sec.gov/Archives/edgar/data/859163/000085916315000024/0000859163-15-000024-index.html,https://www.sec.gov/Archives/edgar/data/859163/000085916315000024/avx-20150331x10k.htm
0,2014-03-31,AVX,2014-05-21 00:00:00,2014-05-21 16:38:15,FY,1442600000,1163800000,278800000,0.193262,0.0,119700000,0.0,0.0,119600000.00000013,1293954000,2432000.0,50200000,215952000,0.149696,159200000,0.110356,1700000.0,163400000,0.113268,36320000,127000000,0.088035,0.75282,0.75282,168700000,168700000,https://www.sec.gov/Archives/edgar/data/859163/000085916314000035/0000859163-14-000035-index.html,https://www.sec.gov/Archives/edgar/data/859163/000085916314000035/avx-20140331x10k.htm
0,2013-03-31,AVX,2013-05-22 00:00:00,2013-05-22 16:02:11,FY,1414400000,1150600000,263800000,0.18651,0.0,383600000,0.0,0.0,383600000.0000001,1275145000,2262000.0,46900000,-64148000,-0.045354,-119800000,-0.0847,1800000.0,-113300000,-0.080105,-49010000,-64300000,-0.045461,-0.38025,-0.38025,169100000,169100000,https://www.sec.gov/Archives/edgar/data/859163/000085916313000022/0000859163-13-000022-index.html,https://www.sec.gov/Archives/edgar/data/859163/000085916313000022/avx-20130331x10k.htm
0,2012-03-31,AVX,2012-05-24 00:00:00,2012-05-24 16:16:07,FY,1545300000,1153300000,392000000,0.253672,0.0,216400000,0.0,0.0,216400000.0000001,1269703000,707000.0,46900000,227507000,0.147225,175600000,0.113635,-1700000.0,179900000,0.116418,27100000,152800000,0.09888,0.8983,0.8983,170100000,170100000,https://www.sec.gov/Archives/edgar/data/859163/000085916312000024/0000859163-12-000024-index.html,https://www.sec.gov/Archives/edgar/data/859163/000085916312000024/avxform10kfy12.htm
0,2011-03-31,AVX,2011-05-20 00:00:00,2011-05-20 10:41:48,FY,1653200000,1195800000,457400000,0.276676,0.0,132500000,0.0,0.0,132500000,1319677000,0.0,47600000,381856000,0.23098,324900000,0.196528,2800000.0,334300000,0.202214,90256000,244000000,0.147593,1.43192,1.43192,170400000,170400000,https://www.sec.gov/Archives/edgar/data/859163/000085916311000013/0000859163-11-000013-index.html,https://www.sec.gov/Archives/edgar/data/859163/000085916311000013/avxform10kfy11.htm
0,2010-03-31,AVX,2010-05-20 00:00:00,2010-05-20 15:52:31,FY,1305000000,1026800000,278200000,0.21318,0.0,108500000,0.0,0.0,107500000,1135895000,111000.0,58200000,234710000,0.179854,170700000,0.130805,-1300000.0,176400000,0.135172,33499000,142900000,0.109502,0.83911,0.83911,170300000,170300000,https://www.sec.gov/Archives/edgar/data/859163/000085916310000020/0000859163-10-000020-index.html,https://www.sec.gov/Archives/edgar/data/859163/000085916310000020/avxform10kfy10.htm
0,2009-03-31,AVX,2009-05-20 00:00:00,2009-05-20 17:06:26,FY,1389600000,1173300000,216300000,0.155656,0.0,140100000,0.0,0.0,139600000.00000015,1280093000,139000.0,66200000,163432000,0.117611,76700000,0.055196,-600000.0,97100000,0.069876,16293000,80800000,0.058146,0.47335,0.47335,170700000,170700000,https://www.sec.gov/Archives/edgar/data/859163/000085916309000117/0000859163-09-000117-index.html,https://www.sec.gov/Archives/edgar/data/859163/000085916309000117/form10kfy09.htm
0,2008-03-31,AVX,2008-05-19 00:00:00,2008-05-19 17:00:40,FY,1619300000,1330900000,288400000,0.178102,0.0,126800000,0.0,0.0,127299999.99999996,1455729000,456000.0,55500000,259348000,0.160161,161100000,0.099487,-500000.0,203400000,0.12561,53892000,149500000,0.092324,0.86868,0.86868,172100000,172100000,https://www.sec.gov/Archives/edgar/data/859163/000085916308000101/0000859163-08-000101-index.html,https://www.sec.gov/Archives/edgar/data/859163/000085916308000101/form10kfy08.htm
0,2007-05-21,AVX,2007-05-21,2007-05-21 16:58:22,FY,1498495000,1201337000,297158000,0.19830429864630847,0.0,116482000,0.0,0.0,116482000,1317819000,0.0,53859000,234535000,0.15651370208108803,180676000,0.12057164021234638,0.0,217566000,0.145189673639218,63701000,153865000,0.10267968862091632,0.89068,0.89068,172047000,172751000,https://www.sec.gov/Archives/edgar/data/859163/000085916307000122/0000859163-07-000122-index.htm,https://www.sec.gov/Archives/edgar/data/859163/000085916307000122/form10kfy07.htm
0,2007-03-31,AVX,2007-05-21 00:00:00,2007-05-21 16:58:22,FY,1498500000,1201300000,297200000,0.198332,0.0,116500000,0.0,0.0,116500000,0.0,0.0,53900000,0.0,0.0,180700000,0.120587,-3100000.0,217600000,0.145212,0.0,153900000,0.102703,0.89063,0.89063,172800000,172800000,https://www.sec.gov/Archives/edgar/data/859163/000085916307000122/0000859163-07-000122-index.html,https://www.sec.gov/Archives/edgar/data/859163/000085916307000122/form10kfy07.htm
0,2006-03-31,AVX,2006-05-30,2006-05-30 16:46:02,FY,1333200000,1125900000,207300000,0.155491,0.0,111100000,0.0,0.0,111099999.99999991,1237027000,1454000.0,65000000,186122000,0.139605,96200000,0.072157,1900000.0,119600000,0.089709,37868000,81800000,0.061356,0.47256,0.47256,173100000,173100000,https://www.sec.gov/Archives/edgar/data/859163/000085916306000102/avxfy06form10-k.htm,https://www.sec.gov/Archives/edgar/data/859163/000085916306000102/avxfy06form10-k.htm
0,2005-03-31,AVX,2005-06-14,2005-06-14 15:13:51,FY,1283200000,1105200000,178000000,0.138716,0.0,107400000,0.0,0.0,107399999.99999987,1212593000,376000.0,80700000,169088000,0.131771,70600000,0.055019,5100000.0,88000000,0.068579,32312000,55700000,0.043407,0.3203,0.3203,173900000,173900000,https://www.sec.gov/Archives/edgar/data/859163/000085916305000094/fy0510k.htm,https://www.sec.gov/Archives/edgar/data/859163/000085916305000094/fy0510k.htm
0,2004-03-31,AVX,2004-06-14,2004-06-14 15:42:02,FY,1136600000,1193800000,-57200000,-0.050326,0.0,85500000,0.0,0.0,85600000.00000013,1164419000,391000.0,93800000,-37474000,-0.03297,-142800000,-0.125638,0.0,-131700000,-0.115872,-24065000,-107600000,-0.094668,-0.61982,-0.61982,173600000,173600000,https://www.sec.gov/Archives/edgar/data/859163/000085916304000091/fy0410k.htm,https://www.sec.gov/Archives/edgar/data/859163/000085916304000091/fy0410k.htm
0,2003-03-31,AVX,2003-06-18,2003-06-18 08:46:59,FY,1134100000,1067900000,66200000,0.058372,0.0,92000000,0.0,0.0,92099999.99999991,1159980000,1255000.0,119900000,108755000,0.095895,-25900000,-0.022837,-700000.0,-10400000,-0.00917,0.0,-12400000,-0.010934,-0.07114,-0.07114,174300000,174300000,https://www.sec.gov/Archives/edgar/data/859163/000085916303000020/fy0310k.htm,https://www.sec.gov/Archives/edgar/data/859163/000085916303000020/fy0310k.htm
0,2002-03-31,AVX,2002-06-21,2002-06-21 15:09:54,FY,1250000000,1171300000,78700000,0.06296,0.0,103700000,0.0,0.0,103700000.00000004,1250403000,1851000.0,138500000,133377000,0.106702,-25100000,-0.02008,1800000.0,-7000000.0,-0.0056,226000.0,-7200000.0,-0.00576,-0.04121,-0.04121,174700000,174700000,https://www.sec.gov/Archives/edgar/data/859163/000085916302000007/r10k-0302.htm,https://www.sec.gov/Archives/edgar/data/859163/000085916302000007/r10k-0302.htm
0,2001-03-31,AVX,2001-06-27,2001-06-27 00:00:00,FY,2608100000,1634300000,973800000,0.373375,0.0,149300000,0.0,0.0,149299999.99999994,1783565000,2320000.0,135900000,979443000,0.375539,824500000,0.316131,1600000.0,841300000,0.322572,273723000,567500000,0.217591,3.2153,3.2153,176500000,176500000,https://www.sec.gov/Archives/edgar/data/859163/000085916301500009/r10k-033101.htm,https://www.sec.gov/Archives/edgar/data/859163/000085916301500009/r10k-033101.htm
0,2000-03-31,AVX,,,FY,1630300000,1289700000,340500000,0.208857,0.0,119300000,0.0,0.0,119299999.99999996,0.0,0.0,99300000,0.0,0.0,221200000,0.135681,4100000.0,232100000,0.142366,0.0,156900000,0.09624,0.89657,0.89657,175000000,175000000,,
0,1999-03-31,AVX,,,FY,1245500000,1078100000,167400000,0.134404,0.0,114100000,0.0,0.0,114100000.00000013,0.0,0.0,94700000,0.0,0.0,53300000,0.042794,1700000.0,60700000,0.048735,0.0,41500000,0.03332,0.23823,0.23823,174200000,174200000,,
0,1998-03-31,AVX,,,FY,1267700000,970200000,297400000,0.234598,0.0,110700000,0.0,0.0,110799999.99999996,0.0,0.0,87700000,0.0,0.0,186700000,0.147275,1400000.0,197400000,0.155715,0.0,134700000,0.106255,0.76274,0.76274,176600000,176600000,,
0,1997-03-31,AVX,,,FY,1126200000,851900000,274300000,0.243562,0.0,102400000,0.0,0.0,102300000.00000007,0.0,0.0,82200000,0.0,0.0,171900000,0.152637,1000000.0,178400000,0.158409,0.0,121300000,0.107707,0.68881,0.68881,176100000,176100000,,
