,date,symbol,fillingDate,acceptedDate,period,revenue,costOfRevenue,grossProfit,grossProfitRatio,researchAndDevelopmentExpenses,generalAndAdministrativeExpenses,sellingAndMarketingExpenses,otherExpenses,operatingExpenses,costAndExpenses,interestExpense,depreciationAndAmortization,ebitda,ebitdaratio,operatingIncome,operatingIncomeRatio,totalOtherIncomeExpensesNet,incomeBeforeTax,incomeBeforeTaxRatio,incomeTaxExpense,netIncome,netIncomeRatio,eps,epsdiluted,weightedAverageShsOut,weightedAverageShsOutDil,link,finalLink
0,2018-12-31,CARB,2019-02-28 00:00:00,2019-02-28 16:02:25,FY,296408000,85383000,211025000,0.711940973253,57467000,50547000,85637000,13707000,207358000,292741000,11556000,50292000,53959000,0.182042994791,3667000.0,0.0123714609592,227000.0,-5785000.0,-0.0195170170846,-13347000,7562000.0,0.0255121319263,0.22457,0.22457,31036000,33673000,https://www.sec.gov/Archives/edgar/data/1340127/000134012719000061/0001340127-19-000061-index.html,https://www.sec.gov/Archives/edgar/data/1340127/000134012719000061/carbonite10-k12312018.htm
0,2017-12-31,CARB,2018-03-12 00:00:00,2018-03-12 16:09:14,FY,239462000,70067000,169395000,0.70739825108,46160000,43331000,90922000,1047000.0,181460000,251527000,7191000.0,26165000,14100000,0.0588819938028,-12065000,-0.0503837769667,1252000.0,-17679000,-0.0738279977616,-13677000,-4002000.0,-0.016712463773,-0.14407,-0.14407,27779000,27779098,https://www.sec.gov/Archives/edgar/data/1340127/000134012718000037/0001340127-18-000037-index.html,https://www.sec.gov/Archives/edgar/data/1340127/000134012718000037/carbonite10-k12312017.htm
0,2016-12-31,CARB,2017-03-16 00:00:00,2017-03-16 17:23:22,FY,206986000,60937000,146049000,0.705598446272,33298000,41332000,73347000,856000.0,148833000,209770000,0.0,15869000,13085000,0.0632168359213,-2784000.0,-0.0134501850367,68000.0,-2716000.0,-0.0131216604022,1383000.0,-4099000.0,-0.0198032717189,-0.15165,-0.15165,27029000,27028636,https://www.sec.gov/Archives/edgar/data/1340127/000134012717000050/0001340127-17-000050-index.html,https://www.sec.gov/Archives/edgar/data/1340127/000134012717000050/carbonite10-k12312016.htm
0,2015-12-31,CARB,2016-03-08 00:00:00,2016-03-08 17:05:59,FY,136616000,38784000,97832000,0.716109386895,28085000,37265000,53671000,469000.0,119490000,158274000,0.0,13643000,-8015000.0,-0.0586680915852,-21658000,-0.15853194355,145000.0,-21513000,-0.157470574457,102000.0,-21615000,-0.158217192715,-0.79502,-0.79502,26977919,27187910,https://www.sec.gov/Archives/edgar/data/1340127/000134012716000153/0001340127-16-000153-index.html,https://www.sec.gov/Archives/edgar/data/1340127/000134012716000153/carbonite10-k12312015.htm
0,2014-12-31,CARB,2015-03-10,2015-03-10 17:19:54,FY,122620000,38567000,84053000,0.685475452618,24132000,17862000,49882000,762000.0,92638000,131205000,0.0,12503000,3918000.0,0.0319523731855,-8585000.0,-0.0700130484423,-398000.0,-8983000.0,-0.073258848475,367000.0,-9350000.0,-0.0762518349372,-0.34866,-0.34866,26977919,26816879,https://www.sec.gov/Archives/edgar/data/1340127/000134012715000011/0001340127-15-000011-index.htm,https://www.sec.gov/Archives/edgar/data/1340127/000134012715000011/carbonite1231201410k.htm
0,2013-12-31,CARB,2014-03-05,2014-03-05 16:06:40,FY,107194000,34881000,72313000,0.674599324589,20919000,14275000,47349000,322000.0,82865000,117746000,0.0,12603000,2051000.0,0.0191335335933,-10552000,-0.0984383454298,0.0,-10550000,-0.0984196876691,55000.0,-10605000,-0.0989327760882,-0.40529,-0.40529,26977919,26166554,https://www.sec.gov/Archives/edgar/data/1340127/000119312514084500/0001193125-14-084500-index.htm,https://www.sec.gov/Archives/edgar/data/1340127/000119312514084500/d650354d10k.htm
0,2012-12-31,CARB,2013-03-06 00:00:00,2013-03-06 17:08:50,FY,84043000,29060000,54983000,0.65422462311,19925000,9928000.0,42719000,1345000.0,73917000,102977000,0.0,10957000,-7977000.0,-0.0949156979165,-18934000,-0.22528943517,0.0,-18896000,-0.224837285675,40000.0,-18936000,-0.225313232512,-0.7425,-0.7425,26977919,25503068,https://www.sec.gov/Archives/edgar/data/1340127/000119312513094067/0001193125-13-094067-index.html,https://www.sec.gov/Archives/edgar/data/1340127/000119312513094067/d442006d10k.htm
0,2011-12-31,CARB,2012-03-07 00:00:00,2012-03-07 17:24:38,FY,60512000,23202000,37310000,0.6165719196192491,16511000,6631000.0,37722000,-12000.0,60864000,84066000,0.0,7870000.0,-15684000,-0.25918826017979907,-23554000,-0.3892451084082496,0.0,-23513000,-0.38856755684822847,-23000.0,-23536000,-0.3889476467477525,-0.92287,-0.92287,26977919,25503068,https://www.sec.gov/Archives/edgar/data/1340127/000119312512101462/0001193125-12-101462-index.html,https://www.sec.gov/Archives/edgar/data/1340127/000119312512101462/d277280d10k.htm
