,date,symbol,fillingDate,acceptedDate,period,revenue,costOfRevenue,grossProfit,grossProfitRatio,researchAndDevelopmentExpenses,generalAndAdministrativeExpenses,sellingAndMarketingExpenses,otherExpenses,operatingExpenses,costAndExpenses,interestExpense,depreciationAndAmortization,ebitda,ebitdaratio,operatingIncome,operatingIncomeRatio,totalOtherIncomeExpensesNet,incomeBeforeTax,incomeBeforeTaxRatio,incomeTaxExpense,netIncome,netIncomeRatio,eps,epsdiluted,weightedAverageShsOut,weightedAverageShsOutDil,link,finalLink
0,2020-06-30,AOSL,2020-09-02,2020-09-02 17:02:09,FY,464909000,362178000,102731000,0.22097,51252000,64816000,0.0,600000.0,116668000,478846000,-3972000.0,45090000,34870000,0.075004,-13937000,-0.029978,-3972000.0,-17909000,-0.038522,348000.0,-6596000.0,-0.014188,-0.26554,-0.26554,24840000,24840000,https://www.sec.gov/Archives/edgar/data/1387467/000138746720000047/0001387467-20-000047-index.htm,https://www.sec.gov/Archives/edgar/data/1387467/000138746720000047/aosl630202010k.htm
0,2019-06-30,AOSL,2019-08-23 00:00:00,2019-08-23 15:30:49,FY,450920000,335542000,115378000,0.255872,46431000,75967000,0.0,0.0,122398000.00000001,457940000,6905000.0,32038000,42060000,0.093276,-7020000.0,-0.015568,0.0,-13382000,-0.029677,1256000.0,1861000.0,0.004127,0.07535,0.07535,24698000,24698000,https://www.sec.gov/Archives/edgar/data/1387467/000138746719000040/0001387467-19-000040-index.html,https://www.sec.gov/Archives/edgar/data/1387467/000138746719000040/aosl630201910k.htm
0,2018-06-30,AOSL,2018-08-23 00:00:00,2018-08-23 15:42:19,FY,421553000,309625000,111928000,0.265513,37344000,66164000,0.0,0.0,103507999.99999999,413133000,821000.0,29419000,45211000,0.107249,8420000.0,0.019974,0.0,5656000.0,0.013417,708000.0,14263000,0.033834,0.5741,0.5741,24844000,24844000,https://www.sec.gov/Archives/edgar/data/1387467/000138746718000046/0001387467-18-000046-index.html,https://www.sec.gov/Archives/edgar/data/1387467/000138746718000046/aosl630201810k.htm
0,2017-06-30,AOSL,2017-09-05 00:00:00,2017-09-05 16:08:52,FY,383337000,291516000,91821000,0.239531,29835000,48842000,0.0,0.0,78676999.99999996,370192999.99999994,91000.0,27188000,44760000,0.116764,13144000,0.034288,0.0,12912000,0.033683,3652000.0,13829000,0.036075,0.55704,0.55704,24826000,24826000,https://www.sec.gov/Archives/edgar/data/1387467/000138746717000057/0001387467-17-000057-index.html,https://www.sec.gov/Archives/edgar/data/1387467/000138746717000057/aosl630201710k.htm
0,2016-06-30,AOSL,2016-08-26,2016-08-26 17:17:34,FY,335661000,269839000,65822000,0.196097,26006000,37874000,0.0,432000.0,64312000.00000001,334151000,23000.0,27303000,28419000,0.084666,1510000.0,0.004499,0.0,989000.0,0.002946,4021000.0,-2928000.0,-0.008723,-0.13041,-0.13041,22452000,22452000,https://www.sec.gov/Archives/edgar/data/1387467/000138746716000204/aosl630201610k.htm,https://www.sec.gov/Archives/edgar/data/1387467/000138746716000204/aosl630201610k.htm
0,2015-06-30,AOSL,2015-08-27 00:00:00,2015-08-27 15:22:04,FY,327935000,267453000,60482000,0.184433,27075000,37625000,0.0,0.0,64700000.00000005,332153000.00000006,181000.0,27547000,24034000,0.073289,-4218000.0,-0.012862,0.0,-3866000.0,-0.011789,4069000.0,-7763000.0,-0.023672,-0.29373,-0.29373,26429000,26429000,https://www.sec.gov/Archives/edgar/data/1387467/000138746715000074/0001387467-15-000074-index.html,https://www.sec.gov/Archives/edgar/data/1387467/000138746715000074/aosl630201510k.htm
0,2014-06-30,AOSL,2014-08-29 00:00:00,2014-08-29 14:40:56,FY,318100000,259100000,59100000,0.185791,24400000,34600000,0.0,0.0,58899999.99999998,318000000,266000.0,27880000,28019000,0.088082,100000.0,0.000314,0.0,-300000.0,-0.000943,2973000.0,-3100000.0,-0.009745,-0.11923,-0.11923,26000000,26000000,https://www.sec.gov/Archives/edgar/data/1387467/000138746714000104/0001387467-14-000104-index.html,https://www.sec.gov/Archives/edgar/data/1387467/000138746714000104/aosl630201410k.htm
0,2013-06-30,AOSL,2013-08-30 00:00:00,2013-08-30 15:14:55,FY,337400000,272900000,64600000,0.191464,27800000,35500000,0.0,2557000.0,65800000.00000001,338700000,372000.0,29360000,28133000,0.083382,-1300000.0,-0.003853,0.0,-1600000.0,-0.004742,4001000.0,-5600000.0,-0.016598,-0.22134,-0.22134,25300000,25300000,https://www.sec.gov/Archives/edgar/data/1387467/000138746713000080/0001387467-13-000080-index.html,https://www.sec.gov/Archives/edgar/data/1387467/000138746713000080/aosl630201310k.htm
0,2012-06-30,AOSL,2012-08-31 00:00:00,2012-08-31 16:38:19,FY,342300000,259100000,83200000,0.243062,30600000,35800000,0.0,0.0,66500000,325600000,342000.0,25260000,42083000,0.122942,16700000,0.048788,0.0,16500000,0.048203,3581000.0,12900000,0.037686,0.50391,0.50391,25600000,25600000,https://www.sec.gov/Archives/edgar/data/1387467/000138746712000031/0001387467-12-000031-index.html,https://www.sec.gov/Archives/edgar/data/1387467/000138746712000031/aosl630201210k.htm
