,date,symbol,fillingDate,acceptedDate,period,revenue,costOfRevenue,grossProfit,grossProfitRatio,researchAndDevelopmentExpenses,generalAndAdministrativeExpenses,sellingAndMarketingExpenses,otherExpenses,operatingExpenses,costAndExpenses,interestExpense,depreciationAndAmortization,ebitda,ebitdaratio,operatingIncome,operatingIncomeRatio,totalOtherIncomeExpensesNet,incomeBeforeTax,incomeBeforeTaxRatio,incomeTaxExpense,netIncome,netIncomeRatio,eps,epsdiluted,weightedAverageShsOut,weightedAverageShsOutDil,link,finalLink
0,2018-12-31,ELLI,2019-03-01 00:00:00,2019-03-01 16:02:31,FY,480266000,199925000,280341000,0.583720271683,88150000,97077000,84234000,0.0,269461000,469386000,0.0,80615000,91495000,0.190509009591,10880000,0.0226541125126,3920000.0,14800000,0.0308162559915,-7775000.0,22575000,0.0470052012843,0.63082,0.63082,34441000,35787000,https://www.sec.gov/Archives/edgar/data/1122388/000112238819000013/0001122388-19-000013-index.html,https://www.sec.gov/Archives/edgar/data/1122388/000112238819000013/elli-20181231x10k.htm
0,2017-12-31,ELLI,2018-03-01 00:00:00,2018-03-01 16:31:12,FY,417042000,160910000,256132000,0.614163561464,69266000,79686000,65042000,0.0,213994000,374904000,0.0,44293000,86431000,0.207247711262,42138000,0.101040183003,3256000.0,45394000,0.108847550127,-7456000.0,52850000,0.126725845359,1.47603,1.47603,34056962,35805524,https://www.sec.gov/Archives/edgar/data/1122388/000112238818000010/0001122388-18-000010-index.html,https://www.sec.gov/Archives/edgar/data/1122388/000112238818000010/elli-20171231x10k.htm
0,2016-12-31,ELLI,2017-02-22 00:00:00,2017-02-21 20:58:32,FY,360285000,120145000,240140000,0.666527887645,58501000,71318000,54704000,989000.0,184523000,304668000,0.0,27005000,82622000,0.229324007383,55617000,0.154369457513,989000.0,56606000,0.157114506571,18830000,37776000,0.104850326825,1.15171,1.15171,31179857,32799785,https://www.sec.gov/Archives/edgar/data/1122388/000112238817000011/0001122388-17-000011-index.html,https://www.sec.gov/Archives/edgar/data/1122388/000112238817000011/elli-20161231x10k.htm
0,2015-12-31,ELLI,2016-02-25 00:00:00,2016-02-25 16:57:21,FY,253937000,84208000,169729000,0.668390191268,40451000,57212000,38208000,619000.0,135871000,220079000,93000.0,17055000,50913000,0.200494610868,33858000,0.133332283204,619000.0,34477000,0.135769895683,12219000,22258000,0.0876516616326,0.72166,0.72166,29179352,30842584,https://www.sec.gov/Archives/edgar/data/1122388/000112238816000074/0001122388-16-000074-index.html,https://www.sec.gov/Archives/edgar/data/1122388/000112238816000074/elli-20151231x10k.htm
0,2014-12-31,ELLI,2015-03-02,2015-03-02 15:58:49,FY,161537000,46283000,115254000,0.713483598185,28228000,39361000,26544000,488000.0,94133000,140416000,69000.0,9700000.0,30821000,0.190798392938,21121000,0.130750230597,488000.0,21609000,0.133771210311,6786000.0,14823000,0.0917622588014,0.50088,0.50088,27858828,29593873,https://www.sec.gov/Archives/edgar/data/1122388/000112238815000021/0001122388-15-000021-index.htm,https://www.sec.gov/Archives/edgar/data/1122388/000112238815000021/elli20141231-10k.htm
0,2013-12-31,ELLI,2014-03-14,2014-03-13 18:04:15,FY,128481000,32748000,95733000,0.745114063558,24695000,30853000,21331000,460000.0,76879000,109627000,135000.0,8007000.0,26861000,0.209065931928,18854000,0.146745433177,460000.0,19314000,0.150325729096,6738000.0,12576000,0.0978821771312,0.44123,0.44123,26581962,28502403,https://www.sec.gov/Archives/edgar/data/1122388/000112238814000011/0001122388-14-000011-index.htm,https://www.sec.gov/Archives/edgar/data/1122388/000112238814000011/elli20131231-10k.htm
0,2012-12-31,ELLI,2013-03-01 00:00:00,2013-03-01 16:52:56,FY,101845000,23114000,78731000,0.773047277726,18053000,21601000,17887000,-43000.0,57541000,80655000,0.0,4965000.0,26155000,0.256811821886,21190000,0.208061269576,-43000.0,21147000,0.207639059355,1683000.0,19464000,0.191113947666,0.76218,0.76218,23523222,25537192,https://www.sec.gov/Archives/edgar/data/1122388/000112238813000011/0001122388-13-000011-index.html,https://www.sec.gov/Archives/edgar/data/1122388/000112238813000011/elli201210k.htm
0,2011-12-31,ELLI,2012-03-28 00:00:00,2012-03-28 17:03:24,FY,55494000,15784000,39710000,0.715572854723,12975000,12900000,12126000,0.0,38001000,53785000,83000.0,2940000.0,4649000.0,0.0837748225033,1709000.0,0.0307961221033,76000.0,1785000.0,0.0321656395286,-1835000.0,3620000.0,0.0652322773633,0.17531,0.17531,15618053,20649451,https://www.sec.gov/Archives/edgar/data/1122388/000119312512137569/0001193125-12-137569-index.html,https://www.sec.gov/Archives/edgar/data/1122388/000119312512137569/d277364d10k.htm
