,date,symbol,fillingDate,acceptedDate,period,revenue,costOfRevenue,grossProfit,grossProfitRatio,researchAndDevelopmentExpenses,generalAndAdministrativeExpenses,sellingAndMarketingExpenses,otherExpenses,operatingExpenses,costAndExpenses,interestExpense,depreciationAndAmortization,ebitda,ebitdaratio,operatingIncome,operatingIncomeRatio,totalOtherIncomeExpensesNet,incomeBeforeTax,incomeBeforeTaxRatio,incomeTaxExpense,netIncome,netIncomeRatio,eps,epsdiluted,weightedAverageShsOut,weightedAverageShsOutDil,link,finalLink
0,2020-10-03,PLXS,2020-11-20,2020-11-20 08:22:45,FY,3390394000,3077688000,312706000,0.09223293811869653,0.0,0.0,153331000,0.0,153331000,3231019000,16162000,56690000,210062000,0.06195799072320208,153372000,0.045237220216883346,12725000,135397000,0.039935476525737125,17918000,117479000,0.03465054503989802,4.023942455899983,4.023942455899983,29195000,29793000,https://www.sec.gov/Archives/edgar/data/785786/000078578620000102/0000785786-20-000102-index.htm,https://www.sec.gov/Archives/edgar/data/785786/000078578620000102/plxs-20201003.htm
0,2019-09-28,PLXS,2019-11-15,2019-11-15 07:35:34,FY,3164434000,2872596000,291838000,0.092224391470955,0.0,148105000,148105000,0.0,149782999.9999999,3022379000,12853000,52206000,184014000,0.058151,142055000,0.044891,-5196000.0,125955000,0.039803,10339000,108616000,0.034324,3.4954,3.4954,30271000,31074000,https://www.sec.gov/Archives/edgar/data/785786/000078578619000059/0000785786-19-000059-index.htm,https://www.sec.gov/Archives/edgar/data/785786/000078578619000059/plxsf1910-k.htm
0,2018-09-29,PLXS,2018-11-16,2018-11-16 11:41:26,FY,2873508000,2615908000,257600000,0.08964652264757919,0.0,139317000,139317000,0.0,139317000,2755225000,12226000,48296000,168132000,0.058511,118283000,0.041163,-3143000.0,107610000,0.037449,94570000,13040000,0.004538,0.38445,0.38445,33003000,33919000,https://www.sec.gov/Archives/edgar/data/785786/000078578618000051/0000785786-18-000051-index.htm,https://www.sec.gov/Archives/edgar/data/785786/000078578618000051/plxsf1810-k.htm
0,2017-09-30,PLXS,2017-11-17,2017-11-17 12:10:28,FY,2528052000,2272197000,255855000,0.10120638341299941,0.0,125947000,0.0,451000.0,0.0,2398144000,13578000,0.0,180731000,0.07149022251124582,129908000,0.048188486629230726,451000.0,121823000,0.048188486629230726,9761000.0,112062000,0.04432741098679932,3.33,3.24,33612000,34553000,https://www.sec.gov/Archives/edgar/data/785786/000078578617000049/0000785786-17-000049-index.htm,https://www.sec.gov/Archives/edgar/data/785786/000078578617000049/plxsf1710-k.htm
0,2016-10-01,PLXS,2016-11-18,2016-11-18 16:42:45,FY,2556004000,2328645000,227359000,0.08895095625828442,0.0,120886000,120886000,0.0,127920000.00000007,2456565000,14635000,47414000,149443000,0.058467,99439000,0.038904,-1652000.0,87394000,0.034192,10967000,76427000,0.029901,2.24139,2.24139,33374000,34098000,https://www.sec.gov/Archives/edgar/data/785786/000078578616000110/0000785786-16-000110-index.htm,https://www.sec.gov/Archives/edgar/data/785786/000078578616000110/plxsf1610-k.htm
0,2015-10-03,PLXS,2015-11-20,2015-11-20 11:40:31,FY,2654290000,2414740000,239550000,0.09025012338516138,0.0,122423000,122423000,0.0,124114000.00000003,2538854000,13964000,48378000,168637000,0.063534,115436000,0.04349,1324000.0,106295000,0.040046,11963000,94332000,0.035539,2.74388,2.74388,33618000,34379000,https://www.sec.gov/Archives/edgar/data/785786/000078578615000044/0000785786-15-000044-index.htm,https://www.sec.gov/Archives/edgar/data/785786/000078578615000044/plxsf1510-k.htm
0,2014-09-27,PLXS,2014-11-17,2014-11-17 11:09:47,FY,2378200000,2152700000,225500000,0.09481961147086032,0.0,113700000,113682000,0.0,124900000.00000009,2277600000,12295000,47900000,153507000,0.064548,100600000,0.042301,2100000.0,93300000,0.039231,6112000.0,87200000,0.036666,2.51297,2.51297,33785000,34655000,https://www.sec.gov/Archives/edgar/data/785786/000078578614000044/0000785786-14-000044-index.htm,https://www.sec.gov/Archives/edgar/data/785786/000078578614000044/plxsf1410-k.htm
0,2013-09-28,PLXS,2013-11-22,2013-11-22 10:02:05,FY,2228000000,2014800000,213200000,0.09569120287253143,0.0,116600000,116562000,0.0,116600000.00000013,2131400000.0000002,12638000,49500000,147162000,0.066051,96600000,0.043357,-600000.0,85000000,0.038151,2724000.0,82300000,0.036939,2.35817,2.35817,34330000,34892000,https://www.sec.gov/Archives/edgar/data/785786/000078578613000043/0000785786-13-000043-index.htm,https://www.sec.gov/Archives/edgar/data/785786/000078578613000043/plxsf1310-k.htm
0,2012-09-29,PLXS,2012-11-19,2012-11-19 15:55:25,FY,2306700000,2086800000,219900000,0.09533099232670048,0.0,115800000,115754000,0.0,115799999.99999973,2202599999.9999995,16064000,49199999.99999999,156506000,0.067848,104200000,0.045173,1400000.0,91200000,0.039537,29142000,62100000,0.026922,1.7493,1.7493,34874000,35529000,https://www.sec.gov/Archives/edgar/data/785786/000078578612000018/0000785786-12-000018-index.htm,https://www.sec.gov/Archives/edgar/data/785786/000078578612000018/plxsf1210-k.htm
0,2011-10-01,PLXS,2011-11-17,2011-11-17 15:00:52,FY,2231200000,2016500000,214700000,0.09622624596629617,0.0,112700000,113563000,0.0,113599999.99999991,2130100000,11649000,46600000,150396000,0.067406,101200000,0.045357,1200000.0,92100000,0.041278,2847000.0,89300000,0.040023,2.30155,2.30155,38063000,38800000,https://www.sec.gov/Archives/edgar/data/785786/000119312511315563/0001193125-11-315563-index.htm,https://www.sec.gov/Archives/edgar/data/785786/000119312511315563/d255138d10k.htm
0,2010-10-02,PLXS,2010-11-19,2010-11-18 20:11:31,FY,2013400000,1806500000,206900000,0.10276149796364359,0.0,107300000,107270000,0.0,107200000.00000004,1913700000,-8200000.0,40000000,118111000,0.058662,99700000,0.049518,-1100000.0,90400000,0.044899,-3189000.0,89500000,0.044452,2.19363,2.19363,40051000,40831000,https://www.sec.gov/Archives/edgar/data/785786/000095012310107157/0000950123-10-107157-index.htm,https://www.sec.gov/Archives/edgar/data/785786/000095012310107157/c61247e10vk.htm
0,2009-10-03,PLXS,2009-11-18,2009-11-18 17:12:22,FY,1616600000,1461800000,154800000,0.09575652604231102,0.0,93100000,93138000,0.0,101799999.99999996,1563600000,10875000,34500000,90767000,0.056147,53100000,0.032847,900000.0,45400000,0.028084,-908000.0,46300000,0.02864,1.16625,1.16625,39411000,39654000,https://www.sec.gov/Archives/edgar/data/785786/000095012309063978/0000950123-09-063978-index.htm,https://www.sec.gov/Archives/edgar/data/785786/000095012309063978/c54669e10vk.htm
0,2008-09-27,PLXS,2008-11-18,2008-11-18 17:09:03,FY,1841600000,1635900000,205700000,0.1116963509991312,0.0,100800000,100815000,0.0,102899999.99999987,1738799999.9999998,6543000.0,29200000,138314000,0.075105,102800000,0.055821,-1300000.0,102600000,0.055712,18471000,84100000,0.045667,1.91572,1.91572,43340000,43850000,https://www.sec.gov/Archives/edgar/data/785786/000095013708013796/0000950137-08-013796-index.htm,https://www.sec.gov/Archives/edgar/data/785786/000095013708013796/c47723e10vk.htm
0,2007-09-29,PLXS,2007-11-21,2007-11-21 10:46:27,FY,1546300000,1382700000,163600000,0.10580094418935523,0.0,82300000,82263000,0.0,84099999.99999991,1466800000,3168000.0,26600000,114004000,0.073727,79400000,0.051348,-1100000.0,84300000,0.054517,18536000,65700000,0.042489,1.40685,1.40685,46312000,46739000,https://www.sec.gov/Archives/edgar/data/785786/000095013707017644/0000950137-07-017644-index.htm,https://www.sec.gov/Archives/edgar/data/785786/000095013707017644/c21739e10vk.htm
0,2006-09-30,PLXS,2006-12-01,2006-12-01 15:04:37,FY,1460557000,1301857000,158700000,0.1086571766798557,0.0,78438000,0.0,0.0,0.0,1380295000,0.0,0.0,103138000,0.07061552544679872,80262000,0.05706863888228943,434000.0,83352000,0.05706863888228943,-17178000,100025000,0.06848414680152846,2.22,2.15,45146000,46490000,https://www.sec.gov/Archives/edgar/data/785786/000095013706013086/0000950137-06-013086-index.htm,https://www.sec.gov/Archives/edgar/data/785786/000095013706013086/c10411e10vk.htm
0,2005-10-01,PLXS,,,FY,1228900000,1123100000,105700000,0.086012,0.0,76300000,0.0,0.0,115500000,1238600000,-800000.0,23900000,12100000,0.009846,-9700000.0,-0.007893,-500000.0,-11000000,-0.008951,1400000.0,-12400000,-0.01009,-0.28571,-0.28571,43400000,43400000,,
0,2004-09-30,PLXS,,,FY,1040858000,954080000,86778000,0.08337160304287425,0.0,68259000,0.0,0.0,0.0,1022339000,0.0,0.0,51796000,0.049762791850569435,18519000,0.007312236635544906,-7828000.0,7611000.0,0.007312236635544906,39191000,-31580000,-0.030340353823480243,-0.74,-0.74,42961000,42961000,,
0,2003-09-30,PLXS,,,FY,807837000,754872000,52965000,0.06556396896898756,0.0,65152000,0.0,0.0,0.0,820024000,0.0,0.0,71668000,0.08871591670101765,-12187000,-0.08878523761600422,-56720000,-71724000,-0.08878523761600422,-27228000,-67978000,-0.08414816355279592,-1.61,-1.61,42284000,42284000,,
0,2002-09-30,PLXS,,,FY,883603000,802283000,81320000,0.09203228146577139,0.0,66921000,0.0,0.0,251000.0,874658000,0.0,5203000.0,56750000,0.06422567601060657,8945000.0,-0.00659345882709769,-11201000,-5826000.0,-0.00659345882709769,-1753000.0,-4073000.0,-0.004609536183104856,-0.1,-0.1,41895000,41895000,,
0,2001-09-30,PLXS,,,FY,1062304000,930514000,131790000,0.12406053257824502,0.0,55844000,0.0,0.0,0.0,990380000,0.0,4022000.0,101924000,0.0959461698346236,71924000,0.061532292074585056,-110000.0,65366000,0.061532292074585056,26216000,39150000,0.0368538572762599,0.95,0.91,41129000,43230000,,
0,2000-09-30,PLXS,,,FY,751639000,644475000,107164000,0.1425737621384734,0.0,35049000,0.0,0.0,0.0,680638000,0.0,1114000.0,87101000,0.11588142712126433,71001000,0.09130579972566617,207000.0,68629000,0.09130579972566617,28433000,40196000,0.05347779984806536,1.12,1.04,36026000,38732000,,
0,1999-09-30,PLXS,,,FY,492414000,426005000,66409000,0.13486415902066148,0.0,26443000,0.0,0.0,-984000.0,451464000,0.0,0.0,54486000,0.11065079384420427,40950000,0.0734118038885978,-3543000.0,36149000,0.0734118038885978,15838000,20311000,0.0412478118006393,0.585,0.55,34646000,37020000,,
0,1998-09-30,PLXS,,,FY,396815000,346869000,49946000,0.1258672177211043,0.0,19024000,0.0,0.0,0.0,365893000,0.0,0.0,36729000,0.09255950505903254,30922000,0.07984577195922533,775000.0,31684000,0.07984577195922533,12449000,19235000,0.04847347000491413,0.655,0.605,29424598,31681282,,
0,1997-09-30,PLXS,,,FY,386431000,342415000,44016000,0.11390390522499488,0.0,17199000,0.0,0.0,0.0,359614000,0.0,0.0,30254000,0.07829082035343955,26817000,0.07007719359989235,1050000.0,27080000,0.07007719359989235,10680000,16400000,0.04243965934410024,0.54,0.52,30028846,31581770,,
0,1996-09-30,PLXS,,,FY,316124000,288791000,27333000,0.08646290696055978,0.0,13346000,0.0,0.0,0.0,302137000,0.0,0.0,17326000,0.05480760714150144,13987000,0.03915235793549367,314000.0,12377000,0.03915235793549367,4946000.0,7431000.0,0.02350659867646873,0.26,0.2575,28580769,28858252,,
0,1995-09-30,PLXS,,,FY,283100000,256200000,26900000,0.09501942776404097,0.0,11300000,0.0,0.0,0.0,270700000,0.0,3200000.0,15300000,0.054044507241257506,12400000,0.03602967149417167,300000.0,10200000,0.03602967149417167,3900000.0,6300000.0,0.02225362062875309,0.2225,0.22,28314607,28636364,,
