,date,symbol,fillingDate,acceptedDate,period,revenue,costOfRevenue,grossProfit,grossProfitRatio,researchAndDevelopmentExpenses,generalAndAdministrativeExpenses,sellingAndMarketingExpenses,otherExpenses,operatingExpenses,costAndExpenses,interestExpense,depreciationAndAmortization,ebitda,ebitdaratio,operatingIncome,operatingIncomeRatio,totalOtherIncomeExpensesNet,incomeBeforeTax,incomeBeforeTaxRatio,incomeTaxExpense,netIncome,netIncomeRatio,eps,epsdiluted,weightedAverageShsOut,weightedAverageShsOutDil,link,finalLink
0,2019-12-31,AMKR,2020-02-19 00:00:00,2020-02-19 14:59:38,FY,4052650000,3403211000,649439000,0.16025,137638000,281933000,0.0,1773000.0,424805000.0000003,3828016000.0000005,-66876000,524177000,615371000,0.151844,224634000,0.055429,2052000.0,159810000,0.039433,37182000,120888000,0.029829,0.50344,0.50344,240122000,240122000,https://www.sec.gov/Archives/edgar/data/1047127/000104712720000006/0001047127-20-000006-index.html,https://www.sec.gov/Archives/edgar/data/1047127/000104712720000006/amkr12311910k.htm
0,2018-12-31,AMKR,2019-02-22 00:00:00,2019-02-22 14:02:14,FY,4316466000,3605901000,710565000,0.164617,157182000,295239000,0.0,-6617000.0,453933000,4059834000,78946000,571961000,834249000,0.193271,256632000,0.059454,5447000.0,185815000,0.043048,56250000,127092000,0.029444,0.53012,0.53012,239741000,239741000,https://www.sec.gov/Archives/edgar/data/1047127/000104712719000007/0001047127-19-000007-index.html,https://www.sec.gov/Archives/edgar/data/1047127/000104712719000007/amkr12311810k.htm
0,2017-12-31,AMKR,2018-02-23 00:00:00,2018-02-23 14:03:28,FY,4207031000,3445952000,761079000,0.180906,166627000,297021000,0.0,11889000,360373999.9999998,3806326000,83839000,581940000,968311000,0.230165,400705000,0.095247,953000.0,307496000,0.073091,38982000,263550000,0.062645,1.09972,1.09972,239651000,239651000,https://www.sec.gov/Archives/edgar/data/1047127/000104712718000009/0001047127-18-000009-index.html,https://www.sec.gov/Archives/edgar/data/1047127/000104712718000009/amkr12311710k.htm
0,2016-12-31,AMKR,2017-02-24 00:00:00,2017-02-24 15:25:16,FY,3927849000,3217958000,709891000,0.180733,117210000,284094000,0.0,-5854000.0,401304000.0000001,3619262000,79668000,555186000,858237000,0.218501,308587000,0.078564,827000.0,229695000,0.058479,47853000,175530000,0.044689,0.73742,0.73742,238034000,238034000,https://www.sec.gov/Archives/edgar/data/1047127/000104712717000011/0001047127-17-000011-index.html,https://www.sec.gov/Archives/edgar/data/1047127/000104712717000011/amkr12311610k.htm
0,2015-12-31,AMKR,2016-02-22 00:00:00,2016-02-22 13:45:25,FY,2884603000,2405338000,479265000,0.166146,82017000,232409000,0.0,82017000,337486999.9999996,2742824999.9999995,81407000,494200000,654740000,0.226978,141778000,0.04915,2122000.0,67912000,0.023543,28035000,51098000,0.017714,0.21545,0.21545,237170000,237170000,https://www.sec.gov/Archives/edgar/data/1047127/000104712716000049/0001047127-16-000049-index.html,https://www.sec.gov/Archives/edgar/data/1047127/000104712716000049/amkr12311510k.htm
0,2014-12-31,AMKR,2015-02-19,2015-02-19 16:58:40,FY,3129400000,2576600000,552800000,0.176647,76900000,254500000,0.0,-24543000,323000000,2899600000,104956000,464700000,733201000,0.234294,229900000,0.073465,3000000.0,136100000,0.043491,33845000,129700000,0.041446,0.54795,0.54795,236700000,236700000,https://www.sec.gov/Archives/edgar/data/1047127/000104712715000010/amkr12311410k.htm,https://www.sec.gov/Archives/edgar/data/1047127/000104712715000010/amkr12311410k.htm
0,2013-12-31,AMKR,2014-02-28,2014-02-28 15:44:40,FY,2956500000,2411900000,544500000,0.18417,64600000,247800000,0.0,2214000.0,324799999.9999997,2736699999.9999995,96739000,410300000,638985000,0.216129,219800000,0.074345,700000.0,124000000,0.041941,22646000,109300000,0.036969,0.46451,0.46451,235300000,235300000,https://www.sec.gov/Archives/edgar/data/1047127/000104712714000006/amkr12311310k.htm,https://www.sec.gov/Archives/edgar/data/1047127/000104712714000006/amkr12311310k.htm
0,2012-12-31,AMKR,2013-03-08 00:00:00,2013-03-08 13:04:18,FY,2759500000,2335700000,423800000,0.153579,54100000,217000000,0.0,92989000,272400000.0000001,2608100000,83974000,370500000,513275000,0.186003,151500000,0.054901,1600000.0,54100000,0.019605,17001000,41800000,0.015148,0.17202,0.17202,243000000,243000000,https://www.sec.gov/Archives/edgar/data/1047127/000104712713000007/0001047127-13-000007-index.html,https://www.sec.gov/Archives/edgar/data/1047127/000104712713000007/amkr12311210k.htm
0,2011-12-31,AMKR,2012-02-24 00:00:00,2012-02-23 18:37:46,FY,2776400000,2285800000,490600000,0.176704,50400000,246500000,0.0,-1030000.0,312399999.99999964,2598199999.9999995,74212000,335600000,508736000,0.183236,178100000,0.064148,1000000.0,100200000,0.03609,7124000.0,91800000,0.033064,0.3354,0.3354,273700000,273700000,https://www.sec.gov/Archives/edgar/data/1047127/000144530512000428/0001445305-12-000428-index.html,https://www.sec.gov/Archives/edgar/data/1047127/000144530512000428/amkr12311110k.htm
0,2010-12-31,AMKR,2011-02-24,2011-02-24 16:42:32,FY,2939500000,2275700000,663800000,0.225821,47500000,242400000,0.0,-619000.0,308000000,2583700000,-105200000,323600000,469412000,0.159691,355800000,0.121041,600000.0,251200000,0.085457,19012000,232000000,0.078925,0.82095,0.82095,282600000,282600000,https://www.sec.gov/Archives/edgar/data/1047127/000095012311017901/p18139e10vk.htm,https://www.sec.gov/Archives/edgar/data/1047127/000095012311017901/p18139e10vk.htm
0,2009-12-31,AMKR,2010-02-24 00:00:00,2010-02-24 17:14:18,FY,2179100000,1698700000,480400000,0.220458,44500000,210900000,0.0,-113000.0,240000000,1938700000,-102396000,305500000,329344000,0.151138,240400000,0.110321,100000.0,126500000,0.058051,-29760000,156000000,0.071589,0.59226,0.59226,263400000,263400000,https://www.sec.gov/Archives/edgar/data/1047127/000095012310016426/0000950123-10-016426-index.html,https://www.sec.gov/Archives/edgar/data/1047127/000095012310016426/p16892e10vk.htm
0,2008-12-31,AMKR,2009-02-24 00:00:00,2009-02-24 16:58:37,FY,2658600000,2086800000,571800000,0.215076,56200000,249600000,0.0,661261000,943299999.9999996,3030099999.9999995,-109980000,309900000,-224992000,-0.084628,-371500000,-0.139735,1000000.0,-425700000,-0.160122,31788000,-456700000,-0.171782,-2.49973,-2.49973,182700000,182700000,https://www.sec.gov/Archives/edgar/data/1047127/000095015309000153/0000950153-09-000153-index.html,https://www.sec.gov/Archives/edgar/data/1047127/000095015309000153/p14091e10vk.htm
0,2007-12-31,AMKR,2008-02-25,2008-02-25 17:27:37,FY,2739400000,2057600000,681900000,0.248923,41700000,254400000,0.0,668000.0,307000000,2364600000,-124099000,283300000,391698000,0.142987,374800000,0.136818,-700000.0,234800000,0.085712,12597000,219900000,0.080273,1.05316,1.05316,208800000,208800000,https://www.sec.gov/Archives/edgar/data/1047127/000095015308000393/p75028e10vk.htm,https://www.sec.gov/Archives/edgar/data/1047127/000095015308000393/p75028e10vk.htm
0,2006-12-31,AMKR,2007-02-26,2007-02-26 17:09:25,FY,2728600000,2053600000,675000000,0.24738,38700000,251100000,0.0,1000000.0,317300000.0000002,2370900000,-154807000,273800000,300301000,0.110057,357700000,0.131093,-700000.0,182500000,0.066884,11208000,170100000,0.06234,0.8522,0.8522,199600000,199600000,https://www.sec.gov/Archives/edgar/data/1047127/000095015307000403/p73489e10vk.htm,https://www.sec.gov/Archives/edgar/data/1047127/000095015307000403/p73489e10vk.htm
0,2005-12-31,AMKR,2006-03-16,2006-03-16 15:06:47,FY,2099900000,1744200000,355800000,0.169437,37300000,293300000,0.0,45592000,325999999.9999998,2070199999.9999998,-521000.0,248600000,105279000,0.050135,29800000,0.014191,100000.0,-145300000,-0.069194,-5600000.0,-137200000,-0.065336,-0.77778,-0.77778,176400000,176400000,https://www.sec.gov/Archives/edgar/data/1047127/000095015306000688/p72010e10vk.htm,https://www.sec.gov/Archives/edgar/data/1047127/000095015306000688/p72010e10vk.htm
0,2004-12-31,AMKR,2005-03-29 00:00:00,2005-03-29 17:13:12,FY,1901300000,1538000000,363300000,0.19108,36700000,224800000,0.0,7577000.0,261500000,1799500000,-148902000,230300000,51590000,0.027134,101800000,0.053542,24400000,-28900000,-0.0152,15192000,-45000000,-0.023668,-0.2567,-0.2567,175300000,175300000,https://www.sec.gov/Archives/edgar/data/1047127/000089322005000695/0000893220-05-000695-index.html,https://www.sec.gov/Archives/edgar/data/1047127/000089322005000695/w06723e10vk.htm
0,2003-12-31,AMKR,2004-03-04 00:00:00,2004-03-04 16:35:47,FY,1603800000,1270600000,333200000,0.207757,30200000,187300000,0.0,0.0,217400000.0000001,1488000000,-140500000,219700000,73600000,0.045891,115800000,0.072204,-31100000,-55800000,-0.034792,-200000.0,-5400000.0,-0.003367,-0.03232,-0.03232,167100000,167100000,https://www.sec.gov/Archives/edgar/data/1047127/000089322004000331/0000893220-04-000331-index.html,https://www.sec.gov/Archives/edgar/data/1047127/000089322004000331/w94279e10vk.txt
0,2002-12-31,AMKR,2003-03-27 00:00:00,2003-03-27 17:13:35,FY,1406200000,1310600000,95600000,0.067985,35900000,175200000,0.0,0.0,512500000,1823100000,-356600000,323300000,-799400000,-0.568482,-416900000,-0.296473,1000000.0,-772500000,-0.549353,60700000,-826800000,-0.587968,-5.03839,-5.03839,164100000,164100000,https://www.sec.gov/Archives/edgar/data/1047127/000089322003000476/0000893220-03-000476-index.html,https://www.sec.gov/Archives/edgar/data/1047127/000089322003000476/w84305e10vk.txt
0,2001-12-31,AMKR,,,FY,1336700000,1284400000,52300000,0.039126,38800000,191100000,0.0,0.0,329399999.9999999,1613799999.9999998,-265600000,440600000,-360500000,-0.269694,-277100000,-0.207302,3600000.0,-539200000,-0.403381,-84600000,-450900000,-0.337323,-2.87015,-2.87015,157100000,157100000,,
0,2000-12-31,AMKR,,,FY,2009700000,1442300000,567400000,0.282331,26100000,179100000,0.0,0.0,269700000.00000006,1712000000,-145600000,323800000,346800000,0.172563,297700000,0.148132,100000.0,152200000,0.075733,14400000,154200000,0.076728,1.00653,1.00653,153200000,153200000,,
0,1999-12-31,AMKR,,,FY,1910000000,1560800000,349200000,0.182827,11400000,144500000,0.0,0.0,174900000.0000001,1735700000,-45700000,176900000,234500000,0.122775,174300000,0.091257,-23300000,105300000,0.055131,26600000,76700000,0.040157,0.56773,0.56773,135100000,135100000,,
0,1998-12-31,AMKR,,,FY,1568000000,1307200000,260800000,0.166327,8300000.0,118400000,0.0,0.0,128000000,1435200000,-22500000,118000000,195700000,0.124809,132700000,0.08463,-9500000.0,100700000,0.064222,24700000,75500000,0.048151,0.64751,0.64751,116600000,116600000,,
