,date,symbol,fillingDate,acceptedDate,period,revenue,costOfRevenue,grossProfit,grossProfitRatio,researchAndDevelopmentExpenses,generalAndAdministrativeExpenses,sellingAndMarketingExpenses,otherExpenses,operatingExpenses,costAndExpenses,interestExpense,depreciationAndAmortization,ebitda,ebitdaratio,operatingIncome,operatingIncomeRatio,totalOtherIncomeExpensesNet,incomeBeforeTax,incomeBeforeTaxRatio,incomeTaxExpense,netIncome,netIncomeRatio,eps,epsdiluted,weightedAverageShsOut,weightedAverageShsOutDil,link,finalLink
0,2019-12-31,FLT,2020-03-02,2020-03-02 16:06:12,FY,2648848000,0.0,2648848000,1.0,0.0,1142685000,204806000,523000.0,1417418000,1417418000,-64718000,274210000,1287311000,0.485989,1231430000,0.464893,-88893000,1077819000,0.406901,182746000,895073000,0.33791,9.93753,9.93753,86401000,90070000,https://www.sec.gov/Archives/edgar/data/1175454/000117545420000008/0001175454-20-000008-index.htm,https://www.sec.gov/Archives/edgar/data/1175454/000117545420000008/flt10-k12312019.htm
0,2018-12-31,FLT,2019-03-01,2019-03-01 16:44:55,FY,2433492000,0.0,2433492000,1.0,0.0,1059460000,182593000,8725000.0,1344892000,1344892000,-145741000,269266000,1218650000,0.500782,1088600000,0.447341,152266000,1095125000,0.450022,283642000,811483000,0.333464,8.80601,8.80601,88750000,92151000,https://www.sec.gov/Archives/edgar/data/1175454/000117545419000004/0001175454-19-000004-index.htm,https://www.sec.gov/Archives/edgar/data/1175454/000117545419000004/flt_10-kx12312018.htm
0,2017-12-31,FLT,2018-03-01,2018-03-01 16:46:14,FY,2249538000,113133000,2136405000,0.949708340112503,0.0,988024000,170717000,61000.0,1255941000,1369074000,-160310000,258448000,991728000,0.440859,880464000,0.391398,173436000,893590000,0.397233,153390000,740200000,0.329045,7.90863,7.90863,91129000,93594000,https://www.sec.gov/Archives/edgar/data/1175454/000117545418000007/0001175454-18-000007-index.htm,https://www.sec.gov/Archives/edgar/data/1175454/000117545418000007/flt_10-kx12312017.htm
0,2016-12-31,FLT,2017-03-01,2017-03-01 16:29:55,FY,1831546000,104345000,1727201000,0.9430290039125416,0.0,770482000,131443000,-690000.0,973048000,1077393000,-108252000,198091000,732758000,0.400076,754153000,0.411758,-2982000.0,642919000,0.351025,190534000,452385000,0.246996,4.75129,4.75129,92597000,95213000,https://www.sec.gov/Archives/edgar/data/1175454/000117545417000005/0001175454-17-000005-index.htm,https://www.sec.gov/Archives/edgar/data/1175454/000117545417000005/flt_10-kx12312016.htm
0,2015-12-31,FLT,2016-02-29,2016-02-29 17:35:54,FY,1702865000,108257000,1594608000,0.9364265517231254,0.0,737863000,109075000,-4242000.0,927073999.9999998,1035330999.9999998,-129007000,190202000,597199000,0.350702,667534000,0.392006,-2523000.0,536004000,0.314766,173573000,362431000,0.212836,3.84996,3.84996,92023000,94139000,https://www.sec.gov/Archives/edgar/data/1175454/000119312516485752/0001193125-16-485752-index.htm,https://www.sec.gov/Archives/edgar/data/1175454/000119312516485752/d18451d10k.htm
0,2014-12-31,FLT,2015-03-02,2015-03-02 17:06:32,FY,1199400000,96300000,1103100000,0.9197098549274637,0.0,454800000,75527000,-29500000,553400000.0000001,649700000.0000001,-37400000,107199999.99999999,582736000,0.485856,549700000,0.458312,700000.0,512900000,0.42763,144236000,368700000,0.307404,4.23793,4.23793,84317000,86982000,https://www.sec.gov/Archives/edgar/data/1175454/000119312515073581/0001193125-15-073581-index.htm,https://www.sec.gov/Archives/edgar/data/1175454/000119312515073581/d831300d10k.htm
0,2013-12-31,FLT,2014-03-03,2014-03-03 16:55:06,FY,895200000,68100000,827100000,0.9239276139410187,0.0,333700000,57346000,602000.0,406400000,474500000,-16500000,66199999.99999999,453268000,0.506332,420600000,0.469839,-600000.0,403600000,0.450849,119068000,284500000,0.317806,3.35891,3.35891,81793000,84655000,https://www.sec.gov/Archives/edgar/data/1175454/000119312514080429/0001193125-14-080429-index.htm,https://www.sec.gov/Archives/edgar/data/1175454/000119312514080429/d634144d10k.htm
0,2012-12-31,FLT,2013-03-01,2013-03-01 17:06:43,FY,707500000,58600000,648900000,0.9171731448763251,0.0,272000000,46429000,1121000.0,324000000,382600000,13017000,46500000,370308000,0.523404,324900000,0.459223,-1100000.0,310800000,0.439293,94591000,216200000,0.305583,2.52275,2.52275,83328000,85736000,https://www.sec.gov/Archives/edgar/data/1175454/000119312513087935/0001193125-13-087935-index.htm,https://www.sec.gov/Archives/edgar/data/1175454/000119312513087935/d454419d10k.htm
0,2011-12-31,FLT,2012-02-29,2012-02-29 17:17:42,FY,519600000,51200000,468400000,0.9014626635873749,0.0,205900000,36606000,15457000,244700000,295900000,-13400000,31100000,228542000,0.439842,223700000,0.430523,600000.0,210900000,0.405889,63542000,147300000,0.283487,1.75986,1.75986,80610000,83654000,https://www.sec.gov/Archives/edgar/data/1175454/000119312512089630/0001193125-12-089630-index.htm,https://www.sec.gov/Archives/edgar/data/1175454/000119312512089630/d282866d10k.htm
