,date,symbol,fillingDate,acceptedDate,period,revenue,costOfRevenue,grossProfit,grossProfitRatio,researchAndDevelopmentExpenses,generalAndAdministrativeExpenses,sellingAndMarketingExpenses,otherExpenses,operatingExpenses,costAndExpenses,interestExpense,depreciationAndAmortization,ebitda,ebitdaratio,operatingIncome,operatingIncomeRatio,totalOtherIncomeExpensesNet,incomeBeforeTax,incomeBeforeTaxRatio,incomeTaxExpense,netIncome,netIncomeRatio,eps,epsdiluted,weightedAverageShsOut,weightedAverageShsOutDil,link,finalLink
0,2019-09-30,CLSK,2019-12-16 00:00:00,2019-12-16 17:05:27,FY,4532780.0,3861090.0,671690.0,0.148185,0.0,7013740.0,0.0,14914608,17304959.999999996,21166049.999999996,9483662.0,3356620.0,-13276648,-2.92903,-16633270,-3.669552,0.0,-26116930,-5.761791,0.0,-26116930,-5.761791,-6.25196,-6.25196,4177400.0,4177400.0,https://www.sec.gov/Archives/edgar/data/827876/000166357719000420/0001663577-19-000420-index.html,https://www.sec.gov/Archives/edgar/data/827876/000166357719000420/clsk.htm
0,2018-09-30,CLSK,,,FY,578640.0,390770.0,187870.0,0.324675,7190.0,3129880.0,0.0,-3830.0,7304890.0,7695660.0,12000.0,2234460.0,-44759710,-77.353294,-7117020.0,-12.299564,0.0,-47006170,-81.235604,0.0,-47006170,-81.235604,-13.61787,-13.61787,3451800.0,3451800.0,,
0,2017-09-30,CLSK,,,FY,447960.0,296300.0,151660.0,0.338557,590.0,1646820.0,0.0,4599337.0,13634480,13930780,2895.0,3318340.0,-10177295,-22.719205,-13482820,-30.098268,0.0,-13498530,-30.133338,0.0,-13498530,-30.133338,-4.19442,-4.19442,3218210.0,3218210.0,,
0,2016-09-30,CLSK,2016-12-30 00:00:00,2016-12-30 16:50:56,FY,82030.0,31260.0,50770.0,0.61892,1830.0,2011740.0,0.0,2504049.0,2592020.0,2623280.0,32.0,578460.0,-1962068.0,-23.918908,-2541250.0,-30.97952,0.0,-2540560.0,-30.971108,0.0,-2540560.0,-30.971108,-1.1277,-1.1277,2252870.0,2252870.0,https://www.sec.gov/Archives/edgar/data/827876/000166357716000436/0001663577-16-000436-index.html,https://www.sec.gov/Archives/edgar/data/827876/000166357716000436/mainbody.htm
0,2015-09-30,CLSK,2015-12-29 00:00:00,2015-12-29 16:42:32,FY,0.0,0.0,0.0,0.0,52290.0,3424770.0,0.0,3380756.0,3479860.0,3479860.0,-5144.0,2800.0,-3487344.0,0.0,-3479860.0,0.0,0.0,-3485000.0,0.0,0.0,-3485000.0,0.0,-1.81236,-1.81236,1922910.0,1922910.0,https://www.sec.gov/Archives/edgar/data/827876/000166225215000002/0001662252-15-000002-index.html,https://www.sec.gov/Archives/edgar/data/827876/000166225215000002/mainbody.htm
0,2014-09-30,CLSK,2014-12-19 00:00:00,2014-12-19 10:13:53,FY,0.0,0.0,0.0,0.72602739726,0.0,60000.0,0.0,45682.0,0.0,0.0,-45913.0,0.0,-95913.0,-6.93502935421,0.0,-23.182778865,0.0,-50000.0,0.0,0.0,-50000.0,-17.6692759295,-0.00467,-0.00467,10700000,10700000,https://www.sec.gov/Archives/edgar/data/827876/000125529414001293/0001255294-14-001293-index.html,https://www.sec.gov/Archives/edgar/data/827876/000125529414001293/mainbody.htm
0,2013-09-30,CLSK,2013-12-30 00:00:00,2013-12-30 15:50:54,FY,0.0,0.0,0.0,0.0,0.0,30000.0,0.0,0.0,30000.0,30000.0,-6727.0,0.0,-36727.0,0.0,-30000.0,0.0,0.0,-30000.0,0.0,0.0,-30000.0,0.0,-0.01053,-0.01053,2850000.0,2850000.0,https://www.sec.gov/Archives/edgar/data/827876/000107878213002489/0001078782-13-002489-index.html,https://www.sec.gov/Archives/edgar/data/827876/000107878213002489/f10k093013_10k.htm
0,2012-09-30,CLSK,2012-12-28 00:00:00,2012-12-28 17:04:51,FY,0.0,0.0,0.0,0.0,0.0,10000.0,0.0,0.0,10000.0,10000.0,-5570.0,0.0,-25570.0,0.0,-10000.0,0.0,0.0,-20000.0,0.0,0.0,-20000.0,0.0,-0.00702,-0.00702,2850000.0,2850000.0,https://www.sec.gov/Archives/edgar/data/827876/000107878212003299/0001078782-12-003299-index.html,https://www.sec.gov/Archives/edgar/data/827876/000107878212003299/f10k093012_10k.htm
0,2011-09-30,CLSK,,,FY,0.0,0.0,0.0,0.0,0.0,30000.0,0.0,0.0,30000.0,30000.0,-3783.0,0.0,-43783.0,0.0,-30000.0,0.0,0.0,-40000.0,0.0,0.0,-40000.0,0.0,-0.01404,-0.01404,2850000.0,2850000.0,,
