,date,symbol,fillingDate,acceptedDate,period,revenue,costOfRevenue,grossProfit,grossProfitRatio,researchAndDevelopmentExpenses,generalAndAdministrativeExpenses,sellingAndMarketingExpenses,otherExpenses,operatingExpenses,costAndExpenses,interestExpense,depreciationAndAmortization,ebitda,ebitdaratio,operatingIncome,operatingIncomeRatio,totalOtherIncomeExpensesNet,incomeBeforeTax,incomeBeforeTaxRatio,incomeTaxExpense,netIncome,netIncomeRatio,eps,epsdiluted,weightedAverageShsOut,weightedAverageShsOutDil,link,finalLink
0,2019-12-31,LORL,2020-03-12,2020-03-12 13:32:23,FY,914000000,0.0,914000000,1.0,0.0,6612000.0,0.0,-862000.0,6612000.0,6612000.0,24000.0,15000.0,95947000,0.2648840262582057,-6612000.0,-0.0009431072210065645,-4586000.0,-5495000.0,0.2085393873085339,6153000.0,89755000,0.22706126914660832,2.89458,2.89458,0.0,0.0,https://www.sec.gov/Archives/edgar/data/1006269/000155837020002499/0001558370-20-002499-index.htm,https://www.sec.gov/Archives/edgar/data/1006269/000155837020002499/lorl-20191231x10k.htm
0,2018-12-31,LORL,2019-03-18,2019-03-15 19:40:04,FY,902932000,0.0,902932000,1.0,0.0,6534000.0,0.0,743000.0,6534000.0,6534000.0,26000.0,26000.0,-31224000,0.24984605706742036,-6534000.0,0.0008228748122782225,-3445000.0,-5259000.0,-0.06492736994590954,-40890000,9614000.0,0.0,0.31005,0.31005,0.0,0.0,https://www.sec.gov/Archives/edgar/data/1006269/000155837019002187/0001558370-19-002187-index.htm,https://www.sec.gov/Archives/edgar/data/1006269/000155837019002187/lorl-20181231x10k.htm
0,2017-12-31,LORL,2018-03-15,2018-03-15 16:28:56,FY,927771000,0.0,927771000,1.0,0.0,7044000.0,0.0,0.0,7044000.0,7044000.0,27000.0,38000.0,174389000,0.7602393262992699,-7044000.0,0.5219714778754672,-4182000.0,-8770000.0,0.3982286577183378,39860000,134464000,0.47462574277488734,4.33643,4.33643,0.0,0.0,https://www.sec.gov/Archives/edgar/data/1006269/000114420418014926/0001144204-18-014926-index.htm,https://www.sec.gov/Archives/edgar/data/1006269/000114420418014926/tv488080_10k.htm
0,2016-12-31,LORL,2017-03-07,2017-03-06 18:16:42,FY,931101000,0.0,931101000,1.0,0.0,6726000.0,0.0,0.0,6726000.0,6726000.0,20000.0,60000.0,75787000,0.7623200920200923,-6726000.0,0.5209144872575585,-1449000.0,-8001000.0,0.23534288976169074,28507000,47200000,0.3189288809699485,1.52219,1.52219,0.0,0.0,https://www.sec.gov/Archives/edgar/data/1006269/000114420417013033/0001144204-17-013033-index.htm,https://www.sec.gov/Archives/edgar/data/1006269/000114420417013033/v457711_10k.htm
0,2015-12-31,LORL,2016-02-29,2016-02-29 09:20:43,FY,954157000,0.0,954157000,1.0,0.0,6530000.0,0.0,0.0,6530000.0,6530000.0,17000.0,41000.0,-115700000,0.5587026034499564,-6530000.0,0.5587026034499564,-3779000.0,-10188000,-0.0990392566422507,-45476000,-70282000,0.0,-2.27244,-2.27244,0.0,0.0,https://www.sec.gov/Archives/edgar/data/1006269/000114420416084790/0001144204-16-084790-index.htm,https://www.sec.gov/Archives/edgar/data/1006269/000114420416084790/v429664_10k.htm
0,2014-12-31,LORL,2015-03-02,2015-03-02 16:16:12,FY,920856000,0.0,920856000,1.0,0.0,5330000.0,0.0,0.0,5330000.0,5330000.0,15000.0,42000.0,-33877000,0.7645386466505077,-5330000.0,0.5294356555205157,-3266000.0,-8030000.0,-0.02335109941185158,-8105000.0,-25829000,0.049434439260861635,-0.83535,-0.83535,0.0,0.0,https://www.sec.gov/Archives/edgar/data/1006269/000114420415013290/0001144204-15-013290-index.htm,https://www.sec.gov/Archives/edgar/data/1006269/000114420415013290/v403256_10k.htm
0,2013-12-31,LORL,2014-03-03,2014-03-03 16:13:44,FY,892000.0,0.0,892000.0,1.0,0.0,16000000,0.0,0.0,16000000,16000000,17000.0,211151000,18417000,237.21748878923768,-16000000,0.5011210762331838,-700000.0,-15500000,0.06614349775784753,1800000.0,16600000,0.1109865470852018,0.53548,0.53548,0.0,0.0,https://www.sec.gov/Archives/edgar/data/1006269/000114420414012911/0001144204-14-012911-index.htm,https://www.sec.gov/Archives/edgar/data/1006269/000114420414012911/v370282_10k.htm
0,2012-12-31,LORL,2013-03-01,2013-03-01 16:32:12,FY,846148000,0.0,846148000,1.0,0.0,28800000,0.0,1362000.0,28800000,28800000,106000.0,100000.0,328206000,-0.0305993425831,-28800000,-0.0305993425831,-300000.0,-27200000,-0.0289393170819,-93300000,421300000,0.448049496622,13.59032,13.59032,0.0,0.0,https://www.sec.gov/Archives/edgar/data/1006269/000114420413012427/0001144204-13-012427-index.htm,https://www.sec.gov/Archives/edgar/data/1006269/000114420413012427/v336370_10k.htm
0,2011-12-31,LORL,2012-02-29,2012-02-28 21:57:41,FY,1107365000,908715000,198650000,0.17938981275369908,0.0,18300000,0.0,-6641000.0,8700000.0,8700000.0,3000000.0,100000.0,171200000,0.663768177717,-8700000.0,0.663768177717,-6700000.0,-12300000,0.781384312639,41400000,126700000,0.899931089846,4.0609,4.0609,30680000,31166000,https://www.sec.gov/Archives/edgar/data/1006269/000119312512086547/0001193125-12-086547-index.htm,https://www.sec.gov/Archives/edgar/data/1006269/000119312512086547/d267078d10k.htm
0,2010-12-31,LORL,2011-03-15,2011-03-15 17:31:13,FY,1158985000,986697000,172288000,0.14865421036510396,0.0,26300000,0.0,-2921000.0,21300000,21300000,3143000.0,200000.0,165043000,0.28628670776584686,-21300000,0.0695505118703003,-2900000.0,-23200000,0.08032373154096041,-325100000,486800000,0.4204894800191547,15.75405,15.75405,30085000,30887000,https://www.sec.gov/Archives/edgar/data/1006269/000095012311025650/0000950123-11-025650-index.htm,https://www.sec.gov/Archives/edgar/data/1006269/000095012311025650/c14080e10vk.htm
0,2009-12-31,LORL,2010-03-15,2010-03-15 16:25:36,FY,993400000,880500000,112900000,0.11365009059794645,23000000,69700000,0.0,492937000,92700000.00000004,973200000,273568000,39800000,550668000,0.554327,20200000,0.020334,-100000.0,27000000,0.027179,5600000.0,231700000,0.233239,7.72333,7.72333,29742000,29870000,https://www.sec.gov/Archives/edgar/data/1006269/000095012310024702/0000950123-10-024702-index.htm,https://www.sec.gov/Archives/edgar/data/1006269/000095012310024702/c97441e10vk.htm
0,2008-12-31,LORL,2009-03-16,2009-03-16 17:18:14,FY,869400000,787800000,81600000,0.09385783298826778,0.0,97000000,0.0,-135000.0,242600000.00000015,1030400000.0000001,2268000.0,36400000,-608532000,-0.699945,-161000000,-0.185185,-100000.0,-151500000,-0.174258,45700000,-692900000,-0.796986,-33.96569,-33.96569,20407000,20407000,https://www.sec.gov/Archives/edgar/data/1006269/000095012309004762/0000950123-09-004762-index.htm,https://www.sec.gov/Archives/edgar/data/1006269/000095012309004762/y75162e10vk.htm
0,2007-12-31,LORL,2008-04-29,2008-04-29 17:31:13,FY,882500000,775200000,107300000,0.12158640226628895,0.0,166900000,0.0,2354000.0,78199999.99999993,853399999.9999999,2312000.0,76900000,192412000,0.218031,29100000,0.032975,2400000.0,157800000,0.17881,83500000,29700000,0.033654,1.47761,1.47761,-38518181,-38518181,https://www.sec.gov/Archives/edgar/data/1006269/000095012308004856/0000950123-08-004856-index.htm,https://www.sec.gov/Archives/edgar/data/1006269/000095012308004856/y52600e10vk.htm
0,2006-12-31,LORL,2007-03-15,2007-03-15 17:25:19,FY,797300000,649400000,147900000,0.18550106609808104,0.0,127100000,0.0,-7778000.0,118100000.00000001,767500000,23449000,68300000,89949000,0.112817,29800000,0.037376,-2000000.0,30100000,0.037752,20900000,-22700000,-0.028471,-1.135,-1.135,20038461,20038461,https://www.sec.gov/Archives/edgar/data/1006269/000095012307003927/0000950123-07-003927-index.htm,https://www.sec.gov/Archives/edgar/data/1006269/000095012307003927/y31806e10vk.htm
0,2005-12-31,LORL,2006-03-28,2006-03-28 17:03:22,FY,626300000,550900000,75400000,0.12038958965352067,0.0,116300000,0.0,-170000.0,147500000,698400000,4408000.0,77300000,1102208000,1.759872,-72000000,-0.114961,1100400000,1017300000,1.624301,-9100000.0,1029600000,1.643941,23.34694,23.34694,44108000,44108000,https://www.sec.gov/Archives/edgar/data/1006269/000095012306003801/0000950123-06-003801-index.htm,https://www.sec.gov/Archives/edgar/data/1006269/000095012306003801/y18173e10vk.htm
0,2004-12-31,LORL,2005-03-14,2005-03-14 15:11:55,FY,522100000,587200000,-65100000,-0.12468875694311435,0.0,118800000,0.0,-513000.0,149299999.99999994,736500000,2947000.0,134800000,-25653000,-0.049134,-214300000,-0.410458,-500000.0,-207900000,-0.3982,13300000,-176700000,-0.338441,-4.0068,-4.0068,44108000,44108000,https://www.sec.gov/Archives/edgar/data/1006269/000095012305003066/0000950123-05-003066-index.htm,https://www.sec.gov/Archives/edgar/data/1006269/000095012305003066/y064111e10vk.htm
0,2003-12-31,LORL,2004-03-15,2004-03-15 17:19:08,FY,392000000,614100000,-222100000,-0.5665816326530613,0.0,141600000,0.0,0.0,166799999.99999994,780900000,61763000,134700000,-192537000,-0.491166,-388900000,-0.992092,1500000.0,-368400000,-0.939796,-6300000.0,-382700000,-0.976276,-8.73744,-8.73744,43819000,43819000,https://www.sec.gov/Archives/edgar/data/1006269/000095012304003337/0000950123-04-003337-index.htm,https://www.sec.gov/Archives/edgar/data/1006269/000095012304003337/y94860e10vk.htm
0,2002-12-31,LORL,2003-03-31,2003-03-31 17:31:23,FY,900500000,960700000,-60200000,-0.0668517490283176,0.0,148200000,0.0,89006000,148200000.00000006,1108900000,-46523000,129300000,-1064023000,-1.181591,-208400000,-0.231427,100000.0,-237500000,-0.263742,322400000,-1469200000,-1.631538,-39.38874,-39.38874,65789000,65789000,https://www.sec.gov/Archives/edgar/data/1006269/000095012303003715/0000950123-03-003715-index.htm,https://www.sec.gov/Archives/edgar/data/1006269/000095012303003715/y84833e10vk.htm
0,2001-12-31,LORL,2002-03-29 00:00:00,2002-03-29 00:00:00,FY,1069600000,871400000,198200000,0.185303,0.0,203400000,0.0,0.0,203399999.99999997,1074800000,-121100000,227800000,-87600000,-0.0819,-5200000.0,-0.004862,0.0,-126300000,-0.118082,2200000.0,-196500000,-0.183714,-6.06481,-6.06481,32400000,32400000,https://www.sec.gov/Archives/edgar/data/1006269/000095012302003213/0000950123-02-003213-index.html,https://www.sec.gov/Archives/edgar/data/1006269/000095012302003213/y58173e10-k.txt
0,2000-12-31,LORL,2001-04-02 00:00:00,2001-04-02 00:00:00,FY,1224100000,1057200000,166900000,0.136345,0.0,253000000,0.0,0.0,253000000,1310200000,29200000,216300000,-1214800000,-0.992403,-86100000,-0.070337,0.0,-56800000,-0.046401,9400000.0,-1469700000,-1.200637,-49.65203,-49.65203,29600000,29600000,https://www.sec.gov/Archives/edgar/data/1006269/000095012301002993/0000950123-01-002993-index.html,https://www.sec.gov/Archives/edgar/data/1006269/000095012301002993/y46196e10-k.txt
0,1999-12-31,LORL,2000-03-30 00:00:00,2000-03-30 00:00:00,FY,1457700000,1296900000,160800000,0.110311,0.0,223000000,0.0,0.0,223099999.9999999,1520000000,100000.0,174900000,-59400000,-0.040749,-62300000,-0.042739,0.0,-62100000,-0.042601,-32500000,-201900000,-0.138506,-6.96207,-6.96207,29000000,29000000,https://www.sec.gov/Archives/edgar/data/1006269/000095012300003001/0000950123-00-003001-index.html,https://www.sec.gov/Archives/edgar/data/1006269/0000950123-00-003001.txt
0,1998-12-31,LORL,1999-03-31 00:00:00,1999-03-31 00:00:00,FY,1301700000,1129900000,171800000,0.131981,0.0,205600000,0.0,0.0,205599999.9999999,1335500000,8200000.0,135000000,500000.0,0.000384,-33800000,-0.025966,0.0,-25600000,-0.019667,-3900000.0,-138800000,-0.10663,-5.08425,-5.08425,27300000,27300000,https://www.sec.gov/Archives/edgar/data/1006269/000095012399002897/0000950123-99-002897-index.html,https://www.sec.gov/Archives/edgar/data/1006269/0000950123-99-002897.txt
0,1997-12-31,LORL,1998-03-31 00:00:00,1998-03-31 00:00:00,FY,1312600000,1171900000,140700000,0.107192,0.0,127100000,0.0,0.0,127099999.99999991,1299000000,113400000,62800000,251100000,0.1913,13600000,0.010361,0.0,127000000,0.096755,34900000,40000000,0.030474,1.63934,1.63934,24400000,24400000,https://www.sec.gov/Archives/edgar/data/1006269/000095012398003250/0000950123-98-003250-index.html,https://www.sec.gov/Archives/edgar/data/1006269/0000950123-98-003250.txt
0,1996-12-31,LORL,1997-03-31 00:00:00,1997-03-31 00:00:00,FY,5100000.0,0.0,5100000.0,1.0,0.0,0.0,0.0,17300000,17300000,17300000,28700000,1100000.0,41600000,8.156863,-12200000,-2.392157,0.0,16500000,3.235294,2900000.0,8900000.0,1.745098,0.38865,0.38865,22900000,22900000,https://www.sec.gov/Archives/edgar/data/1006269/000095012397002853/0000950123-97-002853-index.html,https://www.sec.gov/Archives/edgar/data/1006269/0000950123-97-002853.txt
