,date,symbol,fillingDate,acceptedDate,period,revenue,costOfRevenue,grossProfit,grossProfitRatio,researchAndDevelopmentExpenses,generalAndAdministrativeExpenses,sellingAndMarketingExpenses,otherExpenses,operatingExpenses,costAndExpenses,interestExpense,depreciationAndAmortization,ebitda,ebitdaratio,operatingIncome,operatingIncomeRatio,totalOtherIncomeExpensesNet,incomeBeforeTax,incomeBeforeTaxRatio,incomeTaxExpense,netIncome,netIncomeRatio,eps,epsdiluted,weightedAverageShsOut,weightedAverageShsOutDil,link,finalLink
0,2019-12-31,FIS,2020-02-20 00:00:00,2020-02-20 17:16:58,FY,10333000000,6610000000,3723000000,0.360302,0.0,2667000000,0.0,-556000000,2754000000,9364000000,389000000,2444000000,3231000000,0.312688,969000000,0.093777,-219000000,413000000,0.039969,100000000,298000000,0.02884,0.66075,0.66075,451000000,451000000,https://www.sec.gov/Archives/edgar/data/1136893/000113689320000032/0001136893-20-000032-index.html,https://www.sec.gov/Archives/edgar/data/1136893/000113689320000032/a10-k2019.htm
0,2018-12-31,FIS,2019-02-21 00:00:00,2019-02-21 15:19:29,FY,8423000000,5569000000,2854000000,0.338834,0.0,1301000000,0.0,-354000000,1396000000,6965000000,314000000,1420000000,2788000000,0.330998,1458000000,0.173097,-57000000,1104000000,0.13107,208000000,846000000,0.100439,2.54819,2.54819,332000000,332000000,https://www.sec.gov/Archives/edgar/data/1136893/000113689319000008/0001136893-19-000008-index.html,https://www.sec.gov/Archives/edgar/data/1136893/000113689319000008/a10-k2018.htm
0,2017-12-31,FIS,2018-02-22 00:00:00,2018-02-22 15:40:21,FY,8668000000,5794000000,2874000000,0.331564,0.0,1442000000,0.0,-456000000,1442000000,7236000000,359000000,1366000000,2667000000,0.307683,1432000000,0.165205,-119000000,976000000,0.112598,-319000000,1261000000,0.145478,3.75298,3.75298,336000000,336000000,https://www.sec.gov/Archives/edgar/data/1136893/000113689318000011/0001136893-18-000011-index.html,https://www.sec.gov/Archives/edgar/data/1136893/000113689318000011/a10-k2017.htm
0,2016-12-31,FIS,2017-02-23 00:00:00,2017-02-23 16:10:11,FY,8831000000,5895000000,2936000000,0.332465,0.0,1707000000,0.0,-392000000,1707000000,7602000000,403000000,1153000000,2398000000,0.271543,1229000000,0.139169,-9000000.0,837000000,0.09478,317000000,525000000,0.05945,1.59091,1.59091,330000000,330000000,https://www.sec.gov/Archives/edgar/data/1136893/000113689317000008/0001136893-17-000008-index.html,https://www.sec.gov/Archives/edgar/data/1136893/000113689317000008/a10-k2016.htm
0,2015-12-31,FIS,2016-02-26 00:00:00,2016-02-26 16:51:03,FY,6596000000,4395000000,2201000000,0.333687,0.0,1102000000,0.0,-62000000,1102000000,5497000000,199100000,669000000,1878900000,0.284854,1099000000,0.166616,121000000,1037000000,0.157216,378800000,632000000,0.095816,2.18685,2.18685,289000000,289000000,https://www.sec.gov/Archives/edgar/data/1136893/000113689316000061/0001136893-16-000061-index.html,https://www.sec.gov/Archives/edgar/data/1136893/000113689316000061/a10-k2015.htm
0,2014-12-31,FIS,2015-02-27,2015-02-27 14:44:38,FY,6413000000,4327000000,2086000000,0.325277,0.0,815000000,0.0,-217000000,815000000,5142000000,172800000,626300000,1813200000,0.282738,1271000000,0.198191,-60000000,1053000000,0.164198,335100000,679000000,0.105879,2.34948,2.34948,289000000,289000000,https://www.sec.gov/Archives/edgar/data/1136893/000113689315000006/a10-k2014.htm,https://www.sec.gov/Archives/edgar/data/1136893/000113689315000006/a10-k2014.htm
0,2013-12-31,FIS,2014-02-28,2014-02-28 15:32:02,FY,6070700000,4085600000,1985100000,0.326997,0.0,920700000,0.0,-239000000,920700000.0000004,5006300000,198600000,614600000,1615500000,0.266114,1064400000,0.175334,-51200000,825000000,0.135899,309200000,493100000,0.081226,1.67607,1.67607,294200000,294200000,https://www.sec.gov/Archives/edgar/data/1136893/000113689314000009/fis-10k12312013.htm,https://www.sec.gov/Archives/edgar/data/1136893/000113689314000009/fis-10k12312013.htm
0,2012-12-31,FIS,2013-02-26 00:00:00,2013-02-26 16:32:09,FY,5807600000,3946900000,1860700000,0.320391,0.0,781500000,0.0,-248000000,781499999.9999995,4728399999.999999,231300000,632800000,1596200000,0.274847,1079200000,0.185825,-25300000,831200000,0.143123,270900000,461200000,0.079413,1.55025,1.55025,297500000,297500000,https://www.sec.gov/Archives/edgar/data/1136893/000113689313000011/0001136893-13-000011-index.html,https://www.sec.gov/Archives/edgar/data/1136893/000113689313000011/fis-201212x31x2012.htm
0,2011-12-31,FIS,2012-02-24 00:00:00,2012-02-24 09:30:48,FY,5745700000,3998000000,1747700000,0.304175,0.0,671800000,0.0,-322000000,680899999.9999996,4678900000,264800000,637200000,1610600000,0.280314,1066800000,0.185669,-63700000,744300000,0.12954,239000000,469600000,0.081731,1.52964,1.52964,307000000,307000000,https://www.sec.gov/Archives/edgar/data/1136893/000113689312000017/0001136893-12-000017-index.html,https://www.sec.gov/Archives/edgar/data/1136893/000113689312000017/fis-201112312011.htm
0,2010-12-31,FIS,2011-02-25,2011-02-25 14:22:40,FY,5269500000,3637700000,1631800000,0.309669,0.0,675800000,0.0,-184000000,830699999.9999998,4468400000,-173300000,619500000,1065700000,0.202239,801100000,0.152026,-11500000,616300000,0.116956,215000000,404500000,0.076763,1.14915,1.14915,352000000,352000000,https://www.sec.gov/Archives/edgar/data/1136893/000095012311018522/fis12311010k.htm,https://www.sec.gov/Archives/edgar/data/1136893/000095012311018522/fis12311010k.htm
0,2009-12-31,FIS,2010-02-26 00:00:00,2010-02-26 10:07:18,FY,3769500000,2800600000,968900000,0.257037,0.0,554100000,0.0,-121000000,691000000,3491600000,-130600000,434000000,461300000,0.122377,277900000,0.073723,8700000.0,156000000,0.041385,52000000,105900000,0.028094,0.44236,0.44236,239400000,239400000,https://www.sec.gov/Archives/edgar/data/1136893/000095012310017631/0000950123-10-017631-index.html,https://www.sec.gov/Archives/edgar/data/1136893/000095012310017631/g21226e10vk.htm
0,2008-12-31,FIS,2009-02-27 00:00:00,2009-02-27 12:19:24,FY,3446000000,2636900000,809100000,0.234794,84800000,389400000,0.0,-155000000,474199999.9999998,3111100000,-157200000,465400000,580000000,0.168311,334900000,0.097185,1500000.0,179200000,0.052002,57000000,214800000,0.062333,1.11008,1.11008,193500000,193500000,https://www.sec.gov/Archives/edgar/data/1136893/000095014409001697/0000950144-09-001697-index.html,https://www.sec.gov/Archives/edgar/data/1136893/000095014409001697/g17808e10vk.htm
0,2007-12-31,FIS,2008-02-29,2008-02-29 17:20:09,FY,4758000000,3401900000,1356100000,0.285015,106300000,504100000,0.0,66604000,610500000,4012400000,50700000,496800000,1409230000,0.296181,745600000,0.156704,15900000,812200000,0.170702,300530000,561200000,0.117949,2.85598,2.85598,196500000,196500000,https://www.sec.gov/Archives/edgar/data/1136893/000089256908000207/a38312e10vk.htm,https://www.sec.gov/Archives/edgar/data/1136893/000089256908000207/a38312e10vk.htm
0,2006-12-31,FIS,2007-03-01,2007-03-01 17:21:02,FY,4132600000,2929600000,1203000000,0.2911,105600000,505500000,0.0,-188297000,611099999.9999999,3540700000,-188100000,433600000,654750000,0.158435,591900000,0.143227,-200000.0,403600000,0.097662,150150000,259100000,0.062697,1.36945,1.36945,189200000,189200000,https://www.sec.gov/Archives/edgar/data/1136893/000089256907000185/a27617e10vk.htm,https://www.sec.gov/Archives/edgar/data/1136893/000089256907000185/a27617e10vk.htm
0,2005-12-31,FIS,2006-03-16,2006-03-16 06:33:15,FY,1117100000,791600000,325600000,0.291469,0.0,129400000,0.0,0.0,140600000.00000003,932200000,12832000,51900000,126105000,0.112886,185000000,0.165607,0.0,174600000,0.156298,-68927000,130300000,0.116641,2.05521,2.05521,63400000,63400000,https://www.sec.gov/Archives/edgar/data/1136893/000095013406005253/a18325e10vk.htm,https://www.sec.gov/Archives/edgar/data/1136893/000095013406005253/a18325e10vk.htm
0,2004-12-31,FIS,2005-03-11,2005-03-11 17:14:26,FY,1039500000,739600000,299900000,0.288504,0.0,120300000,0.0,0.0,120299999.99999996,859900000,12914000,47400000,110043000,0.105861,179700000,0.172872,1200000.0,167900000,0.16152,-62071000,111800000,0.107552,1.74688,1.74688,64000000,64000000,https://www.sec.gov/Archives/edgar/data/1136893/000119312505048033/d10k.htm,https://www.sec.gov/Archives/edgar/data/1136893/000119312505048033/d10k.htm
0,2003-12-31,FIS,2004-02-17,2004-02-17 12:49:35,FY,1015500000,732800000,282700000,0.278385,0.0,116100000,0.0,0.0,128300000.00000007,861100000.0000001,7950000.0,42000000,87298000,0.085966,154400000,0.152043,2300000.0,148800000,0.146529,-55052000,92400000,0.09099,1.40212,1.40212,65900000,65900000,https://www.sec.gov/Archives/edgar/data/1136893/000119312504024670/d10k.htm,https://www.sec.gov/Archives/edgar/data/1136893/000119312504024670/d10k.htm
0,2002-12-31,FIS,2003-02-14 00:00:00,2003-02-14 16:18:52,FY,1008000000,730400000,277500000,0.275298,0.0,113300000,0.0,0.0,125600000.00000001,856000000,7120000.0,39100000,80256000,0.079619,151900000,0.150694,1100000.0,145900000,0.144742,-55964000,90000000,0.089286,1.30435,1.30435,69000000,69000000,https://www.sec.gov/Archives/edgar/data/1136893/000104746903005642/0001047469-03-005642-index.html,https://www.sec.gov/Archives/edgar/data/1136893/000104746903005642/a2103322z10-k.htm
0,2001-12-31,FIS,,,FY,851100000,601700000,249400000,0.293033,0.0,98000000,0.0,0.0,98000000,699700000,-7200000.0,45700000,181900000,0.213723,151400000,0.177887,100000.0,144300000,0.169545,56300000,87100000,0.102338,1.26049,1.26049,69100000,69100000,,
