,date,symbol,fillingDate,acceptedDate,period,revenue,costOfRevenue,grossProfit,grossProfitRatio,researchAndDevelopmentExpenses,generalAndAdministrativeExpenses,sellingAndMarketingExpenses,otherExpenses,operatingExpenses,costAndExpenses,interestExpense,depreciationAndAmortization,ebitda,ebitdaratio,operatingIncome,operatingIncomeRatio,totalOtherIncomeExpensesNet,incomeBeforeTax,incomeBeforeTaxRatio,incomeTaxExpense,netIncome,netIncomeRatio,eps,epsdiluted,weightedAverageShsOut,weightedAverageShsOutDil,link,finalLink
0,2019-12-31,XELB,2020-04-14,,FY,41727000,10272000,31455000,0.7538284563951398,0.0,25526000,3164000.0,0.0,0.0,39700000,1285000.0,3902000.0,5929000.0,0.1420902533132025,2027000.0,-0.09794617394013469,-4829000.0,-4087000.0,-0.09794617394013469,-642000.0,-3426000.0,-0.08210511179811633,-0.18,-0.18,18857657,18857657,https://www.sec.gov/Archives/edgar/data/1083220/000155837020003885/0001558370-20-003885-index.htm,https://www.sec.gov/Archives/edgar/data/1083220/000155837020003885/xelb-20191231x10k.htm
0,2018-12-31,XELB,2019-04-01 00:00:00,2019-04-01 17:10:17,FY,35466000,2702000.0,32764000,0.9238143574127333,0.0,26255000,2696000.0,0.0,0.0,30737000,1011000.0,1780000.0,6509000.0,0.1835278858625162,4729000.0,0.08230417864997462,-799000.0,2919000.0,0.08230417864997462,1831000.0,1088000.0,0.030677268369706197,0.06,0.06,18280788,18281638,https://www.sec.gov/Archives/edgar/data/1083220/000108322019000007/0001083220-19-000007-index.html,https://www.sec.gov/Archives/edgar/data/1083220/000108322019000007/xelb-20181231x10k.htm
0,2017-12-31,XELB,2018-03-30 00:00:00,2018-03-30 15:34:39,FY,31706000,0.0,0.0,0.0,0.0,26995000,2352000.0,0.0,0.0,28557000,1347000.0,1562000.0,4711000.0,0.1485838642528228,3149000.0,-0.33334384659055066,-12371000,-10569000,-0.33334384659055066,-447000.0,-10122000,-0.31924556866208287,-0.55,-0.55,18502158,18502158,https://www.sec.gov/Archives/edgar/data/1083220/000114420418018261/0001144204-18-018261-index.html,https://www.sec.gov/Archives/edgar/data/1083220/000114420418018261/tv488784_10k.htm
0,2016-12-31,XELB,2017-03-24 00:00:00,2017-03-23 18:38:29,FY,32754000,196000.0,32558000,0.9940159980460401,0.0,28871000,3181000.0,0.0,0.0,30627000,1848000.0,1560000.0,3687000.0,0.11256640410331563,2127000.0,0.09214141784209562,2739000.0,3018000.0,0.09214141784209562,315000.0,2737000.0,0.08356231299993894,0.15,0.14,18625670,19044749,https://www.sec.gov/Archives/edgar/data/1083220/000114420417016327/0001144204-17-016327-index.html,https://www.sec.gov/Archives/edgar/data/1083220/000114420417016327/v461157_10k.htm
0,2015-12-31,XELB,2016-03-17 00:00:00,2016-03-17 07:29:25,FY,27721000,267000.0,27454000,0.9903683128314275,0.0,22898000,2375000.0,0.0,0.0,24544000,1804000.0,1379000.0,4556000.0,0.1643519353558674,3177000.0,0.10829335161069226,1629000.0,3002000.0,0.10829335161069226,156000.0,2574000.0,0.09285379315320515,0.16,0.15,16151163,17223240,https://www.sec.gov/Archives/edgar/data/1083220/000114420416088575/0001144204-16-088575-index.html,https://www.sec.gov/Archives/edgar/data/1083220/000114420416088575/v433794_10k.htm
0,2014-12-31,XELB,,,FY,20707000,73000.0,20634000,0.9964746221084657,0.0,18864000,1084000.0,0.0,0.0,19872000,1488000.0,935000.0,1770000.0,0.08547834065774859,835000.0,-0.002559520934949534,600000.0,-53000.0,-0.002559520934949534,-97000.0,-1032000.0,-0.04983821895977206,-0.09,-0.09,11698880,12816674,,
0,2013-12-31,XELB,,,FY,13368000,93000.0,13275000,0.9930430879712747,0.0,14297000,473000.0,0.0,0.0,15283000,1726000.0,893000.0,-1022000.0,-0.07645122681029323,-1915000.0,0.009724715739078396,3771000.0,130000.0,0.009724715739078396,-1402000.0,1532000.0,0.11460203470975464,0.17,0.16,9193101.0,9791493.0,,
0,2012-12-31,XELB,2013-03-15 00:00:00,2013-03-15 12:45:03,FY,13143000,440000.0,12703000,0.9665221030206194,0.0,12876000,5424000.0,6300000.0,0.0,14172000,2175000.0,856000.0,-173000.0,-0.013162900403256487,-1029000.0,0.26767100357604806,6722000.0,3518000.0,0.26767100357604806,-766000.0,4284000.0,0.3259529787719699,0.62,0.57,6936452.0,7577561.0,https://www.sec.gov/Archives/edgar/data/1083220/000114420413015293/0001144204-13-015293-index.html,https://www.sec.gov/Archives/edgar/data/1083220/000114420413015293/v337041_10k.htm
0,2011-12-31,XELB,2012-03-30 00:00:00,2012-03-30 14:14:56,FY,11627000,252000.0,11375000,0.9783263094521373,0.0,6620000.0,3796000.0,0.0,0.0,7294000.0,296000.0,422000.0,4505000.0,0.387460221897308,4333000.0,0.282876064333018,0.0,3289000.0,0.282876064333018,-15000.0,3304000.0,0.28416616496086694,0.57663,0.57663,5810444.0,5810444.0,https://www.sec.gov/Archives/edgar/data/1083220/000114420412018607/0001144204-12-018607-index.html,https://www.sec.gov/Archives/edgar/data/1083220/000114420412018607/v307101_10k.htm
0,2010-12-31,XELB,,,FY,0.0,0.0,0.0,0.0,0.0,352290.0,0.0,0.0,0.0,352290.0,0.0,0.0,-352290.0,0.0,-352290.0,0.0,81248.0,-271042.0,0.0,15000.0,-286042.0,0.0,0.0,0.0,186438.0,186438.0,,
0,2009-12-31,XELB,2010-02-18 00:00:00,2010-02-18 10:45:30,FY,0.0,132966.0,-132966.0,0.0,0.0,646315.0,0.0,0.0,0.0,779281.0,36270.0,0.0,-779281.0,0.0,-779281.0,0.0,35508.0,-780043.0,0.0,120000.0,216566.0,0.0,0.0,0.0,186438.0,186438.0,https://www.sec.gov/Archives/edgar/data/1083220/000114420410008796/0001144204-10-008796-index.html,https://www.sec.gov/Archives/edgar/data/1083220/000114420410008796/v174200_10k.htm
0,2008-12-31,XELB,,,FY,24229023,19071378,5157645.0,0.21287053134581613,0.0,4026688.0,0.0,0.0,0.0,23385488,372654.0,287422.0,1130957.0,0.04667777978501238,843535.0,-0.03798304207313683,-1391173.0,-920292.0,-0.03798304207313683,0.0,-920292.0,-0.03798304207313683,-5.205622,-5.205622,186024.0,186024.0,,
0,2007-12-31,XELB,,,FY,16223871,12528503,3695368.0,0.22777350732140314,0.0,4962997.0,0.0,0.0,0.0,17808438,315135.0,316938.0,-1267629.0,-0.0781335724377986,-1584567.0,-0.7246859889356861,-9857510.0,-11757212,-0.7246859889356861,0.0,-11810610,-0.7279773119497807,-72.878709,-72.878709,162549.0,162549.0,,
0,2006-12-31,XELB,,,FY,17599303,0.0,17599303,1.0,0.0,19625428,0.0,0.0,6672781.0,29462344,316439.0,3164135.0,2389993.0,0.1358004348240382,-11863041,-0.9429690482628772,-11088899,-16595598,-0.9429690482628772,0.0,-17070009,-0.969925286245711,-130.140552,-130.140552,130736.0,130736.0,,
0,2005-12-31,XELB,,,FY,12541268,0.0,12541268,1.0,457385.0,15285411,0.0,0.0,-1197277.0,15991737,103888.0,1446218.0,57122.0,0.0045547228557750305,-3450469.0,-0.5407734688390361,-2030351.0,-6781985.0,-0.5407734688390361,0.0,-6781985.0,-0.5407734688390361,-67.673087,-67.673087,101304.0,101304.0,,
