,date,symbol,fillingDate,acceptedDate,period,revenue,costOfRevenue,grossProfit,grossProfitRatio,researchAndDevelopmentExpenses,generalAndAdministrativeExpenses,sellingAndMarketingExpenses,otherExpenses,operatingExpenses,costAndExpenses,interestExpense,depreciationAndAmortization,ebitda,ebitdaratio,operatingIncome,operatingIncomeRatio,totalOtherIncomeExpensesNet,incomeBeforeTax,incomeBeforeTaxRatio,incomeTaxExpense,netIncome,netIncomeRatio,eps,epsdiluted,weightedAverageShsOut,weightedAverageShsOutDil,link,finalLink
0,2019-07-31,FGP,2019-10-15 00:00:00,2019-10-15 16:24:49,FY,1684392000,11406000,1672986000,0.993228417138,0.0,59994000,0.0,0.0,59994000,71400000,177619000,78846000,191874000,0.113912913384,113028000,0.0671031446362,369000.0,-99925000,-0.0593240765807,323000.0,-64247000,-0.0381425463906,-0.6613,-0.6613,97152700,97152700,https://www.sec.gov/Archives/edgar/data/1012493/000155837019008908/0001558370-19-008908-index.html,https://www.sec.gov/Archives/edgar/data/922358/000155837019008908/fgp-20190731x10k.htm
0,2018-07-31,FGP,2018-09-27 00:00:00,2018-09-27 07:02:42,FY,2073142000,0.0,2073142000,1.0,0.0,54401000,0.0,189006000,243407000,243407000,168467000,101795000,9831000.0,0.00474207748432,-91964000,-0.0443597206559,928000.0,-259503000,-0.125173770055,-2678000.0,-254581000,-0.122799595976,-2.62042,-2.62042,97152700,97152700,https://www.sec.gov/Archives/edgar/data/1012493/000092235818000010/0000922358-18-000010-index.html,https://www.sec.gov/Archives/edgar/data/922358/000092235818000010/fgp_20180731x10k.htm
0,2017-07-31,FGP,2017-09-28 00:00:00,2017-09-28 07:02:43,FY,1930277000,0.0,1930277000,1.0,0.0,49617000,0.0,179352000,228969000,228969000,152485000,103351000,198718000,0.102947918874,95367000,0.0494058624747,1474000.0,-55644000,-0.0288269507433,-1143000.0,-54207000,-0.0280824980042,-0.55752,-0.55752,97229500,97229500,https://www.sec.gov/Archives/edgar/data/1012493/000092235817000009/0000922358-17-000009-index.html,https://www.sec.gov/Archives/edgar/data/922358/000092235817000009/fgp_20170731x10k.htm
0,2016-07-31,FGP,2016-09-28 00:00:00,2016-09-28 07:15:39,FY,2039367000,0.0,2039367000,1.0,0.0,56635000,0.0,173802000,230437000,230437000,137937000,150513000,-383731000,-0.188161816877,-534244000,-0.26196560011,110000.0,-672071000,-0.32954882569,-36000.0,-665415000,-0.326285067867,-6.74297,-6.74297,98682800,98682800,https://www.sec.gov/Archives/edgar/data/1012493/000092235816000032/0000922358-16-000032-index.html,https://www.sec.gov/Archives/edgar/data/922358/000092235816000032/fgp_20160731x10k.htm
0,2015-07-31,FGP,2015-09-29 00:00:00,2015-09-29 07:06:50,FY,2024390000,0.0,2024390000,1.0,0.0,77238000,0.0,140504000,217742000,217742000,100396000,98579000,229099000,0.113169399177,130520000,0.0644737427077,-350000.0,29774000,0.0147076403262,-315000.0,29620000,0.0146315680279,0.3499,0.3499,84646200,84652900,https://www.sec.gov/Archives/edgar/data/1012493/000092235815000016/0000922358-15-000016-index.html,https://www.sec.gov/Archives/edgar/data/922358/000092235815000016/fgp_20150731x10k.htm
0,2014-07-31,FGP,2014-09-29 00:00:00,2014-09-29 07:02:43,FY,2405860000,0.0,2405860000,1.0,0.0,65156000,0.0,151501000,216657000,216657000,86502000,84202000,228616000,0.0950246481508,144414000,0.0600259366713,-479000.0,38245000,0.0158966024623,2516000.0,33211000,0.0138042113839,0.41685,0.41685,79651100,79671700,https://www.sec.gov/Archives/edgar/data/1012493/000092235814000011/0000922358-14-000011-index.html,https://www.sec.gov/Archives/edgar/data/922358/000092235814000011/fgp_20140731x10k.htm
0,2013-07-31,FGP,2013-09-26 00:00:00,2013-09-26 06:59:27,FY,1975467000,0.0,1975467000,1.0,0.0,53181000,0.0,150678000,203859000,203859000,89145000,83344000,230946000,0.116907040209,147602000,0.0747175224896,565000.0,72175000,0.0365356647314,1855000.0,56426000,0.0285633726101,0.71357,0.71357,79038600,79075600,https://www.sec.gov/Archives/edgar/data/1012493/000092235813000014/0000922358-13-000014-index.html,https://www.sec.gov/Archives/edgar/data/922358/000092235813000014/fgp_20130731x10k.htm
0,2012-07-31,FGP,2012-10-01 00:00:00,2012-10-01 07:32:41,FY,2339092000,0.0,2339092000,1.0,0.0,43212000,0.0,155364000,198576000,198576000,93254000,83841000,166821000,0.0713186997348,82980000,0.0354753040924,506000.0,-9768000.0,-0.00417597939713,1128000.0,-10952000,-0.004682158718,-0.14118,-0.14118,77572400,77572400,https://www.sec.gov/Archives/edgar/data/1012493/000092235812000009/0000922358-12-000009-index.html,https://www.sec.gov/Archives/edgar/data/922358/000092235812000009/fgp-20120731x10k.htm
0,2011-07-31,FGP,2011-09-26 00:00:00,2011-09-26 07:31:24,FY,2423215000,0.0,2423215000,1.0,0.0,61891000,0.0,144385000,206276000,206276000,101885000,82486000,188247000,0.0776848112941,105761000,0.0436449097583,567000.0,-42519000,-0.0175465239362,1241000.0,-43648000,-0.0180124338946,-0.60359,-0.60359,72313600,72313600,https://www.sec.gov/Archives/edgar/data/1012493/000110465911053149/0001104659-11-053149-index.html,https://www.sec.gov/Archives/edgar/data/922358/000110465911053149/a11-26558_110k.htm
