,date,symbol,fillingDate,acceptedDate,period,revenue,costOfRevenue,grossProfit,grossProfitRatio,researchAndDevelopmentExpenses,generalAndAdministrativeExpenses,sellingAndMarketingExpenses,otherExpenses,operatingExpenses,costAndExpenses,interestExpense,depreciationAndAmortization,ebitda,ebitdaratio,operatingIncome,operatingIncomeRatio,totalOtherIncomeExpensesNet,incomeBeforeTax,incomeBeforeTaxRatio,incomeTaxExpense,netIncome,netIncomeRatio,eps,epsdiluted,weightedAverageShsOut,weightedAverageShsOutDil,link,finalLink
0,2019-12-31,LIND,2020-02-26,2020-02-26 16:14:34,FY,343091000,166608000,176483000,0.5143912256515035,0.0,117516000,54772000,192377000,143284999.99999997,309892999.99999994,12288000,25769000,56600000,0.164971,33198000,0.096762,-66000.0,20938000,0.061028,2190000.0,16353000,0.047664,0.33085,0.33085,47440788000,49426563000,https://www.sec.gov/Archives/edgar/data/1512499/000143774920003599/0001437749-20-003599-index.htm,https://www.sec.gov/Archives/edgar/data/1512499/000143774920003599/lindb20191231_10k.htm
0,2018-12-31,LIND,2019-02-28,2019-02-28 16:25:07,FY,309734000,153743000,155991000,0.5036289202993537,0.0,109885000,46987000,20768000,130653000.00000001,284396000,-13005000,20768000,20331000,0.06564,25338000,0.081806,-165000.0,12168000,0.039285,1216000.0,11352000,0.036651,0.24497,0.24497,45378188000,46340054000,https://www.sec.gov/Archives/edgar/data/1512499/000143774919003639/0001437749-19-003639-index.htm,https://www.sec.gov/Archives/edgar/data/1512499/000143774919003639/lindb20181231_10k.htm
0,2017-12-31,LIND,2018-03-02,2018-03-02 16:01:46,FY,266504000,135526000,130978000,0.4914672950499805,0.0,102883000,39072000,18420000,120233999.99999999,255759999.99999997,-8592000.0,17351000,-2600000.0,-0.009756,10744000,0.040315,-133000.0,2473000.0,0.009279,-2698000.0,-8661000.0,-0.032499,-0.19429,-0.19429,44576912000,44576912000,https://www.sec.gov/Archives/edgar/data/1512499/000121390018002504/0001213900-18-002504-index.htm,https://www.sec.gov/Archives/edgar/data/1512499/000121390018002504/f10k2017_lindbladexpedi.htm
0,2016-12-31,LIND,2017-03-07,2017-03-07 17:08:37,FY,242346000,118977000,123369000,0.5090614245747815,0.0,90968000,35083000,24989000,109388000,228365000,-10866000,18420000,9218000.0,0.038037,13981000,0.05769,-1173000.0,1859000.0,0.007671,-3200000.0,4864000.0,0.02007,0.1047,0.1047,45649971000,46456921000,https://www.sec.gov/Archives/edgar/data/1512499/000121390017002063/0001213900-17-002063-index.htm,https://www.sec.gov/Archives/edgar/data/1512499/000121390017002063/f10k2016_lindbladexpedi.htm
0,2015-12-31,LIND,2016-03-14,2016-03-14 17:31:20,FY,209985000,95417000,114568000,0.5456008762530657,0.0,74077000,30718000,11266000,99066000,194483000,-10941000,11645000,17797000,0.084754,15502000,0.073824,5030000.0,17093000,0.081401,-2649000.0,19742000,0.094016,0.43317,0.43317,44917829000,45575387000,https://www.sec.gov/Archives/edgar/data/1512499/000121390016011585/0001213900-16-011585-index.htm,https://www.sec.gov/Archives/edgar/data/1512499/000121390016011585/f10k2015_lindbladexpeditions.htm
0,2014-12-31,LIND,2015-03-13,2015-03-13 17:16:09,FY,198459000,90002000,108457000,0.5464957497518379,0.0,66771000,0.0,686208.0,78027000,168029000,10260.0,11266000,36321260,0.183016,30430000,0.153331,57000.0,25045000,0.126197,2800000.0,22245000,0.112089,0.49745,0.49745,6208158.0,6208158.0,https://www.sec.gov/Archives/edgar/data/1512499/000121390015001766/0001213900-15-001766-index.htm,https://www.sec.gov/Archives/edgar/data/1512499/000121390015001766/f10k2014_capitolacquisition.htm
0,2013-12-31,LIND,2014-03-06,2014-03-06 16:01:39,FY,192200000,96700000,95500000,0.49687825182101975,0.0,60400000,0.0,4768.0,72399999.99999999,169100000,-6600000.0,11650000,21550000,0.112123,23100000,0.120187,27634.0,16500000,0.085848,1700000.0,14800000,0.077003,0.3311,0.3311,5824828.0,5824828.0,https://www.sec.gov/Archives/edgar/data/1512499/000121390014001290/0001213900-14-001290-index.htm,https://www.sec.gov/Archives/edgar/data/1512499/000121390014001290/f10k2013_capitolacquisition.htm
