,date,symbol,fillingDate,acceptedDate,period,revenue,costOfRevenue,grossProfit,grossProfitRatio,researchAndDevelopmentExpenses,generalAndAdministrativeExpenses,sellingAndMarketingExpenses,otherExpenses,operatingExpenses,costAndExpenses,interestExpense,depreciationAndAmortization,ebitda,ebitdaratio,operatingIncome,operatingIncomeRatio,totalOtherIncomeExpensesNet,incomeBeforeTax,incomeBeforeTaxRatio,incomeTaxExpense,netIncome,netIncomeRatio,eps,epsdiluted,weightedAverageShsOut,weightedAverageShsOutDil,link,finalLink
0,2019-12-31,ETSY,2020-02-27,2020-02-26 21:47:38,FY,818379000,271036000,547343000,0.6688135937016957,121878000,336704000,215570000,121878000,458582000.00000006,729618000,24320000,48031000,157194000,0.19208,88761000,0.10846,-8115000.0,80646000,0.098544,-11051000,95894000,0.117176,0.76276,0.76276,119665248000,119665248000,https://www.sec.gov/Archives/edgar/data/1370637/000137063720000046/0001370637-20-000046-index.htm,https://www.sec.gov/Archives/edgar/data/1370637/000137063720000046/etsy1231201910k.htm
0,2018-12-31,ETSY,2019-02-28,2019-02-28 10:33:48,FY,603693000,190781000,412912000,0.6839767895271271,97359000,241016000,158013000,97249000,338126000.00000006,528907000.00000006,22178000,26742000,103998000,0.17227,74786000,0.123881,8957000.0,55078000,0.091235,-22413000,77491000,0.128362,0.60976,0.60976,121079687,127034426,https://www.sec.gov/Archives/edgar/data/1370637/000137063719000028/0001370637-19-000028-index.htm,https://www.sec.gov/Archives/edgar/data/1370637/000137063719000028/etsy1231201810k.htm
0,2017-12-31,ETSY,2018-03-01,2018-02-28 17:34:39,FY,441231000,150248000,290983000,0.6594799549442356,71384000,190644000,109085000,112247000,279087000,429335000,20369000,27197000,79831000,0.180928,11896000,0.026961,2394000.0,32265000,0.073125,-49535000,81800000,0.18539,0.66902,0.66902,118538687000,122267673000,https://www.sec.gov/Archives/edgar/data/1370637/000137063718000020/0001370637-18-000020-index.htm,https://www.sec.gov/Archives/edgar/data/1370637/000137063718000020/etsy1231201710k.htm
0,2016-12-31,ETSY,2017-02-28,2017-02-28 16:42:03,FY,364967000,123328000,241639000,0.6620845172303249,55083000,168979000,82799000,82799000,224061999.99999997,347390000,-20453000,22525000,-804000.0,-0.002203,17577000,0.048161,1702000.0,-2876000.0,-0.00788,27025000,-29901000,-0.081928,-0.2633,-0.2633,113562738000,113562738000,https://www.sec.gov/Archives/edgar/data/1370637/000137063717000018/0001370637-17-000018-index.htm,https://www.sec.gov/Archives/edgar/data/1370637/000137063717000018/etsy1231201610k.htm
0,2015-12-31,ETSY,2016-03-01,2016-03-01 12:29:05,FY,273499000,96979000,176520000,0.6454136943827948,42694000,135710000,66771000,66771000,178404000,275383000,-22977000,18550000,-32421000,-0.118542,-1884000.0,-0.006889,-3133000.0,-27994000,-0.102355,26069000,-54063000,-0.197672,-0.5933,-0.5933,91122291000,91122291000,https://www.sec.gov/Archives/edgar/data/1370637/000137063716000032/0001370637-16-000032-index.htm,https://www.sec.gov/Archives/edgar/data/1370637/000137063716000032/etsy1231201510k.htm
