,date,symbol,fillingDate,acceptedDate,period,revenue,costOfRevenue,grossProfit,grossProfitRatio,researchAndDevelopmentExpenses,generalAndAdministrativeExpenses,sellingAndMarketingExpenses,otherExpenses,operatingExpenses,costAndExpenses,interestExpense,depreciationAndAmortization,ebitda,ebitdaratio,operatingIncome,operatingIncomeRatio,totalOtherIncomeExpensesNet,incomeBeforeTax,incomeBeforeTaxRatio,incomeTaxExpense,netIncome,netIncomeRatio,eps,epsdiluted,weightedAverageShsOut,weightedAverageShsOutDil,link,finalLink
0,2018-12-31,CTRC,2019-05-16,2019-05-15 21:58:06,FY,596602000,435867000,160735000,0.269417,0.0,145136000,0.0,107158000,252293999.99999994,688161000,38327000,19351000,-72015000,-0.120709,-91559000,-0.153467,193000.0,-129693000,-0.217386,-5927000.0,-123766000,-0.207452,-5.73814,-5.73814,21569000,21569000,https://www.sec.gov/Archives/edgar/data/844143/000155837019005113/ctrc-20181231x10k.htm,https://www.sec.gov/Archives/edgar/data/844143/000155837019005113/ctrc-20181231x10k.htm
0,2017-12-31,CTRC,2018-04-02 00:00:00,2018-04-02 16:59:38,FY,164053000,92303000,71750000,0.437359,0.0,64370000,0.0,6304000.0,70674000,162977000,8844000.0,6061000.0,7116000.0,0.043376,1076000.0,0.006559,-21000.0,-7789000.0,-0.047479,-5331000.0,-2458000.0,-0.014983,-0.18463,-0.18463,13313000,13313000,https://www.sec.gov/Archives/edgar/data/844143/000155837018002710/0001558370-18-002710-index.html,https://www.sec.gov/Archives/edgar/data/844143/000155837018002710/dfbg-20171231x10k.htm
0,2016-12-31,CTRC,2017-03-30 00:00:00,2017-03-30 16:47:43,FY,149267000,87987000,61280000,0.41054,0.0,63244000,0.0,8189000.0,71432999.99999999,159420000,7531000.0,6012000.0,-5469000.0,-0.036639,-10153000,-0.068019,-42000.0,-17726000,-0.118754,-1200000.0,-17812000,-0.11933,-1.43322,-1.43322,12428000,12428000,https://www.sec.gov/Archives/edgar/data/844143/000155837017002321/0001558370-17-002321-index.html,https://www.sec.gov/Archives/edgar/data/844143/000155837017002321/dfbg-20161231x10k.htm
0,2015-11-30,CTRC,2016-02-29 00:00:00,2016-02-29 16:12:24,FY,80199000,47920000,32279000,0.402486,0.0,48228000,0.0,17340000,65568000,113488000,6621000.0,3208000.0,-25053000,-0.312385,-33289000,-0.41508,0.0,-39910000,-0.497637,-2554000.0,-32328000,-0.403097,-13.96579,-13.96579,2314800.0,2314800.0,https://www.sec.gov/Archives/edgar/data/844143/000104746916010580/0001047469-16-010580-index.html,https://www.sec.gov/Archives/edgar/data/844143/000104746916010580/a2227457z10-k.htm
0,2014-11-30,CTRC,2015-02-13,2015-02-13 17:01:32,FY,84225000,44502000,39723000,0.47163,0.0,42329000,0.0,29040000,70390999.99999999,209542000,13827000,3637000.0,-14882000,-0.176693,-30668000,-0.36412,2268000.0,-33541000,-0.398231,-4630000.0,-27716000,-0.329071,-12.18714,-12.18714,2274200.0,2274200.0,https://www.sec.gov/Archives/edgar/data/844143/000104746915000816/a2223003z10-k.htm,https://www.sec.gov/Archives/edgar/data/844143/000104746915000816/a2223003z10-k.htm
0,2013-11-30,CTRC,2014-02-13,2014-02-13 16:07:21,FY,28400000,14500000,14000000,0.492958,0.0,22000000,0.0,11273000,23200000.000000004,143243000,2562000.0,1320000.0,-1935000.0,-0.068134,-9300000.0,-0.327465,-200000.0,-10600000,-0.373239,1483000.0,-7300000.0,-0.257042,-3.31818,-3.31818,2200000.0,2200000.0,https://www.sec.gov/Archives/edgar/data/844143/000104746914000873/a2218236z10-k.htm,https://www.sec.gov/Archives/edgar/data/844143/000104746914000873/a2218236z10-k.htm
0,2012-11-30,CTRC,2013-02-21 00:00:00,2013-02-21 16:06:17,FY,118600000,62500000,56200000,0.473862,0.0,44000000,0.0,1456000.0,45400000.00000001,107925000,376000.0,1460000.0,12212000,0.102968,10700000,0.090219,0.0,10300000,0.086847,4776000.0,5600000.0,0.047218,2.54545,2.54545,2200000.0,2200000.0,https://www.sec.gov/Archives/edgar/data/844143/000104746913001389/0001047469-13-001389-index.html,https://www.sec.gov/Archives/edgar/data/844143/000104746913001389/a2212973z10-k.htm
0,2011-11-30,CTRC,2012-02-28 00:00:00,2012-02-28 16:07:54,FY,95400000,52100000,43400000,0.454927,0.0,41600000,0.0,2312000.0,43900000,95985000,484000.0,1170000.0,570000.0,0.005975,-600000.0,-0.006289,0.0,-1000000.0,-0.010482,316000.0,-1400000.0,-0.014675,-0.66667,-0.66667,2100000.0,2100000.0,https://www.sec.gov/Archives/edgar/data/844143/000104746912001761/0001047469-12-001761-index.html,https://www.sec.gov/Archives/edgar/data/844143/000104746912001761/a2207481z10-k.htm
0,2010-11-30,CTRC,2011-02-10,2011-02-10 16:04:48,FY,98200000,52000000,46200000,0.470468,0.0,39300000,0.0,0.0,40200000,91312000,464000.0,840000.0,6860000.0,0.069857,6000000.0,0.0611,0.0,5600000.0,0.057026,2956000.0,2600000.0,0.026477,1.2381,1.2381,2100000.0,2100000.0,https://www.sec.gov/Archives/edgar/data/844143/000104746911000740/a2201829z10-k.htm,https://www.sec.gov/Archives/edgar/data/844143/000104746911000740/a2201829z10-k.htm
0,2009-11-30,CTRC,2010-02-03 00:00:00,2010-02-03 16:06:53,FY,80100000,40300000,39800000,0.496879,0.0,30700000,0.0,0.0,31299999.999999996,71057000,388000.0,540000.0,9043000.0,0.112896,8500000.0,0.106117,0.0,8100000.0,0.101124,-16385000,24500000,0.305868,12.25,12.25,2000000.0,2000000.0,https://www.sec.gov/Archives/edgar/data/844143/000104746910000510/0001047469-10-000510-index.html,https://www.sec.gov/Archives/edgar/data/844143/000104746910000510/a2196251z10-k.htm
0,2008-11-30,CTRC,2009-04-30,2009-04-30 16:04:10,FY,69200000,36500000,32600000,0.471098,0.0,26200000,0.0,0.0,26600000,62704000,633000.0,350000.0,5883000.0,0.085014,6100000.0,0.08815,0.0,5500000.0,0.07948,0.0,4900000.0,0.070809,2.45,2.45,2000000.0,2000000.0,https://www.sec.gov/Archives/edgar/data/844143/000104746909004798/a2190832z10-k.htm,https://www.sec.gov/Archives/edgar/data/844143/000104746909004798/a2190832z10-k.htm
0,2007-11-30,CTRC,2008-02-28,2008-02-28 16:01:47,FY,62800000,36100000,26600000,0.423567,0.0,23100000,0.0,-13000.0,23500000,59222000,828000.0,360000.0,3488000.0,0.055541,3200000.0,0.050955,0.0,2300000.0,0.036624,0.0,2300000.0,0.036624,1.53333,1.53333,1500000.0,1500000.0,https://www.sec.gov/Archives/edgar/data/844143/000110465908013795/a08-6592_110k.htm,https://www.sec.gov/Archives/edgar/data/844143/000110465908013795/a08-6592_110k.htm
0,2006-11-25,CTRC,2007-02-08,2007-02-08 17:26:38,FY,46600000,31200000,15400000,0.330472,0.0,21600000,0.0,-68000.0,21900000.000000004,52811000,573000.0,290000.0,-8437000.0,-0.181052,-6500000.0,-0.139485,-100000.0,-7100000.0,-0.152361,0.0,-9300000.0,-0.199571,-8.45455,-8.45455,1100000.0,1100000.0,https://www.sec.gov/Archives/edgar/data/844143/000110465907008735/a07-3753_110k.htm,https://www.sec.gov/Archives/edgar/data/844143/000110465907008735/a07-3753_110k.htm
0,2005-11-26,CTRC,2006-02-09,2006-02-09 16:12:30,FY,35900000,25200000,10700000,0.29805,0.0,18200000,0.0,16000.0,18400000.000000004,109310000,1590000.0,190000.0,-14620000,-0.407242,-7700000.0,-0.214485,0.0,-8500000.0,-0.236769,0.0,-16400000,-0.456825,-14.90909,-14.90909,1100000.0,1100000.0,https://www.sec.gov/Archives/edgar/data/844143/000110465906007386/a06-2285_110k.htm,https://www.sec.gov/Archives/edgar/data/844143/000110465906007386/a06-2285_110k.htm
0,2004-11-27,CTRC,2005-02-25,2005-02-25 16:18:02,FY,26700000,19900000,6800000.0,0.254682,0.0,18700000,0.0,-54000.0,18900000,108937000,1334000.0,110000.0,-8156000.0,-0.305468,-12000000,-0.449438,0.0,-12400000,-0.464419,0.0,-9600000.0,-0.359551,-10.66667,-10.66667,900000.0,900000.0,https://www.sec.gov/Archives/edgar/data/844143/000110465905008358/a05-4187_110k.htm,https://www.sec.gov/Archives/edgar/data/844143/000110465905008358/a05-4187_110k.htm
0,2003-11-29,CTRC,,,FY,69100000,59200000,9900000.0,0.143271,0.0,15800000,0.0,0.0,17000000,0.0,0.0,1110000.0,0.0,0.0,-7000000.0,-0.101302,500000.0,-7500000.0,-0.108538,0.0,-8300000.0,-0.120116,-13.83333,-13.83333,600000.0,600000.0,,
0,2002-11-30,CTRC,,,FY,17500000,11400000,6100000.0,0.348571,0.0,5200000.0,0.0,0.0,5400000.0,0.0,0.0,200000.0,0.0,0.0,700000.0,0.04,100000.0,500000.0,0.028571,0.0,600000.0,0.034286,1.2,1.2,500000.0,500000.0,,
0,2001-12-01,CTRC,,,FY,9300000.0,6300000.0,3000000.0,0.322581,0.0,3200000.0,0.0,0.0,3399999.9999999995,0.0,0.0,169999.99999999997,0.0,0.0,-400000.0,-0.043011,100000.0,-500000.0,-0.053763,0.0,-600000.0,-0.064516,-1.2,-1.2,500000.0,500000.0,,
0,2000-11-30,CTRC,,,FY,5800000.0,5200000.0,600000.0,0.103448,0.0,4100000.0,0.0,0.0,5100000.000000001,0.0,0.0,250000.0,0.0,0.0,-4500000.0,-0.775862,-100000.0,-5100000.0,-0.87931,0.0,-6200000.0,-1.068966,-20.66667,-20.66667,300000.0,300000.0,,
0,1999-11-30,CTRC,,,FY,10800000,6300000.0,4600000.0,0.425926,0.0,5000000.0,0.0,0.0,5600000.000000001,0.0,0.0,290000.0,0.0,0.0,-1100000.0,-0.101852,300000.0,-1300000.0,-0.12037,0.0,-1300000.0,-0.12037,-6.5,-6.5,200000.0,200000.0,,
0,1998-11-30,CTRC,,,FY,6800000.0,4500000.0,2300000.0,0.338235,0.0,3600000.0,0.0,0.0,4199999.999999999,0.0,0.0,270000.0,0.0,0.0,-1900000.0,-0.279412,100000.0,-2300000.0,-0.338235,0.0,-4000000.0,-0.588235,-20.0,-20.0,200000.0,200000.0,,
0,1997-11-30,CTRC,,,FY,7900000.0,5300000.0,2600000.0,0.329114,0.0,3700000.0,0.0,0.0,4000000.000000001,0.0,0.0,270000.0,0.0,0.0,-1400000.0,-0.177215,300000.0,-1700000.0,-0.21519,0.0,-1300000.0,-0.164557,-13.0,-13.0,100000.0,100000.0,,
0,1996-11-30,CTRC,,,FY,6000000.0,4000000.0,2000000.0,0.333333,0.0,3500000.0,0.0,0.0,4000000.0,0.0,0.0,510000.0,0.0,0.0,-2000000.0,-0.333333,-100000.0,-3000000.0,-0.5,0.0,-3100000.0,-0.516667,-65.76,-65.76,0.0,0.0,,
