,date,symbol,fillingDate,acceptedDate,period,revenue,costOfRevenue,grossProfit,grossProfitRatio,researchAndDevelopmentExpenses,generalAndAdministrativeExpenses,sellingAndMarketingExpenses,otherExpenses,operatingExpenses,costAndExpenses,interestExpense,depreciationAndAmortization,ebitda,ebitdaratio,operatingIncome,operatingIncomeRatio,totalOtherIncomeExpensesNet,incomeBeforeTax,incomeBeforeTaxRatio,incomeTaxExpense,netIncome,netIncomeRatio,eps,epsdiluted,weightedAverageShsOut,weightedAverageShsOutDil,link,finalLink
0,2019-12-31,ACCEL.AS,2019-12-31,2019-12-31,FY,1111028000,769492000,341536000,0.3074053939234655,3134000.0,88699000,69630000,0.0,21832000,1043389000,10869000,20748000,97269000,0.08754864863891819,67639000,0.04595563748168363,0.0,51058000,0.04595563748168363,-8241000.0,2804000.0,0.0025237887794006993,0.1,0.1,26726268,26781559,,
0,2018-12-31,ACCEL.AS,2018-12-31,2018-12-31,FY,1094292000,769786000,324506000,0.29654424961527637,1674000.0,98595000,71967000,0.0,25421000,1059524000,7704000.0,10530000,57785000,0.052805832446915446,34768000,0.03279928940355956,0.0,35892000,0.03279928940355956,15621000,20271000,0.0185243061267011,0.754444,0.744646,27020181,27072342,,
0,2017-12-31,ACCEL.AS,2017-12-31,2017-12-31,FY,1068473000,766464000,302009000,0.2826547792971839,1762000.0,84456000,66815000,0.0,32555000,1030463000,6912000.0,11073000,48170000,0.04508302970688075,38010000,0.028250596879846285,0.0,30185000,0.028250596879846285,19684000,10501000,0.009828044321194827,0.391919,0.391919,26639403,26808574,,
0,2016-12-31,ACCEL.AS,2016-12-31,2016-12-31,FY,1048152000,733347000,314805000,0.30034288919927643,1770000.0,83999000,65754000,0.0,28693000,987086000,7502000.0,9671000.0,71214000,0.0679424358299178,61066000,0.050274196872209374,0.0,52695000,0.050274196872209374,20403000,32292000,0.030808508689579375,1.234545,1.224747,26151733,26322346,,
0,2015-12-31,ACCEL.AS,2015-12-31,2015-12-31,FY,986402000,672102000,314300000,0.31863276838449234,2284000.0,0.0,0.0,0.0,117389000,923322000,7650000.0,9512000.0,70785000,0.07176080340469707,63080000,0.04920002189776582,0.0,48531000,0.04920002189776582,16245000,32286000,0.03273107718759694,1.263939,1.254141,25634120,25788638,,
0,2014-12-31,ACCEL.AS,2014-12-31,2014-12-31,FY,882404000,615235000,267169000,0.3027740128104587,1904000.0,0.0,0.0,0.0,101725000,837905000,7634000.0,8686000.0,52676000,0.05969601225742404,44499000,0.039942022021659015,0.0,35245000,0.039942022021659015,9162000.0,26083000,0.02955902285121101,1.038585,1.028787,25194675,25340130,,
0,2013-12-31,ACCEL.AS,2013-12-31,2013-12-31,FY,848971000,589983000,258988000,0.305061068045905,1788000.0,0.0,0.0,0.0,101602000,812034000,8854000.0,8692000.0,43295000,0.050997030522832935,36937000,0.02678772301998537,0.0,22742000,0.02678772301998537,3722000.0,19020000,0.022403592113275955,0.77404,0.764242,24694353,24830019,,
0,2012-12-31,ACCEL.AS,2012-12-31,2012-12-31,FY,772546000,526409000,246137000,0.3186049762732575,1791000.0,0.0,0.0,0.0,94816000,736597000,6611000.0,8300000.0,44097000,0.05708009620139124,35949000,0.03331969876227435,0.0,25741000,0.03331969876227435,2574000.0,23167000,0.02998785832817722,0.989596,0.979798,23369593,23557796,,
0,2011-12-31,ACCEL.AS,2011-12-31,2011-12-31,FY,628475000,420126000,208349000,0.33151517562353316,0.0,0.0,0.0,0.0,85551000,593674000,2579000.0,7355000.0,53352000,0.08489120490075182,34801000,0.06904172799236247,0.0,43391000,0.06904172799236247,3114000.0,40277000,0.06408687696407972,1.891009,1.871413,21336547,21566594,,
0,2010-12-31,ACCEL.AS,2010-12-31,2010-12-31,FY,577226000,374258000,202968000,0.3516265726076095,0.0,76607000,0.0,0.0,73310000,531669000,4478000.0,7494000.0,54229000,0.09394760457775637,45557000,0.07311174479320058,0.0,42202000,0.07311174479320058,5822000.0,36380000,0.06302557403859146,1.748939,1.724444,20805614,21091142,,
0,2009-12-31,ACCEL.AS,2009-12-31,2009-12-31,FY,572573000,367087000,205486000,0.3588817495760366,0.0,73528000,0.0,193000.0,74976000,522992000,5740000.0,7401000.0,57698000,0.10076968351633765,49581000,0.0778188982016267,0.0,44557000,0.0778188982016267,11817000,32740000,0.05718048179009489,1.616666,1.592171,20265543,20560400,,
0,2008-12-31,ACCEL.AS,2008-12-31,2008-12-31,FY,538035000,339567000,198468000,0.3688756307675151,0.0,71540000,0.0,178000.0,71585000,489573000,6708000.0,6881000.0,51664000,0.09602349289544361,48462000,0.07505273820476363,0.0,40381000,0.07505273820476363,11814000,28567000,0.053095058871634744,1.445201,1.425605,19741647,20008937,,
0,2007-12-31,ACCEL.AS,2007-12-31,2007-12-31,FY,476073000,296735000,179338000,0.37670273256412357,0.0,0.0,0.0,-144000.0,69946000,436507000,6018000.0,5782000.0,45845000,0.09629825677994762,39566000,0.06182875315340294,0.0,29435000,0.06182875315340294,9621000.0,19814000,0.04161966757199001,103.368642,102.388844,19201395,19387852,,
0,2006-12-31,ACCEL.AS,2006-12-31,2006-12-31,FY,431730000,272042000,159688000,0.3698793227248512,0.0,0.0,0.0,-82000.0,61979000,401608000,4064000.0,4894000.0,35209000,0.08155328561832627,30122000,0.06080420633266162,0.0,26251000,0.06080420633266162,7864000.0,18387000,0.042589118198874294,97.979755,96.999958,18731071,18954882,,
0,2005-12-31,ACCEL.AS,2005-12-31,2005-12-31,FY,369321000,230629000,138692000,0.37553239593740945,0.0,57743000,0.0,0.0,50679000,343608000,0.0,4557000.0,27250000,0.07378405235553895,25713000,0.061445192664375974,0.0,22693000,0.061445192664375974,7163000.0,15530000,0.04205014066354201,0.857323,0.842626,18125681,18423589,,
0,2004-12-31,ACCEL.AS,2004-12-31,2004-12-31,FY,341146000,210833000,130313000,0.38198601185416214,0.0,53845000,0.0,-45072000,49074000,318610000,278000.0,4858000.0,-14893000,-0.043655795465870915,22536000,-0.05873438351907981,0.0,-20037000,-0.05873438351907981,7032000.0,13005000,0.038121508093309026,0.744646,0.744646,17452180,17452180,,
0,2003-12-31,ACCEL.AS,2003-12-31,2003-12-31,FY,289577000,184809000,104768000,0.3617966896542198,0.0,45157000,0.0,-33194000,39160000,272980000,111000.0,3854000.0,-10088000,-0.03483702089599657,16597000,-0.048639912700248984,0.0,-14085000,-0.048639912700248984,4888000.0,9177000.0,0.03169105281151473,0.540848,0.540848,16983998,16983998,,
0,2002-12-31,ACCEL.AS,2002-12-31,2002-12-31,FY,259430000,173288000,86142000,0.3320433257526115,0.0,38683000,0.0,-6478000.0,30889000,245668000,0.0,2808000.0,13388000,0.05160544270130671,13762000,0.04056200131056547,0.0,10523000,0.04056200131056547,3744000.0,6779000.0,0.02613036271826697,0.403677,0.403677,16783446,16783446,,
