,date,symbol,fillingDate,acceptedDate,period,revenue,costOfRevenue,grossProfit,grossProfitRatio,researchAndDevelopmentExpenses,generalAndAdministrativeExpenses,sellingAndMarketingExpenses,otherExpenses,operatingExpenses,costAndExpenses,interestExpense,depreciationAndAmortization,ebitda,ebitdaratio,operatingIncome,operatingIncomeRatio,totalOtherIncomeExpensesNet,incomeBeforeTax,incomeBeforeTaxRatio,incomeTaxExpense,netIncome,netIncomeRatio,eps,epsdiluted,weightedAverageShsOut,weightedAverageShsOutDil,link,finalLink
0,2019-12-31,THRM,2020-02-20 00:00:00,2020-02-20 14:36:13,FY,971684000,683349000,288335000,0.296737,0.0,118356000,0.0,72476000,226867999.99999994,910216999.9999999,4763000.0,44246000,108160000,0.111312,61467000,0.063258,121000.0,59151000,0.060875,21645000,37506000,0.038599,1.12637,1.12637,33298000,33298000,https://www.sec.gov/Archives/edgar/data/903129/000156459020005507/0001564590-20-005507-index.html,https://www.sec.gov/Archives/edgar/data/903129/000156459020005507/thrm-10k_20191231.htm
0,2018-12-31,THRM,2019-02-26 00:00:00,2019-02-26 16:53:25,FY,1048505000,743647000,304858000,0.290755,0.0,137398000,0.0,79900000,243545999.99999994,987192999.9999999,-4320000.0,50638000,104437000,0.099606,61312000,0.058476,1127000.0,58119000,0.05543,16220000,41899000,0.039961,1.15817,1.15817,36177000,36177000,https://www.sec.gov/Archives/edgar/data/903129/000156459019004505/0001564590-19-004505-index.html,https://www.sec.gov/Archives/edgar/data/903129/000156459019004505/thrm-10k_20181231.htm
0,2017-12-31,THRM,2018-02-23 00:00:00,2018-02-23 13:19:56,FY,993991000,674796000,319195000,0.321125,0.0,139619000,0.0,82478000,222096999.99999997,896893000,-27993000,44972000,66134000,0.066534,97098000,0.097685,150000.0,69255000,0.069674,13928000,35227000,0.03544,0.95689,0.95689,36814000,36814000,https://www.sec.gov/Archives/edgar/data/903129/000156459018003000/0001564590-18-003000-index.html,https://www.sec.gov/Archives/edgar/data/903129/000156459018003000/thrm-10k_20171231.htm
0,2016-12-31,THRM,2017-02-23 00:00:00,2017-02-23 15:31:21,FY,917600000,622563000,295037000,0.321531,0.0,115252000,0.0,72923000,188918000,811481000,4553000.0,37764000,152880000,0.166609,106119000,0.115648,-109000.0,110563000,0.120491,33965000,76598000,0.083476,2.0928,2.0928,36600800,36600800,https://www.sec.gov/Archives/edgar/data/903129/000156459017002183/0001564590-17-002183-index.html,https://www.sec.gov/Archives/edgar/data/903129/000156459017002183/thrm-10k_20161231.htm
0,2015-12-31,THRM,2016-02-25 00:00:00,2016-02-25 11:09:50,FY,856445000,580066000,276379000,0.322705,59604000,95456000,0.0,0.0,145111000,725177000,-2591000.0,31029000,157376000,0.183755,131268000,0.153271,261000.0,128938000,0.15055,33545000,95393000,0.111383,2.61529,2.61529,36475100,36475100,https://www.sec.gov/Archives/edgar/data/903129/000156459016013314/0001564590-16-013314-index.html,https://www.sec.gov/Archives/edgar/data/903129/000156459016013314/thrm-10k_20151231.htm
0,2014-12-31,THRM,2015-03-02,2015-03-02 13:41:53,FY,811300000,569618000,241682000,0.297895,0.0,84647000,0.0,-2324000.0,144617999.99999994,714235999.9999999,-3213000.0,35029000,126037000,0.155352,97064000,0.11964,370000.0,94221000,0.116136,24102000,70119000,0.086428,1.94508,1.94508,36049330,36049330,https://www.sec.gov/Archives/edgar/data/903129/000156459015001170/thrm-10k_20141231.htm,https://www.sec.gov/Archives/edgar/data/903129/000156459015001170/thrm-10k_20141231.htm
0,2013-12-31,THRM,2014-03-11,2014-03-11 15:54:58,FY,662100000,487300000,174800000,0.264008,52200000,72900000,0.0,-2300000.0,125199999.99999999,612500000,-4300000.0,31200000,71800000,0.108443,49600000,0.074913,1000000.0,46200000,0.069778,11100000,33800000,0.05105,0.9912,0.9912,34100000,34100000,https://www.sec.gov/Archives/edgar/data/903129/000156459014000681/thrm-10k_20131231.htm,https://www.sec.gov/Archives/edgar/data/903129/000156459014000681/thrm-10k_20131231.htm
0,2012-12-31,THRM,2013-03-15 00:00:00,2013-03-15 15:19:10,FY,555000000,413100000,141900000,0.255676,43200000,64900000,0.0,-2200000.0,105799999.99999996,518899999.99999994,164000.0,30600000,57064000,0.102818,36100000,0.065045,900000.0,32700000,0.058919,8400000.0,17900000,0.032252,0.61938,0.61938,28900000,28900000,https://www.sec.gov/Archives/edgar/data/903129/000119312513109773/0001193125-13-109773-index.html,https://www.sec.gov/Archives/edgar/data/903129/000119312513109773/d465509d10k.htm
0,2011-12-31,THRM,2012-03-15 00:00:00,2012-03-15 16:50:46,FY,369600000,274800000,94700000,0.256223,29400000,42100000,0.0,-900000.0,77099999.99999997,351899999.99999994,-700000.0,23400000,38100000,0.103084,17700000,0.04789,-100000.0,16900000,0.045725,5100000.0,10300000,0.027868,0.4383,0.4383,23500000,23500000,https://www.sec.gov/Archives/edgar/data/903129/000119312512117521/0001193125-12-117521-index.html,https://www.sec.gov/Archives/edgar/data/903129/000119312512117521/d290924d10k.htm
0,2010-12-31,THRM,2011-02-17,2011-02-17 16:57:49,FY,112400000,79700000,32700000,0.290925,11900000,11000000,0.0,-2300000.0,20599999.999999993,100300000,0.0,1400000.0,14300000,0.127224,12100000,0.107651,100000.0,12300000,0.109431,2900000.0,10000000,0.088968,0.44444,0.44444,22500000,22500000,https://www.sec.gov/Archives/edgar/data/903129/000119312511039213/d10k.htm,https://www.sec.gov/Archives/edgar/data/903129/000119312511039213/d10k.htm
0,2009-12-31,THRM,2010-02-19 00:00:00,2010-02-19 14:56:35,FY,60900000,45200000,15800000,0.259442,8100000.0,8900000.0,0.0,-2100000.0,14799999.999999996,60000000,-500000.0,1400000.0,1900000.0,0.031199,900000.0,0.014778,200000.0,600000.0,0.009852,300000.0,700000.0,0.011494,0.03211,0.03211,21800000,21800000,https://www.sec.gov/Archives/edgar/data/903129/000119312510035119/0001193125-10-035119-index.html,https://www.sec.gov/Archives/edgar/data/903129/000119312510035119/d10k.htm
0,2008-12-31,THRM,2009-02-13 00:00:00,2009-02-13 16:08:59,FY,63600000,45100000,18500000,0.290881,9200000.0,7200000.0,0.0,-2500000.0,14000000,59100000,800000.0,1400000.0,7700000.0,0.121069,4600000.0,0.072327,100000.0,5500000.0,0.086478,1900000.0,3600000.0,0.056604,0.16071,0.16071,22400000,22400000,https://www.sec.gov/Archives/edgar/data/903129/000119312509029234/0001193125-09-029234-index.html,https://www.sec.gov/Archives/edgar/data/903129/000119312509029234/d10k.htm
0,2007-12-31,THRM,2008-02-14,2008-02-13 20:04:06,FY,63600000,42300000,21300000,0.334906,7500000.0,8500000.0,0.0,-2500000.0,13600000.000000002,55900000,1000000.0,700000.0,10600000,0.166667,7700000.0,0.121069,200000.0,8800000.0,0.138365,1500000.0,7400000.0,0.116352,0.32743,0.32743,22600000,22600000,https://www.sec.gov/Archives/edgar/data/903129/000119312508029669/d10k.htm,https://www.sec.gov/Archives/edgar/data/903129/000119312508029669/d10k.htm
0,2006-12-31,THRM,2007-02-20,2007-02-20 16:50:51,FY,50600000,34100000,16500000,0.326087,3400000.0,7600000.0,0.0,0.0,11000000,45100000,500000.0,500000.0,7200000.0,0.142292,5500000.0,0.108696,200000.0,6200000.0,0.12253,2700000.0,3500000.0,0.06917,0.16908,0.16908,20700000,20700000,https://www.sec.gov/Archives/edgar/data/903129/000119312507035190/d10k.htm,https://www.sec.gov/Archives/edgar/data/903129/000119312507035190/d10k.htm
0,2005-12-31,THRM,2006-03-14,2006-03-14 17:17:39,FY,35700000,25100000,10700000,0.29972,2600000.0,5500000.0,0.0,0.0,8100000.000000001,33200000,300000.0,400000.0,3700000.0,0.103641,2600000.0,0.072829,200000.0,3100000.0,0.086835,-13500000,16500000,0.462185,1.02484,1.02484,16100000,16100000,https://www.sec.gov/Archives/edgar/data/903129/000119312506053842/d10k.htm,https://www.sec.gov/Archives/edgar/data/903129/000119312506053842/d10k.htm
0,2004-12-31,THRM,2005-03-24,2005-03-24 16:49:08,FY,32700000,24200000,8500000.0,0.259939,2200000.0,5500000.0,0.0,0.0,7699999.999999999,31900000,100000.0,700000.0,1900000.0,0.058104,800000.0,0.024465,200000.0,1100000.0,0.033639,0.0,1100000.0,0.033639,0.07483,0.07483,14700000,14700000,https://www.sec.gov/Archives/edgar/data/903129/000119312505059874/d10k.htm,https://www.sec.gov/Archives/edgar/data/903129/000119312505059874/d10k.htm
0,2003-12-31,THRM,2004-03-26,2004-03-26 15:58:20,FY,29000000,23000000,6000000.0,0.206897,2500000.0,5100000.0,0.0,0.0,7600000.000000001,30600000,69000.0,500000.0,-831000.0,-0.028655,-1600000.0,-0.055172,200000.0,-1400000.0,-0.048276,0.0,-1400000.0,-0.048276,-0.12174,-0.12174,11500000,11500000,https://www.sec.gov/Archives/edgar/data/903129/000119312504050643/d10k.htm,https://www.sec.gov/Archives/edgar/data/903129/000119312504050643/d10k.htm
0,2002-12-31,THRM,2003-03-31,2003-03-31 15:19:51,FY,15300000,12000000,3300000.0,0.215686,3900000.0,5600000.0,0.0,0.0,9399999.999999998,21400000,318000.0,600000.0,-5382000.0,-0.351765,-6200000.0,-0.405229,200000.0,-6300000.0,-0.411765,0.0,-6300000.0,-0.411765,-0.63636,-0.63636,9900000.0,9900000.0,https://www.sec.gov/Archives/edgar/data/903129/000089843003002254/d10k.htm,https://www.sec.gov/Archives/edgar/data/903129/000089843003002254/d10k.htm
0,2001-12-31,THRM,,,FY,6400000.0,5500000.0,1000000.0,0.15625,3800000.0,4500000.0,0.0,0.0,8300000.0,13800000,-300000.0,600000.0,-7400000.0,-1.15625,-7400000.0,-1.15625,0.0,-7700000.0,-1.203125,0.0,-7700000.0,-1.203125,-1.67391,-1.67391,4600000.0,4600000.0,,
0,2000-12-31,THRM,,,FY,6900000.0,6300000.0,600000.0,0.086957,4100000.0,6100000.0,0.0,0.0,10200000,16500000,-2400000.0,600000.0,-13100000,-1.898551,-9600000.0,-1.391304,0.0,-12000000,-1.73913,0.0,-11300000,-1.637681,-3.42424,-3.42424,3300000.0,3300000.0,,
0,1999-12-31,THRM,,,FY,800000.0,2500000.0,-1700000.0,-2.125,2500000.0,3500000.0,0.0,0.0,5900000.0,8400000.0,100000.0,300000.0,-7200000.0,-9.0,-7600000.0,-9.5,0.0,-7600000.0,-9.5,0.0,-7600000.0,-9.5,-4.0,-4.0,1900000.0,1900000.0,,
0,1998-12-31,THRM,,,FY,800000.0,1400000.0,-600000.0,-0.75,3200000.0,4100000.0,0.0,0.0,7299999.999999999,8699999.999999998,200000.0,600000.0,-6900000.0,-8.625,-7900000.0,-9.875,0.0,-7700000.0,-9.625,0.0,-7700000.0,-9.625,-4.05263,-4.05263,1900000.0,1900000.0,,
0,1997-12-31,THRM,,,FY,1300000.0,2600000.0,-1300000.0,-1.0,2100000.0,4500000.0,0.0,0.0,6600000.0,9200000.0,400000.0,200000.0,-4800000.0,-3.692308,-7800000.0,-6.0,0.0,-5100000.0,-3.923077,0.0,-5400000.0,-4.153846,-3.0,-3.0,1800000.0,1800000.0,,
0,1996-12-31,THRM,,,FY,7400000.0,11700000,-4600000.0,-0.621622,2100000.0,3400000.0,0.0,0.0,5600000.000000001,17300000,-200000.0,400000.0,-9800000.0,-1.324324,-9800000.0,-1.324324,0.0,-10000000,-1.351351,0.0,-10000000,-1.351351,-12.5,-12.5,800000.0,800000.0,,
