,date,symbol,fillingDate,acceptedDate,period,revenue,costOfRevenue,grossProfit,grossProfitRatio,researchAndDevelopmentExpenses,generalAndAdministrativeExpenses,sellingAndMarketingExpenses,otherExpenses,operatingExpenses,costAndExpenses,interestExpense,depreciationAndAmortization,ebitda,ebitdaratio,operatingIncome,operatingIncomeRatio,totalOtherIncomeExpensesNet,incomeBeforeTax,incomeBeforeTaxRatio,incomeTaxExpense,netIncome,netIncomeRatio,eps,epsdiluted,weightedAverageShsOut,weightedAverageShsOutDil,link,finalLink
0,2019-12-31,JAKK,2020-05-13,2020-05-12 20:13:59,FY,598649000,439304000,159345000,0.266174,0.0,161210000,0.0,-1158000.0,190339000.00000006,629643000.0000001,15935000,17634000,-20067000,-0.03352,-30994000,-0.051773,-1158000.0,-53467000,-0.089313,1912000.0,-55548000,-0.092789,-21.38106,-21.38106,2598000.0,2598000.0,https://www.sec.gov/Archives/edgar/data/1009829/000162828020007624/jakk-20191231x10k.htm,https://www.sec.gov/Archives/edgar/data/1009829/000162828020007624/jakk-20191231x10k.htm
0,2018-12-31,JAKK,2019-03-18 00:00:00,2019-03-18 09:22:52,FY,567810000,412094000,155716000,0.27424,0.0,185142000,0.0,152000.0,188342000.00000003,600436000,10243000,17081000,-12093000,-0.021298,-32626000,-0.057459,152000.0,-39474000,-0.06952,2951000.0,-42368000,-0.074617,-18.33795,-18.33795,2310400.0,2310400.0,https://www.sec.gov/Archives/edgar/data/1009829/000162828019003040/0001628280-19-003040-index.html,https://www.sec.gov/Archives/edgar/data/1009829/000162828019003040/jakk-20181231x10k.htm
0,2017-12-31,JAKK,2018-03-16 00:00:00,2018-03-16 16:02:54,FY,613111000,457430000,155681000,0.25392,0.0,206303000,0.0,0.0,227757999.99999997,685188000,9829000.0,21003000,-50647000,-0.082607,-72077000,-0.117559,342000.0,-81422000,-0.132801,1606000.0,-83085000,-0.135514,-38.9321,-38.9321,2134100.0,2134100.0,https://www.sec.gov/Archives/edgar/data/1009829/000115752318000578/0001157523-18-000578-index.html,https://www.sec.gov/Archives/edgar/data/1009829/000115752318000578/a51771406.htm
0,2016-12-31,JAKK,2017-03-16 00:00:00,2017-03-16 14:47:07,FY,706603000,483582000,223021000,0.315624,0.0,205915000,0.0,0.0,205914999.99999997,689497000,12975000,22944000,41289000,0.058433,17106000,0.024209,305000.0,5376000.0,0.007608,4127000.0,1243000.0,0.001759,0.74587,0.74587,1666500.0,1666500.0,https://www.sec.gov/Archives/edgar/data/1009829/000115752317000818/0001157523-17-000818-index.html,https://www.sec.gov/Archives/edgar/data/1009829/000115752317000818/a51523741.htm
0,2015-12-31,JAKK,2016-03-15 00:00:00,2016-03-15 17:04:46,FY,745741000,517172000,228569000,0.306499,0.0,198039000,0.0,0.0,192396999.99999994,709568999.9999999,12402000,20902000,59981000,0.080431,36172000,0.048505,0.0,26593000,0.03566,3423000.0,23254000,0.031182,5.36784,5.36784,4332100.0,4332100.0,https://www.sec.gov/Archives/edgar/data/1009829/000115752316004933/0001157523-16-004933-index.html,https://www.sec.gov/Archives/edgar/data/1009829/000115752316004933/a51298498.htm
0,2014-12-31,JAKK,2015-03-16,2015-03-16 16:48:48,FY,810060000,574253000,235807000,0.291098,0.0,204480000,0.0,0.0,198548000,772801000,12461000,21883000,59568000,0.073535,37259000,0.045995,0.0,25224000,0.031138,3715000.0,21509000,0.026552,0.51809,0.51809,41516000,41516000,https://www.sec.gov/Archives/edgar/data/1009829/000115752315000949/a51055556.htm,https://www.sec.gov/Archives/edgar/data/1009829/000115752315000949/a51055556.htm
0,2013-12-31,JAKK,2014-03-17,2014-03-17 16:42:24,FY,632900000,477100000,155800000,0.246168,0.0,200300000,0.0,0.0,194399999.99999997,671500000,9942000.0,24600000,-16747000,-0.026461,-38500000,-0.060831,0.0,-51300000,-0.081055,2611000.0,-53900000,-0.085164,-2.42793,-2.42793,22200000,22200000,https://www.sec.gov/Archives/edgar/data/1009829/000115752314001096/a50823769.htm,https://www.sec.gov/Archives/edgar/data/1009829/000115752314001096/a50823769.htm
0,2012-12-31,JAKK,2013-03-15 00:00:00,2013-03-15 17:27:51,FY,666800000,468800000,197900000,0.296791,0.0,201700000,0.0,0.0,211200000,680000000,9228000.0,24600000,15179000,0.022764,-13200000,-0.019796,0.0,-18600000,-0.027894,86151000,-104800000,-0.157169,-4.36667,-4.36667,24000000,24000000,https://www.sec.gov/Archives/edgar/data/1009829/000115752313001430/0001157523-13-001430-index.html,https://www.sec.gov/Archives/edgar/data/1009829/000115752313001430/a50584069.htm
0,2011-12-31,JAKK,2012-03-15 00:00:00,2012-03-15 13:42:36,FY,677800000,483800000,194000000,0.28622,0.0,181600000,0.0,0.0,192700000,676500000,8196000.0,25900000,33586000,0.049551,1300000.0,0.001918,0.0,-500000.0,-0.000738,-9010000.0,8500000.0,0.012541,0.31599,0.31599,26900000,26900000,https://www.sec.gov/Archives/edgar/data/1009829/000115752312001404/0001157523-12-001404-index.html,https://www.sec.gov/Archives/edgar/data/1009829/000115752312001404/a50199573.htm
0,2010-12-31,JAKK,2011-03-04,2011-03-04 17:20:30,FY,747300000,502300000,245000000,0.327847,0.0,182200000,0.0,0.0,194800000,697100000,6732000.0,28700000,85125000,0.11391,50200000,0.067175,0.0,49700000,0.066506,2693000.0,47000000,0.062893,1.36232,1.36232,34500000,34500000,https://www.sec.gov/Archives/edgar/data/1009829/000115752311001399/a6632499.htm,https://www.sec.gov/Archives/edgar/data/1009829/000115752311001399/a6632499.htm
0,2009-12-31,JAKK,2010-03-17 00:00:00,2010-03-16 17:32:58,FY,803700000,600800000,202900000,0.252457,0.0,210700000,0.0,0.0,655400000.0000001,1256200000,7930000.0,36000000,-432248000,-0.537823,-452400000,-0.562897,0.0,-476200000,-0.59251,-90678000,-385500000,-0.479657,-14.01818,-14.01818,27500000,27500000,https://www.sec.gov/Archives/edgar/data/1009829/000114420410013900/0001144204-10-013900-index.html,https://www.sec.gov/Archives/edgar/data/1009829/000114420410013900/v177354_10k.htm
0,2008-12-31,JAKK,2009-03-02 00:00:00,2009-03-02 17:31:05,FY,903400000,582200000,321200000,0.355546,0.0,230100000,0.0,0.0,250399999.99999997,832600000,2425000.0,27600000,118967000,0.131688,70800000,0.078371,0.0,88900000,0.098406,12842000,76100000,0.084237,2.33436,2.33436,32600000,32600000,https://www.sec.gov/Archives/edgar/data/1009829/000114420409011719/0001144204-09-011719-index.html,https://www.sec.gov/Archives/edgar/data/1009829/000114420409011719/v141601_10-k.htm
0,2007-12-31,JAKK,2008-02-29,2008-02-29 17:27:17,FY,857100000,533400000,323700000,0.377669,0.0,200800000,0.0,0.0,216700000.00000006,750100000,5456000.0,26700000,161706000,0.188666,107000000,0.12484,0.0,129500000,0.151091,40550000,89000000,0.103839,2.68882,2.68882,33100000,33100000,https://www.sec.gov/Archives/edgar/data/1009829/000114420408012758/v105444_10k.htm,https://www.sec.gov/Archives/edgar/data/1009829/000114420408012758/v105444_10k.htm
0,2006-12-31,JAKK,2007-03-16,2007-03-16 15:02:56,FY,765400000,470600000,294800000,0.385158,0.0,184400000,0.0,0.0,202500000,673100000,4533000.0,26200000,136693000,0.17859,92300000,0.120591,0.0,105900000,0.138359,33560000,72400000,0.094591,2.21407,2.21407,32700000,32700000,https://www.sec.gov/Archives/edgar/data/1009829/000114420407013123/v068673_10k.htm,https://www.sec.gov/Archives/edgar/data/1009829/000114420407013123/v068673_10k.htm
0,2005-12-31,JAKK,2006-03-16,2006-03-15 21:45:03,FY,661500000,394800000,266700000,0.403175,0.0,168600000,0.0,-1401000.0,178800000,573600000,10100000,15500000,122244000,0.184798,88000000,0.133031,-1400000.0,96600000,0.146032,33144000,63500000,0.095994,1.97205,1.97205,32200000,32200000,https://www.sec.gov/Archives/edgar/data/1009829/000095012906002691/v09620e10vk.htm,https://www.sec.gov/Archives/edgar/data/1009829/000095012906002691/v09620e10vk.htm
0,2004-12-31,JAKK,2005-03-31 00:00:00,2005-03-31 17:27:55,FY,574300000,348300000,226000000,0.393523,0.0,157200000,0.0,0.0,172200000,520500000,5400000.0,21500000,86033000,0.149805,53700000,0.093505,0.0,59100000,0.102908,15533000,43600000,0.075919,1.38854,1.38854,31400000,31400000,https://www.sec.gov/Archives/edgar/data/1009829/000095014805000037/0000950148-05-000037-index.html,https://www.sec.gov/Archives/edgar/data/1009829/000095014805000037/v06352e10vk.htm
0,2003-12-31,JAKK,2004-03-15 00:00:00,2004-03-15 17:05:38,FY,315800000,189300000,126400000,0.400253,0.0,113100000,0.0,0.0,115099999.99999997,304399999.99999994,5900000.0,16000000,42005000,0.133011,11400000,0.036099,0.0,17300000,0.054782,4205000.0,15900000,0.050348,0.64372,0.64372,24700000,24700000,https://www.sec.gov/Archives/edgar/data/1009829/000095014804000601/0000950148-04-000601-index.html,https://www.sec.gov/Archives/edgar/data/1009829/000095014804000601/v94867e10vk.htm
0,2002-12-31,JAKK,2003-03-31 00:00:00,2003-03-31 13:44:13,FY,310000000,180200000,129800000,0.41871,0.0,98100000,0.0,0.0,104800000.00000001,285000000,9100000.0,15500000,61549000,0.198545,25000000,0.080645,0.0,34200000,0.110323,9049000.0,27900000,0.09,1.22907,1.22907,22700000,22700000,https://www.sec.gov/Archives/edgar/data/1009829/000095014803000692/0000950148-03-000692-index.html,https://www.sec.gov/Archives/edgar/data/1009829/000095014803000692/v86937ke10vk.htm
0,2001-12-31,JAKK,2002-04-01 00:00:00,2002-04-01 00:00:00,FY,284300000,164200000,120100000,0.422441,0.0,84500000,0.0,0.0,90800000.00000001,255000000,8700000.0,12200000,58900000,0.207176,29300000,0.10306,0.0,38000000,0.133662,9800000.0,28200000,0.099191,1.45361,1.45361,19400000,19400000,https://www.sec.gov/Archives/edgar/data/1009829/000095014802000871/0000950148-02-000871-index.html,https://www.sec.gov/Archives/edgar/data/1009829/000095014802000871/v77575e10-k.htm
0,2000-12-31,JAKK,2001-04-02 00:00:00,2001-04-02 00:00:00,FY,252300000,149900000,102400000,0.405866,0.0,76900000,0.0,0.0,81900000,231800000,19700000,9300000.0,69300000,0.274673,20500000,0.081252,100000.0,40300000,0.15973,11700000,28600000,0.113357,1.40887,1.40887,20300000,20300000,https://www.sec.gov/Archives/edgar/data/1009829/000095014801000545/0000950148-01-000545-index.html,https://www.sec.gov/Archives/edgar/data/1009829/000095014801000545/v70251e10-k.txt
0,1999-12-31,JAKK,2000-03-30 00:00:00,2000-03-30 00:00:00,FY,183700000,107600000,76100000,0.414262,0.0,51200000,0.0,0.0,51200000.00000002,158800000.00000003,5200000.0,4600000.0,40100000,0.218291,24900000,0.135547,200000.0,30300000,0.164943,8300000.0,22000000,0.11976,1.39241,1.39241,15800000,15800000,https://www.sec.gov/Archives/edgar/data/1009829/000095014800000576/0000950148-00-000576-index.html,https://www.sec.gov/Archives/edgar/data/1009829/0000950148-00-000576.txt
0,1998-12-31,JAKK,,,FY,85300000,52000000,33300000,0.390387,0.0,24000000,0.0,0.0,24000000,76000000,-400000.0,3000000.0,10900000,0.127784,9200000.0,0.107855,-600000.0,8200000.0,0.096131,1900000.0,6400000.0,0.075029,0.5614,0.5614,11400000,11400000,,
0,1997-12-31,JAKK,,,FY,41900000,25900000,16100000,0.384248,0.0,11900000,0.0,0.0,11899999.999999998,37800000,-400000.0,1600000.0,4600000.0,0.109785,4200000.0,0.100239,-300000.0,3400000.0,0.081146,600000.0,2800000.0,0.066826,0.31111,0.31111,9000000.0,9000000.0,,
0,1996-12-31,JAKK,,,FY,12100000,7200000.0,4800000.0,0.396694,0.0,3600000.0,0.0,0.0,3600000.0000000005,10800000,100000.0,300000.0,1800000.0,0.14876,1200000.0,0.099174,0.0,1300000.0,0.107438,200000.0,1200000.0,0.099174,0.22642,0.22642,5300000.0,5300000.0,,
