,date,symbol,fillingDate,acceptedDate,period,revenue,costOfRevenue,grossProfit,grossProfitRatio,researchAndDevelopmentExpenses,generalAndAdministrativeExpenses,sellingAndMarketingExpenses,otherExpenses,operatingExpenses,costAndExpenses,interestExpense,depreciationAndAmortization,ebitda,ebitdaratio,operatingIncome,operatingIncomeRatio,totalOtherIncomeExpensesNet,incomeBeforeTax,incomeBeforeTaxRatio,incomeTaxExpense,netIncome,netIncomeRatio,eps,epsdiluted,weightedAverageShsOut,weightedAverageShsOutDil,link,finalLink
0,2019-12-31,VIPS,2020-04-27,Not found...,FY,92994418000,72314190000,20680228000,0.222381,0.0,15443636000,-477452000,-645413000,16034443000,88348633000,12354000,1488085000,6500825000,0.069906,4645785000,0.049958,0.0,4942805000,0.053152,983554000,4016832000,0.043194,29.51786,29.51786,136081420,136081420,https://www.sec.gov/Archives/edgar/data/1529192/000119312520120336/d849102d20f.htm,https://www.sec.gov/Archives/edgar/data/1529192/000119312520120336/d849102d20f.htm
0,2018-12-31,VIPS,2019-04-18,Not found...,FY,84523948000,67454981000,17068967000,0.201942,0.0,14634626000,-471304000,-757062000,14667926999.999996,82122908000,23234000,889733000,2959345000,0.035012,2401040000,0.028407,0.0,2747075000,0.032501,-82409000,2128787000,0.025186,15.19655,15.19655,140083610,140083610,https://www.sec.gov/Archives/edgar/data/1529192/000104746919002338/a2237384z20-f.htm,https://www.sec.gov/Archives/edgar/data/1529192/000104746919002338/a2237384z20-f.htm
0,2017-12-31,VIPS,2018-04-19,Not found...,FY,72912313000,56618471000,16293842000,0.223472,0.0,13413611000,-457806000,-531055000,13736421999.999998,70354893000,12670000,1117201000,2983290000,0.040916,2557420000,0.035075,0.0,2540853000,0.034848,-96236000,1949655000,0.02674,15.50843,15.50843,125715830,125715830,https://www.sec.gov/Archives/edgar/data/1529192/000104746918002945/a2235296z20-f.htm,https://www.sec.gov/Archives/edgar/data/1529192/000104746918002945/a2235296z20-f.htm
0,2016-12-31,VIPS,2017-04-14,Not found...,FY,56591302000,42994688000,13596614000,0.24026,0.0,10635958000,-408711000,-358029000,11003479000,53998167000,12271000,1012610000,2975017000,0.05257,2593135000,0.045822,0.0,2666084000,0.047111,-86681000,2036817000,0.035992,16.1887,16.1887,125817180,125817180,https://www.sec.gov/Archives/edgar/data/1529192/000104746917002625/a2230490z20-f.htm,https://www.sec.gov/Archives/edgar/data/1529192/000104746917002625/a2230490z20-f.htm
0,2015-12-31,VIPS,2016-04-22,Not found...,FY,40203212000,30306723000,9896489000,0.246162,0.0,7842970000,-322540000,-308431000,7925688999.999995,38232411999.99999,13239000,583829999.9999999,2116070000,0.052634,1970800000,0.049021,0.0,2050520000,0.051004,-70664000,1589665000,0.039541,13.22868,13.22868,120168060,120168060,https://www.sec.gov/Archives/edgar/data/1529192/000104746916012448/a2227056z20-f.htm,https://www.sec.gov/Archives/edgar/data/1529192/000104746916012448/a2227056z20-f.htm
0,2014-12-31,VIPS,2015-04-24,Not found...,FY,23129313000,17378044000,5751269000,0.248657,0.0,4961569000,-189936406000,-153977000,4923748000,22301792000,12277152000,360900000,-26498807000,-1.145681,827521000,0.035778,0.0,1060341000,0.045844,-39978145000,841286000,0.036373,6.99745,6.99745,120227580,120227580,https://www.sec.gov/Archives/edgar/data/1529192/000104746915003885/a2222963z20-f.htm,https://www.sec.gov/Archives/edgar/data/1529192/000104746915003885/a2222963z20-f.htm
0,2013-12-31,VIPS,2014-04-25,Not found...,FY,10421000000,7916000000,2504000000,0.240284,0.0,2173000000,-74498341000,-53000000,2174000000,10090000000,105000000,55699999.99999999,-18068091000,-1.733815,331000000,0.031763,0.0,435000000,0.041743,-18549791000,321000000,0.030803,2.7913,2.7913,115000000,115000000,https://www.sec.gov/Archives/edgar/data/1529192/000104746914004168/a2218799z20-f.htm,https://www.sec.gov/Archives/edgar/data/1529192/000104746914004168/a2218799z20-f.htm
0,2012-12-31,VIPS,,,FY,4366000000,3392000000,975000000,0.223317,0.0,1037000000,0.0,0.0,1066000000,4458000000,20000000,28600000,-7400000.0,-0.001695,-92000000,-0.021072,16000000,-55000000,-0.012597,4000000.0,-60000000,-0.013743,-0.67416,-0.67416,89000000,89000000,,
