,date,symbol,fillingDate,acceptedDate,period,revenue,costOfRevenue,grossProfit,grossProfitRatio,researchAndDevelopmentExpenses,generalAndAdministrativeExpenses,sellingAndMarketingExpenses,otherExpenses,operatingExpenses,costAndExpenses,interestExpense,depreciationAndAmortization,ebitda,ebitdaratio,operatingIncome,operatingIncomeRatio,totalOtherIncomeExpensesNet,incomeBeforeTax,incomeBeforeTaxRatio,incomeTaxExpense,netIncome,netIncomeRatio,eps,epsdiluted,weightedAverageShsOut,weightedAverageShsOutDil,link,finalLink
0,2018-12-31,BMS,2019-02-15 00:00:00,2019-02-15 16:55:29,FY,4089900000,3284800000,805100000,0.19685077874764664,38000000,377900000,0.0,2800000.0,399500000,3684300000,76100000,0.0,576000000,0.14083473923567813,405600000,0.06611408591897112,-59100000,270400000,0.06611408591897112,54800000,215600000,0.052715225311132305,2.37,2.36,91000000,91500000,https://www.sec.gov/Archives/edgar/data/11199/000001119919000006/0000011199-19-000006-index.html,https://www.sec.gov/Archives/edgar/data/11199/000001119919000006/bms-20181231x10kq4.htm
0,2017-12-31,BMS,2018-02-23 00:00:00,2018-02-23 16:49:53,FY,4046200000,3261000000,785200000,0.19405862290544215,42900000,380400000,0.0,2800000.0,402400000,3663400000,65800000,0.0,555400000,0.13726459393999307,382800000,0.01302456625970046,-264300000,52700000,0.01302456625970046,-41300000,94000000,0.023231674163412586,1.03,1.02,91500000,91900000,https://www.sec.gov/Archives/edgar/data/11199/000001119918000012/0000011199-18-000012-index.html,https://www.sec.gov/Archives/edgar/data/11199/000001119918000012/bms-20171231x10kq4.htm
0,2016-12-31,BMS,2017-02-17 00:00:00,2017-02-17 14:51:18,FY,4004400000,3138200000,866200000,0.21631205673758866,46500000,392200000,0.0,1800000.0,428300000,3566500000,60200000,0.0,601800000,0.15028468684447108,437900000,0.08762860853061633,-26800000,350900000,0.08762860853061633,114700000,236200000,0.05898511637199081,2.51,2.48,94300000,95100000,https://www.sec.gov/Archives/edgar/data/11199/000001119917000011/0000011199-17-000011-index.html,https://www.sec.gov/Archives/edgar/data/11199/000001119917000011/bms-20161231x10kq4xcurrent.htm
0,2015-12-31,BMS,2016-02-19 00:00:00,2016-02-19 12:00:10,FY,4071400000,3198000000,873400000,0.21452080365476248,44100000,420000000,0.0,6000000.0,451700000,3649700000,51700000,0.0,585800000,0.14388171145060666,421700000,0.08937957459350591,-6100000.0,363900000,0.08937957459350591,122000000,239300000,0.05877585105860392,2.47,2.44,96700000,97900000,https://www.sec.gov/Archives/edgar/data/11199/000001119916000036/0000011199-16-000036-index.html,https://www.sec.gov/Archives/edgar/data/11199/000001119916000036/bms-20151231x10kq4current.htm
0,2014-12-31,BMS,2015-02-20,2015-02-20 11:27:22,FY,4343500000,3484400000,859100000,0.19778980085184758,44100000,416600000,0.0,16800000,451400000,3935800000,60800000,0.0,605100000,0.1393116150569817,407700000,0.08373431564406585,16800000,363700000,0.08373431564406585,124600000,191100000,0.04399677679290894,1.91,1.89,100200000,101200000,https://www.sec.gov/Archives/edgar/data/11199/000001119915000006/0000011199-15-000006-index.htm,https://www.sec.gov/Archives/edgar/data/11199/000001119915000006/bms-20141231x10kq4.htm
0,2013-12-31,BMS,2014-02-21,2014-02-21 09:48:26,FY,5029800000,4057700000,972100000,0.19326812199292218,46000000,509300000,0.0,7900000.0,591500000,4649200000,68200000,0.0,578800000,0.11507415801821146,380600000,0.06368046443198537,7900000.0,320300000,0.06368046443198537,107700000,212600000,0.042268082229909736,2.06,2.04,103000000,104000000,https://www.sec.gov/Archives/edgar/data/11199/000001119914000006/0000011199-14-000006-index.htm,https://www.sec.gov/Archives/edgar/data/11199/000001119914000006/bms-20131231x10kq4.htm
0,2012-12-31,BMS,2013-02-28 00:00:00,2013-02-28 11:35:02,FY,5139200000,4191700000,947500000,0.18436721668742218,41600000,506700000,0.0,4000000.0,602000000,4793700000,70900000,0.0,553800000,0.10775996264009963,345500000,0.05421077210460772,4000000.0,278600000,0.05421077210460772,104800000,173800000,0.033818493150684935,1.67,1.66,104300000,105000000,https://www.sec.gov/Archives/edgar/data/11199/000001119913000011/0000011199-13-000011-index.html,https://www.sec.gov/Archives/edgar/data/11199/000001119913000011/bms-20121231x10k.htm
0,2011-12-31,BMS,2012-02-29 00:00:00,2012-02-29 10:52:16,FY,5322670000,4415174000,907496000,0.170496386212183,38751000,483365000,0.0,0.0,542817000,4957991000,76809000,0.0,585003000,0.10990780942647205,364679000,0.05439431713782744,1653000.0,289523000,0.05439431713782744,104900000,181381000,0.034077070342516065,1.71,1.7,106180000,106623000,https://www.sec.gov/Archives/edgar/data/11199/000110465912014367/0001104659-12-014367-index.html,https://www.sec.gov/Archives/edgar/data/11199/000110465912014367/a11-32059_110k.htm
0,2010-12-31,BMS,2011-03-01,2011-03-01 11:46:36,FY,4835042000,3945498000,889544000,0.18397854661862295,34338000,455440000,0.0,0.0,488714000,4434212000,73488000,0.0,610381000,0.12624109573401845,400830000,0.06769000145190052,58000.0,327284000,0.06769000145190052,117600000,205111000,0.042421761796484915,1.85,1.85,110870811,110870811,https://www.sec.gov/Archives/edgar/data/11199/000110465911011309/0001104659-11-011309-index.htm,https://www.sec.gov/Archives/edgar/data/11199/000110465911011309/a11-2092_110k.htm
0,2009-12-31,BMS,2010-03-01 00:00:00,2010-03-01 12:51:33,FY,3514586000,2814412000,700174000,0.19921948132724593,24342000,370926000,0.0,0.0,412684000,3227096000,42052000,0.0,446764000,0.12711710568470938,287490000,0.06983411417447176,-22544000,245438000,0.06983411417447176,89600000,150064000,0.04269748983237286,1.41,1.4,106428369,107188571,https://www.sec.gov/Archives/edgar/data/11199/000110465910010599/0001104659-10-010599-index.html,https://www.sec.gov/Archives/edgar/data/11199/000110465910010599/a09-35833_110k.htm
0,2008-12-31,BMS,2009-02-27 00:00:00,2009-02-27 11:33:13,FY,3779373000,3131341000,648032000,0.17146547853307942,25010000,342737000,0.0,0.0,367747000,3499088000,39413000,0.0,414636000,0.10971026146400474,280285000,0.06945966963303173,27653000,262514000,0.06945966963303173,96300000,166214000,0.043979252643229445,1.67,1.65,99777000,100969000,https://www.sec.gov/Archives/edgar/data/11199/000110465909012842/0001104659-09-012842-index.html,https://www.sec.gov/Archives/edgar/data/11199/000110465909012842/a09-1350_110k.htm
0,2007-12-31,BMS,2008-02-29,2008-02-29 08:38:11,FY,3649281000,2973329000,675952000,0.18522881630655463,25983000,341551000,0.0,0.0,367534000,3340863000,50268000,0.0,435509000,0.11934104279719758,308418000,0.07833159463466913,31455000,285854000,0.07833159463466913,104300000,181554000,0.04975062210884829,1.76,1.74,103155682,104341379,https://www.sec.gov/Archives/edgar/data/11199/000110465908014023/0001104659-08-014023-index.htm,https://www.sec.gov/Archives/edgar/data/11199/000110465908014023/a08-2555_110k.htm
0,2006-12-31,BMS,2007-03-01,2007-03-01 17:14:59,FY,3639363000,2942650000,696713000,0.19143817200977203,25024000,336409000,0.0,0.0,361433000,3304083000,49252000,0.0,484347000,0.1330856526265723,335280000,0.07852912721264683,3308000.0,285796000,0.07852912721264683,109500000,176296000,0.048441444285717034,1.68,1.65,104938095,106846061,https://www.sec.gov/Archives/edgar/data/11199/000110465907015628/0001104659-07-015628-index.htm,https://www.sec.gov/Archives/edgar/data/11199/000110465907015628/a07-5529_110k.htm
0,2005-12-31,BMS,2006-03-15,2006-03-15 11:06:55,FY,3473950000,2798326000,675624000,0.1944829372904043,23528000,330881000,0.0,0.0,354409000,3152735000,38737000,0.0,472106000,0.13589890470501878,321215000,0.07957195699419968,-112000.0,276429000,0.07957195699419968,113900000,162529000,0.046785071748298046,1.53,1.51,106228105,107635099,https://www.sec.gov/Archives/edgar/data/11199/000110465906016718/0001104659-06-016718-index.htm,https://www.sec.gov/Archives/edgar/data/11199/000110465906016718/a06-1975_110k.htm
0,2004-12-31,BMS,2005-03-11 00:00:00,2005-03-11 17:04:20,FY,2834394000,2238694000,595700000,0.21016838167170832,21138000,284991000,0.0,0.0,306129000,2544823000,15503000,0.0,400329000,0.14123971473267302,289571000,0.10360839036492457,20088000,293667000,0.10360839036492457,113700000,179967000,0.0634939955419042,1.68,1.67,107123214,107764671,https://www.sec.gov/Archives/edgar/data/11199/000110465905010653/0001104659-05-010653-index.html,https://www.sec.gov/Archives/edgar/data/11199/000110465905010653/a05-1892_110k.htm
0,2003-12-31,BMS,2004-03-15,2004-03-15 16:08:45,FY,2635018000,2101537000,533481000,0.20245819952653074,21454000,256689000,0.0,0.0,278143000,2379680000,12564000,0.0,386186000,0.14655915063957817,255338000,0.09079444618594636,-2659000.0,239245000,0.09079444618594636,92100000,147145000,0.05584212327961327,1.39,1.37,105859712,107405109,https://www.sec.gov/Archives/edgar/data/11199/000110465904007445/0001104659-04-007445-index.htm,https://www.sec.gov/Archives/edgar/data/11199/000110465904007445/a04-3482_110k.htm
0,2002-12-31,BMS,2003-03-26 00:00:00,2003-03-26 13:31:28,FY,2369038000,1840115000,528923000,0.2232648864222524,17446000,229325000,0.0,0.0,246771000,2086886000,15445000,0.0,400177000,0.16891962053795676,282152000,0.11271030688406011,1206000.0,267015000,0.11271030688406011,101500000,165515000,0.06986591181737059,1.565,1.54,105760383,107477273,https://www.sec.gov/Archives/edgar/data/11199/000110465903004994/0001104659-03-004994-index.html,https://www.sec.gov/Archives/edgar/data/11199/000110465903004994/j8757_10k.htm
0,2001-12-31,BMS,2002-03-20,2002-03-20 00:00:00,FY,2293104000,1815442000,477662000,0.20830367920512982,10313000,207158000,0.0,0.0,217471000,2032913000,30343000,0.0,386207000,0.16842105722200126,260191000,0.0991777956865454,-1869000.0,227425000,0.0991777956865454,87100000,140325000,0.06119434617880393,1.33,1.32,105507519,106306818,https://www.sec.gov/Archives/edgar/data/11199/000110465902000803/0001104659-02-000803-index.htm,https://www.sec.gov/Archives/edgar/data/11199/000110465902000803/j3012_10k405.htm
0,2000-12-31,BMS,2001-03-09,2001-03-09 00:00:00,FY,2164583000,1609129000,555454000,0.2566101646367915,10080000,192275000,0.0,0.0,310485000,1919614000,31609000,108130000,354461000,0.16375486641075904,244969000,0.09771027491207314,-1362000.0,211502000,0.09771027491207314,80900000,130602000,0.060335870696572966,1.23,1.22,106180488,107050820,https://www.sec.gov/Archives/edgar/data/11199/000110465901500012/0001104659-01-500012-index.htm,https://www.sec.gov/Archives/edgar/data/11199/000110465901500012/j0024_10k.htm
