,date,symbol,fillingDate,acceptedDate,period,revenue,costOfRevenue,grossProfit,grossProfitRatio,researchAndDevelopmentExpenses,generalAndAdministrativeExpenses,sellingAndMarketingExpenses,otherExpenses,operatingExpenses,costAndExpenses,interestExpense,depreciationAndAmortization,ebitda,ebitdaratio,operatingIncome,operatingIncomeRatio,totalOtherIncomeExpensesNet,incomeBeforeTax,incomeBeforeTaxRatio,incomeTaxExpense,netIncome,netIncomeRatio,eps,epsdiluted,weightedAverageShsOut,weightedAverageShsOutDil,link,finalLink
0,2020-09-30,GCL.TO,2020-09-30,2020-09-30,Q3,120931000,99424000,21507000,0.17784521752073496,0.0,9050000.0,0.0,0.0,2131000.0,114109000,1443000.0,2146000.0,10216000,0.08447792542855016,6822000.0,0.044479910031340185,0.0,5379000.0,0.044479910031340185,1938000.0,1789000.0,0.014793559963946382,0.02,0.02,101639418,101639418,https://www.sedar.com/ModifyCompanyDocumentSearchForm.do?lang=EN&company_search=Colabor Group Inc&document_selection=0&industry_group=A&FromDate=13&FromMonth=05&FromYear=2000&ToDate=13&ToMonth=11&ToYear=2020&Variable=Issuer,https://www.sedar.com/ModifyCompanyDocumentSearchForm.do?lang=EN&company_search=Colabor Group Inc&document_selection=0&industry_group=A&FromDate=13&FromMonth=05&FromYear=2000&ToDate=13&ToMonth=11&ToYear=2020&Variable=Issuer
0,2020-05-31,GCL.TO,2020-05-31,2020-05-31,Q2,95458000,80870000,14588000,0.15282113599698297,0.0,4218000.0,0.0,0.0,3117000.0,91849000,1598000.0,2122000.0,7027000.0,0.07361352636761717,3609000.0,0.021066856628045843,0.0,2011000.0,0.021066856628045843,403000.0,-2882000.0,-0.030191288315280018,-0.03,-0.03,101639418,101639418,https://www.sedar.com/ModifyCompanyDocumentSearchForm.do?lang=EN&company_search=Colabor Group Inc&document_selection=0&industry_group=A&FromDate=13&FromMonth=05&FromYear=2000&ToDate=13&ToMonth=11&ToYear=2020&Variable=Issuer,https://www.sedar.com/ModifyCompanyDocumentSearchForm.do?lang=EN&company_search=Colabor Group Inc&document_selection=0&industry_group=A&FromDate=13&FromMonth=05&FromYear=2000&ToDate=13&ToMonth=11&ToYear=2020&Variable=Issuer
0,2020-03-31,GCL.TO,2020-03-31,2020-03-31,Q1,111613000,93308000,18305000,0.1640041930599482,0.0,11306000,0.0,0.0,4190000.0,112638000,1696000.0,2150000.0,2519000.0,0.022569055575963372,-1025000.0,-0.024378880596346304,0.0,-2721000.0,-0.024378880596346304,-850000.0,-8330000.0,-0.07463288326628618,-0.08,-0.08,101639418,101639418,https://www.sedar.com/ModifyCompanyDocumentSearchForm.do?lang=EN&company_search=Colabor Group Inc&document_selection=0&industry_group=A&FromDate=13&FromMonth=05&FromYear=2000&ToDate=13&ToMonth=11&ToYear=2020&Variable=Issuer,https://www.sedar.com/ModifyCompanyDocumentSearchForm.do?lang=EN&company_search=Colabor Group Inc&document_selection=0&industry_group=A&FromDate=13&FromMonth=05&FromYear=2000&ToDate=13&ToMonth=11&ToYear=2020&Variable=Issuer
0,2019-12-31,GCL.TO,2019-12-31,2019-12-31,Q4,587012000,517391000,69621000,0.11860234543757198,0.0,0.0,0.0,0.0,105660000,591576000,1943000.0,7841000.0,-1433000.0,-0.002441176671005022,-4564000.0,-0.011195682541413123,-65000.0,-6572000.0,-0.011195682541413123,-1669000.0,-288000.0,-0.0004906202939633261,-0.002833546331404613,-0.002833546331404613,101639418,101639418,https://www.sedar.com/ModifyCompanyDocumentSearchForm.do?lang=EN&company_search=Colabor Group Inc&document_selection=0&industry_group=A&FromDate=13&FromMonth=05&FromYear=2000&ToDate=13&ToMonth=11&ToYear=2020&Variable=Issuer,https://www.sedar.com/ModifyCompanyDocumentSearchForm.do?lang=EN&company_search=Colabor Group Inc&document_selection=0&industry_group=A&FromDate=13&FromMonth=05&FromYear=2000&ToDate=13&ToMonth=11&ToYear=2020&Variable=Issuer
0,2019-09-30,GCL.TO,2019-09-30,2019-09-30,Q3,261541000,255295000,6246000.0,0.023881532914533477,0.0,0.0,0.0,0.0,0.0,257636000,1601000.0,799000.0,6246000.0,0.023881532914533477,3905000.0,0.00880932626242157,0.0,2304000.0,0.00880932626242157,664000.0,1710000.0,0.00653817183539101,0.02,0.02,101371561,102992990,https://www.sedar.com/ModifyCompanyDocumentSearchForm.do?lang=EN&company_search=Colabor Group Inc&document_selection=0&industry_group=A&FromDate=13&FromMonth=05&FromYear=2000&ToDate=13&ToMonth=11&ToYear=2020&Variable=Issuer,https://www.sedar.com/ModifyCompanyDocumentSearchForm.do?lang=EN&company_search=Colabor Group Inc&document_selection=0&industry_group=A&FromDate=13&FromMonth=05&FromYear=2000&ToDate=13&ToMonth=11&ToYear=2020&Variable=Issuer
0,2019-06-30,GCL.TO,2019-06-30,2019-06-30,Q2,274198000,266894000,7304000.0,0.02663768517640537,0.0,0.0,0.0,0.0,178000.0,269278000,1886000.0,2206000.0,7126000.0,0.02598851924521696,4920000.0,0.010886293846052853,-49000.0,2985000.0,0.010886293846052853,1607000.0,9039000.0,0.03296522950568567,0.09,0.09,101139418,101404597,https://www.sedar.com/ModifyCompanyDocumentSearchForm.do?lang=EN&company_search=Colabor Group Inc&document_selection=0&industry_group=A&FromDate=13&FromMonth=05&FromYear=2000&ToDate=13&ToMonth=11&ToYear=2020&Variable=Issuer,https://www.sedar.com/ModifyCompanyDocumentSearchForm.do?lang=EN&company_search=Colabor Group Inc&document_selection=0&industry_group=A&FromDate=13&FromMonth=05&FromYear=2000&ToDate=13&ToMonth=11&ToYear=2020&Variable=Issuer
0,2019-03-31,GCL.TO,2019-03-31,2019-03-31,Q1,235048000,234767000,281000.0,0.0011955004935162179,0.0,0.0,0.0,0.0,0.0,236979000,1829000.0,0.0,281000.0,0.0011955004935162179,-1931000.0,-0.016098839385997755,-24000.0,-3784000.0,-0.016098839385997755,-1051000.0,-2733000.0,-0.011627412273237808,-0.03,-0.03,101139418,101139418,https://www.sedar.com/ModifyCompanyDocumentSearchForm.do?lang=EN&company_search=Colabor Group Inc&document_selection=0&industry_group=A&FromDate=13&FromMonth=05&FromYear=2000&ToDate=13&ToMonth=11&ToYear=2020&Variable=Issuer,https://www.sedar.com/ModifyCompanyDocumentSearchForm.do?lang=EN&company_search=Colabor Group Inc&document_selection=0&industry_group=A&FromDate=13&FromMonth=05&FromYear=2000&ToDate=13&ToMonth=11&ToYear=2020&Variable=Issuer
0,2018-12-31,GCL.TO,2018-12-31,2018-12-31,Q4,366122000,360202000,5920000.0,0.01616947356345699,0.0,0.0,0.0,0.0,0.0,364055000,1828000.0,0.0,5504000.0,0.015033240286024877,2067000.0,-0.007888081022172937,-2631000.0,-2888000.0,-0.007888081022172937,-984000.0,-1904000.0,-0.005200452308246978,-0.018732889635397165,-0.018732889635397165,101639418,101639418,https://www.sedar.com/ModifyCompanyDocumentSearchForm.do?lang=EN&company_search=Colabor Group Inc&document_selection=0&industry_group=A&FromDate=13&FromMonth=05&FromYear=2000&ToDate=13&ToMonth=11&ToYear=2020&Variable=Issuer,https://www.sedar.com/ModifyCompanyDocumentSearchForm.do?lang=EN&company_search=Colabor Group Inc&document_selection=0&industry_group=A&FromDate=13&FromMonth=05&FromYear=2000&ToDate=13&ToMonth=11&ToYear=2020&Variable=Issuer
0,2018-09-30,GCL.TO,2018-09-30,2018-09-30,Q3,291006000,283378000,7628000.0,0.026212517954956254,0.0,0.0,0.0,0.0,-1194000.0,285192000,1769000.0,0.0,8822000.0,0.030315526140354494,5814000.0,0.0057593314227198066,-2369000.0,1676000.0,0.0057593314227198066,496000.0,1180000.0,0.004054899211700103,0.01,0.01,101139418,101139418,https://www.sedar.com/ModifyCompanyDocumentSearchForm.do?lang=EN&company_search=Colabor Group Inc&document_selection=0&industry_group=A&FromDate=13&FromMonth=05&FromYear=2000&ToDate=13&ToMonth=11&ToYear=2020&Variable=Issuer,https://www.sedar.com/ModifyCompanyDocumentSearchForm.do?lang=EN&company_search=Colabor Group Inc&document_selection=0&industry_group=A&FromDate=13&FromMonth=05&FromYear=2000&ToDate=13&ToMonth=11&ToYear=2020&Variable=Issuer
0,2018-06-30,GCL.TO,2018-06-30,2018-06-30,Q2,299898000,293836000,6062000.0,0.020213539270018472,0.0,0.0,0.0,0.0,0.0,296581000,1860000.0,2745000.0,6062000.0,0.020213539270018472,3317000.0,0.0038979919839412067,-288000.0,1169000.0,0.0038979919839412067,352000.0,817000.0,0.0027242595815910745,0.01,0.01,101139418,101139418,https://www.sedar.com/ModifyCompanyDocumentSearchForm.do?lang=EN&company_search=Colabor Group Inc&document_selection=0&industry_group=A&FromDate=13&FromMonth=05&FromYear=2000&ToDate=13&ToMonth=11&ToYear=2020&Variable=Issuer,https://www.sedar.com/ModifyCompanyDocumentSearchForm.do?lang=EN&company_search=Colabor Group Inc&document_selection=0&industry_group=A&FromDate=13&FromMonth=05&FromYear=2000&ToDate=13&ToMonth=11&ToYear=2020&Variable=Issuer
0,2018-03-31,GCL.TO,2018-03-31,2018-03-31,Q1,245890000,247092000,-1202000.0,-0.0048883647159298875,0.0,0.0,0.0,0.0,0.0,249838000,1837000.0,2746000.0,-1202000.0,-0.0048883647159298875,-3948000.0,-0.02452316076294278,-245000.0,-6030000.0,-0.02452316076294278,-1550000.0,-4480000.0,-0.018219529057708732,-0.04,-0.04,101306364,101306364,https://www.sedar.com/ModifyCompanyDocumentSearchForm.do?lang=EN&company_search=Colabor Group Inc&document_selection=0&industry_group=A&FromDate=13&FromMonth=05&FromYear=2000&ToDate=13&ToMonth=11&ToYear=2020&Variable=Issuer,https://www.sedar.com/ModifyCompanyDocumentSearchForm.do?lang=EN&company_search=Colabor Group Inc&document_selection=0&industry_group=A&FromDate=13&FromMonth=05&FromYear=2000&ToDate=13&ToMonth=11&ToYear=2020&Variable=Issuer
0,2017-12-31,GCL.TO,2017-12-31,2017-12-31,Q4,401557000,394500000,7057000.0,0.017574092843606264,0.0,6500000.0,0.0,0.0,0.0,398137000,1954000.0,0.0,6538000.0,0.016281623779438537,3420000.0,0.0023583202384717485,0.0,947000.0,0.0023583202384717485,438000.0,509000.0,0.0012675659993475396,0.00500789959265607,0.00500789959265607,101639418,101639418,https://www.sedar.com/ModifyCompanyDocumentSearchForm.do?lang=EN&company_search=Colabor Group Inc&document_selection=0&industry_group=A&FromDate=13&FromMonth=05&FromYear=2000&ToDate=13&ToMonth=11&ToYear=2020&Variable=Issuer,https://www.sedar.com/ModifyCompanyDocumentSearchForm.do?lang=EN&company_search=Colabor Group Inc&document_selection=0&industry_group=A&FromDate=13&FromMonth=05&FromYear=2000&ToDate=13&ToMonth=11&ToYear=2020&Variable=Issuer
0,2017-09-30,GCL.TO,2017-09-30,2017-09-30,Q3,319334000,311652000,7682000.0,0.024056317210193717,0.0,471000.0,0.0,0.0,0.0,321177000,1751000.0,0.0,711000.0,0.002226508921693274,-1843000.0,-0.06270550583401704,-16430000,-20024000,-0.06270550583401704,-1271000.0,-18753000,-0.05872534712871163,-0.18,-0.18,102074318,102074318,https://www.sedar.com/ModifyCompanyDocumentSearchForm.do?lang=EN&company_search=Colabor Group Inc&document_selection=0&industry_group=A&FromDate=13&FromMonth=05&FromYear=2000&ToDate=13&ToMonth=11&ToYear=2020&Variable=Issuer,https://www.sedar.com/ModifyCompanyDocumentSearchForm.do?lang=EN&company_search=Colabor Group Inc&document_selection=0&industry_group=A&FromDate=13&FromMonth=05&FromYear=2000&ToDate=13&ToMonth=11&ToYear=2020&Variable=Issuer
0,2017-06-30,GCL.TO,2017-06-30,2017-06-30,Q2,331372000,322354000,9018000.0,0.02721412792873266,0.0,467000.0,0.0,0.0,0.0,325362000,1758000.0,0.0,8551000.0,0.025804835652982146,6010000.0,0.012831500549231678,0.0,4252000.0,0.012831500549231678,1155000.0,3097000.0,0.009345991815844428,0.03,0.03,102074318,103074318,https://www.sedar.com/ModifyCompanyDocumentSearchForm.do?lang=EN&company_search=Colabor Group Inc&document_selection=0&industry_group=A&FromDate=13&FromMonth=05&FromYear=2000&ToDate=13&ToMonth=11&ToYear=2020&Variable=Issuer,https://www.sedar.com/ModifyCompanyDocumentSearchForm.do?lang=EN&company_search=Colabor Group Inc&document_selection=0&industry_group=A&FromDate=13&FromMonth=05&FromYear=2000&ToDate=13&ToMonth=11&ToYear=2020&Variable=Issuer
0,2017-03-31,GCL.TO,2017-03-31,2017-03-31,Q1,267187000,266287000,900000.0,0.0033684273561213683,0.0,94000.0,0.0,0.0,0.0,269696000,1813000.0,0.0,31000.0,0.00011602360893306934,-2509000.0,-0.016175936703507282,0.0,-4322000.0,-0.016175936703507282,-876000.0,-3446000.0,-0.012897334076882483,-0.03,-0.03,102074139,102074139,https://www.sedar.com/ModifyCompanyDocumentSearchForm.do?lang=EN&company_search=Colabor Group Inc&document_selection=0&industry_group=A&FromDate=13&FromMonth=05&FromYear=2000&ToDate=13&ToMonth=11&ToYear=2020&Variable=Issuer,https://www.sedar.com/ModifyCompanyDocumentSearchForm.do?lang=EN&company_search=Colabor Group Inc&document_selection=0&industry_group=A&FromDate=13&FromMonth=05&FromYear=2000&ToDate=13&ToMonth=11&ToYear=2020&Variable=Issuer
0,2016-12-31,GCL.TO,2016-12-31,2016-12-31,Q4,366713000,357621000,9092000.0,0.024793230673578522,0.0,1939000.0,0.0,0.0,0.0,363074000,2478000.0,0.0,6358000.0,0.017337809131391577,3639000.0,0.000998055700234243,-795000.0,366000.0,0.000998055700234243,526000.0,-160000.0,-0.0004363085028346418,-0.0015741924063358962,-0.0015741924063358962,101639418,101639418,https://www.sedar.com/ModifyCompanyDocumentSearchForm.do?lang=EN&company_search=Colabor Group Inc&document_selection=0&industry_group=A&FromDate=13&FromMonth=05&FromYear=2000&ToDate=13&ToMonth=11&ToYear=2020&Variable=Issuer,https://www.sedar.com/ModifyCompanyDocumentSearchForm.do?lang=EN&company_search=Colabor Group Inc&document_selection=0&industry_group=A&FromDate=13&FromMonth=05&FromYear=2000&ToDate=13&ToMonth=11&ToYear=2020&Variable=Issuer
0,2016-09-30,GCL.TO,2016-09-30,2016-09-30,Q3,360857000,351661000,9196000.0,0.025483778893024108,0.0,0.0,0.0,0.0,0.0,354284000,2662000.0,0.0,9196000.0,0.025483778893024108,6573000.0,0.010838088217770474,0.0,3911000.0,0.010838088217770474,1203000.0,2708000.0,0.007504357681851814,0.1,0.1,27453960,27453960,https://www.sedar.com/ModifyCompanyDocumentSearchForm.do?lang=EN&company_search=Colabor Group Inc&document_selection=0&industry_group=A&FromDate=13&FromMonth=05&FromYear=2000&ToDate=13&ToMonth=11&ToYear=2020&Variable=Issuer,https://www.sedar.com/ModifyCompanyDocumentSearchForm.do?lang=EN&company_search=Colabor Group Inc&document_selection=0&industry_group=A&FromDate=13&FromMonth=05&FromYear=2000&ToDate=13&ToMonth=11&ToYear=2020&Variable=Issuer
0,2016-06-30,GCL.TO,2016-06-30,2016-06-30,Q2,342979000,332905000,10074000,0.029372060680099947,0.0,0.0,0.0,0.0,0.0,335558000,3044000.0,0.0,10074000,0.029372060680099947,7421000.0,0.012761714274051764,0.0,4377000.0,0.012761714274051764,1304000.0,3073000.0,0.008959732228503785,0.11,0.11,27453960,27453960,https://www.sedar.com/ModifyCompanyDocumentSearchForm.do?lang=EN&company_search=Colabor Group Inc&document_selection=0&industry_group=A&FromDate=13&FromMonth=05&FromYear=2000&ToDate=13&ToMonth=11&ToYear=2020&Variable=Issuer,https://www.sedar.com/ModifyCompanyDocumentSearchForm.do?lang=EN&company_search=Colabor Group Inc&document_selection=0&industry_group=A&FromDate=13&FromMonth=05&FromYear=2000&ToDate=13&ToMonth=11&ToYear=2020&Variable=Issuer
0,2016-03-31,GCL.TO,2016-03-31,2016-03-31,Q1,307064000,305159000,1905000.0,0.006203918401375609,0.0,3337000.0,0.0,0.0,0.0,311215000,2994000.0,0.0,-1432000.0,-0.004663522913789959,-4151000.0,-0.023268764817757862,0.0,-7145000.0,-0.023268764817757862,-1847000.0,-5298000.0,-0.017253732120991065,-0.19,-0.19,27453960,27453960,https://www.sedar.com/ModifyCompanyDocumentSearchForm.do?lang=EN&company_search=Colabor Group Inc&document_selection=0&industry_group=A&FromDate=13&FromMonth=05&FromYear=2000&ToDate=13&ToMonth=11&ToYear=2020&Variable=Issuer,https://www.sedar.com/ModifyCompanyDocumentSearchForm.do?lang=EN&company_search=Colabor Group Inc&document_selection=0&industry_group=A&FromDate=13&FromMonth=05&FromYear=2000&ToDate=13&ToMonth=11&ToYear=2020&Variable=Issuer
0,2015-12-31,GCL.TO,2015-12-31,2015-12-31,Q4,468052000,458751000,9301000.0,0.019871723654636665,0.0,0.0,0.0,0.0,0.0,467861000,3531000.0,1263000.0,4970000.0,0.01061847828873715,191000.0,-0.07610906480476529,-32075000,-35623000,-0.07610906480476529,-6309000.0,-29314000,-0.06262979327083315,-0.2884117262458154,-0.2884117262458154,101639418,101639418,https://www.sedar.com/ModifyCompanyDocumentSearchForm.do?lang=EN&company_search=Colabor Group Inc&document_selection=0&industry_group=A&FromDate=13&FromMonth=05&FromYear=2000&ToDate=13&ToMonth=11&ToYear=2020&Variable=Issuer,https://www.sedar.com/ModifyCompanyDocumentSearchForm.do?lang=EN&company_search=Colabor Group Inc&document_selection=0&industry_group=A&FromDate=13&FromMonth=05&FromYear=2000&ToDate=13&ToMonth=11&ToYear=2020&Variable=Issuer
0,2015-09-30,GCL.TO,2015-09-30,2015-09-30,Q3,366931000,358904000,8027000.0,0.02187604754027324,0.0,0.0,0.0,0.0,0.0,362547000,2855000.0,881000.0,7798000.0,0.02125195200187501,4384000.0,0.002627196938934023,-336000.0,964000.0,0.002627196938934023,101000.0,863000.0,0.0023519408281120974,0.03,0.03,27453960,27453960,https://www.sedar.com/ModifyCompanyDocumentSearchForm.do?lang=EN&company_search=Colabor Group Inc&document_selection=0&industry_group=A&FromDate=13&FromMonth=05&FromYear=2000&ToDate=13&ToMonth=11&ToYear=2020&Variable=Issuer,https://www.sedar.com/ModifyCompanyDocumentSearchForm.do?lang=EN&company_search=Colabor Group Inc&document_selection=0&industry_group=A&FromDate=13&FromMonth=05&FromYear=2000&ToDate=13&ToMonth=11&ToYear=2020&Variable=Issuer
0,2015-06-30,GCL.TO,2015-06-30,2015-06-30,Q2,366635000,358123000,8512000.0,0.023216550520272206,0.0,0.0,0.0,0.0,0.0,361528000,2813000.0,892000.0,8279000.0,0.02258104108991231,5107000.0,0.004238547874589169,-507000.0,1554000.0,0.004238547874589169,552000.0,1002000.0,0.002732963301376028,0.04,0.04,27453960,27453960,https://www.sedar.com/ModifyCompanyDocumentSearchForm.do?lang=EN&company_search=Colabor Group Inc&document_selection=0&industry_group=A&FromDate=13&FromMonth=05&FromYear=2000&ToDate=13&ToMonth=11&ToYear=2020&Variable=Issuer,https://www.sedar.com/ModifyCompanyDocumentSearchForm.do?lang=EN&company_search=Colabor Group Inc&document_selection=0&industry_group=A&FromDate=13&FromMonth=05&FromYear=2000&ToDate=13&ToMonth=11&ToYear=2020&Variable=Issuer
0,2015-03-31,GCL.TO,2015-03-31,2015-03-31,Q1,304662000,304198000,464000.0,0.0015229992581943267,0.0,0.0,0.0,0.0,0.0,307614000,2841000.0,959000.0,206000.0,0.0006761591534224813,-2952000.0,-0.028293650012144605,-2569000.0,-8620000.0,-0.028293650012144605,-2305000.0,-6315000.0,-0.02072788861098529,-0.23,-0.23,27453960,27453960,https://www.sedar.com/ModifyCompanyDocumentSearchForm.do?lang=EN&company_search=Colabor Group Inc&document_selection=0&industry_group=A&FromDate=13&FromMonth=05&FromYear=2000&ToDate=13&ToMonth=11&ToYear=2020&Variable=Issuer,https://www.sedar.com/ModifyCompanyDocumentSearchForm.do?lang=EN&company_search=Colabor Group Inc&document_selection=0&industry_group=A&FromDate=13&FromMonth=05&FromYear=2000&ToDate=13&ToMonth=11&ToYear=2020&Variable=Issuer
0,2014-12-31,GCL.TO,2014-12-31,2014-12-31,Q4,460043000,449711000,10332000,0.02245877015844171,0.0,4848000.0,0.0,0.0,0.0,460722000,4171000.0,1521000.0,-50124000,-0.10895503246435659,-679000.0,-0.13141815004249602,132000.0,-60458000,-0.13141815004249602,-12146000,-48312000,-0.10501627021821873,-0.4753273970931238,-0.4753273970931238,101639418,101639418,https://www.sedar.com/ModifyCompanyDocumentSearchForm.do?lang=EN&company_search=Colabor Group Inc&document_selection=0&industry_group=A&FromDate=13&FromMonth=05&FromYear=2000&ToDate=13&ToMonth=11&ToYear=2020&Variable=Issuer,https://www.sedar.com/ModifyCompanyDocumentSearchForm.do?lang=EN&company_search=Colabor Group Inc&document_selection=0&industry_group=A&FromDate=13&FromMonth=05&FromYear=2000&ToDate=13&ToMonth=11&ToYear=2020&Variable=Issuer
0,2014-09-30,GCL.TO,2014-09-30,2014-09-30,Q3,345164000,335002000,10162000,0.02944107728500075,0.0,2888000.0,0.0,0.0,0.0,342259000,2760000.0,1061000.0,7274000.0,0.021074040166413645,2905000.0,0.0004200901600398651,0.0,145000.0,0.0004200901600398651,15187000,-15042000,-0.04357928405048035,-0.56,-0.56,27062315,27062315,https://www.sedar.com/ModifyCompanyDocumentSearchForm.do?lang=EN&company_search=Colabor Group Inc&document_selection=0&industry_group=A&FromDate=13&FromMonth=05&FromYear=2000&ToDate=13&ToMonth=11&ToYear=2020&Variable=Issuer,https://www.sedar.com/ModifyCompanyDocumentSearchForm.do?lang=EN&company_search=Colabor Group Inc&document_selection=0&industry_group=A&FromDate=13&FromMonth=05&FromYear=2000&ToDate=13&ToMonth=11&ToYear=2020&Variable=Issuer
0,2014-06-30,GCL.TO,2014-06-30,2014-06-30,Q2,347200000,337696000,9504000.0,0.027373271889400922,0.0,0.0,0.0,0.0,0.0,342175000,2823000.0,1013000.0,9504000.0,0.027373271889400922,5025000.0,0.0063421658986175114,0.0,2202000.0,0.0063421658986175114,572000.0,1630000.0,0.004694700460829493,0.06,0.06,27062315,27062315,https://www.sedar.com/ModifyCompanyDocumentSearchForm.do?lang=EN&company_search=Colabor Group Inc&document_selection=0&industry_group=A&FromDate=13&FromMonth=05&FromYear=2000&ToDate=13&ToMonth=11&ToYear=2020&Variable=Issuer,https://www.sedar.com/ModifyCompanyDocumentSearchForm.do?lang=EN&company_search=Colabor Group Inc&document_selection=0&industry_group=A&FromDate=13&FromMonth=05&FromYear=2000&ToDate=13&ToMonth=11&ToYear=2020&Variable=Issuer
0,2014-03-31,GCL.TO,2014-03-31,2014-03-31,Q1,279318000,279170000,148000.0,0.0005298620210655955,0.0,0.0,0.0,0.0,0.0,283424000,3391000.0,975000.0,148000.0,0.0005298620210655955,-4106000.0,-0.026840375486005198,0.0,-7497000.0,-0.026840375486005198,-1931000.0,-5566000.0,-0.01992710817061557,-0.21,-0.21,27062315,27062315,https://www.sedar.com/ModifyCompanyDocumentSearchForm.do?lang=EN&company_search=Colabor Group Inc&document_selection=0&industry_group=A&FromDate=13&FromMonth=05&FromYear=2000&ToDate=13&ToMonth=11&ToYear=2020&Variable=Issuer,https://www.sedar.com/ModifyCompanyDocumentSearchForm.do?lang=EN&company_search=Colabor Group Inc&document_selection=0&industry_group=A&FromDate=13&FromMonth=05&FromYear=2000&ToDate=13&ToMonth=11&ToYear=2020&Variable=Issuer
0,2013-12-31,GCL.TO,2013-12-31,2013-12-31,Q4,456489000,312153000,144336000,0.31618724657111125,0.0,0.0,0.0,0.0,0.0,462799000,4974000.0,1651000.0,8141000.0,0.017833945615337937,-6310000.0,-0.006383505407578277,0.0,-2914000.0,-0.006383505407578277,-936000.0,-1978000.0,-0.004333072647971802,-0.019460953623327518,-0.019460953623327518,101639418,101639418,https://www.sedar.com/ModifyCompanyDocumentSearchForm.do?lang=EN&company_search=Colabor Group Inc&document_selection=0&industry_group=A&FromDate=13&FromMonth=05&FromYear=2000&ToDate=13&ToMonth=11&ToYear=2020&Variable=Issuer,https://www.sedar.com/ModifyCompanyDocumentSearchForm.do?lang=EN&company_search=Colabor Group Inc&document_selection=0&industry_group=A&FromDate=13&FromMonth=05&FromYear=2000&ToDate=13&ToMonth=11&ToYear=2020&Variable=Issuer
0,2013-09-30,GCL.TO,2013-09-30,2013-09-30,Q3,343584000,333356000,10228000,0.029768557325137376,0.0,0.0,0.0,0.0,0.0,337804000,2843000.0,1142000.0,10228000,0.029768557325137376,5780000.0,-0.015093834404396014,-8123000.0,-5186000.0,-0.015093834404396014,-1303000.0,-3883000.0,-0.011301457576604265,-0.14,-0.14,27062315,27062315,https://www.sedar.com/ModifyCompanyDocumentSearchForm.do?lang=EN&company_search=Colabor Group Inc&document_selection=0&industry_group=A&FromDate=13&FromMonth=05&FromYear=2000&ToDate=13&ToMonth=11&ToYear=2020&Variable=Issuer,https://www.sedar.com/ModifyCompanyDocumentSearchForm.do?lang=EN&company_search=Colabor Group Inc&document_selection=0&industry_group=A&FromDate=13&FromMonth=05&FromYear=2000&ToDate=13&ToMonth=11&ToYear=2020&Variable=Issuer
0,2013-06-30,GCL.TO,2013-06-30,2013-06-30,Q2,345817000,336089000,9728000.0,0.028130485198819027,0.0,0.0,0.0,0.0,0.0,340476000,2080000.0,896000.0,9662000.0,0.02793963281157375,5341000.0,0.009238990564373642,-66000.0,3195000.0,0.009238990564373642,805000.0,2390000.0,0.006911169780548672,0.09,0.09,27062315,27062315,https://www.sedar.com/ModifyCompanyDocumentSearchForm.do?lang=EN&company_search=Colabor Group Inc&document_selection=0&industry_group=A&FromDate=13&FromMonth=05&FromYear=2000&ToDate=13&ToMonth=11&ToYear=2020&Variable=Issuer,https://www.sedar.com/ModifyCompanyDocumentSearchForm.do?lang=EN&company_search=Colabor Group Inc&document_selection=0&industry_group=A&FromDate=13&FromMonth=05&FromYear=2000&ToDate=13&ToMonth=11&ToYear=2020&Variable=Issuer
0,2013-03-31,GCL.TO,2013-03-31,2013-03-31,Q1,293580000,291518000,2062000.0,0.007023639212480414,0.0,0.0,0.0,0.0,0.0,295760000,2323000.0,1219000.0,2062000.0,0.007023639212480414,-2180000.0,-0.01533823829961169,0.0,-4503000.0,-0.01533823829961169,-1145000.0,-3358000.0,-0.011438108863001567,-0.14,-0.14,24057583,24057583,https://www.sedar.com/ModifyCompanyDocumentSearchForm.do?lang=EN&company_search=Colabor Group Inc&document_selection=0&industry_group=A&FromDate=13&FromMonth=05&FromYear=2000&ToDate=13&ToMonth=11&ToYear=2020&Variable=Issuer,https://www.sedar.com/ModifyCompanyDocumentSearchForm.do?lang=EN&company_search=Colabor Group Inc&document_selection=0&industry_group=A&FromDate=13&FromMonth=05&FromYear=2000&ToDate=13&ToMonth=11&ToYear=2020&Variable=Issuer
0,2012-12-31,GCL.TO,2012-12-31,2012-12-31,Q4,464280000,322236000,142044000,0.30594468855001294,0.0,84343000,0.0,0.0,0.0,412556000,3410000.0,1751000.0,6693000.0,0.014415869733781339,51724000,-0.0058025329542517445,0.0,-2694000.0,-0.0058025329542517445,-689000.0,-2005000.0,-0.004318514689411562,-0.0197265985918967,-0.0197265985918967,101639418,101639418,https://www.sedar.com/ModifyCompanyDocumentSearchForm.do?lang=EN&company_search=Colabor Group Inc&document_selection=0&industry_group=A&FromDate=13&FromMonth=05&FromYear=2000&ToDate=13&ToMonth=11&ToYear=2020&Variable=Issuer,https://www.sedar.com/ModifyCompanyDocumentSearchForm.do?lang=EN&company_search=Colabor Group Inc&document_selection=0&industry_group=A&FromDate=13&FromMonth=05&FromYear=2000&ToDate=13&ToMonth=11&ToYear=2020&Variable=Issuer
0,2012-09-30,GCL.TO,2012-09-30,2012-09-30,Q3,350341000,339319000,11022000,0.03146077678604559,0.0,1102000.0,0.0,0.0,0.0,344680000,2151000.0,935000.0,9920000.0,0.02831526997981966,5661000.0,0.010018810244875706,0.0,3510000.0,0.010018810244875706,463000.0,3047000.0,0.008697240688357914,0.13,0.13,23088315,23088315,https://www.sedar.com/ModifyCompanyDocumentSearchForm.do?lang=EN&company_search=Colabor Group Inc&document_selection=0&industry_group=A&FromDate=13&FromMonth=05&FromYear=2000&ToDate=13&ToMonth=11&ToYear=2020&Variable=Issuer,https://www.sedar.com/ModifyCompanyDocumentSearchForm.do?lang=EN&company_search=Colabor Group Inc&document_selection=0&industry_group=A&FromDate=13&FromMonth=05&FromYear=2000&ToDate=13&ToMonth=11&ToYear=2020&Variable=Issuer
0,2012-06-30,GCL.TO,2012-06-30,2012-06-30,Q2,354294000,343643000,10651000,0.0300626033745985,0.0,0.0,0.0,0.0,0.0,347903000,2266000.0,944000.0,10651000,0.0300626033745985,6391000.0,0.010928776665707012,-253000.0,3872000.0,0.010928776665707012,969000.0,2903000.0,0.00819375998464552,0.13,0.13,23075795,23075795,https://www.sedar.com/ModifyCompanyDocumentSearchForm.do?lang=EN&company_search=Colabor Group Inc&document_selection=0&industry_group=A&FromDate=13&FromMonth=05&FromYear=2000&ToDate=13&ToMonth=11&ToYear=2020&Variable=Issuer,https://www.sedar.com/ModifyCompanyDocumentSearchForm.do?lang=EN&company_search=Colabor Group Inc&document_selection=0&industry_group=A&FromDate=13&FromMonth=05&FromYear=2000&ToDate=13&ToMonth=11&ToYear=2020&Variable=Issuer
0,2012-03-31,GCL.TO,2012-03-31,2012-03-31,Q1,297933000,292477000,5456000.0,0.018312842149073784,0.0,0.0,0.0,0.0,0.0,296765000,2150000.0,1004000.0,5456000.0,0.018312842149073784,1168000.0,-0.0032960430700862274,0.0,-982000.0,-0.0032960430700862274,-246000.0,-736000.0,-0.002470354072895584,-0.03,-0.03,23061348,23061348,https://www.sedar.com/ModifyCompanyDocumentSearchForm.do?lang=EN&company_search=Colabor Group Inc&document_selection=0&industry_group=A&FromDate=13&FromMonth=05&FromYear=2000&ToDate=13&ToMonth=11&ToYear=2020&Variable=Issuer,https://www.sedar.com/ModifyCompanyDocumentSearchForm.do?lang=EN&company_search=Colabor Group Inc&document_selection=0&industry_group=A&FromDate=13&FromMonth=05&FromYear=2000&ToDate=13&ToMonth=11&ToYear=2020&Variable=Issuer
0,2011-12-31,GCL.TO,2011-12-31,2011-12-31,Q4,431664000,419151000,12513000,0.02898782386300456,0.0,0.0,0.0,0.0,0.0,428923000,3027000.0,1367000.0,10690000,0.024764631750620852,2741000.0,0.0034957744912709884,0.0,1509000.0,0.0034957744912709884,-493000.0,2002000.0,0.00463786648875051,0.0196970824842779,0.0196970824842779,101639418,101639418,https://www.sedar.com/ModifyCompanyDocumentSearchForm.do?lang=EN&company_search=Colabor Group Inc&document_selection=0&industry_group=A&FromDate=13&FromMonth=05&FromYear=2000&ToDate=13&ToMonth=11&ToYear=2020&Variable=Issuer,https://www.sedar.com/ModifyCompanyDocumentSearchForm.do?lang=EN&company_search=Colabor Group Inc&document_selection=0&industry_group=A&FromDate=13&FromMonth=05&FromYear=2000&ToDate=13&ToMonth=11&ToYear=2020&Variable=Issuer
0,2011-09-30,GCL.TO,2011-09-30,2011-09-30,Q3,324760000,314206000,10554000,0.032497844562138195,0.0,0.0,0.0,0.0,0.0,318362000,1861000.0,1125000.0,10554000,0.032497844562138195,6398000.0,0.01397031654144599,0.0,4537000.0,0.01397031654144599,1438000.0,3099000.0,0.009542431333908117,0.14,0.14,22923146,22923146,https://www.sedar.com/ModifyCompanyDocumentSearchForm.do?lang=EN&company_search=Colabor Group Inc&document_selection=0&industry_group=A&FromDate=13&FromMonth=05&FromYear=2000&ToDate=13&ToMonth=11&ToYear=2020&Variable=Issuer,https://www.sedar.com/ModifyCompanyDocumentSearchForm.do?lang=EN&company_search=Colabor Group Inc&document_selection=0&industry_group=A&FromDate=13&FromMonth=05&FromYear=2000&ToDate=13&ToMonth=11&ToYear=2020&Variable=Issuer
0,2011-06-30,GCL.TO,2011-06-30,2011-06-30,Q2,317411000,307184000,10227000,0.03222005538560415,0.0,0.0,0.0,0.0,0.0,311148000,1851000.0,857000.0,10227000,0.03222005538560415,6263000.0,0.007337489879052711,-2083000.0,2329000.0,0.007337489879052711,654000.0,1675000.0,0.005277069792792311,0.07,0.07,23099777,23099777,https://www.sedar.com/ModifyCompanyDocumentSearchForm.do?lang=EN&company_search=Colabor Group Inc&document_selection=0&industry_group=A&FromDate=13&FromMonth=05&FromYear=2000&ToDate=13&ToMonth=11&ToYear=2020&Variable=Issuer,https://www.sedar.com/ModifyCompanyDocumentSearchForm.do?lang=EN&company_search=Colabor Group Inc&document_selection=0&industry_group=A&FromDate=13&FromMonth=05&FromYear=2000&ToDate=13&ToMonth=11&ToYear=2020&Variable=Issuer
0,2011-03-31,GCL.TO,2011-03-31,2011-03-31,Q1,239416000,234512000,4904000.0,0.020483175727603838,0.0,0.0,0.0,-128000.0,0.0,237863000,1356000.0,714000.0,4776000.0,0.01994854145086377,1553000.0,0.0002882012898051926,-128000.0,69000.0,0.0002882012898051926,17000.0,52000.0,0.0002171951749256524,0.0,0.0,22984463,22984463,https://www.sedar.com/ModifyCompanyDocumentSearchForm.do?lang=EN&company_search=Colabor Group Inc&document_selection=0&industry_group=A&FromDate=13&FromMonth=05&FromYear=2000&ToDate=13&ToMonth=11&ToYear=2020&Variable=Issuer,https://www.sedar.com/ModifyCompanyDocumentSearchForm.do?lang=EN&company_search=Colabor Group Inc&document_selection=0&industry_group=A&FromDate=13&FromMonth=05&FromYear=2000&ToDate=13&ToMonth=11&ToYear=2020&Variable=Issuer
0,2010-12-31,GCL.TO,2010-12-31,2010-12-31,Q4,347141000,334068000,13073000,0.037659049204789984,0.0,0.0,0.0,0.0,0.0,338679000,1831000.0,1409000.0,13073000,0.037659049204789984,8462000.0,0.01910174828095788,1831000.0,6631000.0,0.01910174828095788,763000.0,5868000.0,0.016903794135524182,0.05773350650236899,0.05773350650236899,101639418,101639418,https://www.sedar.com/ModifyCompanyDocumentSearchForm.do?lang=EN&company_search=Colabor Group Inc&document_selection=0&industry_group=A&FromDate=13&FromMonth=05&FromYear=2000&ToDate=13&ToMonth=11&ToYear=2020&Variable=Issuer,https://www.sedar.com/ModifyCompanyDocumentSearchForm.do?lang=EN&company_search=Colabor Group Inc&document_selection=0&industry_group=A&FromDate=13&FromMonth=05&FromYear=2000&ToDate=13&ToMonth=11&ToYear=2020&Variable=Issuer
0,2010-09-30,GCL.TO,2010-09-30,2010-09-30,Q3,234309000,226731000,7578000.0,0.03234190748114669,0.0,0.0,0.0,0.0,0.0,229784000,1542000.0,874000.0,7578000.0,0.03234190748114669,4525000.0,0.012731051730834069,1542000.0,2983000.0,0.012731051730834069,-902000.0,3885000.0,0.016580669116423186,0.18,0.18,21956640,22074140,https://www.sedar.com/ModifyCompanyDocumentSearchForm.do?lang=EN&company_search=Colabor Group Inc&document_selection=0&industry_group=A&FromDate=13&FromMonth=05&FromYear=2000&ToDate=13&ToMonth=11&ToYear=2020&Variable=Issuer,https://www.sedar.com/ModifyCompanyDocumentSearchForm.do?lang=EN&company_search=Colabor Group Inc&document_selection=0&industry_group=A&FromDate=13&FromMonth=05&FromYear=2000&ToDate=13&ToMonth=11&ToYear=2020&Variable=Issuer
0,2010-06-30,GCL.TO,2010-06-30,2010-06-30,Q2,245155000,236174000,8981000.0,0.03663396626623973,0.0,0.0,0.0,0.0,0.0,239222000,1495000.0,868000.0,8981000.0,0.03663396626623973,5933000.0,0.01810283290163366,0.0,4438000.0,0.01810283290163366,236000.0,4202000.0,0.017140176622952825,0.2,0.2,21259081,21376581,https://www.sedar.com/ModifyCompanyDocumentSearchForm.do?lang=EN&company_search=Colabor Group Inc&document_selection=0&industry_group=A&FromDate=13&FromMonth=05&FromYear=2000&ToDate=13&ToMonth=11&ToYear=2020&Variable=Issuer,https://www.sedar.com/ModifyCompanyDocumentSearchForm.do?lang=EN&company_search=Colabor Group Inc&document_selection=0&industry_group=A&FromDate=13&FromMonth=05&FromYear=2000&ToDate=13&ToMonth=11&ToYear=2020&Variable=Issuer
0,2010-03-31,GCL.TO,2010-03-31,2010-03-31,Q1,225355000,218482000,6873000.0,0.030498546737369927,0.0,0.0,0.0,0.0,0.0,221515000,1310000.0,836000.0,6873000.0,0.030498546737369927,3840000.0,0.011226731157507044,0.0,2530000.0,0.011226731157507044,253000.0,2277000.0,0.01010405804175634,0.12,0.12,19762282,19762282,https://www.sedar.com/ModifyCompanyDocumentSearchForm.do?lang=EN&company_search=Colabor Group Inc&document_selection=0&industry_group=A&FromDate=13&FromMonth=05&FromYear=2000&ToDate=13&ToMonth=11&ToYear=2020&Variable=Issuer,https://www.sedar.com/ModifyCompanyDocumentSearchForm.do?lang=EN&company_search=Colabor Group Inc&document_selection=0&industry_group=A&FromDate=13&FromMonth=05&FromYear=2000&ToDate=13&ToMonth=11&ToYear=2020&Variable=Issuer
0,2009-12-31,GCL.TO,2009-12-31,2009-12-31,Q4,364973000,1139681000,-774708000,-2.122644688785198,0.0,0.0,0.0,0.0,0.0,1143700000,1874000.0,1125000.0,15657000,0.0428990637663608,-778727000,0.024012735188630393,793505000,8764000.0,0.024012735188630393,-238000.0,9002000.0,0.024664838220909494,0.08856800026147336,0.08856800026147336,101639418,101639418,https://www.sedar.com/ModifyCompanyDocumentSearchForm.do?lang=EN&company_search=Colabor Group Inc&document_selection=0&industry_group=A&FromDate=13&FromMonth=05&FromYear=2000&ToDate=13&ToMonth=11&ToYear=2020&Variable=Issuer,https://www.sedar.com/ModifyCompanyDocumentSearchForm.do?lang=EN&company_search=Colabor Group Inc&document_selection=0&industry_group=A&FromDate=13&FromMonth=05&FromYear=2000&ToDate=13&ToMonth=11&ToYear=2020&Variable=Issuer
0,2009-09-30,GCL.TO,2009-09-30,2009-09-30,Q3,276841000,0.0,276841000,1.0,0.0,0.0,0.0,0.0,0.0,3162000.0,1404000.0,983000.0,10026000,0.03621573394114311,273679000,0.012046626041662904,-2125000.0,3335000.0,0.012046626041662904,-2650000.0,4710000.0,0.017013375908915225,0.3,0.3,15588602,15588602,https://www.sedar.com/ModifyCompanyDocumentSearchForm.do?lang=EN&company_search=Colabor Group Inc&document_selection=0&industry_group=A&FromDate=13&FromMonth=05&FromYear=2000&ToDate=13&ToMonth=11&ToYear=2020&Variable=Issuer,https://www.sedar.com/ModifyCompanyDocumentSearchForm.do?lang=EN&company_search=Colabor Group Inc&document_selection=0&industry_group=A&FromDate=13&FromMonth=05&FromYear=2000&ToDate=13&ToMonth=11&ToYear=2020&Variable=Issuer
0,2009-06-30,GCL.TO,2009-06-30,2009-06-30,Q2,283722000,0.0,283722000,1.0,0.0,0.0,0.0,0.0,0.0,3048000.0,1426000.0,868000.0,9977000.0,0.03516470347734754,280674000,0.019395746540627798,-273745000,5503000.0,0.019395746540627798,2113000.0,1744000.0,0.0061468620692085914,0.12,0.12,14454071,14454071,https://www.sedar.com/ModifyCompanyDocumentSearchForm.do?lang=EN&company_search=Colabor Group Inc&document_selection=0&industry_group=A&FromDate=13&FromMonth=05&FromYear=2000&ToDate=13&ToMonth=11&ToYear=2020&Variable=Issuer,https://www.sedar.com/ModifyCompanyDocumentSearchForm.do?lang=EN&company_search=Colabor Group Inc&document_selection=0&industry_group=A&FromDate=13&FromMonth=05&FromYear=2000&ToDate=13&ToMonth=11&ToYear=2020&Variable=Issuer
0,2009-03-31,GCL.TO,2009-03-31,2009-03-31,Q1,256945000,0.0,256945000,1.0,0.0,0.0,0.0,0.0,0.0,3085000.0,1561000.0,888000.0,7724000.0,0.030060907976415186,253860000,0.011979217342232774,-249221000,3078000.0,0.011979217342232774,783000.0,1215000.0,0.004728638424565569,0.08,0.08,14470552,14470552,https://www.sedar.com/ModifyCompanyDocumentSearchForm.do?lang=EN&company_search=Colabor Group Inc&document_selection=0&industry_group=A&FromDate=13&FromMonth=05&FromYear=2000&ToDate=13&ToMonth=11&ToYear=2020&Variable=Issuer,https://www.sedar.com/ModifyCompanyDocumentSearchForm.do?lang=EN&company_search=Colabor Group Inc&document_selection=0&industry_group=A&FromDate=13&FromMonth=05&FromYear=2000&ToDate=13&ToMonth=11&ToYear=2020&Variable=Issuer
0,2008-12-31,GCL.TO,2008-12-31,2008-12-31,Q4,398906000,0.0,398906000,1.0,0.0,0.0,0.0,0.0,0.0,-717243000,2399000.0,1543000.0,16492000,0.041343073305490516,1116149000,0.019846780945887002,-1098570000,7917000.0,0.019846780945887002,1235000.0,4326000.0,0.010844660145497937,0.04256222718630679,0.04256222718630679,101639418,101639418,https://www.sedar.com/ModifyCompanyDocumentSearchForm.do?lang=EN&company_search=Colabor Group Inc&document_selection=0&industry_group=A&FromDate=13&FromMonth=05&FromYear=2000&ToDate=13&ToMonth=11&ToYear=2020&Variable=Issuer,https://www.sedar.com/ModifyCompanyDocumentSearchForm.do?lang=EN&company_search=Colabor Group Inc&document_selection=0&industry_group=A&FromDate=13&FromMonth=05&FromYear=2000&ToDate=13&ToMonth=11&ToYear=2020&Variable=Issuer
0,2008-09-30,GCL.TO,2008-09-30,2008-09-30,Q3,288446000,0.0,288446000,1.0,0.0,278432000,0.0,0.0,0.0,281040000,1813000.0,975000.0,10014000,0.034717070092842334,7406000.0,0.01939011114732047,0.0,5593000.0,0.01939011114732047,1521000.0,2311000.0,0.008011898240918577,0.16,0.16,14490072,14490072,https://www.sedar.com/ModifyCompanyDocumentSearchForm.do?lang=EN&company_search=Colabor Group Inc&document_selection=0&industry_group=A&FromDate=13&FromMonth=05&FromYear=2000&ToDate=13&ToMonth=11&ToYear=2020&Variable=Issuer,https://www.sedar.com/ModifyCompanyDocumentSearchForm.do?lang=EN&company_search=Colabor Group Inc&document_selection=0&industry_group=A&FromDate=13&FromMonth=05&FromYear=2000&ToDate=13&ToMonth=11&ToYear=2020&Variable=Issuer
0,2008-06-30,GCL.TO,2008-06-30,2008-06-30,Q2,278721000,0.0,278721000,1.0,0.0,269293000,0.0,0.0,0.0,271995000,1628000.0,875000.0,9428000.0,0.03382594063597648,6726000.0,0.018290692125817572,0.0,5098000.0,0.018290692125817572,2048000.0,1147000.0,0.00411522633744856,0.09,0.09,12744444,12744444,https://www.sedar.com/ModifyCompanyDocumentSearchForm.do?lang=EN&company_search=Colabor Group Inc&document_selection=0&industry_group=A&FromDate=13&FromMonth=05&FromYear=2000&ToDate=13&ToMonth=11&ToYear=2020&Variable=Issuer,https://www.sedar.com/ModifyCompanyDocumentSearchForm.do?lang=EN&company_search=Colabor Group Inc&document_selection=0&industry_group=A&FromDate=13&FromMonth=05&FromYear=2000&ToDate=13&ToMonth=11&ToYear=2020&Variable=Issuer
0,2008-03-31,GCL.TO,2008-03-31,2008-03-31,Q1,180029000,174674000,5355000.0,0.02974520771653456,0.0,0.0,0.0,0.0,0.0,176953000,1423000.0,646000.0,5580000.0,0.03099500636008643,3076000.0,0.009181854034627755,0.0,1653000.0,0.009181854034627755,464000.0,591000.0,0.003282804437062918,0.06,0.06,9839079.0,9839079.0,https://www.sedar.com/ModifyCompanyDocumentSearchForm.do?lang=EN&company_search=Colabor Group Inc&document_selection=0&industry_group=A&FromDate=13&FromMonth=05&FromYear=2000&ToDate=13&ToMonth=11&ToYear=2020&Variable=Issuer,https://www.sedar.com/ModifyCompanyDocumentSearchForm.do?lang=EN&company_search=Colabor Group Inc&document_selection=0&industry_group=A&FromDate=13&FromMonth=05&FromYear=2000&ToDate=13&ToMonth=11&ToYear=2020&Variable=Issuer
0,2007-12-31,GCL.TO,2007-12-31,2007-12-31,Q4,279703000,0.0,-527817000,-1.8870623482765647,0.0,0.0,0.0,0.0,0.0,270159000,2019000.0,1053000.0,13692000,0.04895192400510542,9544000.0,0.0,0.0,0.0,0.0,0.0,-3990000.0,-0.01426513122848164,-0.039256423133001414,-0.039256423133001414,101639418,101639418,https://www.sedar.com/ModifyCompanyDocumentSearchForm.do?lang=EN&company_search=Colabor Group Inc&document_selection=0&industry_group=A&FromDate=13&FromMonth=05&FromYear=2000&ToDate=13&ToMonth=11&ToYear=2020&Variable=Issuer,https://www.sedar.com/ModifyCompanyDocumentSearchForm.do?lang=EN&company_search=Colabor Group Inc&document_selection=0&industry_group=A&FromDate=13&FromMonth=05&FromYear=2000&ToDate=13&ToMonth=11&ToYear=2020&Variable=Issuer
0,2007-09-30,GCL.TO,2007-09-30,2007-09-30,Q3,195488000,0.0,195488000,1.0,0.0,188690000,0.0,0.0,0.0,191182000,1622000.0,858000.0,6798000.0,0.034774513013586514,4306000.0,0.0,0.0,0.0,0.0,0.0,1736000.0,0.008880340481257161,0.18,0.18,9895793.0,9895793.0,https://www.sedar.com/ModifyCompanyDocumentSearchForm.do?lang=EN&company_search=Colabor Group Inc&document_selection=0&industry_group=A&FromDate=13&FromMonth=05&FromYear=2000&ToDate=13&ToMonth=11&ToYear=2020&Variable=Issuer,https://www.sedar.com/ModifyCompanyDocumentSearchForm.do?lang=EN&company_search=Colabor Group Inc&document_selection=0&industry_group=A&FromDate=13&FromMonth=05&FromYear=2000&ToDate=13&ToMonth=11&ToYear=2020&Variable=Issuer
0,2007-06-30,GCL.TO,2007-06-30,2007-06-30,Q2,200210000,0.0,200210000,1.0,0.0,193883000,0.0,0.0,0.0,196336000,1552000.0,798000.0,6327000.0,0.031601818091004444,3874000.0,0.0,0.0,0.0,0.0,0.0,1523000.0,0.007607012636731432,0.15,0.15,9862341.0,9862341.0,https://www.sedar.com/ModifyCompanyDocumentSearchForm.do?lang=EN&company_search=Colabor Group Inc&document_selection=0&industry_group=A&FromDate=13&FromMonth=05&FromYear=2000&ToDate=13&ToMonth=11&ToYear=2020&Variable=Issuer,https://www.sedar.com/ModifyCompanyDocumentSearchForm.do?lang=EN&company_search=Colabor Group Inc&document_selection=0&industry_group=A&FromDate=13&FromMonth=05&FromYear=2000&ToDate=13&ToMonth=11&ToYear=2020&Variable=Issuer
0,2007-03-31,GCL.TO,2007-03-31,2007-03-31,Q1,162667000,158020000,4647000.0,0.028567564410728667,0.0,0.0,0.0,0.0,0.0,160190000,0.0,645000.0,4647000.0,0.028567564410728667,2477000.0,0.0,0.0,0.0,0.0,0.0,546000.0,0.0033565504988719284,0.06,0.06,9447410.0,9447410.0,https://www.sedar.com/ModifyCompanyDocumentSearchForm.do?lang=EN&company_search=Colabor Group Inc&document_selection=0&industry_group=A&FromDate=13&FromMonth=05&FromYear=2000&ToDate=13&ToMonth=11&ToYear=2020&Variable=Issuer,https://www.sedar.com/ModifyCompanyDocumentSearchForm.do?lang=EN&company_search=Colabor Group Inc&document_selection=0&industry_group=A&FromDate=13&FromMonth=05&FromYear=2000&ToDate=13&ToMonth=11&ToYear=2020&Variable=Issuer
0,2006-12-31,GCL.TO,2006-12-31,2006-12-31,Q4,137119000,140003000,-2884000.0,-0.021032825501936275,0.0,0.0,0.0,0.0,0.0,132604000,269000.0,291000.0,5799000.0,0.042291731999212365,4515000.0,0.0,0.0,0.0,0.0,0.0,2257000.0,0.01646015504780519,0.022205951631875734,0.022205951631875734,101639418,101639418,https://www.sedar.com/ModifyCompanyDocumentSearchForm.do?lang=EN&company_search=Colabor Group Inc&document_selection=0&industry_group=A&FromDate=13&FromMonth=05&FromYear=2000&ToDate=13&ToMonth=11&ToYear=2020&Variable=Issuer,https://www.sedar.com/ModifyCompanyDocumentSearchForm.do?lang=EN&company_search=Colabor Group Inc&document_selection=0&industry_group=A&FromDate=13&FromMonth=05&FromYear=2000&ToDate=13&ToMonth=11&ToYear=2020&Variable=Issuer
0,2006-09-30,GCL.TO,2006-09-30,2006-09-30,Q3,91285000,85226000,6059000.0,0.06637454127184093,0.0,2844000.0,0.0,0.0,0.0,89029000,259000.0,215000.0,3215000.0,0.03521936791367695,2256000.0,0.0,0.0,0.0,0.0,0.0,1062000.0,0.011633893848934655,0.18,0.18,5749796.0,5749796.0,https://www.sedar.com/ModifyCompanyDocumentSearchForm.do?lang=EN&company_search=Colabor Group Inc&document_selection=0&industry_group=A&FromDate=13&FromMonth=05&FromYear=2000&ToDate=13&ToMonth=11&ToYear=2020&Variable=Issuer,https://www.sedar.com/ModifyCompanyDocumentSearchForm.do?lang=EN&company_search=Colabor Group Inc&document_selection=0&industry_group=A&FromDate=13&FromMonth=05&FromYear=2000&ToDate=13&ToMonth=11&ToYear=2020&Variable=Issuer
0,2006-06-30,GCL.TO,2006-06-30,2006-06-30,Q2,91285000,85226000,6059000.0,0.06637454127184093,0.0,2844000.0,0.0,0.0,-959000.0,88070000,259000.0,215000.0,5131000.0,0.05620857753190557,3215000.0,0.0,0.0,0.0,0.0,0.0,1062000.0,0.011633893848934655,0.18,0.18,5749796.0,5749796.0,https://www.sedar.com/ModifyCompanyDocumentSearchForm.do?lang=EN&company_search=Colabor Group Inc&document_selection=0&industry_group=A&FromDate=13&FromMonth=05&FromYear=2000&ToDate=13&ToMonth=11&ToYear=2020&Variable=Issuer,https://www.sedar.com/ModifyCompanyDocumentSearchForm.do?lang=EN&company_search=Colabor Group Inc&document_selection=0&industry_group=A&FromDate=13&FromMonth=05&FromYear=2000&ToDate=13&ToMonth=11&ToYear=2020&Variable=Issuer
0,2006-03-31,GCL.TO,2006-03-31,2006-03-31,Q1,73463000,68935000,4528000.0,0.061636470059757975,0.0,2804000.0,0.0,0.0,-952000.0,71739000,149000.0,208000.0,2676000.0,0.036426500415174985,1724000.0,0.0,0.0,0.0,0.0,0.0,327000.0,0.0044512203422130865,0.06,0.06,5775000.0,5775000.0,https://www.sedar.com/ModifyCompanyDocumentSearchForm.do?lang=EN&company_search=Colabor Group Inc&document_selection=0&industry_group=A&FromDate=13&FromMonth=05&FromYear=2000&ToDate=13&ToMonth=11&ToYear=2020&Variable=Issuer,https://www.sedar.com/ModifyCompanyDocumentSearchForm.do?lang=EN&company_search=Colabor Group Inc&document_selection=0&industry_group=A&FromDate=13&FromMonth=05&FromYear=2000&ToDate=13&ToMonth=11&ToYear=2020&Variable=Issuer
