,date,symbol,fillingDate,acceptedDate,period,revenue,costOfRevenue,grossProfit,grossProfitRatio,researchAndDevelopmentExpenses,generalAndAdministrativeExpenses,sellingAndMarketingExpenses,otherExpenses,operatingExpenses,costAndExpenses,interestExpense,depreciationAndAmortization,ebitda,ebitdaratio,operatingIncome,operatingIncomeRatio,totalOtherIncomeExpensesNet,incomeBeforeTax,incomeBeforeTaxRatio,incomeTaxExpense,netIncome,netIncomeRatio,eps,epsdiluted,weightedAverageShsOut,weightedAverageShsOutDil,link,finalLink
0,2020-08-31,TAL,2020-08-31,2020-08-31,Q2,1103267000,522037000,581230000,0.0,0.0,633530000,0.0,-3184000.0,522037000,0.0,-3068000.0,0.0,0.0,0.0,-49116000,0.0,0.0,14859000,0.0,2443000.0,14969000,0.0,0.07185977603311089,0.07185977603311089,208308470,208308470,,
0,2020-05-31,TAL,2020-06-30 00:00:00,2020-06-30 16:21:20,Q1,910664000,429515000,481149000,0.52835,0.0,450213000,0.0,-4859000.0,447957999.99999994,877473000,22893000,0.0,126544000,0.138958,33191000,0.036447,42111000,98195000,0.107828,22000000,81651000,0.089661,0.39197,0.39197,208308470,208308470,https://www.sec.gov/Archives/edgar/data/1499620/000110465920078996/0001104659-20-078996-index.htm,https://www.sec.gov/Archives/edgar/data/1499620/000110465920078996/tal-20200229x20f.htm
0,2020-02-29,TAL,2020-03-02 00:00:00,2020-03-02 06:07:38,Q4,771555000,347769000,423786000,0.549262,0.0,463029000,0.0,-391000.0,494409999.99999994,842179000,15573000,0.0,-37503000,-0.048607,-70624000,-0.091535,-4679000.0,-59730000,-0.077415,63592000,-116668000,-0.151212,-0.58601,-0.58601,199089310,199089310,https://www.sec.gov/Archives/edgar/data/1499620/000110465920027449/0001104659-20-027449-index.html,https://www.sec.gov/Archives/edgar/data/1499620/000110465920027449/tm2011404d1_6k.htm
0,2019-11-30,TAL,2019-12-05 00:00:00,2019-12-05 06:01:31,Q3,862357000,385122000,477235000,0.553408,0.0,400438000,0.0,-1239000.0,445607000,830729000,16956000,0.0,61744000,0.071599,31628000,0.036676,-3732000.0,44852000,0.052011,16611000,28177000,0.032674,0.13604,0.13604,207120560,207120560,https://www.sec.gov/Archives/edgar/data/1499620/000110465919070026/0001104659-19-070026-index.html,https://www.sec.gov/Archives/edgar/data/1499620/000110465919070026/tm1924478d1_6k.htm
0,2019-08-31,TAL,2019-10-25 00:00:00,2019-10-25 06:05:10,Q2,936626000,418803000,517823000,0.55286,0.0,453314000,0.0,-5430000.0,502078000,920881000,15679000,0.0,-6837000.0,-0.0073,15745000,0.01681,-55555000,-24131000,-0.025764,-8116000.0,-14400000,-0.015374,-0.07275,-0.07275,197940260,197940260,https://www.sec.gov/Archives/edgar/data/1499620/000110465919056259/0001104659-19-056259-index.html,https://www.sec.gov/Archives/edgar/data/1499620/000110465919056259/tm1920895d1_6k.htm
0,2019-05-31,TAL,,,Q1,673414000,296371000,377043000,0.559898,0.0,330984000,0.0,-2407000.0,379171000.00000006,675542000,12963000,0.0,-5952000.0,-0.008839,-2128000.0,-0.00316,-31331000,-20496000,-0.030436,-2759000.0,-16156000,-0.023991,-0.08194,-0.08194,197160090,197160090,,
0,2019-02-28,TAL,2019-04-25 00:00:00,2019-04-25 16:01:20,Q4,726561000,306174000,420387000,0.578598,0.0,305749000,0.0,-68000.0,312928000,619102000,4538000.0,0.0,137386000,0.189091,107459000,0.147901,24706000,136703000,0.188151,33236000,99612000,0.137101,0.49721,0.49721,200339930,200339930,https://www.sec.gov/Archives/edgar/data/1499620/000114420419021240/0001144204-19-021240-index.html,https://www.sec.gov/Archives/edgar/data/1499620/000114420419021240/tv519691_6k.htm
0,2018-11-30,TAL,2018-12-11 00:00:00,2018-12-11 08:21:27,Q3,585991000,267633000,318358000,0.543281,0.0,247767000,0.0,-405000.0,288493000,556126000,9448000.0,0.0,143686000,0.245202,29865000,0.050965,98690000,138003000,0.235504,10404000,123834000,0.211324,0.6203,0.6203,199636170,199636170,https://www.sec.gov/Archives/edgar/data/1499620/000114420418063965/0001144204-18-063965-index.html,https://www.sec.gov/Archives/edgar/data/1499620/000114420418063965/tv508918_6k.htm
0,2018-08-31,TAL,2018-10-29 00:00:00,2018-10-29 07:22:16,Q2,699800000,329600000,370200000,0.529008,0.0,290500000,0.0,-1200000.0,289299999.99999994,618900000,15300000,0.0,107800000,0.154044,80900000,0.115604,-400000.0,95800000,0.136896,15500000,77000000,0.110031,0.38423,0.38423,200400000,200400000,https://www.sec.gov/Archives/edgar/data/1499620/000114420418055660/0001144204-18-055660-index.html,https://www.sec.gov/Archives/edgar/data/1499620/000114420418055660/tv505693_6k.htm
0,2018-05-31,TAL,2018-06-26 00:00:00,2018-06-26 07:19:47,Q1,550600000,261100000,289600000,0.525972,0.0,219700000,0.0,-5100000.0,224299999.99999994,485399999.99999994,12700000,0.0,96800000,0.175808,65300000,0.118598,8700000.0,86700000,0.157465,17300000,66800000,0.121322,0.33333,0.33333,200400000,200400000,https://www.sec.gov/Archives/edgar/data/1499620/000114420418035695/0001144204-18-035695-index.html,https://www.sec.gov/Archives/edgar/data/1499620/000114420418035695/tv488621_20f.htm
0,2018-02-28,TAL,2018-04-27 00:00:00,2018-04-27 06:16:29,Q4,504100000,246700000,257400000,0.510613,0.0,190700000,0.0,-100000.0,190500000,437200000,9700000.0,0.0,87900000,0.17437,66900000,0.132712,3200000.0,79800000,0.158302,8700000.0,69500000,0.137869,0.38419,0.38419,180900000,180900000,https://www.sec.gov/Archives/edgar/data/1499620/000114420418022835/0001144204-18-022835-index.html,https://www.sec.gov/Archives/edgar/data/1499620/000114420418022835/tv492130_6k.htm
0,2017-11-30,TAL,2018-01-05 00:00:00,2018-01-05 17:00:44,Q3,433300000,221100000,212200000,0.48973,0.0,167800000,0.0,-600000.0,169100000,390200000,4300000.0,0.0,56400000,0.130164,43100000,0.099469,5400000.0,52800000,0.121856,11400000,40700000,0.09393,0.2099,0.2099,193900000,193900000,https://www.sec.gov/Archives/edgar/data/1499620/000114420418001107/0001144204-18-001107-index.html,https://www.sec.gov/Archives/edgar/data/1499620/000114420418001107/tv482777_6k.htm
0,2017-08-31,TAL,2017-10-27 00:00:00,2017-10-27 16:01:42,Q2,455700000,244900000,210800000,0.462585,0.0,145800000,0.0,-3300000.0,142499999.99999997,387399999.99999994,6700000.0,0.0,82400000,0.180821,68300000,0.149879,2000000.0,77000000,0.168971,16200000,59500000,0.130568,0.30813,0.30813,193100000,193100000,https://www.sec.gov/Archives/edgar/data/1499620/000114420417054518/0001144204-17-054518-index.html,https://www.sec.gov/Archives/edgar/data/1499620/000114420417054518/tv477793_6k.htm
0,2017-05-31,TAL,2017-06-28 00:00:00,2017-06-28 16:07:39,Q1,321900000,169600000,152300000,0.473128,0.0,124100000,0.0,-600000.0,124200000.00000001,293800000,2500000.0,0.0,39700000,0.12333,28100000,0.087294,6800000.0,37400000,0.116185,8400000.0,28800000,0.089469,0.15008,0.15008,191900000,191900000,https://www.sec.gov/Archives/edgar/data/1499620/000114420417034624/0001144204-17-034624-index.html,https://www.sec.gov/Archives/edgar/data/1499620/000114420417034624/v464791_20f.htm
0,2017-02-28,TAL,2017-04-28 00:00:00,2017-04-28 16:03:24,Q4,316300000,158100000,158200000,0.500158,0.0,114800000,0.0,0.0,116900000,275000000,1600000.0,0.0,44800000,0.141638,41300000,0.130572,-100000.0,42900000,0.135631,8900000.0,34300000,0.108441,0.18187,0.18187,188600000,188600000,https://www.sec.gov/Archives/edgar/data/1499620/000114420417023196/0001144204-17-023196-index.html,https://www.sec.gov/Archives/edgar/data/1499620/000114420417023196/v465386_6k.htm
0,2016-11-30,TAL,2017-01-25 00:00:00,2017-01-25 16:01:43,Q3,260600000,131900000,128700000,0.49386,0.0,107000000,0.0,-300000.0,110400000,242300000,100000.0,0.0,16800000,0.064467,18300000,0.070223,-700000.0,17700000,0.06792,3100000.0,13600000,0.052187,0.07889,0.07889,172400000,172400000,https://www.sec.gov/Archives/edgar/data/1499620/000114420417003776/0001144204-17-003776-index.html,https://www.sec.gov/Archives/edgar/data/1499620/000114420417003776/v457437_6-k.htm
0,2016-08-31,TAL,2016-10-13 00:00:00,2016-10-13 16:07:35,Q2,271100000,131900000,139200000,0.513464,0.0,90000000,0.0,-2200000.0,89900000,221800000,1800000.0,0.0,75100000,0.27702,49300000,0.181852,23800000,74900000,0.276282,17600000,55700000,0.205459,0.29596,0.29596,188200000,188200000,https://www.sec.gov/Archives/edgar/data/1499620/000114420416127996/0001144204-16-127996-index.html,https://www.sec.gov/Archives/edgar/data/1499620/000114420416127996/v450499_6-k.htm
0,2016-05-31,TAL,2016-07-01 00:00:00,2016-07-01 06:00:35,Q1,195100000,100500000,94600000,0.48488,0.0,77600000,0.0,-500000.0,77000000,177500000,1500000.0,0.0,19200000,0.098411,17600000,0.09021,0.0,19100000,0.097899,4500000.0,13200000,0.067658,0.07788,0.07788,169500000,169500000,https://www.sec.gov/Archives/edgar/data/1499620/000114420416111000/0001144204-16-111000-index.html,https://www.sec.gov/Archives/edgar/data/1499620/000114420416111000/v443513_6k.htm
0,2016-02-29,TAL,2016-04-29 00:00:00,2016-04-29 16:01:17,Q4,175000000,88800000,86300000,0.493143,0.0,69700000,0.0,-100000.0,69600000.00000001,158400000,2200000.0,0.0,21300000,0.121714,16600000,0.094857,500000.0,19300000,0.110286,8200000.0,10900000,0.062286,0.05886,0.05886,185200000,185200000,https://www.sec.gov/Archives/edgar/data/1499620/000114420416097779/0001144204-16-097779-index.html,https://www.sec.gov/Archives/edgar/data/1499620/000114420416097779/v438395_6k.htm
0,2015-11-30,TAL,2016-01-28 00:00:00,2016-01-28 06:20:04,Q3,142200000,73400000,68700000,0.483122,0.0,59800000,0.0,-600000.0,59199999.99999999,132599999.99999999,3000000.0,0.0,15200000,0.106892,9600000.0,0.067511,-400000.0,12200000,0.085795,2600000.0,9600000.0,0.067511,0.05808,0.05808,165300000,165300000,https://www.sec.gov/Archives/edgar/data/1499620/000110465916091841/0001104659-16-091841-index.html,https://www.sec.gov/Archives/edgar/data/1499620/000110465916091841/a16-2989_16k.htm
0,2015-08-31,TAL,2015-10-23 00:00:00,2015-10-23 06:39:38,Q2,173300000,80500000,92900000,0.536065,0.0,56300000,0.0,-2600000.0,61099999.99999999,141600000,53700000,0.0,135000000,0.778996,31700000,0.18292,-4100000.0,81300000,0.469129,17800000,63500000,0.366417,0.34775,0.34775,182600000,182600000,https://www.sec.gov/Archives/edgar/data/1499620/000110465915072297/0001104659-15-072297-index.html,https://www.sec.gov/Archives/edgar/data/1499620/000110465915072297/a15-21540_16k.htm
0,2015-05-31,TAL,2015-06-30 00:00:00,2015-06-30 06:03:01,Q1,129400000,61000000,68400000,0.528594,0.0,48800000,0.0,0.0,48800000,109800000,3000000.0,0.0,26800000,0.20711,19600000,0.151468,1400000.0,24000000,0.185471,4800000.0,19000000,0.146832,0.10394,0.10394,182800000,182800000,https://www.sec.gov/Archives/edgar/data/1499620/000110465915048594/0001104659-15-048594-index.html,https://www.sec.gov/Archives/edgar/data/1499620/000110465915048594/a15-14920_16k.htm
0,2015-02-28,TAL,2015-04-29 00:00:00,2015-04-29 06:00:27,Q4,123200000,59200000,64000000,0.519481,0.0,49400000,0.0,-300000.0,49099999.99999999,108300000,3300000.0,12399999.999999998,30500000,0.247565,14900000,0.120942,-2900000.0,15300000,0.124188,1100000.0,13700000,0.111201,0.08343,0.08343,164200000,164200000,https://www.sec.gov/Archives/edgar/data/1499620/000110465915031198/0001104659-15-031198-index.html,https://www.sec.gov/Archives/edgar/data/1499620/000110465915031198/a15-10143_16k.htm
0,2014-11-30,TAL,,,Q3,99400000,49000000,50400000,0.507042,0.0,42200000,0.0,0.0,42099999.99999999,91100000,3700000.0,0.0,15100000,0.151911,8200000.0,0.082495,-300000.0,11600000,0.1167,400000.0,11000000,0.110664,0.06675,0.06675,164800000,164800000,,
0,2014-08-31,TAL,2014-10-22 00:00:00,2014-10-22 06:12:48,Q2,122400000,53200000,69100000,0.564542,0.0,38700000,0.0,-100000.0,38700000,91900000,2600000.0,0.0,37100000,0.303105,30500000,0.249183,1400000.0,34600000,0.28268,5400000.0,29100000,0.237745,0.16068,0.16068,181100000,181100000,https://www.sec.gov/Archives/edgar/data/1499620/000110465914072864/0001104659-14-072864-index.html,https://www.sec.gov/Archives/edgar/data/1499620/000110465914072864/a14-22783_16k.htm
0,2014-05-31,TAL,2014-07-22 00:00:00,2014-07-22 06:02:31,Q1,89000000,41700000,47300000,0.531461,0.0,33800000,0.0,-100000.0,33700000,75400000,2400000.0,0.0,18200000,0.204494,13700000,0.153933,-300000.0,15800000,0.177528,2400000.0,13400000,0.150562,0.08292,0.08292,161600000,161600000,https://www.sec.gov/Archives/edgar/data/1499620/000110465914052558/0001104659-14-052558-index.html,https://www.sec.gov/Archives/edgar/data/1499620/000110465914052558/a14-17456_16k.htm
0,2014-02-28,TAL,2014-04-23 00:00:00,2014-04-23 06:29:55,Q4,87000000,40800000,46200000,0.531034,0.0,32000000,0.0,-200000.0,31799999.999999996,72600000,2800000.0,10000000,29600000,0.34023,14400000,0.165517,-400000.0,16800000,0.193103,100000.0,16700000,0.191954,0.10617,0.10617,157300000,157300000,https://www.sec.gov/Archives/edgar/data/1499620/000110465914029286/0001104659-14-029286-index.html,https://www.sec.gov/Archives/edgar/data/1499620/000110465914029286/a14-10932_16k.htm
0,2013-11-30,TAL,,,Q3,73500000,35900000,37700000,0.512925,0.0,26600000,0.0,-800000.0,25700000.000000004,61600000,2500000.0,0.0,16900000,0.229932,11900000,0.161905,-100000.0,14400000,0.195918,1900000.0,12500000,0.170068,0.07745,0.07745,161400000,161400000,,
0,2013-08-31,TAL,2013-09-03 00:00:00,2013-09-03 06:04:08,Q2,92000000,43000000,49000000,0.532609,0.0,24600000,0.0,-100000.0,24500000,67500000,2700000.0,0.0,29500000,0.320652,24400000,0.265217,-300000.0,26800000,0.291304,3500000.0,23300000,0.253261,0.14581,0.14581,159800000,159800000,https://www.sec.gov/Archives/edgar/data/1499620/000110465913067585/0001104659-13-067585-index.html,https://www.sec.gov/Archives/edgar/data/1499620/000110465913067585/a13-20008_16k.htm
0,2013-05-31,TAL,2013-06-28 00:00:00,2013-06-28 16:50:27,Q1,61400000,31900000,29500000,0.480456,0.0,22800000,0.0,0.0,22800000.000000004,54700000.00000001,1800000.0,0.0,11100000,0.180782,6700000.0,0.109121,800000.0,9300000.0,0.151466,1200000.0,8100000.0,0.131922,0.0511,0.0511,158500000,158500000,https://www.sec.gov/Archives/edgar/data/1499620/000110465913052347/0001104659-13-052347-index.html,https://www.sec.gov/Archives/edgar/data/1499620/000110465913052347/a13-4130_120f.htm
0,2013-02-28,TAL,2013-04-25 00:00:00,2013-04-25 06:06:17,Q4,59600000,31400000,28300000,0.474832,0.0,22000000,0.0,0.0,22600000,54000000,1400000.0,7300000.0,15600000,0.261745,5700000.0,0.095638,-100000.0,7000000.0,0.11745,100000.0,6800000.0,0.114094,0.04213,0.04213,161400000,161400000,https://www.sec.gov/Archives/edgar/data/1499620/000110465913032626/0001104659-13-032626-index.html,https://www.sec.gov/Archives/edgar/data/1499620/000110465913032626/a13-10814_16k.htm
0,2012-11-30,TAL,2013-01-24 00:00:00,2013-01-24 06:31:55,Q3,48900000,26700000,22200000,0.453988,0.0,19700000,0.0,-600000.0,19099999.999999996,45800000,1500000.0,0.0,7900000.0,0.161554,3100000.0,0.063395,1800000.0,6400000.0,0.130879,800000.0,5600000.0,0.114519,0.03587,0.03587,156100000,156100000,https://www.sec.gov/Archives/edgar/data/1499620/000110465913004249/0001104659-13-004249-index.html,https://www.sec.gov/Archives/edgar/data/1499620/000110465913004249/a13-3499_16k.htm
0,2012-08-31,TAL,2012-10-31 00:00:00,2012-10-31 16:21:56,Q2,68100000,31800000,36200000,0.531571,0.0,19500000,0.0,0.0,19599999.999999996,51400000,1400000.0,0.0,19800000,0.290749,16700000,0.245228,300000.0,18400000,0.270191,2400000.0,16000000,0.234949,0.10237,0.10237,156300000,156300000,https://www.sec.gov/Archives/edgar/data/1331745/000104746912009911/0001047469-12-009911-index.html,https://www.sec.gov/Archives/edgar/data/1331745/000104746912009911/a2211515z10-q.htm
0,2012-05-31,TAL,2012-06-27 00:00:00,2012-06-27 16:35:26,Q1,49300000,25800000,23500000,0.476673,0.0,17600000,0.0,0.0,17499999.999999996,43299999.99999999,900000.0,0.0,6600000.0,0.133874,6000000.0,0.121704,-1200000.0,5700000.0,0.115619,700000.0,5000000.0,0.10142,0.03193,0.03193,156600000,156600000,https://www.sec.gov/Archives/edgar/data/1499620/000110465912046260/0001104659-12-046260-index.html,https://www.sec.gov/Archives/edgar/data/1499620/000110465912046260/a12-8310_120f.htm
0,2012-02-29,TAL,,,Q4,52200000,28500000,23700000,0.454023,0.0,17400000,0.0,0.0,17400000,45900000,900000.0,5700000.0,15100000,0.289272,6300000.0,0.12069,1200000.0,8400000.0,0.16092,900000.0,7600000.0,0.145594,0.04866,0.04866,156200000,156200000,,
0,2011-11-30,TAL,2012-01-20 00:00:00,2012-01-20 06:12:31,Q3,40700000,23700000,17000000,0.41769,0.0,15800000,0.0,0.0,15800000,39500000,700000.0,0.0,2400000.0,0.058968,1200000.0,0.029484,-200000.0,1700000.0,0.041769,300000.0,1400000.0,0.034398,0.00898,0.00898,155900000,155900000,https://www.sec.gov/Archives/edgar/data/1499620/000119312512017652/0001193125-12-017652-index.html,https://www.sec.gov/Archives/edgar/data/1499620/000119312512017652/d285771d6k.htm
0,2011-08-31,TAL,2011-10-26 00:00:00,2011-10-26 06:09:49,Q2,51400000,25300000,26200000,0.509728,0.0,16000000,0.0,-100000.0,15999999.999999996,41299999.99999999,1000000.0,0.0,13600000,0.264591,10100000,0.196498,1500000.0,12600000,0.245136,1900000.0,10700000,0.208171,0.06863,0.06863,155900000,155900000,https://www.sec.gov/Archives/edgar/data/1499620/000119312511281043/0001193125-11-281043-index.html,https://www.sec.gov/Archives/edgar/data/1499620/000119312511281043/d247247d6k.htm
0,2011-05-31,TAL,2011-06-14 00:00:00,2011-06-14 09:34:50,Q1,33200000,18100000,15100000,0.454819,0.0,11800000,0.0,-100000.0,11700000,29800000,900000.0,0.0,6600000.0,0.198795,3400000.0,0.10241,1400000.0,5700000.0,0.171687,1100000.0,4600000.0,0.138554,0.02958,0.02958,155500000,155500000,https://www.sec.gov/Archives/edgar/data/1499620/000095012311058847/0000950123-11-058847-index.html,https://www.sec.gov/Archives/edgar/data/1499620/000095012311058847/h05170e6vk.htm
0,2011-02-28,TAL,2011-04-29 00:00:00,2011-04-29 17:07:01,Q4,33700000,16200000,17500000,0.519288,0.0,9500000.0,0.0,-100000.0,9200000.0,25400000,800000.0,1999999.9999999995,11900000,0.353116,8300000.0,0.246291,0.0,9000000.0,0.267062,700000.0,8400000.0,0.249258,0.05398,0.05398,155600000,155600000,https://www.sec.gov/Archives/edgar/data/1499620/000095012311042186/0000950123-11-042186-index.html,https://www.sec.gov/Archives/edgar/data/1499620/000095012311042186/h05047e6vk.htm
0,2010-11-30,TAL,2011-01-25 00:00:00,2011-01-25 16:07:20,Q3,24100000,14000000,10000000,0.414938,0.0,7600000.0,0.0,0.0,7600000.000000001,21600000,400000.0,0.0,3000000.0,0.124481,2400000.0,0.099585,100000.0,2900000.0,0.120332,300000.0,2300000.0,0.095436,0.02237,0.02237,102800000,102800000,https://www.sec.gov/Archives/edgar/data/1499620/000095012311005171/0000950123-11-005171-index.html,https://www.sec.gov/Archives/edgar/data/1499620/000095012311005171/h04791e6vk.htm
