,date,symbol,fillingDate,acceptedDate,period,revenue,costOfRevenue,grossProfit,grossProfitRatio,researchAndDevelopmentExpenses,generalAndAdministrativeExpenses,sellingAndMarketingExpenses,otherExpenses,operatingExpenses,costAndExpenses,interestExpense,depreciationAndAmortization,ebitda,ebitdaratio,operatingIncome,operatingIncomeRatio,totalOtherIncomeExpensesNet,incomeBeforeTax,incomeBeforeTaxRatio,incomeTaxExpense,netIncome,netIncomeRatio,eps,epsdiluted,weightedAverageShsOut,weightedAverageShsOutDil,link,finalLink
0,2020-07-31,ASPU,2020-09-14 00:00:00,2020-09-14 16:40:19,Q1,15165562,5847523.0,9318039.0,0.6144209492533148,0.0,8793756.0,0.0,-123298.0,0.0,15131903,455457.0,0.0,400985.0,0.026440497226545248,33659.0,-0.06231856096068184,-523298.0,-945096.0,-0.06231856096068184,-1900.0,-943196.0,-0.062193277110337224,-0.04,-0.04,22094409,22094409,https://www.sec.gov/Archives/edgar/data/1487198/000148719820000017/0001487198-20-000017-index.htm,https://www.sec.gov/Archives/edgar/data/1487198/000148719820000017/aspu-20200731.htm
0,2020-04-30,ASPU,2020-07-07 00:00:00,2020-07-07 16:32:14,Q4,14079193,5431181.0,8648012.0,0.6142406031368417,0.0,7065073.0,0.0,59760.0,0.0,12989523,393471.0,0.0,211489.0,0.015021386524071373,1089670.0,-0.04796091650991644,-1371450.0,-675251.0,-0.04796091650991644,-10688.0,-664563.0,-0.0472017820907775,0.0,0.0,0.0,0.0,https://www.sec.gov/Archives/edgar/data/1487198/000148719820000010/0001487198-20-000010-index.htm,https://www.sec.gov/Archives/edgar/data/1487198/000148719820000010/aspu-20200430.htm
0,2020-01-31,ASPU,2020-03-10 00:00:00,2020-03-10 16:07:18,Q3,12537940,5163007.0,7374933.0,0.5882093071110566,0.0,8627588.0,0.0,34117.0,0.0,14265988,571958.0,0.0,-1218538.0,-0.09718805481602241,-1728048.0,-0.18072259079242683,34117.0,-2265889.0,-0.18072259079242683,15163.0,-2281052.0,-0.18193196011465998,-0.12,-0.12,19420987,19420987,https://www.sec.gov/Archives/edgar/data/1487198/000148719820000004/0001487198-20-000004-index.html,https://www.sec.gov/Archives/edgar/data/1487198/000148719820000004/aspu-20200131.htm
0,2019-10-31,ASPU,2019-12-10 00:00:00,2019-12-10 16:28:54,Q2,12085965,4188056.0,7897909.0,0.6534777322290772,0.0,7601459.0,0.0,132567.0,0.0,12417740,428960.0,0.0,429017.0,0.035497124143583074,-331775.0,-0.05197499744538396,132567.0,-628168.0,-0.05197499744538396,10000.0,-638168.0,-0.05280240344895919,-0.03,-0.03,18985371,18985371,https://www.sec.gov/Archives/edgar/data/1487198/000162828019014913/0001628280-19-014913-index.html,https://www.sec.gov/Archives/edgar/data/1487198/000162828019014913/aspu-20191031.htm
0,2019-07-31,ASPU,2019-09-09,2019-09-09 16:07:50,Q1,10357982,4353058.0,6004924.0,0.5797387946802766,0.0,7037150.0,0.0,22802.0,0.0,11996782,423689.0,0.0,-1009424.0,-0.09745373181764556,-1638800.0,-0.19691934201082797,22802.0,-2039687.0,-0.19691934201082797,35595.0,-2075282.0,-0.20035582220552228,-0.11,-0.11,18733317,18733317,https://www.sec.gov/Archives/edgar/data/1487198/000155335019000717/aspu_10k.htm,https://www.sec.gov/Archives/edgar/data/1487198/000155335019000717/aspu_10k.htm
0,2019-04-30,ASPU,2019-07-09 00:00:00,2019-07-09 17:16:31,Q4,10214143,4312331.0,5901812.0,0.5778078493712101,0.0,6669767.0,0.0,36115.0,0.0,11574732,285448.0,0.0,-731840.0,-0.07164967241989857,-1360589.0,-0.15761694348708452,36115.0,-1609922.0,-0.15761694348708452,0.0,-1609922.0,-0.15761694348708452,0.0,0.0,0.0,0.0,https://www.sec.gov/Archives/edgar/data/1487198/000155335019000717/0001553350-19-000717-index.html,https://www.sec.gov/Archives/edgar/data/1487198/000155335019000717/aspu_10k.htm
0,2019-01-31,ASPU,2019-03-11 00:00:00,2019-03-11 16:03:35,Q3,8494627.0,4076980.0,4417647.0,0.520051910460577,0.0,6284041.0,0.0,142180.0,0.0,10916313,76434.0,0.0,-1724214.0,-0.20297701123310063,-2421686.0,-0.27734472626049383,142180.0,-2355940.0,-0.27734472626049383,0.0,-2355940.0,-0.27734472626049383,-0.13,-0.13,18398095,18398095,https://www.sec.gov/Archives/edgar/data/1487198/000155335019000199/0001553350-19-000199-index.html,https://www.sec.gov/Archives/edgar/data/1487198/000155335019000199/aspu_10q.htm
0,2018-10-31,ASPU,2018-12-10 00:00:00,2018-12-10 16:04:39,Q2,8095344.0,3835515.0,4259829.0,0.5262072865587923,0.0,6210411.0,0.0,41492.0,0.0,10569993,41922.0,0.0,-1909090.0,-0.23582567955110986,-2474649.0,-0.30574105312881084,41492.0,-2475079.0,-0.30574105312881084,0.0,-2475079.0,-0.30574105312881084,-0.13,-0.13,18335413,18335413,https://www.sec.gov/Archives/edgar/data/1487198/000155335018001336/0001553350-18-001336-index.html,https://www.sec.gov/Archives/edgar/data/1487198/000155335018001336/aspu_10q.htm
0,2018-07-31,ASPU,2018-09-10 00:00:00,2018-09-10 16:02:53,Q1,7221305.0,3752392.0,3468913.0,0.48037203801805906,0.0,5824132.0,0.0,56401.0,0.0,10074629,40353.0,0.0,-2298818.0,-0.31833830588792467,-2853324.0,-0.39290349874434055,56401.0,-2837276.0,-0.39290349874434055,0.0,-2837276.0,-0.39290349874434055,-0.15,-0.15,18317830,18317830,https://www.sec.gov/Archives/edgar/data/1487198/000155335018001026/0001553350-18-001026-index.html,https://www.sec.gov/Archives/edgar/data/1487198/000155335018001026/aspu_10q.htm
0,2018-04-30,ASPU,2018-07-13 00:00:00,2018-07-13 17:27:26,Q4,7225029.0,3571005.0,3654024.0,0.5057452364551063,0.0,5353495.0,0.0,61694.0,0.0,9384814.0,1566395.0,0.0,-1637777.0,-0.22668102785469788,-2159785.0,-0.5071932583246379,61694.0,-3664486.0,-0.5071932583246379,0.0,-3664486.0,-0.5071932583246379,0.0,0.0,0.0,0.0,https://www.sec.gov/Archives/edgar/data/1487198/000155335018000804/0001553350-18-000804-index.html,https://www.sec.gov/Archives/edgar/data/1487198/000155335018000804/aspu_10k.htm
0,2018-01-31,ASPU,2018-03-15 00:00:00,2018-03-15 16:03:28,Q3,5701958.0,2665664.0,3036294.0,0.5325002393914512,0.0,4677359.0,0.0,46179.0,0.0,7690917.0,257665.0,0.0,-1594885.0,-0.2797083037090066,-1988959.0,-0.37670305533643006,98679.0,-2147945.0,-0.37670305533643006,0.0,-2147945.0,-0.37670305533643006,-0.15,-0.15,14491634,14491634,https://www.sec.gov/Archives/edgar/data/1487198/000155335018000217/0001553350-18-000217-index.html,https://www.sec.gov/Archives/edgar/data/1487198/000155335018000217/aspu_10q.htm
0,2017-10-31,ASPU,2017-12-13 00:00:00,2017-12-13 16:18:22,Q2,4851639.0,1864659.0,2986980.0,0.6156641085620757,0.0,3166391.0,0.0,23111.0,0.0,5176405.0,179896.0,0.0,-156300.0,-0.032215917136456364,-324766.0,-0.09925532381943504,23111.0,-481551.0,-0.09925532381943504,0.0,-481551.0,-0.09925532381943504,-0.04,-0.04,13587535,13587535,https://www.sec.gov/Archives/edgar/data/1487198/000155335017001365/0001553350-17-001365-index.html,https://www.sec.gov/Archives/edgar/data/1487198/000155335017001365/aspu_10q.htm
0,2017-07-31,ASPU,2017-09-14 00:00:00,2017-09-14 16:03:03,Q1,4242886.0,1752491.0,2490395.0,0.5869577924082806,0.0,3131335.0,0.0,18778.0,0.0,5022546.0,6197.0,0.0,-622162.0,-0.14663651109174275,-779660.0,-0.18079180067529507,18778.0,-767079.0,-0.18079180067529507,0.0,-767079.0,-0.18079180067529507,-0.05643,-0.05643,13593492,13593492,https://www.sec.gov/Archives/edgar/data/1487198/000155335017001031/0001553350-17-001031-index.html,https://www.sec.gov/Archives/edgar/data/1487198/000155335017001031/aspu_10q.htm
0,2017-04-30,ASPU,2017-07-25 00:00:00,2017-07-25 16:31:24,Q4,4289229.0,1571176.0,2718053.0,0.6336926753036501,0.0,3157276.0,0.0,11289.0,0.0,4862400.0,161848.0,0.0,-427934.0,-0.09976944574421184,-573171.0,-0.1687319562560078,11289.0,-723730.0,-0.1687319562560078,0.0,-723730.0,-0.1687319562560078,0.0,0.0,0.0,0.0,https://www.sec.gov/Archives/edgar/data/1487198/000155335017000878/0001553350-17-000878-index.html,https://www.sec.gov/Archives/edgar/data/1487198/000155335017000878/aspu_10k.htm
0,2017-01-31,ASPU,2017-03-09 00:00:00,2017-03-09 16:02:38,Q3,3735626.0,1359131.0,2376495.0,0.6361704838760626,0.0,2158074.0,0.0,1684.0,0.0,3649932.0,80001.0,0.0,220105.0,0.058920512920726004,85694.0,0.0019747694228490755,1684.0,7377.0,0.0019747694228490755,0.0,7377.0,0.0019747694228490755,0.000642,0.000642,11484012,11484012,https://www.sec.gov/Archives/edgar/data/1487198/000155335017000248/0001553350-17-000248-index.html,https://www.sec.gov/Archives/edgar/data/1487198/000155335017000248/aspu_10q.htm
0,2016-10-31,ASPU,2016-12-12 00:00:00,2016-12-12 16:05:51,Q2,3465026.0,1234856.0,2230170.0,0.6436228761342627,0.0,1919653.0,0.0,1307.0,0.0,3293514.0,56278.0,0.0,311825.0,0.08999210972731518,171512.0,0.03363351386107925,1307.0,116541.0,0.03363351386107925,0.0,116541.0,0.03363351386107925,0.010137,0.010137,11496466,11496466,https://www.sec.gov/Archives/edgar/data/1487198/000155335016002791/0001553350-16-002791-index.html,https://www.sec.gov/Archives/edgar/data/1487198/000155335016002791/aspu_10q.htm
0,2016-07-31,ASPU,2016-09-14 00:00:00,2016-09-14 16:02:34,Q1,2756815.0,896059.0,1860756.0,0.6749658573389945,0.0,2182078.0,0.0,57.0,0.0,3229186.0,33133.0,0.0,-321265.0,-0.1165348418374102,-472371.0,-0.18334454796567778,57.0,-505447.0,-0.18334454796567778,0.0,-505447.0,-0.18334454796567778,-0.044943,-0.044943,11246467,11246467,https://www.sec.gov/Archives/edgar/data/1487198/000155335016002470/0001553350-16-002470-index.html,https://www.sec.gov/Archives/edgar/data/1487198/000155335016002470/aspu_10q.htm
0,2016-04-30,ASPU,2016-07-27,2016-07-27 16:46:19,Q4,2670616.0,949592.0,1721024.0,0.6444295997627514,0.0,1656755.0,0.0,1908.0,0.0,2761336.0,19802.0,0.0,66177.0,0.024779676299400588,-90720.0,-0.0406700177037807,1908.0,-108614.0,-0.0406700177037807,0.0,-108614.0,-0.0406700177037807,0.0,0.0,0.0,0.0,https://www.sec.gov/Archives/edgar/data/1487198/000155335016002268/aspu_10k.htm,https://www.sec.gov/Archives/edgar/data/1487198/000155335016002268/aspu_10k.htm
0,2016-01-31,ASPU,2016-03-09 00:00:00,2016-03-09 16:03:38,Q3,2164031.0,995526.0,1168505.0,0.5399668489037357,0.0,1659133.0,0.0,1414.0,0.0,2806256.0,34153.0,0.0,-489214.0,-0.22606607761164235,-642225.0,-0.31190126204291896,1414.0,-674964.0,-0.31190126204291896,0.0,-674964.0,-0.31190126204291896,-0.063124,-0.063124,10692590,10692590,https://www.sec.gov/Archives/edgar/data/1487198/000155335016001682/0001553350-16-001682-index.html,https://www.sec.gov/Archives/edgar/data/1487198/000155335016001682/aspu_10q.htm
0,2015-10-31,ASPU,2015-12-02 00:00:00,2015-12-02 16:03:18,Q2,1913161.0,867801.0,1045360.0,0.5464046151892078,0.0,1610202.0,0.0,2930.0,0.0,2626261.0,34250.0,0.0,-561912.0,-0.2937086842142402,-713100.0,-0.3891047329524279,2930.0,-744420.0,-0.3891047329524279,0.0,-744420.0,-0.3891047329524279,-0.069606,-0.069606,10694702,10694702,https://www.sec.gov/Archives/edgar/data/1487198/000155335015001310/0001553350-15-001310-index.html,https://www.sec.gov/Archives/edgar/data/1487198/000155335015001310/aspu_10q.htm
0,2015-07-31,ASPU,2015-09-10 00:00:00,2015-09-10 16:03:10,Q1,1705861.0,774109.0,931752.0,0.5462062852717777,0.0,1477617.0,0.0,3733.0,0.0,2395185.0,33115.0,0.0,-542132.0,-0.3178054952894755,-689324.0,-0.4213156875032608,3733.0,-718706.0,-0.4213156875032608,0.0,-718706.0,-0.4213156875032608,-0.067228,-0.067228,10690535,10690535,https://www.sec.gov/Archives/edgar/data/1487198/000155335015000962/0001553350-15-000962-index.html,https://www.sec.gov/Archives/edgar/data/1487198/000155335015000962/aspu_10q.htm
0,2015-04-30,ASPU,2015-07-28 00:00:00,2015-07-28 16:03:36,Q4,1555516.0,651537.0,903979.0,0.5811441348079994,0.0,1763285.0,0.0,2039.0,0.0,2553612.0,32500.0,0.0,-857267.0,-0.5511142283332348,-998096.0,-0.6612320284715811,2039.0,-1028557.0,-0.6612320284715811,0.0,-1028557.0,-0.6612320284715811,0.0,0.0,0.0,0.0,https://www.sec.gov/Archives/edgar/data/1487198/000155335015000775/0001553350-15-000775-index.html,https://www.sec.gov/Archives/edgar/data/1487198/000155335015000775/aspu_10k.htm
0,2015-01-31,ASPU,2015-03-11,2015-03-11 16:06:36,Q3,1286138.0,662368.0,623770.0,0.48499461177571923,0.0,1701871.0,0.0,2277.0,0.0,2498205.0,34532.0,0.0,-1075824.0,-0.8364763345768494,-1212067.0,-0.9674871592317466,2277.0,-1244322.0,-0.9674871592317466,0.0,-1244322.0,-0.9674871592317466,-0.132026,-0.132026,9424808.0,9424808.0,https://www.sec.gov/Archives/edgar/data/1487198/000155335015000217/aspu_10q.htm,https://www.sec.gov/Archives/edgar/data/1487198/000155335015000217/aspu_10q.htm
0,2014-10-31,ASPU,2014-12-01 00:00:00,2014-12-01 16:31:12,Q2,1214247.0,413326.0,800921.0,0.6596030296965939,0.0,1259105.0,0.0,3209.0,0.0,1802564.0,93750.0,0.0,-454975.0,-0.3746972403473099,-588317.0,-0.9317387648476793,-449294.0,-1131361.0,-0.9317387648476793,0.0,-1131361.0,-0.9317387648476793,-0.120828,-0.120828,9363405.0,9363405.0,https://www.sec.gov/Archives/edgar/data/1487198/000155335014001449/0001553350-14-001449-index.html,https://www.sec.gov/Archives/edgar/data/1487198/000155335014001449/aspu_10q.htm
0,2014-07-31,ASPU,2014-09-15 00:00:00,2014-09-15 16:03:34,Q1,1169860.0,449098.0,720762.0,0.6161096199545245,0.0,1200216.0,0.0,0.0,0.0,1774921.0,260871.0,0.0,-477783.0,-0.4084104080830185,-605061.0,-0.7387730155745131,0.0,-864261.0,-0.7387730155745131,0.0,-864261.0,-0.7387730155745131,-0.11785,-0.11785,7333555.0,7333555.0,https://www.sec.gov/Archives/edgar/data/1487198/000155335014001094/0001553350-14-001094-index.html,https://www.sec.gov/Archives/edgar/data/1487198/000155335014001094/aspu_10q.htm
0,2014-04-30,ASPU,2014-07-29 00:00:00,2014-07-29 16:32:38,Q4,1164225.0,301165.0,863060.0,0.7413171852519916,0.0,1601886.0,0.0,0.0,0.0,2026813.0,261081.0,0.0,-737920.0,-0.6338293714702914,-862588.0,-0.9643866091176534,0.0,-1122763.0,-0.9643866091176534,0.0,-1122763.0,-0.9643866091176534,0.0,0.0,0.0,0.0,https://www.sec.gov/Archives/edgar/data/1487198/000155335014000845/0001553350-14-000845-index.html,https://www.sec.gov/Archives/edgar/data/1487198/000155335014000845/aspu_10k.htm
0,2014-01-31,ASPU,2014-03-17,2014-03-17 16:02:51,Q3,1002167.0,555625.0,446542.0,0.44557643586348383,0.0,1697403.0,0.0,0.0,0.0,2498579.0,260062.0,0.0,-1374372.0,-1.3714001758190002,-1496412.0,-1.75254024528846,0.0,-1756338.0,-1.75254024528846,0.0,-1726587.0,-1.7228535763001576,-0.298258,-0.298258,5788902.0,5788902.0,https://www.sec.gov/Archives/edgar/data/1487198/000155335014000249/aspu_10q.htm,https://www.sec.gov/Archives/edgar/data/1487198/000155335014000249/aspu_10q.htm
0,2013-10-31,ASPU,2013-12-13 00:00:00,2013-12-13 16:57:04,Q2,885338.0,494304.0,391034.0,0.4416776417594184,0.0,1577086.0,0.0,0.0,0.0,2191041.0,122695.0,0.0,-1185726.0,-1.3392918862626477,-1305703.0,-1.6130246301412567,0.0,-1428072.0,-1.6130246301412567,0.0,-1395422.0,-1.5761460594710721,-0.282903,-0.282903,4932510.0,4932510.0,https://www.sec.gov/Archives/edgar/data/1487198/000155335013001011/0001553350-13-001011-index.html,https://www.sec.gov/Archives/edgar/data/1487198/000155335013001011/aspu_10q.htm
0,2013-07-31,ASPU,2013-09-16 00:00:00,2013-09-16 16:19:49,Q1,929993.0,559470.0,370523.0,0.39841482677826606,0.0,1373056.0,0.0,0.0,0.0,2041961.0,16160.0,0.0,-1002244.0,-1.077689832074005,-1111968.0,-1.2127392356716664,0.0,-1127839.0,-1.2127392356716664,0.0,-1105576.0,-1.1888003458090546,-0.224141,-0.224141,4932510.0,4932510.0,https://www.sec.gov/Archives/edgar/data/1487198/000155335013000670/0001553350-13-000670-index.html,https://www.sec.gov/Archives/edgar/data/1487198/000155335013000670/aspu_10q.htm
0,2013-04-30,ASPU,2013-05-10 00:00:00,2013-05-10 17:25:59,Q4,336762000,749930000,-413168000,-1.2268842684150825,0.0,453539000,-310491000,847906000,1052247000,1446107000,0.0,38912000,-415199000,-1.232915,-359415000,-1.0672670907050084,0.0,-360848000,-1.0715223214020584,0.0,-454111000,-1.3484627125388255,-0.00816,-0.00816,55671814000,55671814000,https://www.sec.gov/Archives/edgar/data/1487198/000135448813002609/0001354488-13-002609-index.html,https://www.sec.gov/Archives/edgar/data/1487198/000135448813002609/aspu_10q.htm
0,2013-03-31,ASPU,2013-05-10 00:00:00,2013-05-10 17:25:59,Q4,892334.0,235713.0,656621.0,0.7358466672792923,0.0,1527764.0,310491.0,66267.0,0.0,1883834.0,5217.0,0.0,-804633.0,-0.901717294197016,-991500.0,-1.0424426279845886,66267.0,-930207.0,-1.0424426279845886,0.0,-948871.0,-1.063358563049262,-0.200969,-0.200969,4721481.0,4721481.0,https://www.sec.gov/Archives/edgar/data/1487198/000135448813002609/0001354488-13-002609-index.html,https://www.sec.gov/Archives/edgar/data/1487198/000135448813002609/aspu_10q.htm
0,2012-12-31,ASPU,2013-03-18 00:00:00,2013-03-18 16:05:16,Q3,998922.0,2926837.0,-1927915.0,-1.9299955351869316,0.0,-1705344.0,265314.0,0.0,0.0,1832056.0,4934.0,0.0,-721176.0,-0.721954266699502,-833134.0,-0.8352584085644325,0.0,-834358.0,-0.8352584085644325,0.0,-834358.0,-0.8352584085644325,0.0,0.0,0.0,0.0,https://www.sec.gov/Archives/edgar/data/1487198/000135448813001292/0001354488-13-001292-index.html,https://www.sec.gov/Archives/edgar/data/1487198/000135448813001292/aspu_10k.htm
0,2012-09-30,ASPU,2012-11-21 00:00:00,2012-11-21 16:02:00,Q2,1253190.0,0.0,1253190.0,1.0,0.0,2642344.0,299401.0,0.0,0.0,2746082.0,229237.0,0.0,-1389001.0,-1.1083722340586823,-1492892.0,-1.374074162736696,0.0,-1721976.0,-1.374074162736696,0.0,-1721976.0,-1.374074162736696,-0.600002,-0.600002,2973983.0,2973983.0,https://www.sec.gov/Archives/edgar/data/1487198/000135448812006143/0001354488-12-006143-index.html,https://www.sec.gov/Archives/edgar/data/1487198/000135448812006143/aspu_10q.htm
0,2012-06-30,ASPU,2012-08-20 00:00:00,2012-08-20 16:57:03,Q1,1407282.0,0.0,1407282.0,1.0,0.0,2848126.0,446652.0,0.0,0.0,2944314.0,127687.0,0.0,-1440759.0,-1.0237884091461413,-1537032.0,-1.1828716632487306,0.0,-1664634.0,-1.1828716632487306,0.0,-1664634.0,-1.1828716632487306,-0.600002,-0.600002,2940755.0,2940755.0,https://www.sec.gov/Archives/edgar/data/1487198/000135448812004436/0001354488-12-004436-index.html,https://www.sec.gov/Archives/edgar/data/1487198/000135448812004436/aspu_10q.htm
0,2012-03-31,ASPU,2012-05-15,2012-05-15 16:11:54,Q4,1357819.0,0.0,1357819.0,1.0,0.0,2897783.0,482565.0,0.0,0.0,2987532.0,3031.0,0.0,-1539320.0,-1.133670982656746,-1629713.0,-1.1976714127582542,5879.0,-1626221.0,-1.1976714127582542,0.0,-1626221.0,-1.1976714127582542,-0.56593,-0.56593,2939588.0,2939588.0,https://www.sec.gov/Archives/edgar/data/1487198/000135448812002906/elit_10k.htm,https://www.sec.gov/Archives/edgar/data/1487198/000135448812002906/elit_10k.htm
0,2012-02-29,ASPU,2012-05-24,2012-05-24 16:07:51,Q4,0.0,0.0,0.0,0.0,0.0,7275.0,0.0,0.0,0.0,7275.0,466.0,0.0,-7275.0,0.0,-7275.0,0.0,0.0,-7741.0,0.0,-9654.0,1913.0,0.0,0.0,0.0,0.0,0.0,https://www.sec.gov/Archives/edgar/data/1487198/000135448812002906/0001354488-12-002906-index.htm,https://www.sec.gov/Archives/edgar/data/1487198/000135448812002906/elit_10k.htm
0,2011-11-30,ASPU,2012-01-13 00:00:00,2012-01-13 11:43:46,Q3,0.0,0.0,0.0,0.0,0.0,10064.0,0.0,0.0,300.0,10364.0,178.0,0.0,-10064.0,0.0,-10364.0,0.0,0.0,-10242.0,0.0,-1631.0,-8611.0,0.0,0.0,0.0,4079983.0,4079983.0,https://www.sec.gov/Archives/edgar/data/1487198/000114420412002224/0001144204-12-002224-index.html,https://www.sec.gov/Archives/edgar/data/1487198/000114420412002224/v244895_10q.htm
0,2011-08-31,ASPU,2011-10-11 00:00:00,2011-10-11 14:59:55,Q2,0.0,0.0,0.0,0.0,0.0,2150.0,0.0,0.0,0.0,2150.0,0.0,0.0,-2150.0,0.0,-2150.0,0.0,0.0,-2150.0,0.0,0.0,-2150.0,0.0,0.0,0.0,4079983.0,4079983.0,https://www.sec.gov/Archives/edgar/data/1487198/000114420411057287/0001144204-11-057287-index.html,https://www.sec.gov/Archives/edgar/data/1487198/000114420411057287/v236955_10q.htm
