,date,symbol,fillingDate,acceptedDate,period,revenue,costOfRevenue,grossProfit,grossProfitRatio,researchAndDevelopmentExpenses,generalAndAdministrativeExpenses,sellingAndMarketingExpenses,otherExpenses,operatingExpenses,costAndExpenses,interestExpense,depreciationAndAmortization,ebitda,ebitdaratio,operatingIncome,operatingIncomeRatio,totalOtherIncomeExpensesNet,incomeBeforeTax,incomeBeforeTaxRatio,incomeTaxExpense,netIncome,netIncomeRatio,eps,epsdiluted,weightedAverageShsOut,weightedAverageShsOutDil,link,finalLink
0,2020-09-30,CL,2020-10-30,2020-10-30 08:31:40,Q3,4153000000,1613000000,2540000000,0.6116060679027209,0.0,1518000000,0.0,4000000.0,1518000000,3131000000,-36000000,134000000,1101000000,0.2651095593546834,967000000,0.23284372742595713,4000000.0,967000000,0.23284372742595713,222000000,745000000,0.17938839393209727,2.39,2.39,858900000,858900000,https://www.sec.gov/Archives/edgar/data/21665/000002166520000026/0000021665-20-000026-index.htm,https://www.sec.gov/Archives/edgar/data/21665/000002166520000026/cl-20200930.htm
0,2020-06-30,CL,2020-07-31,2020-07-31 08:40:19,Q2,3897000000,1528000000,2369000000,0.6079035155247626,0.0,1395000000,0.0,28000000,1423000000,2951000000,-35000000,133000000,949000000,0.243521,946000000,0.242751,-20000000,891000000,0.228637,216000000,635000000,0.162946,0.73932,0.73932,858900000,858900000,https://www.sec.gov/Archives/edgar/data/21665/000002166520000023/0000021665-20-000023-index.htm,https://www.sec.gov/Archives/edgar/data/21665/000002166520000023/cl-20200630.htm
0,2020-03-31,CL,2020-05-01 00:00:00,2020-05-01 07:40:17,Q1,4097000000,1632000000,2465000000,0.60166,0.0,1473000000,0.0,40000000,1513000000,3145000000,-36000000,133000000,959000000,0.234074,952000000,0.232365,-21000000,895000000,0.218453,147000000,715000000,0.174518,0.83295,0.83295,858400000,858400000,https://www.sec.gov/Archives/edgar/data/21665/000002166520000007/0000021665-20-000007-index.html,https://www.sec.gov/Archives/edgar/data/21665/000002166520000007/cl-3312020x10q.htm
0,2019-12-31,CL,2020-02-21 00:00:00,2020-02-21 16:53:42,Q4,4015000000,1602000000,2413000000,0.600996,0.0,1394000000,0.0,57000000,1485000000,3087000000,-32000000,133000000,932000000,0.23213,928000000,0.231133,-26000000,870000000,0.216687,188000000,643000000,0.160149,0.75012,0.75012,857200000,857200000,https://www.sec.gov/Archives/edgar/data/21665/000002166520000004/0000021665-20-000004-index.html,https://www.sec.gov/Archives/edgar/data/21665/000002166520000004/cl-12312019x10k.htm
0,2019-09-30,CL,2019-11-01 00:00:00,2019-11-01 09:24:29,Q3,3928000000,1611000000,2317000000,0.589868,0.0,1401000000,0.0,34000000,1462000000,3073000000,-35000000,130000000,840000000,0.213849,855000000,0.217668,-26000000,794000000,0.202138,167000000,578000000,0.147149,0.67116,0.67116,861200000,861200000,https://www.sec.gov/Archives/edgar/data/21665/000002166519000022/0000021665-19-000022-index.html,https://www.sec.gov/Archives/edgar/data/21665/000002166519000022/cl-9302019x10q.htm
0,2019-06-30,CL,2019-07-26 00:00:00,2019-07-26 09:20:56,Q2,3866000000,1561000000,2305000000,0.596223,0.0,1359000000,0.0,18000000,1419000000,2980000000,-38000000,128000000,881000000,0.227884,886000000,0.229177,-25000000,823000000,0.212882,205000000,586000000,0.151578,0.67989,0.67989,861900000,861900000,https://www.sec.gov/Archives/edgar/data/21665/000002166519000020/0000021665-19-000020-index.html,https://www.sec.gov/Archives/edgar/data/21665/000002166519000020/cl-6302019x10q.htm
0,2019-03-31,CL,2019-04-26 00:00:00,2019-04-26 10:00:14,Q1,3884000000,1586000000,2298000000,0.591658,0.0,1361000000,0.0,30000000,1420000000,3006000000,-40000000,128000000,862000000,0.221936,878000000,0.226056,-24000000,814000000,0.209578,214000000,560000000,0.144181,0.64875,0.64875,863200000,863200000,https://www.sec.gov/Archives/edgar/data/21665/000002166519000007/0000021665-19-000007-index.html,https://www.sec.gov/Archives/edgar/data/21665/000002166519000007/cl-3312019x10q.htm
0,2018-12-31,CL,2019-02-21 00:00:00,2019-02-21 16:13:44,Q4,3811000000,1546000000,2265000000,0.594332,0.0,1319000000,0.0,10000000,1375000000,2921000000,-37000000,126000000,804000000,0.210968,890000000,0.233535,-21000000,832000000,0.218315,109000000,606000000,0.159013,0.69896,0.69896,867000000,867000000,https://www.sec.gov/Archives/edgar/data/21665/000002166519000003/0000021665-19-000003-index.html,https://www.sec.gov/Archives/edgar/data/21665/000002166519000003/cl-12312018x10k.htm
0,2018-09-30,CL,2018-10-26 00:00:00,2018-10-26 09:02:55,Q3,3845000000,1568000000,2277000000,0.592198,0.0,1360000000,0.0,18000000,1404000000,2972000000,-36000000,127000000,872000000,0.226788,873000000,0.227048,-17000000,820000000,0.213264,258000000,523000000,0.136021,0.60039,0.60039,871100000,871100000,https://www.sec.gov/Archives/edgar/data/21665/000002166518000018/0000021665-18-000018-index.html,https://www.sec.gov/Archives/edgar/data/21665/000002166518000018/cl-9302018x10q.htm
0,2018-06-30,CL,2018-07-27 00:00:00,2018-07-27 09:04:45,Q2,3886000000,1580000000,2306000000,0.593412,0.0,1290000000,0.0,12000000,1363000000,2943000000,-35000000,129000000,944000000,0.242923,943000000,0.242666,-20000000,888000000,0.228513,213000000,637000000,0.163922,0.72883,0.72883,874000000,874000000,https://www.sec.gov/Archives/edgar/data/21665/000002166518000015/0000021665-18-000015-index.html,https://www.sec.gov/Archives/edgar/data/21665/000002166518000015/cl-6302018x10q.htm
0,2018-03-31,CL,2018-04-27 00:00:00,2018-04-27 09:03:09,Q1,4002000000,1588000000,2414000000,0.603198,0.0,1387000000,0.0,20000000,1435000000,3023000000,-35000000,129000000,974000000,0.243378,979000000,0.244628,-20000000,924000000,0.230885,246000000,634000000,0.158421,0.72054,0.72054,879900000,879900000,https://www.sec.gov/Archives/edgar/data/21665/000002166518000008/0000021665-18-000008-index.html,https://www.sec.gov/Archives/edgar/data/21665/000002166518000008/cl-3312018x10q.htm
0,2017-12-31,CL,2018-02-15 00:00:00,2018-02-15 14:33:07,Q4,3892000000,1540000000,2352000000,0.604317,0.0,1319000000,0.0,-7000000.0,1399000000,2939000000,-28000000,121000000,684000000,0.175745,953000000,0.244861,-29000000,896000000,0.230216,268000000,323000000,0.082991,0.36567,0.36567,883300000,883300000,https://www.sec.gov/Archives/edgar/data/21665/000002166518000003/0000021665-18-000003-index.html,https://www.sec.gov/Archives/edgar/data/21665/000002166518000003/cl-12312017x10k.htm
0,2017-09-30,CL,2017-10-27 00:00:00,2017-10-27 08:58:13,Q3,3974000000,1575000000,2399000000,0.603674,0.0,1388000000,0.0,7000000.0,1453000000,3028000000,-27000000,128000000,958000000,0.241067,946000000,0.238047,-19000000,900000000,0.226472,250000000,607000000,0.152743,0.68487,0.68487,886300000,886300000,https://www.sec.gov/Archives/edgar/data/21665/000002166517000014/0000021665-17-000014-index.html,https://www.sec.gov/Archives/edgar/data/21665/000002166517000014/cl-9302017x10q.htm
0,2017-06-30,CL,2017-07-21 00:00:00,2017-07-21 08:56:35,Q2,3826000000,1505000000,2321000000,0.606639,0.0,1292000000,0.0,10000000,1444000000,2949000000,-24000000,117000000,886000000,0.231573,877000000,0.229221,-24000000,829000000,0.216675,269000000,524000000,0.136958,0.58824,0.58824,890800000,890800000,https://www.sec.gov/Archives/edgar/data/21665/000002166517000012/0000021665-17-000012-index.html,https://www.sec.gov/Archives/edgar/data/21665/000002166517000012/cl-6302017x10q.htm
0,2017-03-31,CL,2017-04-28 00:00:00,2017-04-28 09:13:03,Q1,3762000000,1479000000,2283000000,0.606858,0.0,1315000000,0.0,11000000,1372000000,2851000000,-23000000,109000000,907000000,0.241095,911000000,0.242158,-26000000,862000000,0.229133,251000000,570000000,0.151515,0.63973,0.63973,891000000,891000000,https://www.sec.gov/Archives/edgar/data/21665/000002166517000006/0000021665-17-000006-index.html,https://www.sec.gov/Archives/edgar/data/21665/000002166517000006/cl-3312017x10q.htm
0,2016-12-31,CL,2017-02-23 00:00:00,2017-02-23 16:08:16,Q4,3721000000,1459000000,2262000000,0.607901,0.0,1119000000,0.0,10000000,1189000000,2648000000,-21000000,114000000,1005000000,0.270089,1073000000,0.288363,-118000000,934000000,0.251008,306000000,606000000,0.162859,0.67861,0.67861,893000000,893000000,https://www.sec.gov/Archives/edgar/data/21665/000002166517000002/0000021665-17-000002-index.html,https://www.sec.gov/Archives/edgar/data/21665/000002166517000002/cl-12312016x10k.htm
0,2016-09-30,CL,2016-10-27 00:00:00,2016-10-27 09:07:13,Q3,3867000000,1532000000,2335000000,0.603827,0.0,1313000000,0.0,-91000000,1264000000,2796000000,-25000000,114000000,1091000000,0.282131,1071000000,0.276959,-91000000,1046000000,0.270494,300000000,702000000,0.181536,0.78069,0.78069,899200000,899200000,https://www.sec.gov/Archives/edgar/data/21665/000002166516000003/0000021665-16-000003-index.html,https://www.sec.gov/Archives/edgar/data/21665/000002166516000003/cl-9302016x10q.htm
0,2016-06-30,CL,2016-07-28 00:00:00,2016-07-28 09:09:16,Q2,3845000000,1529000000,2316000000,0.602341,0.0,1306000000,0.0,7000000.0,1372000000,2901000000,-25000000,109000000,965000000,0.250975,944000000,0.245514,7000000.0,919000000,0.239012,281000000,600000000,0.156047,0.66585,0.66585,901100000,901100000,https://www.sec.gov/Archives/edgar/data/21665/000162828016017856/0001628280-16-017856-index.html,https://www.sec.gov/Archives/edgar/data/21665/000162828016017856/cl-6302016x10q.htm
0,2016-03-31,CL,2016-04-28 00:00:00,2016-04-28 09:33:24,Q1,3762000000,1506000000,2256000000,0.599681,0.0,1328000000,0.0,6000000.0,1389000000,2895000000,-28000000,106000000,876000000,0.232855,867000000,0.230463,6000000.0,839000000,0.22302,265000000,533000000,0.14168,0.59209,0.59209,900200000,900200000,https://www.sec.gov/Archives/edgar/data/21665/000162828016014877/0001628280-16-014877-index.html,https://www.sec.gov/Archives/edgar/data/21665/000162828016014877/cl-3312016x10q.htm
0,2015-12-31,CL,2016-02-18 00:00:00,2016-02-18 09:07:35,Q4,3899000000,1597000000,2302000000,0.590408,0.0,1266000000,0.0,35000000,2441000000,4038000000,-7000000.0,112000000,-78000000,-0.020005,-139000000,-0.03565,35000000,-146000000,-0.037445,275000000,-458000000,-0.117466,-0.51088,-0.51088,896500000,896500000,https://www.sec.gov/Archives/edgar/data/21665/000162828016011343/0001628280-16-011343-index.html,https://www.sec.gov/Archives/edgar/data/21665/000162828016011343/cl-12312015x10k.htm
0,2015-09-30,CL,2015-10-30 00:00:00,2015-10-30 08:32:05,Q3,3999000000,1649000000,2350000000,0.587647,0.0,1332000000,0.0,-164000000,1214000000,2863000000,-5000000.0,112000000,1194000000,0.298575,1136000000,0.284071,-164000000,1131000000,0.282821,361000000,726000000,0.181545,0.80053,0.80053,906900000,906900000,https://www.sec.gov/Archives/edgar/data/21665/000162828015008062/0001628280-15-008062-index.html,https://www.sec.gov/Archives/edgar/data/21665/000162828015008062/cl-9302015x10q.htm
0,2015-06-30,CL,2015-07-30 00:00:00,2015-07-30 09:12:10,Q2,4066000000,1695000000,2371000000,0.583128,0.0,1370000000,0.0,17000000,1439000000,3134000000,-6000000.0,111000000,989000000,0.243237,932000000,0.229218,17000000,926000000,0.227742,310000000,574000000,0.141171,0.62911,0.62911,912400000,912400000,https://www.sec.gov/Archives/edgar/data/21665/000162828015005578/0001628280-15-005578-index.html,https://www.sec.gov/Archives/edgar/data/21665/000162828015005578/cl-6302015x10q.htm
0,2015-03-31,CL,2015-04-30 00:00:00,2015-04-30 12:54:59,Q1,4070000000,1674000000,2396000000,0.588698,0.0,1432000000,0.0,4000000.0,1536000000,3210000000,-8000000.0,114000000,917000000,0.225307,860000000,0.211302,4000000.0,852000000,0.209337,269000000,542000000,0.13317,0.59151,0.59151,916300000,916300000,https://www.sec.gov/Archives/edgar/data/21665/000162828015003104/0001628280-15-003104-index.html,https://www.sec.gov/Archives/edgar/data/21665/000162828015003104/cl-3312015x10q.htm
0,2014-12-31,CL,2015-02-19,2015-02-19 14:54:41,Q4,4221000000,1740000000,2481000000,0.587775,0.0,1414000000,0.0,17000000,1486000000,3226000000,-4000000.0,113000000,1062000000,0.251599,995000000,0.235726,17000000,991000000,0.234778,325000000,628000000,0.14878,0.68253,0.68253,920100000,920100000,https://www.sec.gov/Archives/edgar/data/21665/000162828015000846/cl-12312014x10k.htm,https://www.sec.gov/Archives/edgar/data/21665/000162828015000846/cl-12312014x10k.htm
0,2014-09-30,CL,2014-10-24 00:00:00,2014-10-24 09:03:04,Q3,4379000000,1814000000,2565000000,0.58575,0.0,1484000000,0.0,78000000,1617000000,3431000000,-4000000.0,114000000,1016000000,0.232016,948000000,0.216488,78000000,944000000,0.215574,364000000,542000000,0.123773,0.58734,0.58734,922800000,922800000,https://www.sec.gov/Archives/edgar/data/21665/000154554714000019/0001545547-14-000019-index.html,https://www.sec.gov/Archives/edgar/data/21665/000154554714000019/cl-9302014x10q.htm
0,2014-06-30,CL,2014-07-31 00:00:00,2014-07-31 08:59:40,Q2,4352000000,1794000000,2558000000,0.587776,0.0,1495000000,0.0,9000000.0,1578000000,3372000000,-9000000.0,107000000,1030000000,0.236673,980000000,0.225184,9000000.0,971000000,0.223116,310000000,622000000,0.142923,0.67178,0.67178,925900000,925900000,https://www.sec.gov/Archives/edgar/data/21665/000154554714000016/0001545547-14-000016-index.html,https://www.sec.gov/Archives/edgar/data/21665/000154554714000016/cl-6302014x10q.htm
0,2014-03-31,CL,2014-04-25 00:00:00,2014-04-25 08:38:38,Q1,4325000000,1791000000,2534000000,0.585896,0.0,1527000000,0.0,271000000,1900000000,3691000000,-7000000.0,108000000,684000000,0.15815,634000000,0.14659,271000000,627000000,0.144971,195000000,388000000,0.089711,0.41783,0.41783,928600000,928600000,https://www.sec.gov/Archives/edgar/data/21665/000154554714000007/0001545547-14-000007-index.html,https://www.sec.gov/Archives/edgar/data/21665/000154554714000007/cl-3312014x10q.htm
0,2013-12-31,CL,2014-02-20,2014-02-20 16:21:46,Q4,4361000000,1788000000,2573000000,0.590002,0.0,1506000000,0.0,2000000.0,1681000000,3469000000,1000000.0,110000000,967000000,0.221738,892000000,0.20454,2000000.0,893000000,0.20477,292000000,564000000,0.129328,0.60295,0.60295,935400000,935400000,https://www.sec.gov/Archives/edgar/data/21665/000154554714000003/cl-12312013x10k.htm,https://www.sec.gov/Archives/edgar/data/21665/000154554714000003/cl-12312013x10k.htm
0,2013-09-30,CL,2013-10-24 00:00:00,2013-10-24 09:12:11,Q3,4398000000,1805000000,2593000000,0.589586,0.0,1540000000,0.0,7000000.0,1577000000,3382000000,0.0,108000000,1081000000,0.245794,1016000000,0.231014,7000000.0,1016000000,0.231014,317000000,656000000,0.149159,0.70018,0.70018,936900000,936900000,https://www.sec.gov/Archives/edgar/data/21665/000144530513002474/0001445305-13-002474-index.html,https://www.sec.gov/Archives/edgar/data/21665/000144530513002474/cl-9302013x10q.htm
0,2013-06-30,CL,2013-07-25 00:00:00,2013-07-25 09:00:24,Q2,4346000000,1802000000,2544000000,0.585366,0.0,1512000000,0.0,24000000,1638000000,3440000000,5000000.0,111000000,984000000,0.226415,906000000,0.208468,24000000,911000000,0.209618,307000000,561000000,0.129084,0.59535,0.59535,942300000,942300000,https://www.sec.gov/Archives/edgar/data/21665/000144530513001692/0001445305-13-001692-index.html,https://www.sec.gov/Archives/edgar/data/21665/000144530513001692/cl-6302013x10q.htm
0,2013-03-31,CL,2013-04-25 00:00:00,2013-04-25 14:22:28,Q1,4315000000,1792000000,2523000000,0.584705,0.0,1528000000,0.0,187000000,1781000000,3573000000,3000000.0,110000000,812000000,0.188181,742000000,0.171958,187000000,745000000,0.172654,239000000,460000000,0.106605,0.48677,0.48677,945000000,945000000,https://www.sec.gov/Archives/edgar/data/21665/000144530513000904/0001445305-13-000904-index.html,https://www.sec.gov/Archives/edgar/data/21665/000144530513000904/cl-3312013x10q.htm
0,2012-12-31,CL,2013-02-21 00:00:00,2013-02-21 15:51:04,Q4,4286000000,1781000000,2505000000,0.584461,0.0,1487000000,0.0,76000000,1563000000,3344000000,5000000.0,108000000,1022000000,0.238451,942000000,0.219785,76000000,947000000,0.220952,311000000,598000000,0.139524,0.62815,0.62815,952000000,952000000,https://www.sec.gov/Archives/edgar/data/21665/000144530513000275/0001445305-13-000275-index.html,https://www.sec.gov/Archives/edgar/data/21665/000144530513000275/cl-12312012x10k.htm
0,2012-09-30,CL,2012-10-25 00:00:00,2012-10-25 13:53:30,Q3,4332000000,1803000000,2529000000,0.583795,0.0,1499000000,0.0,1000000.0,1502000000,3305000000,-4000000.0,106000000,1082000000,0.249769,1027000000,0.237073,1000000.0,1023000000,0.23615,326000000,654000000,0.15097,0.68239,0.68239,958400000,958400000,https://www.sec.gov/Archives/edgar/data/21665/000154554712000017/0001545547-12-000017-index.html,https://www.sec.gov/Archives/edgar/data/21665/000154554712000017/cl-9302012x10q.htm
0,2012-06-30,CL,2012-07-26 00:00:00,2012-07-26 14:01:25,Q2,4267000000,1806000000,2461000000,0.576752,0.0,1459000000,0.0,9000000.0,1479000000,3285000000,-6000000.0,105000000,1037000000,0.243028,982000000,0.230138,9000000.0,976000000,0.228732,311000000,627000000,0.146942,0.65136,0.65136,962600000,962600000,https://www.sec.gov/Archives/edgar/data/21665/000154554712000014/0001545547-12-000014-index.html,https://www.sec.gov/Archives/edgar/data/21665/000154554712000014/cl-6302012x10q.htm
0,2012-03-31,CL,2012-04-26,2012-04-26 13:24:09,Q1,4200000000,1763000000,2437000000,0.580238,0.0,1471000000,0.0,17000000,1499000000,3262000000,-10000000,106000000,984000000,0.234286,938000000,0.223333,17000000,928000000,0.220952,295000000,593000000,0.14119,0.61273,0.61273,967800000,967800000,https://www.sec.gov/Archives/edgar/data/21665/000144530512000409/cl-12312011x10k.htm,https://www.sec.gov/Archives/edgar/data/21665/000144530512000409/cl-12312011x10k.htm
0,2011-12-31,CL,2012-02-23 00:00:00,2012-02-23 12:25:08,Q4,4172000000,1779000000,2393000000,0.573586,0.0,1444000000,0.0,26000000,1470000000,3249000000,-15000000,106000000,964000000,0.231064,923000000,0.221237,26000000,908000000,0.217641,283000000,590000000,0.141419,0.60513,0.60513,975000000,975000000,https://www.sec.gov/Archives/edgar/data/21665/000144530512000409/0001445305-12-000409-index.html,https://www.sec.gov/Archives/edgar/data/21665/000144530512000409/cl-12312011x10k.htm
0,2011-09-30,CL,2011-10-27 00:00:00,2011-10-27 13:25:39,Q3,4383000000,1921000000,2462000000,0.561716,0.0,1484000000,0.0,3000000.0,1427000000,3348000000,-10000000,113000000,1095000000,0.249829,1035000000,0.23614,3000000.0,1025000000,0.233858,349000000,643000000,0.146703,0.65545,0.65545,981000000,981000000,https://www.sec.gov/Archives/edgar/data/21665/000144530511003083/0001445305-11-003083-index.html,https://www.sec.gov/Archives/edgar/data/21665/000144530511003083/cl-9302011x10q.htm
0,2011-06-30,CL,2011-07-28 00:00:00,2011-07-28 14:54:51,Q2,4185000000,1781000000,2404000000,0.574432,0.0,1421000000,0.0,15000000,1436000000,3217000000,-11000000,103000000,1025000000,0.244922,968000000,0.231302,15000000,957000000,0.228674,311000000,622000000,0.148626,0.63045,0.63045,986600000,986600000,https://www.sec.gov/Archives/edgar/data/21665/000114036111038328/0001140361-11-038328-index.html,https://www.sec.gov/Archives/edgar/data/21665/000114036111038328/form10q.htm
0,2011-03-31,CL,2011-04-28 00:00:00,2011-04-28 15:16:17,Q1,3994000000,1663000000,2331000000,0.583625,0.0,1404000000,0.0,12000000,1416000000,3079000000,-16000000,99000000,951000000,0.238107,915000000,0.229094,12000000,899000000,0.225088,292000000,576000000,0.144216,0.57994,0.57994,993200000,993200000,https://www.sec.gov/Archives/edgar/data/21665/000114036111023652/0001140361-11-023652-index.html,https://www.sec.gov/Archives/edgar/data/21665/000114036111023652/form10q.htm
0,2010-12-31,CL,2011-02-24,2011-02-24 15:10:51,Q4,3978000000,1628000000,2350000000,0.590749,0.0,1376000000,0.0,69000000,1445000000,3073000000,-16000000,98000000,944000000,0.237305,905000000,0.227501,69000000,889000000,0.223479,238000000,624000000,0.156863,0.62016,0.62016,1006200000,1006200000,https://www.sec.gov/Archives/edgar/data/21665/000114036111011883/form10k.htm,https://www.sec.gov/Archives/edgar/data/21665/000114036111011883/form10k.htm
0,2010-09-30,CL,2010-10-28 00:00:00,2010-10-28 15:04:25,Q3,3943000000,1599000000,2344000000,0.594471,0.0,1391000000,0.0,-5000000.0,1386000000,2985000000,-13000000,93000000,999000000,0.25336,958000000,0.242962,-5000000.0,945000000,0.239665,300000000,619000000,0.156987,0.60746,0.60746,1019000000,1019000000,https://www.sec.gov/Archives/edgar/data/21665/000114036110042509/0001140361-10-042509-index.html,https://www.sec.gov/Archives/edgar/data/21665/000114036110042509/form10q.htm
0,2010-06-30,CL,2010-07-29 00:00:00,2010-07-29 16:16:54,Q2,3814000000,1572000000,2242000000,0.587834,0.0,1292000000,0.0,2000000.0,1294000000,2866000000,-14000000,93000000,986000000,0.258521,948000000,0.248558,2000000.0,934000000,0.244887,304000000,603000000,0.158102,0.58578,0.58578,1029400000,1029400000,https://www.sec.gov/Archives/edgar/data/21665/000114036110030757/0001140361-10-030757-index.html,https://www.sec.gov/Archives/edgar/data/21665/000114036110030757/form10q.htm
0,2010-03-31,CL,2010-04-29 00:00:00,2010-04-29 14:19:15,Q1,3829000000,1561000000,2268000000,0.592322,0.0,1355000000,0.0,235000000,1590000000,3151000000,-16000000,92000000,708000000,0.184905,678000000,0.17707,235000000,662000000,0.172891,275000000,357000000,0.093236,0.34393,0.34393,1038000000,1038000000,https://www.sec.gov/Archives/edgar/data/21665/000114036110017963/0001140361-10-017963-index.html,https://www.sec.gov/Archives/edgar/data/21665/000114036110017963/form10q.htm
0,2009-12-31,CL,2010-02-25 00:00:00,2010-02-25 17:18:01,Q4,4081000000,1654000000,2427000000,0.594707,0.0,1397000000,0.0,39000000,1436000000,3090000000,-18000000,89000000,1019000000,0.249694,991000000,0.242833,39000000,973000000,0.238422,317000000,631000000,0.154619,0.6029,0.6029,1046600000,1046600000,https://www.sec.gov/Archives/edgar/data/21665/000114036110008522/0001140361-10-008522-index.html,https://www.sec.gov/Archives/edgar/data/21665/000114036110008522/form10k.htm
0,2009-09-30,CL,2009-10-29 00:00:00,2009-10-29 15:06:51,Q3,3998000000,1631000000,2367000000,0.592046,0.0,1403000000,0.0,38000000,1441000000,3072000000,-17000000,90000000,955000000,0.238869,926000000,0.231616,38000000,909000000,0.227364,292000000,590000000,0.147574,0.56233,0.56233,1049200000,1049200000,https://www.sec.gov/Archives/edgar/data/21665/000114036109024040/0001140361-09-024040-index.html,https://www.sec.gov/Archives/edgar/data/21665/000114036109024040/form10-q.htm
0,2009-06-30,CL,2009-07-30 00:00:00,2009-07-30 15:03:48,Q2,3745000000,1543800000,2201200000,0.58777,0.0,1295700000,0.0,18400000,1314100000,2857900000,-21000000,90000000,908400000,0.242563,887100000,0.236876,18400000,865600000,0.231135,277800000,561600000,0.14996,0.53496,0.53496,1049800000,1049800000,https://www.sec.gov/Archives/edgar/data/21665/000114036109017288/0001140361-09-017288-index.html,https://www.sec.gov/Archives/edgar/data/21665/000114036109017288/form10q.htm
0,2009-03-31,CL,2009-04-30 00:00:00,2009-04-30 16:27:20,Q1,3502800000,1490400000,2012400000,0.574512,0.0,1185700000,0.0,15300000,1201000000,2691400000,-21000000,82000000,822600000,0.234841,811400000,0.231643,15300000,790200000,0.225591,253700000,507900000,0.144998,0.48261,0.48261,1052400000,1052400000,https://www.sec.gov/Archives/edgar/data/21665/000119312509094469/0001193125-09-094469-index.html,https://www.sec.gov/Archives/edgar/data/21665/000119312509094469/d10q.htm
0,2008-12-31,CL,2009-02-27 00:00:00,2009-02-27 16:30:47,Q4,3664000000,1603000000,2061000000,0.5625,0.0,1209000000,0.0,36000000,1284000000,2887000000,-13000000,87000000,822000000,0.224345,777000000,0.212063,36000000,763000000,0.208242,251000000,497000000,0.135644,0.46896,0.46896,1059800000,1059800000,https://www.sec.gov/Archives/edgar/data/21665/000119312509041029/0001193125-09-041029-index.html,https://www.sec.gov/Archives/edgar/data/21665/000119312509041029/d10k.htm
0,2008-09-30,CL,2008-10-30 00:00:00,2008-10-30 16:15:08,Q3,3988000000,1741000000,2247000000,0.56344,0.0,1394000000,0.0,16000000,1456000000,3197000000,-23000000,88600000,811600000,0.203511,791000000,0.198345,16000000,768000000,0.192578,246000000,500000000,0.125376,0.4679,0.4679,1068600000,1068600000,https://www.sec.gov/Archives/edgar/data/21665/000119312508220286/0001193125-08-220286-index.html,https://www.sec.gov/Archives/edgar/data/21665/000119312508220286/d10q.htm
0,2008-06-30,CL,2008-07-29 00:00:00,2008-07-29 15:41:53,Q2,3964800000,1714000000,2250800000,0.567696,0.0,1402000000,0.0,21500000,1462400000,3176400000,-26000000,83800000.00000001,799400000,0.201624,788400000,0.19885,21500000,763000000,0.192444,247800000,493800000,0.124546,0.46012,0.46012,1073200000,1073200000,https://www.sec.gov/Archives/edgar/data/21665/000119312508160116/0001193125-08-160116-index.html,https://www.sec.gov/Archives/edgar/data/21665/000119312508160116/d10q.htm
0,2008-03-31,CL,2008-04-30 00:00:00,2008-04-30 15:42:37,Q1,3713000000,1587300000,2125700000,0.572502,0.0,1335700000,0.0,5900000.0,1380000000.0000002,2967300000,-33000000,88600000,745600000,0.200808,745700000,0.200835,5900000.0,712000000,0.191759,223500000,466500000,0.12564,0.43234,0.43234,1079000000,1079000000,https://www.sec.gov/Archives/edgar/data/21665/000119312508097148/0001193125-08-097148-index.html,https://www.sec.gov/Archives/edgar/data/21665/000119312508097148/d10q.htm
0,2007-12-31,CL,2008-02-28,2008-02-28 14:37:24,Q4,3642200000,1549000000,2093200000,0.574708,0.0,1285200000,0.0,26300000,1417600000,2966600000,-35000000,87600000,693200000,0.190325,675600000,0.185492,26300000,640600000,0.175883,225700000,414900000,0.113915,0.38261,0.38261,1084400000,1084400000,https://www.sec.gov/Archives/edgar/data/21665/000119312508041526/d10k.htm,https://www.sec.gov/Archives/edgar/data/21665/000119312508041526/d10k.htm
0,2007-09-30,CL,2007-10-30 00:00:00,2007-10-30 16:19:23,Q3,3528200000,1507200000,2021000000,0.572813,0.0,1265900000,0.0,35200000,1352200000,2859400000,-38000000,85300000.00000001,677600000,0.192053,668800000,0.189558,35200000,630300000,0.178646,210200000,420100000,0.119069,0.38726,0.38726,1084800000,1084800000,https://www.sec.gov/Archives/edgar/data/21665/000119312507229631/0001193125-07-229631-index.html,https://www.sec.gov/Archives/edgar/data/21665/000119312507229631/d10q.htm
0,2007-06-30,CL,2007-07-26 00:00:00,2007-07-26 13:25:39,Q2,3405400000,1462300000,1943100000,0.570594,0.0,1213700000,0.0,16400000,1285500000.0000002,2747800000,-41000000,80100000,656300000,0.192723,657600000,0.193105,16400000,617200000,0.181242,201400000,415800000,0.1221,0.38203,0.38203,1088400000,1088400000,https://www.sec.gov/Archives/edgar/data/21665/000119312507162747/0001193125-07-162747-index.html,https://www.sec.gov/Archives/edgar/data/21665/000119312507162747/d10q.htm
0,2007-03-31,CL,2007-04-26 00:00:00,2007-04-26 15:22:11,Q1,3213900000,1370000000,1843900000,0.573727,0.0,1159100000,0.0,-12200000,1192800000.0000002,2562800000,-42000000,81000000,647400000,0.201438,651100000,0.202589,-12200000,608400000,0.189303,121800000,486600000,0.151405,0.44479,0.44479,1094000000,1094000000,https://www.sec.gov/Archives/edgar/data/21665/000119312507091705/0001193125-07-091705-index.html,https://www.sec.gov/Archives/edgar/data/21665/000119312507091705/d10q.htm
0,2006-12-31,CL,2007-02-23,2007-02-23 14:08:28,Q4,3209100000,1393100000,1816000000,0.565891,0.0,1129500000,0.0,-23900000,1183300000.0000002,2576400000,-39000000,85199999.99999999,640000000,0.199433,632700000,0.197158,-23900000,593800000,0.185036,192600000,401200000,0.125019,0.36499,0.36499,1099200000,1099200000,https://www.sec.gov/Archives/edgar/data/21665/000119312507038190/d10k.htm,https://www.sec.gov/Archives/edgar/data/21665/000119312507038190/d10k.htm
0,2006-09-30,CL,2006-10-25,2006-10-25 13:59:49,Q3,3143700000,1368300000,1775400000,0.564749,0.0,1128800000,0.0,13200000,1226000000.0000002,2594300000,-41000000,81100000,548300000,0.174412,549400000,0.174762,13200000,508200000,0.161657,164100000,344100000,0.109457,0.31259,0.31259,1100800000,1100800000,https://www.sec.gov/Archives/edgar/data/21665/000119312506214534/d10q.htm,https://www.sec.gov/Archives/edgar/data/21665/000119312506214534/d10q.htm
0,2006-06-30,CL,2006-07-27,2006-07-27 16:58:41,Q2,3014300000,1323500000,1690800000,0.560926,0.0,1026400000,0.0,23800000,1229900000,2553400000,-41000000,82200000,460800000,0.152871,460900000,0.152904,23800000,419600000,0.139203,136000000,283600000,0.094085,0.25716,0.25716,1102800000,1102800000,https://www.sec.gov/Archives/edgar/data/21665/000119312506154959/d10q.htm,https://www.sec.gov/Archives/edgar/data/21665/000119312506154959/d10q.htm
0,2006-03-31,CL,2006-04-28,2006-04-28 17:22:03,Q1,2870600000,1255000000,1615600000,0.562809,0.0,1024400000,0.0,19700000,1098100000,2353100000,-37000000,80200000,523400000,0.182331,517500000,0.180276,19700000,480200000,0.167282,155700000,324500000,0.113043,0.29511,0.29511,1099600000,1099600000,https://www.sec.gov/Archives/edgar/data/21665/000119312506038891/d10k.htm,https://www.sec.gov/Archives/edgar/data/21665/000119312506038891/d10k.htm
0,2005-12-31,CL,2006-02-24,2006-02-24 16:27:11,Q4,2904600000,1279200000,1625400000,0.559595,0.0,1009000000,0.0,-17900000,1048399999.9999999,2327600000,-37000000,81900000,585200000,0.201474,577000000,0.19865,-17900000,540300000,0.186015,179100000,361200000,0.124354,0.3267,0.3267,1105600000,1105600000,https://www.sec.gov/Archives/edgar/data/21665/000119312506038891/d10k.htm,https://www.sec.gov/Archives/edgar/data/21665/000119312506038891/d10k.htm
0,2005-09-30,CL,2005-11-04,2005-11-04 16:20:08,Q3,2911800000,1308500000,1603300000,0.550622,0.0,1006500000,0.0,-47300000,999000000,2307500000,-37000000,82200000.00000001,612700000,0.21042,604300000,0.207535,-47300000,567500000,0.194897,220300000,347200000,0.119239,0.31319,0.31319,1108600000,1108600000,https://www.sec.gov/Archives/edgar/data/21665/000119312505216935/d10q.htm,https://www.sec.gov/Archives/edgar/data/21665/000119312505216935/d10q.htm
0,2005-06-30,CL,2005-07-29,2005-07-29 16:30:59,Q2,2837500000,1275300000,1562200000,0.550555,0.0,959100000,0.0,26000000,1021100000.0000001,2296400000,-31000000,81999999.99999999,561200000,0.19778,541100000,0.190696,26000000,510200000,0.179806,167300000,342900000,0.120846,0.30759,0.30759,1114800000,1114800000,https://www.sec.gov/Archives/edgar/data/21665/000119312505152747/d10q.htm,https://www.sec.gov/Archives/edgar/data/21665/000119312505152747/d10q.htm
0,2005-03-31,CL,2005-04-29,2005-04-29 15:00:18,Q1,2743000000,1228700000,1514300000,0.55206,0.0,944400000,0.0,27600000,1021700000,2250400000,-31000000,83200000,513200000,0.187094,492600000,0.179584,27600000,461000000,0.168064,160900000,300100000,0.109406,0.26714,0.26714,1123400000,1123400000,https://www.sec.gov/Archives/edgar/data/21665/000119312505037145/d10k.htm,https://www.sec.gov/Archives/edgar/data/21665/000119312505037145/d10k.htm
0,2004-12-31,CL,2005-02-25,2005-02-25 14:33:44,Q4,2803300000,1262800000,1540500000,0.549531,0.0,1003100000,0.0,400000.0,1072200000,2335000000,-32000000,86600000.00000001,490900000,0.175115,468300000,0.167053,400000.0,436300000,0.155638,150600000,285700000,0.101916,0.25243,0.25243,1131800000,1131800000,https://www.sec.gov/Archives/edgar/data/21665/000119312505037145/d10k.htm,https://www.sec.gov/Archives/edgar/data/21665/000119312505037145/d10k.htm
0,2004-09-30,CL,2004-11-04,2004-11-04 14:14:44,Q3,2695700000,1219000000,1476700000,0.547798,0.0,929100000,0.0,9900000.0,939000000,2158000000,-30000000,81500000,559100000,0.207404,537700000,0.199466,9900000.0,507600000,0.1883,178600000,329000000,0.122046,0.28921,0.28921,1137600000,1137600000,https://www.sec.gov/Archives/edgar/data/21665/000119312504186112/d10q.htm,https://www.sec.gov/Archives/edgar/data/21665/000119312504186112/d10q.htm
0,2004-06-30,CL,2004-08-06,2004-08-06 15:11:21,Q2,2571700000,1148100000,1423600000,0.553564,0.0,848100000,0.0,-9300000.0,838800000.0000002,1986900000.0000002,-29000000,79799999.99999999,606300000,0.235758,584800000,0.227398,-9300000.0,555500000,0.216005,181600000,373900000,0.14539,0.32764,0.32764,1141200000,1141200000,https://www.sec.gov/Archives/edgar/data/21665/000119312504134219/d10q.htm,https://www.sec.gov/Archives/edgar/data/21665/000119312504134219/d10q.htm
0,2004-03-31,CL,2004-05-05,2004-05-05 16:55:45,Q1,2513500000,1113900000,1399600000,0.556833,0.0,844300000,0.0,24000000,868300000,1982200000,-28000000,79900000,554900000,0.220768,531300000,0.211379,24000000,503000000,0.200119,164500000,338500000,0.134673,0.29563,0.29563,1145000000,1145000000,https://www.sec.gov/Archives/edgar/data/21665/000119312504040431/d10k.htm,https://www.sec.gov/Archives/edgar/data/21665/000119312504040431/d10k.htm
0,2003-12-31,CL,2004-03-12,2004-03-12 15:27:47,Q4,2572600000,1163600000,1409000000,0.547695,0.0,861300000,0.0,-15000000,846300000.0000002,2009900000.0000002,-29000000,84900000,590200000,0.229418,562700000,0.218728,-15000000,534300000,0.207689,162200000,372100000,0.14464,0.32295,0.32295,1152200000,1152200000,https://www.sec.gov/Archives/edgar/data/21665/000119312504040431/d10k.htm,https://www.sec.gov/Archives/edgar/data/21665/000119312504040431/d10k.htm
0,2003-09-30,CL,2003-11-07 00:00:00,2003-11-07 14:53:24,Q3,2523800000,1136500000,1387300000,0.549687,0.0,852000000,0.0,0.0,852000000,1988500000,-30000000,77000000,551900000,0.218678,535300000,0.212101,0.0,504900000,0.200055,139500000,365400000,0.144782,0.31549,0.31549,1158200000,1158200000,https://www.sec.gov/Archives/edgar/data/21665/000119312503075116/0001193125-03-075116-index.html,https://www.sec.gov/Archives/edgar/data/21665/000119312503075116/d10q.htm
0,2003-06-30,CL,2003-08-13,2003-08-13 16:14:58,Q2,2458600000,1105800000,1352800000,0.550232,0.0,795300000,0.0,0.0,795300000,1901100000,-31000000,77899999.99999999,573100000,0.2331,557500000,0.226755,0.0,526200000,0.214024,166400000,359800000,0.146343,0.30985,0.30985,1161200000,1161200000,https://www.sec.gov/Archives/edgar/data/21665/000119312503035970/d10q.htm,https://www.sec.gov/Archives/edgar/data/21665/000119312503035970/d10q.htm
0,2003-03-31,CL,2003-05-12,2003-05-12 17:27:00,Q1,2348400000,1050200000,1298200000,0.552802,0.0,787700000,0.0,0.0,787700000,1837900000,-34000000,75700000,518200000,0.220661,510500000,0.217382,0.0,476500000,0.202904,152500000,324000000,0.137966,0.27945,0.27945,1159400000,1159400000,https://www.sec.gov/Archives/edgar/data/21665/000095013003002310/d10k.htm,https://www.sec.gov/Archives/edgar/data/21665/000095013003002310/d10k.htm
0,2002-12-31,CL,2003-03-24,2003-03-24 15:48:28,Q4,2420400000,1099700000,1320700000,0.545654,0.0,777200000,0.0,23000000,832300000,1932000000,-26000000,77800000.00000001,540200000,0.223186,488400000,0.201785,23000000,488400000,0.201785,147500000,340900000,0.140844,0.29257,0.29257,1165200000,1165200000,https://www.sec.gov/Archives/edgar/data/21665/000095013003002310/d10k.htm,https://www.sec.gov/Archives/edgar/data/21665/000095013003002310/d10k.htm
0,2002-09-30,CL,2002-11-06 00:00:00,2002-11-06 16:36:52,Q3,2381700000,1079100000,1302600000,0.54692,0.0,788500000,0.0,0.0,827200000,1906300000,0.0,73500000,548900000,0.230466,475400000,0.199605,0.0,475400000,0.199605,144700000,330700000,0.13885,0.28265,0.28265,1170000000,1170000000,https://www.sec.gov/Archives/edgar/data/21665/000095013002007541/0000950130-02-007541-index.html,https://www.sec.gov/Archives/edgar/data/21665/000095013002007541/d10q.htm
0,2002-06-30,CL,2002-08-02 00:00:00,2002-08-02 10:58:29,Q2,2297000000,1053000000,1244000000,0.541576,0.0,726200000,0.0,0.0,763300000,1816300000,0.0,73499999.99999999,554200000,0.241271,480700000,0.209273,0.0,480700000,0.209273,153700000,327000000,0.14236,0.27628,0.27628,1183600000,1183600000,https://www.sec.gov/Archives/edgar/data/21665/000095013002005479/0000950130-02-005479-index.html,https://www.sec.gov/Archives/edgar/data/21665/000095013002005479/d10q.txt
0,2002-03-31,CL,2002-04-30 00:00:00,2002-04-30 17:07:39,Q1,2195200000,992400000,1202800000,0.547923,0.0,742100000,0.0,0.0,777000000.0000001,1769400000,0.0,71700000,497500000,0.226631,425800000,0.193969,0.0,425800000,0.193969,136100000,289700000,0.13197,0.24255,0.24255,1194400000,1194400000,https://www.sec.gov/Archives/edgar/data/21665/000095013002003134/0000950130-02-003134-index.html,https://www.sec.gov/Archives/edgar/data/21665/000095013002003134/d10q.txt
0,2001-12-31,CL,2002-03-20 00:00:00,2002-03-20 00:00:00,Q4,2328500000,1080100000,1248400000,0.536139,0.0,705600000,0.0,94500000,836200000,1916300000,0.0,86000000,498200000,0.213957,412200000,0.177024,94500000,412200000,0.177024,116900000,295300000,0.12682,0.24576,0.24576,1201600000,1201600000,https://www.sec.gov/Archives/edgar/data/21665/000095013002001698/0000950130-02-001698-index.html,https://www.sec.gov/Archives/edgar/data/21665/000095013002001698/d10k.txt
0,2001-09-30,CL,2001-11-09 00:00:00,2001-11-09 00:00:00,Q3,2304900000,1072500000,1232400000,0.534687,0.0,757000000,0.0,0.0,800500000,1873000000,0.0,83000000,514900000,0.223394,431900000,0.187383,0.0,431900000,0.187383,135700000,296200000,0.128509,0.24528,0.24528,1207600000,1207600000,https://www.sec.gov/Archives/edgar/data/21665/000095013001505209/0000950130-01-505209-index.html,https://www.sec.gov/Archives/edgar/data/21665/000095013001505209/d10q.txt
0,2001-06-30,CL,2001-08-13 00:00:00,2001-08-13 00:00:00,Q2,2238700000,1050500000,1188200000,0.530754,0.0,718600000,0.0,0.0,761500000,1812000000,0.0,83699999.99999999,510400000,0.227989,426700000,0.190602,0.0,426700000,0.190602,139500000,287200000,0.128289,0.23514,0.23514,1221400000,1221400000,https://www.sec.gov/Archives/edgar/data/21665/000095013001503792/0000950130-01-503792-index.html,https://www.sec.gov/Archives/edgar/data/21665/000095013001503792/d10q.txt
0,2001-03-31,CL,2001-05-14 00:00:00,2001-05-14 00:00:00,Q1,2212200000,1031800000,1180400000,0.533586,0.0,738900000,0.0,0.0,782500000,1814300000,0.0,83500000,481400000,0.217611,397900000,0.179866,0.0,397900000,0.179866,130000000,267900000,0.121101,0.21763,0.21763,1231000000,1231000000,https://www.sec.gov/Archives/edgar/data/21665/000095013001501611/0000950130-01-501611-index.html,https://www.sec.gov/Archives/edgar/data/21665/000095013001501611/d10q.txt
0,2000-12-31,CL,,,Q4,2412900000,1106100000,1306800000,0.541589,0.0,798200000,0.0,52300000,890200000,1996300000,0.0,85500000,502100000,0.20809,416600000,0.172655,52300000,416600000,0.172655,129900000,286700000,0.11882,0.23017,0.23017,1245600000,1245600000,,
0,2000-09-30,CL,2000-11-09 00:00:00,2000-11-09 00:00:00,Q3,2366500000,1073000000,1293500000,0.546588,0.0,851900000,0.0,0.0,900200000,1973200000,0.0,252300000,645600000,0.272808,393300000,0.166195,0.0,393300000,0.166195,118000000,275300000,0.116332,0.22028,0.22028,1249800000,1249800000,https://www.sec.gov/Archives/edgar/data/21665/000095013000005910/0000950130-00-005910-index.html,https://www.sec.gov/Archives/edgar/data/21665/000095013000005910/0000950130-00-005910-0001.txt
0,2000-06-30,CL,2000-08-10 00:00:00,2000-08-10 00:00:00,Q2,2336700000,1065800000,1270900000,0.543887,0.0,832800000,0.0,0.0,877000000,1942800000,0.0,0.0,393900000,0.168571,393900000,0.168571,0.0,393900000,0.168571,132000000,261900000,0.112081,0.20809,0.20809,1258600000,1258600000,https://www.sec.gov/Archives/edgar/data/21665/000094018000000960/0000940180-00-000960-index.html,https://www.sec.gov/Archives/edgar/data/21665/000094018000000960/0000940180-00-000960-0001.txt
0,2000-03-31,CL,2000-05-08 00:00:00,2000-05-08 00:00:00,Q1,2241800000,1020600000,1221200000,0.544741,0.0,816700000,0.0,0.0,857800000.0000001,1878400000,0.0,0.0,363400000,0.162102,363400000,0.162102,0.0,363400000,0.162102,123500000,239900000,0.107012,0.18973,0.18973,1264400000,1264400000,https://www.sec.gov/Archives/edgar/data/21665/000095013000002645/0000950130-00-002645-index.html,https://www.sec.gov/Archives/edgar/data/21665/0000950130-00-002645.txt
0,1999-12-31,CL,,,Q4,2343900000,1090500000,1253400000,0.53475,0.0,769900000,0.0,73600000,881200000,1971700000,0.0,0.0,372200000,0.158795,372200000,0.158795,73600000,372200000,0.158795,111600000,260600000,0.111182,0.20523,0.20523,1269800000,1269800000,,
0,1999-09-30,CL,1999-11-12 00:00:00,1999-11-12 00:00:00,Q3,2314000000,1060400000,1253600000,0.541746,0.0,852000000,0.0,0.0,895800000,1956200000,0.0,0.0,357800000,0.154624,357800000,0.154624,0.0,357800000,0.154624,118100000,239700000,0.103587,0.18771,0.18771,1277000000,1277000000,https://www.sec.gov/Archives/edgar/data/21665/000095013099006432/0000950130-99-006432-index.html,https://www.sec.gov/Archives/edgar/data/21665/0000950130-99-006432.txt
0,1999-06-30,CL,1999-08-12 00:00:00,1999-08-12 00:00:00,Q2,2285000000,1063700000,1221300000,0.534486,0.0,831500000,0.0,0.0,875700000,1939400000,0.0,0.0,345600000,0.151247,345600000,0.151247,0.0,345600000,0.151247,117500000,228100000,0.099825,0.17809,0.17809,1280800000,1280800000,https://www.sec.gov/Archives/edgar/data/21665/000095013099004770/0000950130-99-004770-index.html,https://www.sec.gov/Archives/edgar/data/21665/0000950130-99-004770.txt
0,1999-03-31,CL,1999-05-14 00:00:00,1999-05-14 00:00:00,Q1,2175300000,1009400000,1165900000,0.535972,0.0,801000000,0.0,0.0,846900000,1856300000,0.0,0.0,319000000,0.146646,319000000,0.146646,0.0,319000000,0.146646,110100000,208900000,0.096033,0.16285,0.16285,1282800000,1282800000,https://www.sec.gov/Archives/edgar/data/21665/000095013099002988/0000950130-99-002988-index.html,https://www.sec.gov/Archives/edgar/data/21665/0000950130-99-002988.txt
0,1998-12-31,CL,,,Q4,2290200000,1097600000,1192600000,0.520741,0.0,766200000,0.0,81000000,866300000.0000002,1963900000.0000002,0.0,0.0,326300000,0.142477,326300000,0.142477,81000000,326300000,0.142477,92100000,234200000,0.102262,0.18234,0.18234,1284400000,1284400000,,
0,1998-09-30,CL,1998-11-13 00:00:00,1998-11-13 00:00:00,Q3,2265400000,1072800000,1192600000,0.526441,0.0,825100000,0.0,0.0,871800000,1944600000,0.0,0.0,320800000,0.141609,320800000,0.141609,0.0,320800000,0.141609,105900000,214900000,0.094862,0.16572,0.16572,1296800000,1296800000,https://www.sec.gov/Archives/edgar/data/21665/000095013098005508/0000950130-98-005508-index.html,https://www.sec.gov/Archives/edgar/data/21665/0000950130-98-005508.txt
0,1998-06-30,CL,1998-08-12 00:00:00,1998-08-12 00:00:00,Q2,2256500000,1083900000,1172600000,0.519654,0.0,824700000,0.0,0.0,868800000,1952700000,0.0,0.0,303800000,0.134633,303800000,0.134633,0.0,303800000,0.134633,100300000,203500000,0.090184,0.15615,0.15615,1303200000,1303200000,https://www.sec.gov/Archives/edgar/data/21665/000104746998030810/0001047469-98-030810-index.html,https://www.sec.gov/Archives/edgar/data/21665/0001047469-98-030810.txt
0,1998-03-31,CL,1998-05-13 00:00:00,1998-05-13 00:00:00,Q1,2159500000,1036000000,1123500000,0.520259,0.0,781100000,0.0,0.0,824300000,1860300000,0.0,0.0,299200000,0.138551,299200000,0.138551,0.0,299200000,0.138551,103200000,196000000,0.090762,0.15045,0.15045,1302800000,1302800000,https://www.sec.gov/Archives/edgar/data/21665/000104746998019854/0001047469-98-019854-index.html,https://www.sec.gov/Archives/edgar/data/21665/0001047469-98-019854.txt
0,1997-12-31,CL,,,Q4,2311500000,1131700000,1179800000,0.510404,0.0,775700000,0.0,109300000,892300000,2024000000,0.0,0.0,287500000,0.124378,287500000,0.124378,109300000,287500000,0.124378,81100000,206400000,0.089293,0.16912,0.16912,1220400000,1220400000,,
0,1997-09-30,CL,1997-11-13 00:00:00,1997-11-13 00:00:00,Q3,2297200000,1130500000,1166700000,0.507879,0.0,832600000,0.0,-13300000,879200000,2009700000,0.0,0.0,287500000,0.125152,287500000,0.125152,-13300000,287500000,0.125152,98900000,188600000,0.0821,0.14459,0.14459,1304400000,1304400000,https://www.sec.gov/Archives/edgar/data/21665/000104746997004344/0001047469-97-004344-index.html,https://www.sec.gov/Archives/edgar/data/21665/0001047469-97-004344.txt
0,1997-06-30,CL,1997-08-14 00:00:00,1997-08-14 00:00:00,Q2,2300900000,1132800000,1168100000,0.507671,0.0,854600000,0.0,-11700000,901600000.0000001,2034400000,0.0,0.0,266500000,0.115824,266500000,0.115824,-11700000,266500000,0.115824,90700000,175800000,0.076405,0.13519,0.13519,1300400000,1300400000,https://www.sec.gov/Archives/edgar/data/21665/000091205797027943/0000912057-97-027943-index.html,https://www.sec.gov/Archives/edgar/data/21665/0000912057-97-027943.txt
0,1997-03-31,CL,1997-05-14 00:00:00,1997-05-14 00:00:00,Q1,2147100000,1066500000,1080600000,0.503283,0.0,774100000,0.0,-11900000,819800000,1886300000,0.0,0.0,260800000,0.121466,260800000,0.121466,-11900000,260800000,0.121466,91200000,169600000,0.07899,0.13086,0.13086,1296000000,1296000000,https://www.sec.gov/Archives/edgar/data/21665/000094018097000460/0000940180-97-000460-index.html,https://www.sec.gov/Archives/edgar/data/21665/0000940180-97-000460.txt
0,1996-12-31,CL,1997-03-18 00:00:00,1997-03-18 00:00:00,Q4,2297400000,1158600000,1138800000,0.495691,0.0,738700000,0.0,108400000,879300000.0000002,2037900000.0000002,0.0,0.0,259500000,0.112954,259500000,0.112954,108400000,259500000,0.112954,77800000,181700000,0.079089,0.13994,0.13994,1298400000,1298400000,https://www.sec.gov/Archives/edgar/data/21665/000094018097000241/0000940180-97-000241-index.html,https://www.sec.gov/Archives/edgar/data/21665/0000940180-97-000241.txt
0,1996-09-30,CL,1996-10-25 00:00:00,1996-10-25 00:00:00,Q3,2230600000,1135800000,1094800000,0.49081,0.0,799100000,0.0,-9400000.0,849500000,1985300000,0.0,0.0,245300000,0.10997,245300000,0.10997,-9400000.0,245300000,0.10997,84400000,160900000,0.072133,0.12484,0.12484,1288800000,1288800000,https://www.sec.gov/Archives/edgar/data/21665/000091205796023694/0000912057-96-023694-index.html,https://www.sec.gov/Archives/edgar/data/21665/0000912057-96-023694.txt
0,1996-06-30,CL,1996-08-14 00:00:00,1996-08-14 00:00:00,Q2,2167300000,1106300000,1061000000,0.489549,0.0,780500000,0.0,-5200000.0,833600000.0000001,1939900000,0.0,0.0,227400000,0.104923,227400000,0.104923,-5200000.0,227400000,0.104923,78500000,148900000,0.068703,0.11546,0.11546,1289600000,1289600000,https://www.sec.gov/Archives/edgar/data/21665/000095011296002836/0000950112-96-002836-index.html,https://www.sec.gov/Archives/edgar/data/21665/0000950112-96-002836.txt
0,1996-03-31,CL,1996-05-10 00:00:00,1996-05-10 00:00:00,Q1,2053700000,1050400000,1003300000,0.488533,0.0,733800000,0.0,0.0,780899999.9999999,1831300000,0.0,0.0,222400000,0.108292,222400000,0.108292,0.0,222400000,0.108292,78900000,143500000,0.069874,0.11169,0.11169,1284800000,1284800000,https://www.sec.gov/Archives/edgar/data/21665/000095011296001407/0000950112-96-001407-index.html,https://www.sec.gov/Archives/edgar/data/21665/0000950112-96-001407.txt
0,1995-12-31,CL,1996-03-25 00:00:00,1996-03-25 00:00:00,Q4,2152800000,1122300000,1030500000,0.478679,0.0,694100000,0.0,122400000,849800000,1972100000,0.0,0.0,180700000,0.083937,180700000,0.083937,122400000,180700000,0.083937,58200000,122500000,0.056903,0.1051,0.1051,1165600000,1165600000,https://www.sec.gov/Archives/edgar/data/21665/000095011296000868/0000950112-96-000868-index.html,https://www.sec.gov/Archives/edgar/data/21665/0000950112-96-000868.txt
0,1995-09-30,CL,1995-11-03 00:00:00,1995-11-03 00:00:00,Q3,2134400000,1109700000,1024700000,0.480088,0.0,785800000,0.0,-8500000.0,1299600000,2409300000,0.0,0.0,-274900000,-0.128795,-274900000,-0.128795,-8500000.0,-274900000,-0.128795,-24700000,-250200000,-0.117223,-0.21495,-0.21495,1164000000,1164000000,https://www.sec.gov/Archives/edgar/data/21665/000095014695000667/0000950146-95-000667-index.html,https://www.sec.gov/Archives/edgar/data/21665/0000950146-95-000667.txt
0,1995-06-30,CL,1995-08-14 00:00:00,1995-08-14 00:00:00,Q2,2090700000,1110600000,980100000,0.46879,0.0,714500000,0.0,-8800000.0,763200000,1873800000,0.0,0.0,216900000,0.103745,216900000,0.103745,-8800000.0,216900000,0.103745,73700000,143200000,0.068494,0.11202,0.11202,1278400000,1278400000,https://www.sec.gov/Archives/edgar/data/21665/000095011295002138/0000950112-95-002138-index.html,https://www.sec.gov/Archives/edgar/data/21665/0000950112-95-002138.txt
0,1995-03-31,CL,1995-05-10 00:00:00,1995-05-10 00:00:00,Q1,1980300000,1010500000,969800000,0.489724,0.0,685200000,0.0,-9000000.0,729000000,1739500000,0.0,0.0,240800000,0.121598,240800000,0.121598,-9000000.0,240800000,0.121598,84300000,156500000,0.079028,0.12311,0.12311,1271200000,1271200000,https://www.sec.gov/Archives/edgar/data/21665/000095014695000203/0000950146-95-000203-index.html,https://www.sec.gov/Archives/edgar/data/21665/0000950146-95-000203.txt
0,1994-12-31,CL,1995-03-23 00:00:00,1995-03-23 00:00:00,Q4,1996100000,1038100000,958000000,0.479936,0.0,646700000,0.0,101400000,753400000.0000001,1791500000,0.0,0.0,204600000,0.1025,204600000,0.1025,101400000,204600000,0.1025,67500000,137100000,0.068684,0.10592,0.10592,1294400000,1294400000,https://www.sec.gov/Archives/edgar/data/21665/000095014695000129/0000950146-95-000129-index.html,https://www.sec.gov/Archives/edgar/data/21665/0000950146-95-000129.txt
0,1994-09-30,CL,1994-11-14 00:00:00,1994-11-14 00:00:00,Q3,1930700000,978900000,951800000,0.492982,0.0,696100000,0.0,-6700000.0,722500000.0000001,1701400000,0.0,0.0,229300000,0.118765,229300000,0.118765,-6700000.0,229300000,0.118765,78300000,151000000,0.07821,0.11826,0.11826,1276800000,1276800000,https://www.sec.gov/Archives/edgar/data/21665/000002166594000010/0000021665-94-000010-index.html,https://www.sec.gov/Archives/edgar/data/21665/0000021665-94-000010.txt
0,1994-06-30,CL,1994-08-12 00:00:00,1994-08-12 00:00:00,Q2,1891100000,988400000,902700000,0.477341,0.0,671100000,0.0,-11900000,686900000,1675300000,0.0,0.0,215800000,0.114113,215800000,0.114113,-11900000,215800000,0.114113,73300000,142500000,0.075353,0.11302,0.11302,1260800000,1260800000,https://www.sec.gov/Archives/edgar/data/21665/000002166594000007/0000021665-94-000007-index.html,https://www.sec.gov/Archives/edgar/data/21665/0000021665-94-000007.txt
0,1994-03-31,CL,1994-05-16 00:00:00,1994-05-16 00:00:00,Q1,1770000000,907900000,862100000,0.487062,0.0,611300000,0.0,0.0,631900000,1539800000,0.0,0.0,230200000,0.130056,230200000,0.130056,0.0,230200000,0.130056,80600000,149600000,0.08452,0.11529,0.11529,1297600000,1297600000,https://www.sec.gov/Archives/edgar/data/21665/000002166594000005/0000021665-94-000005-index.html,https://www.sec.gov/Archives/edgar/data/21665/0000021665-94-000005.txt
