,date,symbol,fillingDate,acceptedDate,period,revenue,costOfRevenue,grossProfit,grossProfitRatio,researchAndDevelopmentExpenses,generalAndAdministrativeExpenses,sellingAndMarketingExpenses,otherExpenses,operatingExpenses,costAndExpenses,interestExpense,depreciationAndAmortization,ebitda,ebitdaratio,operatingIncome,operatingIncomeRatio,totalOtherIncomeExpensesNet,incomeBeforeTax,incomeBeforeTaxRatio,incomeTaxExpense,netIncome,netIncomeRatio,eps,epsdiluted,weightedAverageShsOut,weightedAverageShsOutDil,link,finalLink
0,2020-09-30,UTI,2020-12-03,2020-12-03 08:21:27,Q4,76327000,-54378000,130705000,1.7124346561505104,0.0,-30636000,0.0,37671000,124552000,70174000,-331000.0,-15180000,-9027000.0,-0.11826745450495893,6153.0,8.061367537044559e-05,148000.0,6547.0,8.57756757110852e-05,21301.0,6450.0,8.45048279114861e-05,0.19781028613487903,0.19781028613487903,32607000,32607000,https://www.sec.gov/Archives/edgar/data/1261654/000126165420000071/0001261654-20-000071-index.htm,https://www.sec.gov/Archives/edgar/data/1261654/000126165420000071/uti-20200930.htm
0,2020-06-30,UTI,2020-08-07,2020-08-07 08:19:59,Q3,54483000,13459000,41024000,0.7529688159609419,0.0,54626000,0.0,32476000,54803000,68262000,2000.0,9250000.0,-3995000.0,-0.073326,-13779000,-0.252905,316000.0,-13247000,-0.24314,21000.0,-13268000,-0.243526,-0.40691,-0.40691,32607000,32607000,https://www.sec.gov/Archives/edgar/data/1261654/000126165420000041/0001261654-20-000041-index.htm,https://www.sec.gov/Archives/edgar/data/1261654/000126165420000041/uti-20200630.htm
0,2020-03-31,UTI,2020-05-08,2020-05-08 09:01:54,Q2,82717000,20539000,62178000,0.7516955402154334,0.0,62480000,0.0,42909000,62676999.99999999,83215999.99999999,3000.0,8801000.0,8142000.0,0.098432,-499000.0,-0.006033,-507000.0,-662000.0,-0.008003,-10804000,10142000,0.122611,0.20421,0.20421,49665000,49665000,https://www.sec.gov/Archives/edgar/data/1261654/000126165420000030/0001261654-20-000030-index.htm,https://www.sec.gov/Archives/edgar/data/1261654/000126165420000030/uti-20200331.htm
0,2019-12-31,UTI,2020-02-07,2020-02-06 19:01:53,Q1,87234000,20380000,66854000,0.7663754957929247,0.0,62230000,0.0,42876000,62600000.00000001,82980000.00000001,336000.0,8933000.0,14037000,0.160912,4254000.0,0.048765,178000.0,4768000.0,0.054658,84000.0,4684000.0,0.053695,0.09559,0.09559,49003000,49003000,https://www.sec.gov/Archives/edgar/data/1261654/000126165420000010/0001261654-20-000010-index.htm,https://www.sec.gov/Archives/edgar/data/1261654/000126165419000060/a10-k2019.htm
0,2019-09-30,UTI,2019-12-06,2019-12-05 17:33:31,Q4,87666000,21189000,66477000,0.7582985421942372,0.0,60670000,0.0,43924000,61038999.99999999,82228000,3220000.0,3276999.999999999,11924000,0.136016,5438000.0,0.062031,346000.0,5427000.0,0.061905,-50000.0,5477000.0,0.062476,0.2146,0.2146,25522000,25522000,https://www.sec.gov/Archives/edgar/data/1261654/000126165419000060/0001261654-19-000060-index.htm,https://www.sec.gov/Archives/edgar/data/1261654/000126165419000060/a10-k2019.htm
0,2019-06-30,UTI,2019-08-09,2019-08-08 17:42:53,Q3,79042000,19933000,59109000,0.7478176159510134,0.0,59202000,0.0,42836000,59564000,79497000,-344000.0,3331000.0000000005,2653000.0000000005,0.033564,-455000.0,-0.005756,465000.0,-334000.0,-0.004226,31000.0,-365000.0,-0.004618,-0.01431,-0.01431,25498000,25498000,https://www.sec.gov/Archives/edgar/data/1261654/000126165419000033/0001261654-19-000033-index.htm,https://www.sec.gov/Archives/edgar/data/1261654/000126165419000033/uti-6301910q.htm
0,2019-03-31,UTI,2019-05-10,2019-05-09 17:36:33,Q2,81746000,20967000,60779000,0.7435103858292761,0.0,65991000,0.0,45822000,66359000,87326000,-315000.0,3409000.0,-2080000.0,-0.025445,-5580000.0,-0.06826,721000.0,-5174000.0,-0.063294,89000.0,-5263000.0,-0.064382,-0.20711,-0.20711,25412000,25412000,https://www.sec.gov/Archives/edgar/data/1261654/000126165419000023/0001261654-19-000023-index.htm,https://www.sec.gov/Archives/edgar/data/1261654/000126165419000023/uti-3311910q.htm
0,2018-12-31,UTI,2019-02-05,2019-02-05 17:08:39,Q1,83050000,21511000,61539000,0.7409873570138471,0.0,68363000,0.0,45735000,68744000,90255000,-314000.0,3205000.0,-4693000.0,-0.056508,-7205000.0,-0.086755,-65000.0,-7584000.0,-0.091318,133000.0,-7717000.0,-0.09292,-0.30477,-0.30477,25321000,25321000,https://www.sec.gov/Archives/edgar/data/1261654/000126165419000011/0001261654-19-000011-index.htm,https://www.sec.gov/Archives/edgar/data/1261654/000126165418000042/a10-k2018.htm
0,2018-09-30,UTI,2018-11-30,2018-11-30 16:21:45,Q4,80300000,23600000,56700000,0.7061021170610212,0.0,67300000,0.0,47954000,67699999.99999999,91299999.99999999,3310000.0,3119999.999999999,-4570000.000000001,-0.056912,-11100000,-0.138232,400000.0,-11000000,-0.136986,9000.0,-11000000,-0.136986,-0.43651,-0.43651,25200000,25200000,https://www.sec.gov/Archives/edgar/data/1261654/000126165418000042/0001261654-18-000042-index.htm,https://www.sec.gov/Archives/edgar/data/1261654/000126165418000042/a10-k2018.htm
0,2018-06-30,UTI,2018-08-08,2018-08-07 17:49:06,Q3,74900000,21200000,53700000,0.7169559412550067,0.0,63900000,0.0,44737000,65500000,86700000,-400000.0,3180000.0000000005,-9120000.0,-0.121762,-11800000,-0.157543,300000.0,-11900000,-0.158879,-200000.0,-11700000,-0.156208,-0.46429,-0.46429,25200000,25200000,https://www.sec.gov/Archives/edgar/data/1261654/000126165418000030/0001261654-18-000030-index.htm,https://www.sec.gov/Archives/edgar/data/1261654/000126165418000030/uti-6301810q.htm
0,2018-03-31,UTI,2018-05-04,2018-05-03 18:08:15,Q2,80700000,21400000,59300000,0.734820322180917,0.0,67600000,0.0,45817000,68100000,89500000,-400000.0,3350000.0,-5850000.0,-0.072491,-8800000.0,-0.109046,400000.0,-8900000.0,-0.110285,-37000.0,-8800000.0,-0.109046,-0.3506,-0.3506,25100000,25100000,https://www.sec.gov/Archives/edgar/data/1261654/000126165418000020/0001261654-18-000020-index.htm,https://www.sec.gov/Archives/edgar/data/1261654/000126165418000020/uti-3311810q.htm
0,2017-12-31,UTI,2018-02-09,2018-02-08 17:37:01,Q1,81200000,20600000,60600000,0.7463054187192119,0.0,63700000,0.0,44081000,64199999.99999999,84799999.99999999,-300000.0,3360000.0,-12240000,-0.150739,-3600000.0,-0.044335,-26000.0,-4000000.0,-0.049261,-14200000,-1100000.0,-0.013547,-0.044,-0.044,25000000,25000000,https://www.sec.gov/Archives/edgar/data/1261654/000126165418000012/0001261654-18-000012-index.htm,https://www.sec.gov/Archives/edgar/data/1261654/000126165417000046/a10-k2017.htm
0,2017-09-30,UTI,2017-12-01,2017-11-30 17:42:33,Q4,81300000,21200000,60100000,0.7392373923739237,0.0,60600000,0.0,44919000,61200000,82400000,3381000.0,3469999.999999999,5750999.999999999,0.070738,-1100000.0,-0.01353,400000.0,-1100000.0,-0.01353,-300000.0,-800000.0,-0.00984,-0.03226,-0.03226,24800000,24800000,https://www.sec.gov/Archives/edgar/data/1261654/000126165417000046/0001261654-17-000046-index.htm,https://www.sec.gov/Archives/edgar/data/1261654/000126165417000046/a10-k2017.htm
0,2017-06-30,UTI,2017-08-04,2017-08-03 17:33:14,Q3,76300000,20000000,56300000,0.7378768020969856,0.0,58400000,0.0,44120000,59000000,79000000,-400000.0,3560000.0000000005,260000.0000000005,0.003408,-2800000.0,-0.036697,300000.0,-3000000.0,-0.039318,1000000.0,-3900000.0,-0.051114,-0.15789,-0.15789,24700000,24700000,https://www.sec.gov/Archives/edgar/data/1261654/000126165417000036/0001261654-17-000036-index.htm,https://www.sec.gov/Archives/edgar/data/1261654/000126165417000036/uti-6301710q.htm
0,2017-03-31,UTI,2017-05-05,2017-05-04 17:35:11,Q2,82500000,20500000,62000000,0.7515151515151515,0.0,60700000,0.0,44834000,61300000,81800000,-600000.0,3530000.0,3330000.0,0.040364,700000.0,0.008485,300000.0,400000.0,0.004848,2100000.0,-1700000.0,-0.020606,-0.06883,-0.06883,24700000,24700000,https://www.sec.gov/Archives/edgar/data/1261654/000126165417000028/0001261654-17-000028-index.htm,https://www.sec.gov/Archives/edgar/data/1261654/000126165417000028/uti-3311710q.htm
0,2016-12-31,UTI,2017-02-02,2017-02-01 17:47:17,Q1,84200000,20700000,63500000,0.7541567695961995,0.0,61500000,0.0,47154000,62099999.99999999,82800000,-600000.0,3640000.0,3940000.0,0.046793,1400000.0,0.016627,100000.0,900000.0,0.010689,2600000.0,-1700000.0,-0.02019,-0.06911,-0.06911,24600000,24600000,https://www.sec.gov/Archives/edgar/data/1261654/000126165417000008/0001261654-17-000008-index.htm,https://www.sec.gov/Archives/edgar/data/1261654/000126165416000085/a10-k2016.htm
0,2016-09-30,UTI,2016-11-30,2016-11-29 18:05:15,Q4,86900000,21600000,65300000,0.7514384349827388,0.0,69800000,0.0,47929000,70500000,92100000,3439000.0,3710000.000000001,749000.000000001,0.008619,-5200000.0,-0.059839,-500000.0,-6400000.0,-0.073648,2500000.0,-8900000.0,-0.102417,-0.36475,-0.36475,24400000,24400000,https://www.sec.gov/Archives/edgar/data/1261654/000126165416000085/0001261654-16-000085-index.htm,https://www.sec.gov/Archives/edgar/data/1261654/000126165416000085/a10-k2016.htm
0,2016-06-30,UTI,2016-08-05,2016-08-04 17:58:43,Q3,82300000,20700000,61600000,0.7484811664641555,0.0,66400000,0.0,47044000,67000000,87700000,-800000.0,3679999.9999999995,-3320000.0000000005,-0.04034,-5500000.0,-0.066829,100000.0,-6100000.0,-0.074119,-1100000.0,-5100000.0,-0.061968,-0.20988,-0.20988,24300000,24300000,https://www.sec.gov/Archives/edgar/data/1261654/000126165416000076/0001261654-16-000076-index.htm,https://www.sec.gov/Archives/edgar/data/1261654/000126165416000076/uti-6301610q.htm
0,2016-03-31,UTI,2016-04-29,2016-04-28 19:07:13,Q2,88200000,22000000,66200000,0.7505668934240363,0.0,71300000,0.0,49770000,72000000,94000000,-700000.0,4100000.0,-2900000.0,-0.03288,-5800000.0,-0.06576,100000.0,-6300000.0,-0.071429,25700000,-32000000,-0.362812,-1.31687,-1.31687,24300000,24300000,https://www.sec.gov/Archives/edgar/data/1261654/000126165416000061/0001261654-16-000061-index.htm,https://www.sec.gov/Archives/edgar/data/1261654/000126165416000061/uti-3311610q.htm
0,2015-12-31,UTI,2016-02-05,2016-02-04 17:55:14,Q1,89800000,22900000,66900000,0.744988864142539,0.0,68400000,0.0,49652000,69100000,92000000,-700000.0,3580000.0,280000.0,0.003118,-2200000.0,-0.024499,300000.0,-2600000.0,-0.028953,-900000.0,-1700000.0,-0.018931,-0.07025,-0.07025,24200000,24200000,https://www.sec.gov/Archives/edgar/data/1261654/000126165416000050/0001261654-16-000050-index.htm,https://www.sec.gov/Archives/edgar/data/1261654/000126165415000042/a10-k2015.htm
0,2015-09-30,UTI,2015-12-02,2015-12-01 17:36:31,Q4,90700000,24800000,65900000,0.7265711135611908,0.0,66100000,0.0,63110000,79100000.00000001,103900000.00000001,2340000.0,4119999.999999999,-7440000.000000001,-0.082029,-13200000,-0.145535,-200000.0,-13900000,-0.153252,-4100000.0,-9800000.0,-0.108049,-0.40664,-0.40664,24100000,24100000,https://www.sec.gov/Archives/edgar/data/1261654/000126165415000042/0001261654-15-000042-index.htm,https://www.sec.gov/Archives/edgar/data/1261654/000126165415000042/a10-k2015.htm
0,2015-06-30,UTI,2015-08-07,2015-08-06 19:21:18,Q3,85100000,22000000,63100000,0.7414806110458284,0.0,66500000,0.0,47690000,67100000,89100000,-300000.0,4310000.000000001,-289999.9999999995,-0.003408,-4000000.0,-0.047004,100000.0,-4300000.0,-0.050529,-1300000.0,-3000000.0,-0.035253,-0.12448,-0.12448,24100000,24100000,https://www.sec.gov/Archives/edgar/data/1261654/000126165415000032/0001261654-15-000032-index.htm,https://www.sec.gov/Archives/edgar/data/1261654/000126165415000032/uti-6301510q.htm
0,2015-03-31,UTI,2015-05-01,2015-05-01 16:24:38,Q2,91200000,22400000,68800000,0.7543859649122807,0.0,65800000,0.0,48143000,66400000,88800000,-300000.0,4379999.999999999,6279999.999999999,0.06886,2400000.0,0.026316,100000.0,2200000.0,0.024123,1600000.0,600000.0,0.006579,0.02439,0.02439,24600000,24600000,https://www.sec.gov/Archives/edgar/data/1261654/000126165415000023/0001261654-15-000023-index.htm,https://www.sec.gov/Archives/edgar/data/1261654/000126165415000023/uti-3311510q.htm
0,2014-12-31,UTI,2015-02-06,2015-02-05 17:32:29,Q1,95700000,22300000,73400000,0.7669801462904912,0.0,67100000,0.0,47830000,67800000,90100000,-400000.0,4480000.0,9380000.0,0.098015,5600000.0,0.058516,100000.0,5300000.0,0.055381,2200000.0,3100000.0,0.032393,0.1245,0.1245,24900000,24900000,https://www.sec.gov/Archives/edgar/data/1261654/000126165415000011/0001261654-15-000011-index.htm,https://www.sec.gov/Archives/edgar/data/1261654/000126165414000047/a10-k2014.htm
0,2014-09-30,UTI,2014-12-03,2014-12-02 18:29:15,Q4,95300000,23400000,71900000,0.7544596012591815,0.0,67500000,0.0,49609000,68199999.99999999,91599999.99999999,1847000.0,4460000.000000001,9707000.000000002,0.101857,3800000.0,0.039874,-9000.0,3400000.0,0.035677,1900000.0,1500000.0,0.01574,0.06,0.06,25000000,25000000,https://www.sec.gov/Archives/edgar/data/1261654/000126165414000047/0001261654-14-000047-index.htm,https://www.sec.gov/Archives/edgar/data/1261654/000126165414000047/a10-k2014.htm
0,2014-06-30,UTI,2014-08-06,2014-08-05 20:04:59,Q3,91300000,23100000,68200000,0.7469879518072289,0.0,66500000,0.0,48682000,67199999.99999999,90299999.99999999,-400000.0,4600000.000000001,5100000.000000001,0.05586,1000000.0,0.010953,200000.0,800000.0,0.008762,500000.0,400000.0,0.004381,0.01606,0.01606,24900000,24900000,https://www.sec.gov/Archives/edgar/data/1261654/000126165414000034/0001261654-14-000034-index.htm,https://www.sec.gov/Archives/edgar/data/1261654/000126165414000034/uti-63014x10q.htm
0,2014-03-31,UTI,2014-04-30,2014-04-29 17:36:33,Q2,94700000,23900000,70800000,0.747624076029567,0.0,71600000,0.0,50652000,72400000,96300000,-400000.0,4770000.0,2470000.0,0.026082,-1600000.0,-0.016895,100000.0,-1900000.0,-0.020063,-300000.0,-1600000.0,-0.016895,-0.06478,-0.06478,24700000,24700000,https://www.sec.gov/Archives/edgar/data/1261654/000126165414000026/0001261654-14-000026-index.htm,https://www.sec.gov/Archives/edgar/data/1261654/000126165414000026/uti-33114x10q.htm
0,2013-12-31,UTI,2014-01-31,2014-01-30 17:32:32,Q1,97000000,25000000,72000000,0.7422680412371134,0.0,68100000,0.0,51111000,69000000,94000000,-100000.0,5090000.0,8290000.0,0.085464,3100000.0,0.031959,300000.0,3300000.0,0.034021,1600000.0,1700000.0,0.017526,0.06855,0.06855,24800000,24800000,https://www.sec.gov/Archives/edgar/data/1261654/000126165414000012/0001261654-14-000012-index.htm,https://www.sec.gov/Archives/edgar/data/1261654/000126165413000036/uti-09302013x10k.htm
0,2013-09-30,UTI,2013-12-04,2013-12-03 17:53:25,Q4,95900000,1900000.0,94000000,0.9801876955161627,0.0,95200000,0.0,50252000,96300000.00000001,94400000.00000001,1000.0,5239999.999999998,7040999.999999998,0.07342,1500000.0,0.015641,200000.0,1700000.0,0.017727,800000.0,1000000.0,0.010428,0.03906,0.03906,25600000,25600000,https://www.sec.gov/Archives/edgar/data/1261654/000126165413000036/0001261654-13-000036-index.htm,https://www.sec.gov/Archives/edgar/data/1261654/000126165413000036/uti-09302013x10k.htm
0,2013-06-30,UTI,2013-07-26,2013-07-26 16:09:32,Q3,91000000,23000000,68000000,0.7472527472527473,0.0,66300000,0.0,49140000,67500000,90500000,100000.0,5570000.000000002,6270000.000000002,0.068901,500000.0,0.005495,100000.0,600000.0,0.006593,300000.0,300000.0,0.003297,0.0122,0.0122,24600000,24600000,https://www.sec.gov/Archives/edgar/data/1261654/000126165413000011/0001261654-13-000011-index.htm,https://www.sec.gov/Archives/edgar/data/1261654/000126165413000011/uti-06302013x10q.htm
0,2013-03-31,UTI,2013-05-01,2013-04-30 18:46:01,Q2,95100000,24000000,71100000,0.7476340694006309,0.0,71800000,0.0,50456000,73000000,97000000,100000.0,5630000.0,4130000.0,0.043428,-1900000.0,-0.019979,200000.0,-1600000.0,-0.016824,-700000.0,-900000.0,-0.009464,-0.03689,-0.03689,24400000,24400000,https://www.sec.gov/Archives/edgar/data/1261654/000119312513188497/0001193125-13-188497-index.htm,https://www.sec.gov/Archives/edgar/data/1261654/000119312513188497/d521184d10q.htm
0,2012-12-31,UTI,2013-02-01,2013-02-01 16:16:36,Q1,98400000,49700000,48700000,0.4949186991869919,0.0,41400000,0.0,49692000,42700000,92400000,0.0,5720000.0,11920000,0.121138,6000000.0,0.060976,100000.0,6200000.0,0.063008,2600000.0,3600000.0,0.036585,0.14516,0.14516,24800000,24800000,https://www.sec.gov/Archives/edgar/data/1261654/000119312513034621/0001193125-13-034621-index.htm,https://www.sec.gov/Archives/edgar/data/1261654/000119312512482479/d420204d10k.htm
0,2012-09-30,UTI,2012-11-28,2012-11-27 19:52:46,Q4,101300000,54200000,47100000,0.46495557749259625,0.0,43500000,0.0,54204000,44800000,99000000,4000.0,5760000.000000002,8264000.000000002,0.081579,2300000.0,0.022705,200000.0,2500000.0,0.024679,900000.0,1600000.0,0.015795,0.064,0.064,25000000,25000000,https://www.sec.gov/Archives/edgar/data/1261654/000119312512482479/0001193125-12-482479-index.htm,https://www.sec.gov/Archives/edgar/data/1261654/000119312512482479/d420204d10k.htm
0,2012-06-30,UTI,2012-08-03,2012-08-02 17:56:36,Q3,99600000,52600000,47000000,0.4718875502008032,0.0,44100000,0.0,157775000,45499999.99999999,98099999.99999999,100000.0,5779999.999999999,7479999.999999999,0.0751,1500000.0,0.01506,6000.0,1600000.0,0.016064,600000.0,1000000.0,0.01004,0.04032,0.04032,24800000,24800000,https://www.sec.gov/Archives/edgar/data/1261654/000119312512332363/0001193125-12-332363-index.htm,https://www.sec.gov/Archives/edgar/data/1261654/000119312512332363/d389412d10q.htm
0,2012-03-31,UTI,2012-05-02,2012-05-01 17:41:59,Q2,106200000,53400000,52800000,0.4971751412429379,0.0,48400000,0.0,53458000,49800000.00000001,103200000,100000.0,5989999.999999999,9389999.999999998,0.088418,3000000.0,0.028249,200000.0,3300000.0,0.031073,1400000.0,1900000.0,0.017891,0.07661,0.07661,24800000,24800000,https://www.sec.gov/Archives/edgar/data/1261654/000119312512201449/0001193125-12-201449-index.htm,https://www.sec.gov/Archives/edgar/data/1261654/000119312512201449/d323299d10q.htm
0,2011-12-31,UTI,2012-02-03,2012-02-03 06:08:09,Q1,106400000,51700000,54700000,0.5140977443609023,0.0,45700000,0.0,51691000,47399999.99999999,99099999.99999999,100000.0,6290000.0,13990000,0.131485,7300000.0,0.068609,200000.0,7600000.0,0.071429,3100000.0,4500000.0,0.042293,0.18145,0.18145,24800000,24800000,https://www.sec.gov/Archives/edgar/data/1261654/000119312512037697/0001193125-12-037697-index.htm,https://www.sec.gov/Archives/edgar/data/1261654/000119312511324755/d258126d10k.htm
0,2011-09-30,UTI,2011-11-30,2011-11-29 17:59:35,Q4,111400000,54100000,57300000,0.5143626570915619,0.0,45900000,0.0,53951000,47699999.99999999,101800000,100000.0,6430000.0,16130000,0.144794,9600000.0,0.086176,-100000.0,9600000.0,0.086176,4000000.0,5600000.0,0.050269,0.22581,0.22581,24800000,24800000,https://www.sec.gov/Archives/edgar/data/1261654/000119312511324755/0001193125-11-324755-index.htm,https://www.sec.gov/Archives/edgar/data/1261654/000119312511324755/d258126d10k.htm
0,2011-06-30,UTI,2011-07-28,2011-07-28 12:02:46,Q3,108900000,58000000,50900000,0.4674012855831038,0.0,42600000,0.0,57990000,44200000,102200000,-42729000,6180000.0,-29749000,-0.273177,6700000.0,0.061524,100000.0,6900000.0,0.063361,2800000.0,4000000.0,0.036731,0.16129,0.16129,24800000,24800000,https://www.sec.gov/Archives/edgar/data/1261654/000095012311069370/0000950123-11-069370-index.htm,https://www.sec.gov/Archives/edgar/data/1261654/000095012311069370/c17627e10vq.htm
0,2011-03-31,UTI,2011-05-04,2011-05-04 06:00:58,Q2,114200000,57700000,56500000,0.4947460595446585,0.0,43400000,0.0,57692000,45099999.99999999,102800000,100000.0,6150000.0,17850000,0.156305,11400000,0.099825,100000.0,11600000,0.101576,4600000.0,7000000.0,0.061296,0.2834,0.2834,24700000,24700000,https://www.sec.gov/Archives/edgar/data/1261654/000095012311044136/0000950123-11-044136-index.htm,https://www.sec.gov/Archives/edgar/data/1261654/000095012311044136/c16309e10vq.htm
0,2010-12-31,UTI,2011-02-04,2011-02-04 15:19:31,Q1,117400000,53800000,63600000,0.5417376490630323,0.0,45000000,0.0,53836000,46800000,100600000,100000.0,6080000.0,23280000,0.198296,16900000,0.143952,100000.0,17100000,0.145656,6800000.0,10300000,0.087734,0.4187,0.4187,24600000,24600000,https://www.sec.gov/Archives/edgar/data/1261654/000095012311009200/0000950123-11-009200-index.htm,https://www.sec.gov/Archives/edgar/data/1261654/000095012310109850/p18236e10vk.htm
0,2010-09-30,UTI,2010-12-01,2010-11-30 20:06:40,Q4,119200000,58300000,60900000,0.5109060402684564,0.0,49100000,0.0,58345000,49200000,107500000,2000.0,6330000.0,18232000,0.152953,11800000,0.098993,100000.0,11900000,0.099832,4700000.0,7200000.0,0.060403,0.29388,0.29388,24500000,24500000,https://www.sec.gov/Archives/edgar/data/1261654/000095012310109850/0000950123-10-109850-index.htm,https://www.sec.gov/Archives/edgar/data/1261654/000095012310109850/p18236e10vk.htm
0,2010-06-30,UTI,2010-08-04,2010-08-03 18:15:46,Q3,107500000,53700000,53800000,0.5004651162790698,0.0,42700000,0.0,53712000,44000000,97700000,3000.0,4730000.0,14833000,0.137981,9900000.0,0.092093,100000.0,10000000,0.093023,3800000.0,6300000.0,0.058605,0.25506,0.25506,24700000,24700000,https://www.sec.gov/Archives/edgar/data/1261654/000095012310071926/0000950123-10-071926-index.htm,https://www.sec.gov/Archives/edgar/data/1261654/000095012310071926/c04190e10vq.htm
0,2010-03-31,UTI,2010-05-03,2010-05-03 17:21:10,Q2,105600000,51600000,54000000,0.5113636363636364,0.0,43100000,0.0,51593000,44100000,95700000,100000.0,4460000.0,14560000,0.137879,9900000.0,0.09375,100000.0,10100000,0.095644,4000000.0,6000000.0,0.056818,0.2449,0.2449,24500000,24500000,https://www.sec.gov/Archives/edgar/data/1261654/000095012310042827/0000950123-10-042827-index.htm,https://www.sec.gov/Archives/edgar/data/1261654/000095012310042827/c00081e10vq.htm
0,2009-12-31,UTI,2010-02-02,2010-02-02 13:58:39,Q1,103500000,48900000,54600000,0.527536231884058,0.0,38500000,0.0,48927000,39600000,88500000,4000.0,4370000.0,19674000,0.190087,15100000,0.145894,100000.0,15200000,0.14686,6000000.0,9300000.0,0.089855,0.3843,0.3843,24200000,24200000,https://www.sec.gov/Archives/edgar/data/1261654/000095012310007645/0000950123-10-007645-index.htm,https://www.sec.gov/Archives/edgar/data/1261654/000095012309067125/p16379e10vk.htm
0,2009-09-30,UTI,2009-12-01,2009-12-01 10:44:35,Q4,99500000,49500000,50000000,0.5025125628140703,0.0,37700000,0.0,49543000,37700000,87200000,11000.0,4480000.0,17091000,0.171769,12300000,0.123618,300000.0,12600000,0.126633,5000000.0,7600000.0,0.076382,0.31535,0.31535,24100000,24100000,https://www.sec.gov/Archives/edgar/data/1261654/000095012309067125/0000950123-09-067125-index.htm,https://www.sec.gov/Archives/edgar/data/1261654/000095012309067125/p16379e10vk.htm
0,2009-06-30,UTI,2009-08-04,2009-08-04 10:30:31,Q3,87900000,47300000,40600000,0.46188850967007966,0.0,37600000,0.0,47307000,37600000.00000001,84900000.00000001,16000.0,4260000.0,7276000.0,0.082776,3000000.0,0.03413,100000.0,3100000.0,0.035267,1100000.0,1900000.0,0.021615,0.07917,0.07917,24000000,24000000,https://www.sec.gov/Archives/edgar/data/1261654/000095012309029301/0000950123-09-029301-index.htm,https://www.sec.gov/Archives/edgar/data/1261654/000095012309029301/c88614e10vq.htm
0,2009-03-31,UTI,2009-05-05,2009-05-05 17:29:28,Q2,89100000,48900000,40200000,0.4511784511784512,0.0,40400000,0.0,48898000,40400000,89300000,9000.0,4460000.0,4369000.0,0.049035,-200000.0,-0.002245,100000.0,-100000.0,-0.001122,-1000.0,-100000.0,-0.001122,-0.00408,-0.00408,24500000,24500000,https://www.sec.gov/Archives/edgar/data/1261654/000136231009006529/0001362310-09-006529-index.htm,https://www.sec.gov/Archives/edgar/data/1261654/000136231009006529/c84807e10vq.htm
0,2008-12-31,UTI,2009-02-03,2009-02-03 17:30:33,Q1,90100000,47700000,42400000,0.47058823529411764,0.0,38800000,0.0,47742000,38800000,86500000,12000.0,4370000.0,8082000.0,0.0897,3600000.0,0.039956,100000.0,3700000.0,0.041065,1400000.0,2300000.0,0.025527,0.0902,0.0902,25500000,25500000,https://www.sec.gov/Archives/edgar/data/1261654/000136231009001036/0001362310-09-001036-index.htm,https://www.sec.gov/Archives/edgar/data/1261654/000095015308002001/p13573e10vk.htm
0,2008-09-30,UTI,2008-11-26,2008-11-25 20:10:06,Q4,84600000,47300000,37300000,0.44089834515366433,0.0,36800000,0.0,47254000,36800000,84100000,68000.0,4430000.0,5498000.0,0.064988,500000.0,0.00591,361000.0,1000000.0,0.01182,400000.0,600000.0,0.007092,0.02362,0.02362,25400000,25400000,https://www.sec.gov/Archives/edgar/data/1261654/000095015308002001/0000950153-08-002001-index.htm,https://www.sec.gov/Archives/edgar/data/1261654/000095015308002001/p13573e10vk.htm
0,2008-06-30,UTI,2008-08-06,2008-08-06 16:33:12,Q3,80600000,46400000,34200000,0.42431761786600497,0.0,35700000,0.0,46378000,35699999.99999999,82100000,-10000.0,4390000.000000001,3680000.000000001,0.045658,-1400000.0,-0.01737,200000.0,-700000.0,-0.008685,-11000.0,-700000.0,-0.008685,-0.02789,-0.02789,25100000,25100000,https://www.sec.gov/Archives/edgar/data/1261654/000136231008004228/0001362310-08-004228-index.htm,https://www.sec.gov/Archives/edgar/data/1261654/000136231008004228/c74343e10vq.htm
0,2008-03-31,UTI,2008-05-06,2008-05-06 17:03:14,Q2,88200000,46800000,41400000,0.46938775510204084,0.0,39100000,0.0,46822000,39100000.00000001,85900000.00000001,-9000.0,4409999.999999999,7500999.999999999,0.085045,2300000.0,0.026077,-857000.0,3100000.0,0.035147,1200000.0,1900000.0,0.021542,0.07422,0.07422,25600000,25600000,https://www.sec.gov/Archives/edgar/data/1261654/000136231008002454/0001362310-08-002454-index.htm,https://www.sec.gov/Archives/edgar/data/1261654/000136231008002454/c73206e10vq.htm
0,2007-12-31,UTI,2008-02-08,2008-02-07 18:44:19,Q1,90000000,46200000,43800000,0.4866666666666667,0.0,34500000,0.0,46186000,34500000,80700000,-10000.0,4380000.0,15070000,0.167444,9300000.0,0.103333,-1361000.0,10700000,0.118889,4200000.0,6500000.0,0.072222,0.23723,0.23723,27400000,27400000,https://www.sec.gov/Archives/edgar/data/1261654/000136231008000554/0001362310-08-000554-index.htm,https://www.sec.gov/Archives/edgar/data/1261654/000095015307002493/p74674e10vk.htm
0,2007-09-30,UTI,2007-11-29,2007-11-28 20:50:49,Q4,87000000,50100000,36900000,0.4241379310344828,0.0,38900000,0.0,50059000,38800000.00000001,88900000,-10000.0,4520000.0,3510000.0,0.040345,-1900000.0,-0.021839,-864000.0,-1100000.0,-0.012644,300000.0,-1300000.0,-0.014943,-0.04851,-0.04851,26800000,26800000,https://www.sec.gov/Archives/edgar/data/1261654/000095015307002493/0000950153-07-002493-index.htm,https://www.sec.gov/Archives/edgar/data/1261654/000095015307002493/p74674e10vk.htm
0,2007-06-30,UTI,2007-08-09,2007-08-09 09:03:27,Q3,85200000,46100000,39100000,0.45892018779342725,0.0,33300000,0.0,46137000,33400000,79500000,-11000.0,5680000.0,11869000,0.139308,5700000.0,0.066901,-500000.0,6200000.0,0.07277,2300000.0,3900000.0,0.045775,0.14234,0.14234,27400000,27400000,https://www.sec.gov/Archives/edgar/data/1261654/000095015307001725/0000950153-07-001725-index.htm,https://www.sec.gov/Archives/edgar/data/1261654/000095015307001725/p74213e10vq.htm
0,2007-03-31,UTI,2007-05-10,2007-05-10 15:07:37,Q2,91700000,45900000,45800000,0.4994547437295529,0.0,36300000,0.0,45854000,36300000.00000001,82200000,-11000.0,4430000.000000001,14419000.000000002,0.157241,9500000.0,0.103599,-595000.0,10000000,0.109051,3900000.0,6100000.0,0.066521,0.22344,0.22344,27300000,27300000,https://www.sec.gov/Archives/edgar/data/1261654/000095015307001077/0000950153-07-001077-index.htm,https://www.sec.gov/Archives/edgar/data/1261654/000095015307001077/p73772e10vq.htm
0,2006-12-31,UTI,2007-02-09,2007-02-08 18:57:24,Q1,89500000,44200000,45300000,0.506145251396648,0.0,34800000,0.0,44195000,34800000,79000000,-11000.0,4120000.0,15309000,0.17105,10500000,0.117318,-661000.0,11200000,0.12514,4300000.0,6900000.0,0.077095,0.25461,0.25461,27100000,27100000,https://www.sec.gov/Archives/edgar/data/1261654/000095015307000249/0000950153-07-000249-index.htm,https://www.sec.gov/Archives/edgar/data/1261654/000095015306003008/p73246e10vk.htm
0,2006-09-30,UTI,2006-12-13,2006-12-13 15:47:14,Q4,88700000,45400000,43300000,0.4881623449830891,0.0,37100000,0.0,45377000,37100000,82500000,-10000.0,4060000.0000000005,10850000,0.122322,6300000.0,0.071026,-567000.0,6800000.0,0.076663,2500000.0,4300000.0,0.048478,0.15636,0.15636,27500000,27500000,https://www.sec.gov/Archives/edgar/data/1261654/000095015306003008/0000950153-06-003008-index.htm,https://www.sec.gov/Archives/edgar/data/1261654/000095015306003008/p73246e10vk.htm
0,2006-06-30,UTI,2006-08-09,2006-08-09 15:16:04,Q3,84100000,44800000,39300000,0.46730083234244946,0.0,33600000,0.0,44779000,33600000.00000001,78400000.00000001,-11000.0,3560000.0000000005,10049000,0.119489,5700000.0,0.067776,-809000.0,6500000.0,0.077289,2000000.0,4500000.0,0.053508,0.15901,0.15901,28300000,28300000,https://www.sec.gov/Archives/edgar/data/1261654/000095015306002110/0000950153-06-002110-index.htm,https://www.sec.gov/Archives/edgar/data/1261654/000095015306002110/p72743e10vq.htm
0,2006-03-31,UTI,2006-05-10,2006-05-10 16:29:02,Q2,88700000,43000000,45700000,0.5152198421645998,0.0,33200000,0.0,42971000,33200000,76200000,-11000.0,3349999.9999999995,16739000,0.188715,12500000,0.140924,-848000.0,13400000,0.151071,5100000.0,8300000.0,0.093574,0.29021,0.29021,28600000,28600000,https://www.sec.gov/Archives/edgar/data/1261654/000095015306001304/0000950153-06-001304-index.htm,https://www.sec.gov/Archives/edgar/data/1261654/000095015306001304/p72317e10vq.htm
0,2005-12-31,UTI,2006-02-09,2006-02-09 17:07:03,Q1,85500000,40100000,45400000,0.5309941520467836,0.0,29200000,0.0,40102000,29199999.999999996,69300000,-16000.0,3240000.0,20224000,0.236538,16300000,0.190643,-746000.0,17000000,0.19883,6700000.0,10300000,0.120468,0.3614,0.3614,28500000,28500000,https://www.sec.gov/Archives/edgar/data/1261654/000095015306000302/0000950153-06-000302-index.htm,https://www.sec.gov/Archives/edgar/data/1261654/000095015305003145/p71542e10vk.htm
0,2005-09-30,UTI,2005-12-14,2005-12-14 13:49:43,Q4,83900000,39700000,44200000,0.5268176400476758,0.0,29800000,0.0,39669000,29799999.999999996,69500000,-25000.0,2689999.9999999995,17565000,0.209356,14400000,0.171633,936000.0,14900000,0.177592,5700000.0,9200000.0,0.109654,0.32168,0.32168,28600000,28600000,https://www.sec.gov/Archives/edgar/data/1261654/000095015305003145/0000950153-05-003145-index.htm,https://www.sec.gov/Archives/edgar/data/1261654/000095015305003145/p71542e10vk.htm
0,2005-06-30,UTI,2005-08-12,2005-08-12 16:51:32,Q3,76100000,37000000,39100000,0.5137976346911958,0.0,27600000,0.0,37046000,27599999.999999993,64599999.99999999,-34000.0,2519999.9999999995,14286000,0.187727,11500000,0.151117,-403000.0,11900000,0.156373,4200000.0,7600000.0,0.099869,0.26667,0.26667,28500000,28500000,https://www.sec.gov/Archives/edgar/data/1261654/000095015305002015/0000950153-05-002015-index.htm,https://www.sec.gov/Archives/edgar/data/1261654/000095015305002015/p71068e10vq.htm
0,2005-03-31,UTI,2005-05-05,2005-05-05 15:54:44,Q2,77500000,35000000,42500000,0.5483870967741935,0.0,28100000,0.0,34958000,28100000,63100000,-16000.0,2370000.0,17154000,0.221342,14400000,0.185806,-316000.0,14700000,0.189677,5600000.0,9200000.0,0.11871,0.32168,0.32168,28600000,28600000,https://www.sec.gov/Archives/edgar/data/1261654/000095015305001019/0000950153-05-001019-index.htm,https://www.sec.gov/Archives/edgar/data/1261654/000095015305001019/p70594e10vq.htm
0,2004-12-31,UTI,2005-02-10,2005-02-09 20:05:36,Q1,73300000,33400000,39900000,0.5443383356070941,0.0,24500000,0.0,33353000,24500000,57900000,-41000.0,2200000.0,17859000,0.243643,15500000,0.21146,-217.0,15700000,0.214188,5900000.0,9800000.0,0.133697,0.34386,0.34386,28500000,28500000,https://www.sec.gov/Archives/edgar/data/1261654/000095012405000655/0000950124-05-000655-index.htm,https://www.sec.gov/Archives/edgar/data/1261654/000095015304002536/p70013e10vk.htm
0,2004-09-30,UTI,2004-12-23,2004-12-23 15:14:41,Q4,69500000,33500000,36000000,0.5179856115107914,0.0,24200000,0.0,33522000,24200000.000000004,57700000,-68000.0,2500000.000000001,13832000.000000002,0.199022,11700000,0.168345,-400000.0,11400000,0.164029,4700000.0,6700000.0,0.096403,0.23675,0.23675,28300000,28300000,https://www.sec.gov/Archives/edgar/data/1261654/000095015304002536/0000950153-04-002536-index.htm,https://www.sec.gov/Archives/edgar/data/1261654/000095015304002536/p70013e10vk.htm
0,2004-06-30,UTI,2004-08-16,2004-08-16 15:39:09,Q3,62900000,29400000,33500000,0.5325914149443561,0.0,22700000,0.0,29376000,22700000.000000004,52100000,-185000.0,2199999.999999999,12715000,0.202146,10900000,0.173291,0.0,10800000,0.171701,4100000.0,6600000.0,0.104928,0.23077,0.23077,28600000,28600000,https://www.sec.gov/Archives/edgar/data/1261654/000095012404003863/0000950124-04-003863-index.htm,https://www.sec.gov/Archives/edgar/data/1261654/000095012404003863/p69525e10vq.htm
0,2004-03-31,UTI,2004-05-17,2004-05-14 21:49:35,Q2,63700000,28200000,35500000,0.5572998430141287,0.0,22000000,0.0,28230000,22000000.000000004,50200000.00000001,-195000.0,2010000.0000000002,15215000,0.238854,13500000,0.211931,0.0,13300000,0.208791,5300000.0,8100000.0,0.127159,0.28421,0.28421,28500000,28500000,https://www.sec.gov/Archives/edgar/data/1261654/000095015304001250/0000950153-04-001250-index.htm,https://www.sec.gov/Archives/edgar/data/1261654/000095015304001250/p69167e10vq.htm
