,date,symbol,fillingDate,acceptedDate,period,revenue,costOfRevenue,grossProfit,grossProfitRatio,researchAndDevelopmentExpenses,generalAndAdministrativeExpenses,sellingAndMarketingExpenses,otherExpenses,operatingExpenses,costAndExpenses,interestExpense,depreciationAndAmortization,ebitda,ebitdaratio,operatingIncome,operatingIncomeRatio,totalOtherIncomeExpensesNet,incomeBeforeTax,incomeBeforeTaxRatio,incomeTaxExpense,netIncome,netIncomeRatio,eps,epsdiluted,weightedAverageShsOut,weightedAverageShsOutDil,link,finalLink
0,2020-07-31,DOL.TO,2020-07-31,2020-07-31,Q3,1013592000,568842000,444750000,0.4387860204105794,0.0,169337000,0.0,0.0,0.0,804686000,22604000,61794000,277916000,0.27418922012012725,208906000,0.18627317500532758,2503000.0,188805000,0.18627317500532758,46309000,142496000,0.14058516641804591,0.46,0.46,310748000,312527000,https://www.sedar.com/ModifyCompanyDocumentSearchForm.do?lang=EN&company_search=Dollarama Inc&document_selection=0&industry_group=A&FromDate=13&FromMonth=05&FromYear=2000&ToDate=13&ToMonth=11&ToYear=2020&Variable=Issuer,https://www.sedar.com/ModifyCompanyDocumentSearchForm.do?lang=EN&company_search=Dollarama Inc&document_selection=0&industry_group=A&FromDate=13&FromMonth=05&FromYear=2000&ToDate=13&ToMonth=11&ToYear=2020&Variable=Issuer
0,2020-04-30,DOL.TO,2020-04-30,2020-04-30,Q2,844798000,495747000,349051000,0.413176877786169,0.0,137738000,0.0,0.0,0.0,697460000,27202000,59859000,213687000,0.25294449087237425,147338000,0.1450169152862578,2374000.0,122510000,0.1450169152862578,36431000,86079000,0.1018929969057692,0.28,0.28,310281000,312074000,https://www.sedar.com/ModifyCompanyDocumentSearchForm.do?lang=EN&company_search=Dollarama Inc&document_selection=0&industry_group=A&FromDate=13&FromMonth=05&FromYear=2000&ToDate=13&ToMonth=11&ToYear=2020&Variable=Issuer,https://www.sedar.com/ModifyCompanyDocumentSearchForm.do?lang=EN&company_search=Dollarama Inc&document_selection=0&industry_group=A&FromDate=13&FromMonth=05&FromYear=2000&ToDate=13&ToMonth=11&ToYear=2020&Variable=Issuer
0,2020-01-31,DOL.TO,2020-01-31,2020-01-31,Q1,1065201000,588739000,476462000,0.44729774005093875,0.0,155683000,0.0,0.0,0.0,807669000,22554000,0.0,326658000,0.3066632494712266,257532000,0.22610756092042722,8549000.0,240850000,0.22610756092042722,62133000,178717000,0.16777772457968027,0.5751187457360949,0.5751187457360949,310748000,310748000,https://www.sedar.com/ModifyCompanyDocumentSearchForm.do?lang=EN&company_search=Dollarama Inc&document_selection=0&industry_group=A&FromDate=13&FromMonth=05&FromYear=2000&ToDate=13&ToMonth=11&ToYear=2020&Variable=Issuer,https://www.sedar.com/ModifyCompanyDocumentSearchForm.do?lang=EN&company_search=Dollarama Inc&document_selection=0&industry_group=A&FromDate=13&FromMonth=05&FromYear=2000&ToDate=13&ToMonth=11&ToYear=2020&Variable=Issuer
0,2019-10-31,DOL.TO,2019-10-31,2019-10-31,Q4,947649000,533887000,413762000,0.4366194656460356,0.0,142242000,0.0,0.0,0.0,737503000,25198000,0.0,273227000,0.28832088674182105,210146000,0.19996538802868996,4549000.0,189497000,0.19996538802868996,50870000,138627000,0.1462851752072761,0.44,0.44,314125000,317843000,https://www.sedar.com/ModifyCompanyDocumentSearchForm.do?lang=EN&company_search=Dollarama Inc&document_selection=0&industry_group=A&FromDate=13&FromMonth=05&FromYear=2000&ToDate=13&ToMonth=11&ToYear=2020&Variable=Issuer,https://www.sedar.com/ModifyCompanyDocumentSearchForm.do?lang=EN&company_search=Dollarama Inc&document_selection=0&industry_group=A&FromDate=13&FromMonth=05&FromYear=2000&ToDate=13&ToMonth=11&ToYear=2020&Variable=Issuer
0,2019-07-31,DOL.TO,2019-07-31,2019-07-31,Q3,946405000,533162000,413243000,0.43664498813932723,0.0,131651000,0.0,0.0,0.0,724778000,24618000,55894000,281592000,0.29753858020614854,221627000,0.20816563733285431,0.0,197009000,0.20816563733285431,53826000,143183000,0.15129146612708091,0.45,0.45,314757000,318533000,https://www.sedar.com/ModifyCompanyDocumentSearchForm.do?lang=EN&company_search=Dollarama Inc&document_selection=0&industry_group=A&FromDate=13&FromMonth=05&FromYear=2000&ToDate=13&ToMonth=11&ToYear=2020&Variable=Issuer,https://www.sedar.com/ModifyCompanyDocumentSearchForm.do?lang=EN&company_search=Dollarama Inc&document_selection=0&industry_group=A&FromDate=13&FromMonth=05&FromYear=2000&ToDate=13&ToMonth=11&ToYear=2020&Variable=Issuer
0,2019-04-30,DOL.TO,2019-04-30,2019-04-30,Q2,828036000,479145000,348891000,0.42134762256713476,0.0,122123000,0.0,0.0,0.0,659467000,25558000,54641000,226768000,0.2738624890705235,168569000,0.1727110898559966,0.0,143011000,0.1727110898559966,39499000,103512000,0.1250090575772068,0.33,0.33,314701000,317863000,https://www.sedar.com/ModifyCompanyDocumentSearchForm.do?lang=EN&company_search=Dollarama Inc&document_selection=0&industry_group=A&FromDate=13&FromMonth=05&FromYear=2000&ToDate=13&ToMonth=11&ToYear=2020&Variable=Issuer,https://www.sedar.com/ModifyCompanyDocumentSearchForm.do?lang=EN&company_search=Dollarama Inc&document_selection=0&industry_group=A&FromDate=13&FromMonth=05&FromYear=2000&ToDate=13&ToMonth=11&ToYear=2020&Variable=Issuer
0,2019-01-31,DOL.TO,2019-01-31,2019-01-31,Q1,1059714000,631470000,428244000,0.40411280779531084,0.0,155055000,0.0,0.0,0.0,808404000,12030000,17992000,270891000,0.25562651809827935,251310000,0.22362826196502075,0.0,236982000,0.22362826196502075,65002000,171980000,0.16228907044730936,0.5534387992843075,0.5534387992843075,310748000,310748000,https://www.sedar.com/ModifyCompanyDocumentSearchForm.do?lang=EN&company_search=Dollarama Inc&document_selection=0&industry_group=A&FromDate=13&FromMonth=05&FromYear=2000&ToDate=13&ToMonth=11&ToYear=2020&Variable=Issuer,https://www.sedar.com/ModifyCompanyDocumentSearchForm.do?lang=EN&company_search=Dollarama Inc&document_selection=0&industry_group=A&FromDate=13&FromMonth=05&FromYear=2000&ToDate=13&ToMonth=11&ToYear=2020&Variable=Issuer
0,2018-10-31,DOL.TO,2018-10-31,2018-10-31,Q4,864267000,528411000,335856000,0.38860213336850763,0.0,121227000,0.0,0.0,0.0,669267000,11443000,16149000,214629000,0.24833645158267062,195000000,0.21238459874089835,0.0,183557000,0.21238459874089835,50010000,133547000,0.15452053589920708,0.41,0.41,325032000,328905000,https://www.sedar.com/ModifyCompanyDocumentSearchForm.do?lang=EN&company_search=Dollarama Inc&document_selection=0&industry_group=A&FromDate=13&FromMonth=05&FromYear=2000&ToDate=13&ToMonth=11&ToYear=2020&Variable=Issuer,https://www.sedar.com/ModifyCompanyDocumentSearchForm.do?lang=EN&company_search=Dollarama Inc&document_selection=0&industry_group=A&FromDate=13&FromMonth=05&FromYear=2000&ToDate=13&ToMonth=11&ToYear=2020&Variable=Issuer
0,2018-07-31,DOL.TO,2018-07-31,2018-07-31,Q3,868453000,524041000,344412000,0.3965810469881502,0.0,118577000,0.0,0.0,0.0,661748000,11409000,15832000,225835000,0.2600428578172912,206705000,0.22487803024458433,0.0,195296000,0.22487803024458433,53524000,141772000,0.16324660056445195,0.43,0.43,327314000,331645000,https://www.sedar.com/ModifyCompanyDocumentSearchForm.do?lang=EN&company_search=Dollarama Inc&document_selection=0&industry_group=A&FromDate=13&FromMonth=05&FromYear=2000&ToDate=13&ToMonth=11&ToYear=2020&Variable=Issuer,https://www.sedar.com/ModifyCompanyDocumentSearchForm.do?lang=EN&company_search=Dollarama Inc&document_selection=0&industry_group=A&FromDate=13&FromMonth=05&FromYear=2000&ToDate=13&ToMonth=11&ToYear=2020&Variable=Issuer
0,2018-04-30,DOL.TO,2018-04-30,2018-04-30,Q2,756069000,471417000,284652000,0.3764894473917063,0.0,114478000,0.0,0.0,0.0,604631000,11326000,15531000,170174000,0.2250773408247131,151438000,0.18531641953313785,0.0,140112000,0.18531641953313785,38537000,101575000,0.13434620385176485,0.31,0.306667,327909000,332403000,https://www.sedar.com/ModifyCompanyDocumentSearchForm.do?lang=EN&company_search=Dollarama Inc&document_selection=0&industry_group=A&FromDate=13&FromMonth=05&FromYear=2000&ToDate=13&ToMonth=11&ToYear=2020&Variable=Issuer,https://www.sedar.com/ModifyCompanyDocumentSearchForm.do?lang=EN&company_search=Dollarama Inc&document_selection=0&industry_group=A&FromDate=13&FromMonth=05&FromYear=2000&ToDate=13&ToMonth=11&ToYear=2020&Variable=Issuer
0,2018-01-31,DOL.TO,2018-01-31,2018-01-31,Q1,938075000,549355000,388720000,0.4143805132851851,0.0,134920000,0.0,0.0,0.0,702980000,8239000.0,15133000,251783000,0.26840391226714283,235095000,0.239681262159209,0.0,224839000,0.239681262159209,62011000,162828000,0.17357673959971218,0.5239872822994839,0.5239872822994839,310748000,310748000,https://www.sedar.com/ModifyCompanyDocumentSearchForm.do?lang=EN&company_search=Dollarama Inc&document_selection=0&industry_group=A&FromDate=13&FromMonth=05&FromYear=2000&ToDate=13&ToMonth=11&ToYear=2020&Variable=Issuer,https://www.sedar.com/ModifyCompanyDocumentSearchForm.do?lang=EN&company_search=Dollarama Inc&document_selection=0&industry_group=A&FromDate=13&FromMonth=05&FromYear=2000&ToDate=13&ToMonth=11&ToYear=2020&Variable=Issuer
0,2017-10-31,DOL.TO,2017-10-31,2017-10-31,Q4,810583000,485703000,324880000,0.40079794419572085,0.0,117630000,0.0,0.0,0.0,621332000,10154000,14691000,207250000,0.2556801709386947,189251000,0.22094837912958945,0.0,179097000,0.22094837912958945,49005000,130092000,0.1604918928721673,0.386667,0.383333,336573000,340803000,https://www.sedar.com/ModifyCompanyDocumentSearchForm.do?lang=EN&company_search=Dollarama Inc&document_selection=0&industry_group=A&FromDate=13&FromMonth=05&FromYear=2000&ToDate=13&ToMonth=11&ToYear=2020&Variable=Issuer,https://www.sedar.com/ModifyCompanyDocumentSearchForm.do?lang=EN&company_search=Dollarama Inc&document_selection=0&industry_group=A&FromDate=13&FromMonth=05&FromYear=2000&ToDate=13&ToMonth=11&ToYear=2020&Variable=Issuer
0,2017-07-31,DOL.TO,2017-07-31,2017-07-31,Q3,812487000,490490000,321997000,0.3963103409654554,0.0,112783000,0.0,0.0,0.0,620574000,10225000,14281000,209214000,0.25749827381853496,191913000,0.2236195779132466,0.0,181688000,0.2236195779132466,49888000,131800000,0.16221798010306626,0.386667,0.383333,340041000,344115000,https://www.sedar.com/ModifyCompanyDocumentSearchForm.do?lang=EN&company_search=Dollarama Inc&document_selection=0&industry_group=A&FromDate=13&FromMonth=05&FromYear=2000&ToDate=13&ToMonth=11&ToYear=2020&Variable=Issuer,https://www.sedar.com/ModifyCompanyDocumentSearchForm.do?lang=EN&company_search=Dollarama Inc&document_selection=0&industry_group=A&FromDate=13&FromMonth=05&FromYear=2000&ToDate=13&ToMonth=11&ToYear=2020&Variable=Issuer
0,2017-04-30,DOL.TO,2017-04-30,2017-04-30,Q2,704945000,439623000,265322000,0.37637262481470185,0.0,109474000,0.0,0.0,0.0,565642000,9242000.0,13813000,155848000,0.2210782401463944,139303000,0.1844980814106065,0.0,130061000,0.1844980814106065,35371000,94690000,0.1343225358006653,0.276667,0.273333,343110000,347046000,https://www.sedar.com/ModifyCompanyDocumentSearchForm.do?lang=EN&company_search=Dollarama Inc&document_selection=0&industry_group=A&FromDate=13&FromMonth=05&FromYear=2000&ToDate=13&ToMonth=11&ToYear=2020&Variable=Issuer,https://www.sedar.com/ModifyCompanyDocumentSearchForm.do?lang=EN&company_search=Dollarama Inc&document_selection=0&industry_group=A&FromDate=13&FromMonth=05&FromYear=2000&ToDate=13&ToMonth=11&ToYear=2020&Variable=Issuer
0,2017-01-31,DOL.TO,2017-01-31,2017-01-31,Q1,854531000,501156000,353375000,0.413530931001918,0.0,127166000,0.0,0.0,0.0,643871000,9162000.0,12947000,224728000,0.262984022814854,210660000,0.23406640601686773,0.0,200017000,0.23406640601686773,53943000,146074000,0.17094055101570335,0.47007221285414547,0.47007221285414547,310748000,310748000,https://www.sedar.com/ModifyCompanyDocumentSearchForm.do?lang=EN&company_search=Dollarama Inc&document_selection=0&industry_group=A&FromDate=13&FromMonth=05&FromYear=2000&ToDate=13&ToMonth=11&ToYear=2020&Variable=Issuer,https://www.sedar.com/ModifyCompanyDocumentSearchForm.do?lang=EN&company_search=Dollarama Inc&document_selection=0&industry_group=A&FromDate=13&FromMonth=05&FromYear=2000&ToDate=13&ToMonth=11&ToYear=2020&Variable=Issuer
0,2016-10-31,DOL.TO,2016-10-31,2016-10-31,Q4,738708000,447239000,291469000,0.3945659177916037,0.0,116972000,0.0,0.0,0.0,578877000,8517000.0,12264000,174497000,0.2362191826811135,159831000,0.20483601098133497,0.0,151314000,0.20483601098133497,41256000,110058000,0.14898715053850778,0.31,0.306667,354543000,358488000,https://www.sedar.com/ModifyCompanyDocumentSearchForm.do?lang=EN&company_search=Dollarama Inc&document_selection=0&industry_group=A&FromDate=13&FromMonth=05&FromYear=2000&ToDate=13&ToMonth=11&ToYear=2020&Variable=Issuer,https://www.sedar.com/ModifyCompanyDocumentSearchForm.do?lang=EN&company_search=Dollarama Inc&document_selection=0&industry_group=A&FromDate=13&FromMonth=05&FromYear=2000&ToDate=13&ToMonth=11&ToYear=2020&Variable=Issuer
0,2016-07-31,DOL.TO,2016-07-31,2016-07-31,Q3,728968000,449391000,279577000,0.3835243796709869,0.0,110942000,0.0,0.0,0.0,574339000,7289000.0,11688000,168635000,0.23133388571240437,154629000,0.20212135512121246,0.0,147340000,0.20212135512121246,40988000,106352000,0.14589392126952075,0.296667,0.293333,358293000,361986000,https://www.sedar.com/ModifyCompanyDocumentSearchForm.do?lang=EN&company_search=Dollarama Inc&document_selection=0&industry_group=A&FromDate=13&FromMonth=05&FromYear=2000&ToDate=13&ToMonth=11&ToYear=2020&Variable=Issuer,https://www.sedar.com/ModifyCompanyDocumentSearchForm.do?lang=EN&company_search=Dollarama Inc&document_selection=0&industry_group=A&FromDate=13&FromMonth=05&FromYear=2000&ToDate=13&ToMonth=11&ToYear=2020&Variable=Issuer
0,2016-04-30,DOL.TO,2016-04-30,2016-04-30,Q2,641012000,404149000,236863000,0.3695141432609686,0.0,102946000,0.0,0.0,0.0,520622000,6634000.0,11294000,133917000,0.20891496571047033,120390000,0.17746313641554293,0.0,113756000,0.17746313641554293,30604000,83152000,0.12971988043905575,0.226667,0.226667,365943000,369456000,https://www.sedar.com/ModifyCompanyDocumentSearchForm.do?lang=EN&company_search=Dollarama Inc&document_selection=0&industry_group=A&FromDate=13&FromMonth=05&FromYear=2000&ToDate=13&ToMonth=11&ToYear=2020&Variable=Issuer,https://www.sedar.com/ModifyCompanyDocumentSearchForm.do?lang=EN&company_search=Dollarama Inc&document_selection=0&industry_group=A&FromDate=13&FromMonth=05&FromYear=2000&ToDate=13&ToMonth=11&ToYear=2020&Variable=Issuer
0,2016-01-31,DOL.TO,2016-01-31,2016-01-31,Q1,766476000,453526000,312950000,0.40829719391083347,0.0,123075000,0.0,0.0,0.0,589546000,4742000.0,10824000,188574000,0.2460272728696006,176930000,0.22295153403368143,0.0,170887000,0.22295153403368143,46067000,124820000,0.1628491955390645,0.4016759560801679,0.4016759560801679,310748000,310748000,https://www.sedar.com/ModifyCompanyDocumentSearchForm.do?lang=EN&company_search=Dollarama Inc&document_selection=0&industry_group=A&FromDate=13&FromMonth=05&FromYear=2000&ToDate=13&ToMonth=11&ToYear=2020&Variable=Issuer,https://www.sedar.com/ModifyCompanyDocumentSearchForm.do?lang=EN&company_search=Dollarama Inc&document_selection=0&industry_group=A&FromDate=13&FromMonth=05&FromYear=2000&ToDate=13&ToMonth=11&ToYear=2020&Variable=Issuer
0,2015-10-31,DOL.TO,2015-10-31,2015-10-31,Q4,664491000,398537000,265954000,0.40023717401740583,0.0,111148000,0.0,0.0,0.0,521899000,5361000.0,10223000,154806000,0.23296929529519586,142592000,0.20652047958512607,0.0,137231000,0.20652047958512607,37155000,100076000,0.15060550105268544,0.263333,0.26,381615000,385407000,https://www.sedar.com/ModifyCompanyDocumentSearchForm.do?lang=EN&company_search=Dollarama Inc&document_selection=0&industry_group=A&FromDate=13&FromMonth=05&FromYear=2000&ToDate=13&ToMonth=11&ToYear=2020&Variable=Issuer,https://www.sedar.com/ModifyCompanyDocumentSearchForm.do?lang=EN&company_search=Dollarama Inc&document_selection=0&industry_group=A&FromDate=13&FromMonth=05&FromYear=2000&ToDate=13&ToMonth=11&ToYear=2020&Variable=Issuer
0,2015-07-31,DOL.TO,2015-07-31,2015-07-31,Q3,653290000,402708000,250582000,0.3835693183731574,0.0,103722000,0.0,0.0,0.0,518205000,4429000.0,9851000.0,146860000,0.2248006245312189,135085000,0.19999693857245635,0.0,130656000,0.19999693857245635,35186000,95470000,0.14613724379678245,0.246667,0.246667,385299000,388614000,https://www.sedar.com/ModifyCompanyDocumentSearchForm.do?lang=EN&company_search=Dollarama Inc&document_selection=0&industry_group=A&FromDate=13&FromMonth=05&FromYear=2000&ToDate=13&ToMonth=11&ToYear=2020&Variable=Issuer,https://www.sedar.com/ModifyCompanyDocumentSearchForm.do?lang=EN&company_search=Dollarama Inc&document_selection=0&industry_group=A&FromDate=13&FromMonth=05&FromYear=2000&ToDate=13&ToMonth=11&ToYear=2020&Variable=Issuer
0,2015-04-30,DOL.TO,2015-04-30,2015-04-30,Q2,566070000,362280000,203790000,0.36000847951666753,0.0,97871000,0.0,0.0,0.0,471302000,5562000.0,9430000.0,105919000,0.18711290123129648,94768000,0.157588284134471,0.0,89206000,0.157588284134471,24426000,64780000,0.1144381436924762,0.166667,0.166667,388707000,391743000,https://www.sedar.com/ModifyCompanyDocumentSearchForm.do?lang=EN&company_search=Dollarama Inc&document_selection=0&industry_group=A&FromDate=13&FromMonth=05&FromYear=2000&ToDate=13&ToMonth=11&ToYear=2020&Variable=Issuer,https://www.sedar.com/ModifyCompanyDocumentSearchForm.do?lang=EN&company_search=Dollarama Inc&document_selection=0&industry_group=A&FromDate=13&FromMonth=05&FromYear=2000&ToDate=13&ToMonth=11&ToYear=2020&Variable=Issuer
0,2015-01-31,DOL.TO,2015-01-31,2015-01-31,Q1,669093000,409767000,259326000,0.3875784083826912,0.0,108057000,0.0,0.0,0.0,528221000,4033000.0,0.0,150173000,0.2244426410080512,140872000,0.20287613231643434,0.0,135743000,0.20287613231643434,35473000,100270000,0.14985958603661972,0.3226730340983691,0.3226730340983691,310748000,310748000,https://www.sedar.com/ModifyCompanyDocumentSearchForm.do?lang=EN&company_search=Dollarama Inc&document_selection=0&industry_group=A&FromDate=13&FromMonth=05&FromYear=2000&ToDate=13&ToMonth=11&ToYear=2020&Variable=Issuer,https://www.sedar.com/ModifyCompanyDocumentSearchForm.do?lang=EN&company_search=Dollarama Inc&document_selection=0&industry_group=A&FromDate=13&FromMonth=05&FromYear=2000&ToDate=13&ToMonth=11&ToYear=2020&Variable=Issuer
0,2014-10-31,DOL.TO,2014-10-31,2014-10-31,Q4,587968000,371807000,216161000,0.367640755959508,0.0,101342000,0.0,0.0,0.0,482930000,5249000.0,0.0,114819000,0.19528103570262328,105038000,0.16971842005007076,0.0,99789000,0.16971842005007076,26769000,73020000,0.12419043213236095,0.183333,0.183333,396402000,398196000,https://www.sedar.com/ModifyCompanyDocumentSearchForm.do?lang=EN&company_search=Dollarama Inc&document_selection=0&industry_group=A&FromDate=13&FromMonth=05&FromYear=2000&ToDate=13&ToMonth=11&ToYear=2020&Variable=Issuer,https://www.sedar.com/ModifyCompanyDocumentSearchForm.do?lang=EN&company_search=Dollarama Inc&document_selection=0&industry_group=A&FromDate=13&FromMonth=05&FromYear=2000&ToDate=13&ToMonth=11&ToYear=2020&Variable=Issuer
0,2014-07-31,DOL.TO,2014-07-31,2014-07-31,Q3,572603000,366037000,206566000,0.36074907047291055,0.0,97984000,0.0,0.0,0.0,473367000,5093000.0,0.0,108582000,0.18962876547974775,99236000,0.16441234153506007,0.0,94143000,0.16441234153506007,25247000,68896000,0.12032071085900703,0.171667,0.171667,400314000,401904000,https://www.sedar.com/ModifyCompanyDocumentSearchForm.do?lang=EN&company_search=Dollarama Inc&document_selection=0&industry_group=A&FromDate=13&FromMonth=05&FromYear=2000&ToDate=13&ToMonth=11&ToYear=2020&Variable=Issuer,https://www.sedar.com/ModifyCompanyDocumentSearchForm.do?lang=EN&company_search=Dollarama Inc&document_selection=0&industry_group=A&FromDate=13&FromMonth=05&FromYear=2000&ToDate=13&ToMonth=11&ToYear=2020&Variable=Issuer
0,2014-04-30,DOL.TO,2014-04-30,2014-04-30,Q2,501141000,323646000,177495000,0.3541817572300011,0.0,91295000,0.0,0.0,0.0,423726000,4485000.0,0.0,86200000,0.17200747893307472,77415000,0.14552790532005963,0.0,72930000,0.14552790532005963,19706000,53224000,0.10620563873241264,0.13,0.13,410160000,411672000,https://www.sedar.com/ModifyCompanyDocumentSearchForm.do?lang=EN&company_search=Dollarama Inc&document_selection=0&industry_group=A&FromDate=13&FromMonth=05&FromYear=2000&ToDate=13&ToMonth=11&ToYear=2020&Variable=Issuer,https://www.sedar.com/ModifyCompanyDocumentSearchForm.do?lang=EN&company_search=Dollarama Inc&document_selection=0&industry_group=A&FromDate=13&FromMonth=05&FromYear=2000&ToDate=13&ToMonth=11&ToYear=2020&Variable=Issuer
0,2014-01-31,DOL.TO,2014-01-31,2014-01-31,Q1,582285000,358896000,223389000,0.38364203096421856,0.0,92706000,0.0,0.0,0.0,464710000,3397000.0,0.0,130091000,0.223414650901191,117575000,0.19506942476622272,0.0,113586000,0.19506942476622272,30601000,82985000,0.14251612183037515,0.26704918454825133,0.26704918454825133,310748000,310748000,https://www.sedar.com/ModifyCompanyDocumentSearchForm.do?lang=EN&company_search=Dollarama Inc&document_selection=0&industry_group=A&FromDate=13&FromMonth=05&FromYear=2000&ToDate=13&ToMonth=11&ToYear=2020&Variable=Issuer,https://www.sedar.com/ModifyCompanyDocumentSearchForm.do?lang=EN&company_search=Dollarama Inc&document_selection=0&industry_group=A&FromDate=13&FromMonth=05&FromYear=2000&ToDate=13&ToMonth=11&ToYear=2020&Variable=Issuer
0,2013-10-31,DOL.TO,2013-10-31,2013-10-31,Q4,522949000,328714000,194235000,0.3714224522850221,0.0,94459000,0.0,0.0,0.0,435444000,3074000.0,0.0,99776000,0.1907948958693869,87505000,0.16145169031779388,0.0,84431000,0.16145169031779388,22736000,61695000,0.11797517539951315,0.145,0.145,426288000,427254000,https://www.sedar.com/ModifyCompanyDocumentSearchForm.do?lang=EN&company_search=Dollarama Inc&document_selection=0&industry_group=A&FromDate=13&FromMonth=05&FromYear=2000&ToDate=13&ToMonth=11&ToYear=2020&Variable=Issuer,https://www.sedar.com/ModifyCompanyDocumentSearchForm.do?lang=EN&company_search=Dollarama Inc&document_selection=0&industry_group=A&FromDate=13&FromMonth=05&FromYear=2000&ToDate=13&ToMonth=11&ToYear=2020&Variable=Issuer
0,2013-07-31,DOL.TO,2013-07-31,2013-07-31,Q3,511322000,324036000,187286000,0.366278000946566,0.0,91611000,0.0,0.0,0.0,426937000,2297000.0,0.0,95675000,0.18711301293509766,84385000,0.16054071602630046,0.0,82088000,0.16054071602630046,22319000,59769000,0.1168911175345477,0.136667,0.136667,436308000,437418000,https://www.sedar.com/ModifyCompanyDocumentSearchForm.do?lang=EN&company_search=Dollarama Inc&document_selection=0&industry_group=A&FromDate=13&FromMonth=05&FromYear=2000&ToDate=13&ToMonth=11&ToYear=2020&Variable=Issuer,https://www.sedar.com/ModifyCompanyDocumentSearchForm.do?lang=EN&company_search=Dollarama Inc&document_selection=0&industry_group=A&FromDate=13&FromMonth=05&FromYear=2000&ToDate=13&ToMonth=11&ToYear=2020&Variable=Issuer
0,2013-04-30,DOL.TO,2013-04-30,2013-04-30,Q2,448120000,287446000,160674000,0.3585512809068999,0.0,84406000,0.0,0.0,0.0,383081000,2313000.0,0.0,76268000,0.1701954833526734,65039000,0.13997589931268412,0.0,62726000,0.13997589931268412,17081000,45645000,0.10185887708649469,0.103333,0.103333,438612000,439644000,https://www.sedar.com/ModifyCompanyDocumentSearchForm.do?lang=EN&company_search=Dollarama Inc&document_selection=0&industry_group=A&FromDate=13&FromMonth=05&FromYear=2000&ToDate=13&ToMonth=11&ToYear=2020&Variable=Issuer,https://www.sedar.com/ModifyCompanyDocumentSearchForm.do?lang=EN&company_search=Dollarama Inc&document_selection=0&industry_group=A&FromDate=13&FromMonth=05&FromYear=2000&ToDate=13&ToMonth=11&ToYear=2020&Variable=Issuer
0,2013-01-31,DOL.TO,2013-01-31,2013-01-31,Q1,561879000,344535000,217344000,0.38681637861532464,0.0,98233000,0.0,0.0,0.0,453574000,1561000.0,0.0,117978000,0.20997047407004,108305000,0.18796039716736165,0.0,105611000,0.18796039716736165,28481000,77130000,0.1372715477887588,0.24820755081287732,0.24820755081287732,310748000,310748000,https://www.sedar.com/ModifyCompanyDocumentSearchForm.do?lang=EN&company_search=Dollarama Inc&document_selection=0&industry_group=A&FromDate=13&FromMonth=05&FromYear=2000&ToDate=13&ToMonth=11&ToYear=2020&Variable=Issuer,https://www.sedar.com/ModifyCompanyDocumentSearchForm.do?lang=EN&company_search=Dollarama Inc&document_selection=0&industry_group=A&FromDate=13&FromMonth=05&FromYear=2000&ToDate=13&ToMonth=11&ToYear=2020&Variable=Issuer
0,2012-10-31,DOL.TO,2012-10-31,2012-10-31,Q4,457993000,287428000,170565000,0.3724183557390615,0.0,87021000,0.0,0.0,0.0,384410000,2794000.0,0.0,83545000,0.18241545176454663,73583000,0.15456349769537964,0.0,70789000,0.15456349769537964,19308000,51481000,0.1124056481212595,0.116667,0.113333,442002000,453150000,https://www.sedar.com/ModifyCompanyDocumentSearchForm.do?lang=EN&company_search=Dollarama Inc&document_selection=0&industry_group=A&FromDate=13&FromMonth=05&FromYear=2000&ToDate=13&ToMonth=11&ToYear=2020&Variable=Issuer,https://www.sedar.com/ModifyCompanyDocumentSearchForm.do?lang=EN&company_search=Dollarama Inc&document_selection=0&industry_group=A&FromDate=13&FromMonth=05&FromYear=2000&ToDate=13&ToMonth=11&ToYear=2020&Variable=Issuer
0,2012-07-31,DOL.TO,2012-07-31,2012-07-31,Q3,440979000,278468000,162511000,0.3685232176588908,0.0,80919000,0.0,0.0,0.0,368899000,2621000.0,0.0,81592000,0.18502468371509753,72080000,0.15751090187968134,0.0,69459000,0.15751090187968134,19668000,49791000,0.11291013857802752,0.111667,0.11,442884000,454986000,https://www.sedar.com/ModifyCompanyDocumentSearchForm.do?lang=EN&company_search=Dollarama Inc&document_selection=0&industry_group=A&FromDate=13&FromMonth=05&FromYear=2000&ToDate=13&ToMonth=11&ToYear=2020&Variable=Issuer,https://www.sedar.com/ModifyCompanyDocumentSearchForm.do?lang=EN&company_search=Dollarama Inc&document_selection=0&industry_group=A&FromDate=13&FromMonth=05&FromYear=2000&ToDate=13&ToMonth=11&ToYear=2020&Variable=Issuer
0,2012-04-30,DOL.TO,2012-04-30,2012-04-30,Q2,397967000,253548000,144419000,0.3628918980719507,0.0,73489000,0.0,0.0,0.0,336042000,2730000.0,0.0,70930000,0.17823085833750035,61925000,0.14874348878173316,0.0,59195000,0.14874348878173316,16612000,42583000,0.10700133428148566,0.096667,0.093333,442848000,454206000,https://www.sedar.com/ModifyCompanyDocumentSearchForm.do?lang=EN&company_search=Dollarama Inc&document_selection=0&industry_group=A&FromDate=13&FromMonth=05&FromYear=2000&ToDate=13&ToMonth=11&ToYear=2020&Variable=Issuer,https://www.sedar.com/ModifyCompanyDocumentSearchForm.do?lang=EN&company_search=Dollarama Inc&document_selection=0&industry_group=A&FromDate=13&FromMonth=05&FromYear=2000&ToDate=13&ToMonth=11&ToYear=2020&Variable=Issuer
0,2012-01-31,DOL.TO,2012-01-31,2012-01-31,Q1,468706000,282307000,186399000,0.3976885296966542,0.0,86295000,0.0,0.0,0.0,377323000,802000.0,0.0,97854000,0.20877479699427787,91383000,0.1884571565117579,0.0,88331000,0.1884571565117579,24724000,63607000,0.13570767176012255,0.20468997386950197,0.20468997386950197,310748000,310748000,https://www.sedar.com/ModifyCompanyDocumentSearchForm.do?lang=EN&company_search=Dollarama Inc&document_selection=0&industry_group=A&FromDate=13&FromMonth=05&FromYear=2000&ToDate=13&ToMonth=11&ToYear=2020&Variable=Issuer,https://www.sedar.com/ModifyCompanyDocumentSearchForm.do?lang=EN&company_search=Dollarama Inc&document_selection=0&industry_group=A&FromDate=13&FromMonth=05&FromYear=2000&ToDate=13&ToMonth=11&ToYear=2020&Variable=Issuer
0,2011-10-31,DOL.TO,2011-10-31,2011-10-31,Q4,400347000,252270000,148077000,0.36987163635546166,0.0,75990000,0.0,0.0,0.0,336927000,3444000.0,0.0,72087000,0.1800612968250043,63420000,0.14981003979048177,0.0,59976000,0.14981003979048177,18184000,41792000,0.10438944215892713,0.095,0.091667,442278000,453198000,https://www.sedar.com/ModifyCompanyDocumentSearchForm.do?lang=EN&company_search=Dollarama Inc&document_selection=0&industry_group=A&FromDate=13&FromMonth=05&FromYear=2000&ToDate=13&ToMonth=11&ToYear=2020&Variable=Issuer,https://www.sedar.com/ModifyCompanyDocumentSearchForm.do?lang=EN&company_search=Dollarama Inc&document_selection=0&industry_group=A&FromDate=13&FromMonth=05&FromYear=2000&ToDate=13&ToMonth=11&ToYear=2020&Variable=Issuer
0,2011-07-31,DOL.TO,2011-07-31,2011-07-31,Q3,387474000,245330000,142144000,0.3668478401131431,0.0,74634000,0.0,0.0,0.0,328048000,5662000.0,0.0,67510000,0.17423104517980562,59426000,0.13875511647233105,0.0,53764000,0.13875511647233105,16112000,37652000,0.09717297160583678,0.085,0.083333,442050000,453330000,https://www.sedar.com/ModifyCompanyDocumentSearchForm.do?lang=EN&company_search=Dollarama Inc&document_selection=0&industry_group=A&FromDate=13&FromMonth=05&FromYear=2000&ToDate=13&ToMonth=11&ToYear=2020&Variable=Issuer,https://www.sedar.com/ModifyCompanyDocumentSearchForm.do?lang=EN&company_search=Dollarama Inc&document_selection=0&industry_group=A&FromDate=13&FromMonth=05&FromYear=2000&ToDate=13&ToMonth=11&ToYear=2020&Variable=Issuer
0,2011-04-30,DOL.TO,2011-04-30,2011-04-30,Q2,346300000,222580000,123720000,0.3572624891712388,0.0,68202000,0.0,0.0,0.0,298646000,4397000.0,0.0,55518000,0.16031764366156512,47654000,0.12491192607565695,0.0,43257000,0.12491192607565695,12834000,30423000,0.08785157377995957,0.068333,0.066667,441648000,452868000,https://www.sedar.com/ModifyCompanyDocumentSearchForm.do?lang=EN&company_search=Dollarama Inc&document_selection=0&industry_group=A&FromDate=13&FromMonth=05&FromYear=2000&ToDate=13&ToMonth=11&ToYear=2020&Variable=Issuer,https://www.sedar.com/ModifyCompanyDocumentSearchForm.do?lang=EN&company_search=Dollarama Inc&document_selection=0&industry_group=A&FromDate=13&FromMonth=05&FromYear=2000&ToDate=13&ToMonth=11&ToYear=2020&Variable=Issuer
0,2011-01-31,DOL.TO,2011-01-31,2011-01-31,Q1,408712000,252578000,156134000,0.38201471941122356,0.0,80897000,0.0,0.0,0.0,340938000,5824000.0,0.0,75237000,0.1840831685881501,67774000,0.15157372428507115,0.0,61950000,0.15157372428507115,19916000,42034000,0.10284503513476483,0.13526716181600526,0.13526716181600526,310748000,310748000,https://www.sedar.com/ModifyCompanyDocumentSearchForm.do?lang=EN&company_search=Dollarama Inc&document_selection=0&industry_group=A&FromDate=13&FromMonth=05&FromYear=2000&ToDate=13&ToMonth=11&ToYear=2020&Variable=Issuer,https://www.sedar.com/ModifyCompanyDocumentSearchForm.do?lang=EN&company_search=Dollarama Inc&document_selection=0&industry_group=A&FromDate=13&FromMonth=05&FromYear=2000&ToDate=13&ToMonth=11&ToYear=2020&Variable=Issuer
0,2010-10-31,DOL.TO,2010-10-31,2010-10-31,Q4,355742000,227130000,128612000,0.36153167182958434,0.0,69172000,0.0,0.0,0.0,303653000,7336000.0,0.0,60210000,0.16925187354880786,52089000,0.12580184515744555,0.0,44753000,0.12580184515744555,13409000,31344000,0.08810879794907546,0.071667,0.07,439014000,452574000,https://www.sedar.com/ModifyCompanyDocumentSearchForm.do?lang=EN&company_search=Dollarama Inc&document_selection=0&industry_group=A&FromDate=13&FromMonth=05&FromYear=2000&ToDate=13&ToMonth=11&ToYear=2020&Variable=Issuer,https://www.sedar.com/ModifyCompanyDocumentSearchForm.do?lang=EN&company_search=Dollarama Inc&document_selection=0&industry_group=A&FromDate=13&FromMonth=05&FromYear=2000&ToDate=13&ToMonth=11&ToYear=2020&Variable=Issuer
0,2010-07-31,DOL.TO,2010-07-31,2010-07-31,Q3,343530000,222360000,121170000,0.3527202864378657,0.0,67091000,0.0,461000.0,0.0,296431000,15212000,0.0,54540000,0.15876342677495414,47099000,0.0941635373912031,461000.0,32348000,0.0941635373912031,11371000,20977000,0.06106308037143772,0.048333,0.046667,438676452,452181762,https://www.sedar.com/ModifyCompanyDocumentSearchForm.do?lang=EN&company_search=Dollarama Inc&document_selection=0&industry_group=A&FromDate=13&FromMonth=05&FromYear=2000&ToDate=13&ToMonth=11&ToYear=2020&Variable=Issuer,https://www.sedar.com/ModifyCompanyDocumentSearchForm.do?lang=EN&company_search=Dollarama Inc&document_selection=0&industry_group=A&FromDate=13&FromMonth=05&FromYear=2000&ToDate=13&ToMonth=11&ToYear=2020&Variable=Issuer
0,2010-04-30,DOL.TO,2010-04-30,2010-04-30,Q2,311930000,204914000,107016000,0.34307697239765333,0.0,61792000,0.0,-127000.0,0.0,273420000,6422000.0,0.0,45097000,0.14457410316417144,38510000,0.10246209085371719,-127000.0,31961000,0.10246209085371719,9489000.0,22472000,0.07204180425095374,0.051667,0.05,437670000,451728000,https://www.sedar.com/ModifyCompanyDocumentSearchForm.do?lang=EN&company_search=Dollarama Inc&document_selection=0&industry_group=A&FromDate=13&FromMonth=05&FromYear=2000&ToDate=13&ToMonth=11&ToYear=2020&Variable=Issuer,https://www.sedar.com/ModifyCompanyDocumentSearchForm.do?lang=EN&company_search=Dollarama Inc&document_selection=0&industry_group=A&FromDate=13&FromMonth=05&FromYear=2000&ToDate=13&ToMonth=11&ToYear=2020&Variable=Issuer
0,2010-01-31,DOL.TO,2010-01-31,2010-01-31,Q1,364100000,228212000,135888000,0.3732161494095029,0.0,68342000,0.0,5511000.0,0.0,303130000,7277000.0,0.0,62035000,0.17037901675363912,60970000,0.13233177698434495,5511000.0,48182000,0.13233177698434495,14172000,34010000,0.09340840428453721,0.10944559578822712,0.10944559578822712,310748000,310748000,https://www.sedar.com/ModifyCompanyDocumentSearchForm.do?lang=EN&company_search=Dollarama Inc&document_selection=0&industry_group=A&FromDate=13&FromMonth=05&FromYear=2000&ToDate=13&ToMonth=11&ToYear=2020&Variable=Issuer,https://www.sedar.com/ModifyCompanyDocumentSearchForm.do?lang=EN&company_search=Dollarama Inc&document_selection=0&industry_group=A&FromDate=13&FromMonth=05&FromYear=2000&ToDate=13&ToMonth=11&ToYear=2020&Variable=Issuer
0,2009-10-31,DOL.TO,2009-10-31,2009-10-31,Q4,312797000,201674000,111123000,0.35525596473111953,0.0,76229000,0.0,-7785000.0,0.0,283911000,31996000,0.0,42679000,0.13644312445451842,28886000,0.014945795515941648,-7785000.0,4675000.0,0.014945795515941648,3535000.0,1140000.0,0.0036445362327643806,0.003333,0.003333,289212000,302070000,https://www.sedar.com/ModifyCompanyDocumentSearchForm.do?lang=EN&company_search=Dollarama Inc&document_selection=0&industry_group=A&FromDate=13&FromMonth=05&FromYear=2000&ToDate=13&ToMonth=11&ToYear=2020&Variable=Issuer,https://www.sedar.com/ModifyCompanyDocumentSearchForm.do?lang=EN&company_search=Dollarama Inc&document_selection=0&industry_group=A&FromDate=13&FromMonth=05&FromYear=2000&ToDate=13&ToMonth=11&ToYear=2020&Variable=Issuer
0,2009-07-31,DOL.TO,2009-07-31,2009-07-31,Q3,303400000,202556000,100844000,0.33237969676994067,0.0,59400000,0.0,21329000,0.0,268250000,20603000,0.0,62773000,0.20689848384970336,35150000,0.11824653922214898,21329000,35876000,0.11824653922214898,9293000.0,26583000,0.0876170072511536,0.103333,0.101667,255454902,259682424,https://www.sedar.com/ModifyCompanyDocumentSearchForm.do?lang=EN&company_search=Dollarama Inc&document_selection=0&industry_group=A&FromDate=13&FromMonth=05&FromYear=2000&ToDate=13&ToMonth=11&ToYear=2020&Variable=Issuer,https://www.sedar.com/ModifyCompanyDocumentSearchForm.do?lang=EN&company_search=Dollarama Inc&document_selection=0&industry_group=A&FromDate=13&FromMonth=05&FromYear=2000&ToDate=13&ToMonth=11&ToYear=2020&Variable=Issuer
0,2009-04-30,DOL.TO,2009-04-30,2009-04-30,Q2,273409000,182227000,91182000,0.33350036026612145,0.0,56768000,0.0,7505000.0,0.0,245036000,22333000,0.0,41919000,0.15331975172726575,28373000,0.04954116360470943,7505000.0,13545000,0.04954116360470943,2415000.0,11130000,0.0407082429620093,0.043333,0.043333,255456000,259206000,https://www.sedar.com/ModifyCompanyDocumentSearchForm.do?lang=EN&company_search=Dollarama Inc&document_selection=0&industry_group=A&FromDate=13&FromMonth=05&FromYear=2000&ToDate=13&ToMonth=11&ToYear=2020&Variable=Issuer,https://www.sedar.com/ModifyCompanyDocumentSearchForm.do?lang=EN&company_search=Dollarama Inc&document_selection=0&industry_group=A&FromDate=13&FromMonth=05&FromYear=2000&ToDate=13&ToMonth=11&ToYear=2020&Variable=Issuer
0,2009-01-31,DOL.TO,2009-01-31,2009-01-31,Q1,315546000,213454000,102092000,0.32354078327724006,0.0,55957000,0.0,5007000.0,0.0,275391000,21859000,0.0,41128000,0.1303391581576062,40155000,0.042114303461301995,5007000.0,13289000,0.042114303461301995,6761000.0,6528000.0,0.02068795040976593,0.021007375751412722,0.021007375751412722,310748000,310748000,https://www.sedar.com/ModifyCompanyDocumentSearchForm.do?lang=EN&company_search=Dollarama Inc&document_selection=0&industry_group=A&FromDate=13&FromMonth=05&FromYear=2000&ToDate=13&ToMonth=11&ToYear=2020&Variable=Issuer,https://www.sedar.com/ModifyCompanyDocumentSearchForm.do?lang=EN&company_search=Dollarama Inc&document_selection=0&industry_group=A&FromDate=13&FromMonth=05&FromYear=2000&ToDate=13&ToMonth=11&ToYear=2020&Variable=Issuer
0,2008-10-31,DOL.TO,2008-10-31,2008-10-31,Q4,272379000,179356000,93023000,0.34152045495431,0.0,56990000,0.0,30230000,0.0,241846000,22548000,0.0,5803000.0,0.021304872989474224,30533000,-0.08166929168548236,30230000,-22245000,-0.08166929168548236,-38000.0,-22207000,-0.08152978019597693,-0.086667,-0.086667,255456000,255456000,https://www.sedar.com/ModifyCompanyDocumentSearchForm.do?lang=EN&company_search=Dollarama Inc&document_selection=0&industry_group=A&FromDate=13&FromMonth=05&FromYear=2000&ToDate=13&ToMonth=11&ToYear=2020&Variable=Issuer,https://www.sedar.com/ModifyCompanyDocumentSearchForm.do?lang=EN&company_search=Dollarama Inc&document_selection=0&industry_group=A&FromDate=13&FromMonth=05&FromYear=2000&ToDate=13&ToMonth=11&ToYear=2020&Variable=Issuer
