,date,symbol,fillingDate,acceptedDate,period,revenue,costOfRevenue,grossProfit,grossProfitRatio,researchAndDevelopmentExpenses,generalAndAdministrativeExpenses,sellingAndMarketingExpenses,otherExpenses,operatingExpenses,costAndExpenses,interestExpense,depreciationAndAmortization,ebitda,ebitdaratio,operatingIncome,operatingIncomeRatio,totalOtherIncomeExpensesNet,incomeBeforeTax,incomeBeforeTaxRatio,incomeTaxExpense,netIncome,netIncomeRatio,eps,epsdiluted,weightedAverageShsOut,weightedAverageShsOutDil,link,finalLink
0,2020-06-30,CLX,2020-08-13 00:00:00,2020-08-13 16:11:48,Q4,1983000000,1054000000,929000000,0.468482,42000000,493000000,0.0,-26000000,534000000,1588000000,25000000,47000000,467000000,0.235502,395000000,0.199193,0.0,395000000,0.199193,85000000,310000000,0.156329,2.40355,2.40355,128976000,128976000,https://www.sec.gov/Archives/edgar/data/21076/000002107620000016/0000021076-20-000016-index.htm,https://www.sec.gov/Archives/edgar/data/21076/000002107620000016/clx-20200630.htm
0,2020-03-31,CLX,2020-05-01 00:00:00,2020-05-01 16:16:40,Q3,1783000000,951000000,832000000,0.466629,39000000,453000000,269000.0,19000000,535000000,1486000000,24000000,45000000,366000000,0.205272,297000000,0.166573,0.0,297000000,0.166573,56000000,241000000,0.135165,1.89275,1.89275,127328000,127328000,https://www.sec.gov/Archives/edgar/data/21076/000002107620000008/0000021076-20-000008-index.html,https://www.sec.gov/Archives/edgar/data/21076/000002107620000008/clx-20200331.htm
0,2019-12-31,CLX,2020-02-04 00:00:00,2020-02-04 16:17:19,Q2,1449000000,810000000,639000000,0.440994,34000000,350000000,210000.0,-5000000.0,404000000,1214000000,25000000,44000000,304000000,0.2098,235000000,0.162181,0.0,235000000,0.162181,50000000,185000000,0.127674,1.45808,1.45808,126879000,126879000,https://www.sec.gov/Archives/edgar/data/21076/000002107620000004/0000021076-20-000004-index.html,https://www.sec.gov/Archives/edgar/data/21076/000002107620000004/clxq2fy2010q.htm
0,2019-09-30,CLX,2019-10-31 00:00:00,2019-10-31 16:16:39,Q1,1506000000,843000000,663000000,0.440239,30000000,348000000,211000.0,2000000.0,405000000,1248000000,25000000,44000000,327000000,0.217131,258000000,0.171315,0.0,258000000,0.171315,55000000,203000000,0.134794,1.59259,1.59259,127465000,127465000,https://www.sec.gov/Archives/edgar/data/21076/000002107619000016/0000021076-19-000016-index.html,https://www.sec.gov/Archives/edgar/data/21076/000002107619000016/clxq1fy2010q.htm
0,2019-06-30,CLX,2019-08-14,2019-08-13 21:24:10,Q4,1627000000,893000000,734000000,0.451137,38000000,384000000,217000.0,-5000000.0,442000000,1335000000,25000000,47000000,364000000,0.223725,292000000,0.179471,0.0,292000000,0.179471,51000000,241000000,0.148125,1.87528,1.87528,128514000,128514000,https://www.sec.gov/Archives/edgar/data/21076/000002107619000012/fy19clx10k.htm,https://www.sec.gov/Archives/edgar/data/21076/000002107619000012/fy19clx10k.htm
0,2019-03-31,CLX,2019-05-01 00:00:00,2019-05-01 16:16:31,Q3,1551000000,878000000,673000000,0.433914,34000000,377000000,216000.0,-2000000.0,433000000,1311000000,24000000,45000000,309000000,0.199226,240000000,0.154739,0.0,240000000,0.154739,53000000,187000000,0.120567,1.43552,1.43552,130266000,130266000,https://www.sec.gov/Archives/edgar/data/21076/000002107619000007/0000021076-19-000007-index.html,https://www.sec.gov/Archives/edgar/data/21076/000002107619000007/clxq3fy1910q.htm
0,2018-12-31,CLX,2019-02-04 00:00:00,2019-02-04 16:15:35,Q2,1473000000,830000000,643000000,0.436524,32000000,356000000,211000.0,7000000.0,419000000,1249000000,24000000,44000000,292000000,0.198235,224000000,0.152071,0.0,224000000,0.152071,42000000,182000000,0.123557,1.39899,1.39899,130094000,130094000,https://www.sec.gov/Archives/edgar/data/21076/000002107619000004/0000021076-19-000004-index.html,https://www.sec.gov/Archives/edgar/data/21076/000002107619000004/clxq2fy1910q.htm
0,2018-09-30,CLX,2018-10-31 00:00:00,2018-10-31 16:16:01,Q1,1563000000,885000000,678000000,0.433781,32000000,351000000,212000.0,3000000.0,410000000,1295000000,24000000,44000000,336000000,0.214971,268000000,0.171465,3000000.0,268000000,0.171465,58000000,210000000,0.134357,1.61663,1.61663,129900000,129900000,https://www.sec.gov/Archives/edgar/data/21076/000002107618000015/0000021076-18-000015-index.html,https://www.sec.gov/Archives/edgar/data/21076/000002107618000015/clxq1fy1910q.htm
0,2018-06-30,CLX,2018-08-14 00:00:00,2018-08-14 16:17:00,Q4,1691000000,947000000,744000000,0.439976,37000000,374000000,228000000,3000000.0,438000000,1385000000,24000000,45000000,375000000,0.221762,306000000,0.180958,3000000.0,306000000,0.180958,89000000,217000000,0.128326,1.65396,1.65396,131200000,131200000,https://www.sec.gov/Archives/edgar/data/21076/000002107618000011/0000021076-18-000011-index.html,https://www.sec.gov/Archives/edgar/data/21076/000002107618000011/fy18clx10k.htm
0,2018-03-31,CLX,2018-05-02 00:00:00,2018-05-02 16:16:16,Q3,1517000000,868000000,649000000,0.427818,32000000,358000000,208000000,-3000000.0,407000000,1275000000,20000000,40000000,302000000,0.199077,242000000,0.159525,-3000000.0,242000000,0.159525,61000000,181000000,0.119314,1.37225,1.37225,131900000,131900000,https://www.sec.gov/Archives/edgar/data/21076/000002107618000007/0000021076-18-000007-index.html,https://www.sec.gov/Archives/edgar/data/21076/000002107618000007/clxq3fy1810q.htm
0,2017-12-31,CLX,2018-02-02 00:00:00,2018-02-02 16:16:20,Q2,1416000000,807000000,609000000,0.430085,31000000,337000000,197000000,-6000000.0,382000000,1189000000,20000000,41000000,369000000,0.260593,227000000,0.160311,-6000000.0,227000000,0.160311,75000000,233000000,0.164548,1.76917,1.76917,131700000,131700000,https://www.sec.gov/Archives/edgar/data/21076/000002107618000004/0000021076-18-000004-index.html,https://www.sec.gov/Archives/edgar/data/21076/000002107618000004/clxq2fy1810q.htm
0,2017-09-30,CLX,2017-11-01 00:00:00,2017-11-01 16:19:32,Q1,1500000000,827000000,673000000,0.448667,32000000,338000000,204000000,3000000.0,394000000,1221000000,21000000,40000000,340000000,0.226667,279000000,0.186,3000000.0,279000000,0.186,87000000,192000000,0.128,1.46008,1.46008,131500000,131500000,https://www.sec.gov/Archives/edgar/data/21076/000002107617000008/0000021076-17-000008-index.html,https://www.sec.gov/Archives/edgar/data/21076/000002107617000008/clxq1fy1810q.htm
0,2017-06-30,CLX,2017-08-15 00:00:00,2017-08-15 16:17:59,Q4,1647000000,895000000,752000000,0.456588,37000000,394000000,212000000,4000000.0,457000000,1352000000,22000000,42000000,358000000,0.217365,295000000,0.179114,4000000.0,295000000,0.179114,93000000,201000000,0.12204,1.52157,1.52157,132100000,132100000,https://www.sec.gov/Archives/edgar/data/21076/000162828017008700/0001628280-17-008700-index.html,https://www.sec.gov/Archives/edgar/data/21076/000162828017008700/fy17clx10k.htm
0,2017-03-31,CLX,2017-05-03 00:00:00,2017-05-03 16:15:34,Q3,1477000000,827000000,650000000,0.440081,35000000,362000000,201000000,-16000000,403000000,1230000000,22000000,39000000,308000000,0.208531,247000000,0.167231,-16000000,247000000,0.167231,75000000,172000000,0.116452,1.30898,1.30898,131400000,131400000,https://www.sec.gov/Archives/edgar/data/21076/000002107617000005/0000021076-17-000005-index.html,https://www.sec.gov/Archives/edgar/data/21076/000002107617000005/clxq3fy1710q.htm
0,2016-12-31,CLX,2017-02-03 00:00:00,2017-02-03 16:28:58,Q2,1406000000,777000000,629000000,0.447368,32000000,325000000,197000000,23000000,402000000,1179000000,22000000,41000000,289000000,0.205548,227000000,0.161451,23000000,227000000,0.161451,77000000,149000000,0.105974,1.13914,1.13914,130800000,130800000,https://www.sec.gov/Archives/edgar/data/21076/000002107617000002/0000021076-17-000002-index.html,https://www.sec.gov/Archives/edgar/data/21076/000002107617000002/clxq2fy1710q.htm
0,2016-09-30,CLX,2016-11-02 00:00:00,2016-11-02 16:15:32,Q1,1443000000,803000000,640000000,0.44352,31000000,328000000,200000000,-5000000.0,376000000,1179000000,22000000,41000000,327000000,0.226611,264000000,0.182952,-5000000.0,264000000,0.182952,85000000,179000000,0.124047,1.35401,1.35401,132200000,132200000,https://www.sec.gov/Archives/edgar/data/21076/000120677416007477/0001206774-16-007477-index.html,https://www.sec.gov/Archives/edgar/data/21076/000120677416007477/clorox3118958-10q.htm
0,2016-06-30,CLX,2016-08-16,2016-08-16 16:41:09,Q4,1600000000,873000000,727000000,0.454375,42000000,417000000,225000000,-5000000.0,475000000,1348000000,-21000000,43000000,274000000,0.17125,252000000,0.1575,-5000000.0,252000000,0.1575,87000000,165000000,0.103125,1.25095,1.25095,131900000,131900000,https://www.sec.gov/Archives/edgar/data/21076/000120677416006893/clorox3118951_1-10k.htm,https://www.sec.gov/Archives/edgar/data/21076/000120677416006893/clorox3118951_1-10k.htm
0,2016-03-31,CLX,2016-05-03 00:00:00,2016-05-03 16:15:48,Q3,1426000000,780000000,646000000,0.453015,35000000,350000000,204000000,2000000.0,409000000,1189000000,-22000000,40000000,258000000,0.180926,237000000,0.166199,2000000.0,237000000,0.166199,78000000,162000000,0.113604,1.231,1.231,131600000,131600000,https://www.sec.gov/Archives/edgar/data/21076/000120677416005758/0001206774-16-005758-index.html,https://www.sec.gov/Archives/edgar/data/21076/000120677416005758/clorox_10q.htm
0,2015-12-31,CLX,2016-02-04 00:00:00,2016-02-04 16:16:18,Q2,1345000000,745000000,600000000,0.446097,34000000,317000000,191000000,-3000000.0,370000000,1115000000,-22000000,41000000,247000000,0.183643,230000000,0.171004,-3000000.0,230000000,0.171004,79000000,149000000,0.110781,1.13308,1.13308,131500000,131500000,https://www.sec.gov/Archives/edgar/data/21076/000135994816000048/0001359948-16-000048-index.html,https://www.sec.gov/Archives/edgar/data/21076/000135994816000048/clorox_10q.htm
0,2015-09-30,CLX,2015-11-02 00:00:00,2015-11-02 16:16:01,Q1,1390000000,765000000,625000000,0.44964,30000000,309000000,186000000,-1000000.0,361000000,1126000000,-23000000,41000000,281000000,0.202158,264000000,0.189928,-1000000.0,264000000,0.189928,91000000,172000000,0.123741,1.31098,1.31098,131200000,131200000,https://www.sec.gov/Archives/edgar/data/21076/000120677415003375/0001206774-15-003375-index.html,https://www.sec.gov/Archives/edgar/data/21076/000120677415003375/clorox_10q.htm
0,2015-06-30,CLX,2015-08-21 00:00:00,2015-08-21 16:49:06,Q4,1557000000,847000000,710000000,0.456005,39000000,372000000,221000000,-13000000,421000000,1268000000,-23000000,43000000,311000000,0.199743,289000000,0.185613,-13000000,289000000,0.185613,100000000,191000000,0.122672,1.44917,1.44917,131800000,131800000,https://www.sec.gov/Archives/edgar/data/21076/000120677415002800/0001206774-15-002800-index.html,https://www.sec.gov/Archives/edgar/data/21076/000120677415002800/clorox_10k.htm
0,2015-03-31,CLX,2015-05-04 00:00:00,2015-05-04 17:01:48,Q3,1401000000,796000000,605000000,0.431834,34000000,330000000,206000000,-1000000.0,388000000,1184000000,-25000000,41000000,263000000,0.187723,217000000,0.154889,-1000000.0,217000000,0.154889,73000000,174000000,0.124197,1.29754,1.29754,134100000,134100000,https://www.sec.gov/Archives/edgar/data/21076/000120677415001565/0001206774-15-001565-index.html,https://www.sec.gov/Archives/edgar/data/21076/000120677415001565/clorox_10q.htm
0,2014-12-31,CLX,2015-02-05,2015-02-05 17:01:01,Q2,1345000000,773000000,572000000,0.425279,33000000,318000000,191000000,-2000000.0,375000000,1148000000,-26000000,42000000,210000000,0.156134,197000000,0.146468,-2000000.0,197000000,0.146468,69000000,125000000,0.092937,0.94127,0.94127,132800000,132800000,https://www.sec.gov/Archives/edgar/data/21076/000120677415000394/clorox_10q.htm,https://www.sec.gov/Archives/edgar/data/21076/000120677415000394/clorox_10q.htm
0,2014-09-30,CLX,2014-11-03 00:00:00,2014-11-03 17:19:35,Q1,1352000000,774000000,578000000,0.427515,30000000,301000000,180000000,3000000.0,360000000,1134000000,-26000000,43000000,180000000,0.133136,218000000,0.161243,3000000.0,218000000,0.161243,73000000,90000000,0.066568,0.67925,0.67925,132500000,132500000,https://www.sec.gov/Archives/edgar/data/21076/000120677414003199/0001206774-14-003199-index.html,https://www.sec.gov/Archives/edgar/data/21076/000120677414003199/clorox_10q.htm
0,2014-06-30,CLX,2014-08-25 00:00:00,2014-08-25 17:22:06,Q4,1497000000,855000000,642000000,0.428858,35000000,324000000,185000000,-6000000.0,379000000,1234000000,0.0,49000000,311000000,0.207749,263000000,0.175685,-6000000.0,263000000,0.175685,92000000,170000000,0.11356,1.29771,1.29771,131000000,131000000,https://www.sec.gov/Archives/edgar/data/21076/000120677414002682/0001206774-14-002682-index.html,https://www.sec.gov/Archives/edgar/data/21076/000120677414002682/clorox_10k.htm
0,2014-03-31,CLX,2014-05-02 00:00:00,2014-05-02 16:45:31,Q3,1366000000,791000000,575000000,0.420937,28000000,298000000,182000000,-2000000.0,349000000,1140000000,0.0,43000000,255000000,0.186676,226000000,0.165447,-2000000.0,226000000,0.165447,75000000,137000000,0.100293,1.04103,1.04103,131600000,131600000,https://www.sec.gov/Archives/edgar/data/21076/000120677414001486/0001206774-14-001486-index.html,https://www.sec.gov/Archives/edgar/data/21076/000120677414001486/clorox_10q.htm
0,2013-12-31,CLX,2014-02-05,2014-02-05 17:01:13,Q2,1308000000,753000000,555000000,0.424312,31000000,318000000,200000000,-4000000.0,371000000,1124000000,0.0,45000000,226000000,0.172783,184000000,0.140673,-4000000.0,184000000,0.140673,66000000,115000000,0.08792,0.86924,0.86924,132300000,132300000,https://www.sec.gov/Archives/edgar/data/21076/000120677414000411/clorox_10q.htm,https://www.sec.gov/Archives/edgar/data/21076/000120677414000411/clorox_10q.htm
0,2013-09-30,CLX,2013-11-01 00:00:00,2013-11-01 17:03:26,Q1,1343000000,759000000,584000000,0.434847,31000000,314000000,198000000,2000000.0,373000000,1132000000,0.0,43000000,251000000,0.186895,211000000,0.157111,2000000.0,211000000,0.157111,72000000,136000000,0.101266,1.02874,1.02874,132200000,132200000,https://www.sec.gov/Archives/edgar/data/21076/000120677413003934/0001206774-13-003934-index.html,https://www.sec.gov/Archives/edgar/data/21076/000120677413003934/clorox_10q.htm
0,2013-06-30,CLX,2013-08-23 00:00:00,2013-08-23 17:05:34,Q4,1457000000,798000000,659000000,0.452299,35000000,326000000,212000000,4000000.0,391000000,1189000000,0.0,46000000,314000000,0.215511,268000000,0.18394,4000000.0,268000000,0.18394,85000000,183000000,0.125601,1.36567,1.36567,134000000,134000000,https://www.sec.gov/Archives/edgar/data/21076/000120677413003034/0001206774-13-003034-index.html,https://www.sec.gov/Archives/edgar/data/21076/000120677413003034/clorox_10k.htm
0,2013-03-31,CLX,2013-05-02 00:00:00,2013-05-02 17:06:47,Q3,1413000000,818000000,595000000,0.42109,34000000,328000000,196000000,1000000.0,393000000,1211000000,0.0,46000000,247000000,0.174805,202000000,0.142958,1000000.0,202000000,0.142958,68000000,133000000,0.094126,0.99625,0.99625,133500000,133500000,https://www.sec.gov/Archives/edgar/data/21076/000120677413001712/0001206774-13-001712-index.html,https://www.sec.gov/Archives/edgar/data/21076/000120677413001712/clorox_10q.htm
0,2012-12-31,CLX,2013-02-05 00:00:00,2013-02-05 16:57:36,Q2,1325000000,762000000,563000000,0.424906,31000000,320000000,204000000,-9000000.0,375000000,1137000000,0.0,46000000,234000000,0.176604,188000000,0.141887,-9000000.0,188000000,0.141887,65000000,123000000,0.09283,0.92971,0.92971,132300000,132300000,https://www.sec.gov/Archives/edgar/data/21076/000120677413000474/0001206774-13-000474-index.html,https://www.sec.gov/Archives/edgar/data/21076/000120677413000474/clorox_10q.htm
0,2012-09-30,CLX,2012-11-02 00:00:00,2012-11-02 17:00:34,Q1,1338000000,764000000,574000000,0.428999,30000000,317000000,195000000,0.0,380000000,1144000000,0.0,44000000,238000000,0.177877,194000000,0.144993,0.0,194000000,0.144993,61000000,133000000,0.099402,1.00987,1.00987,131700000,131700000,https://www.sec.gov/Archives/edgar/data/21076/000120677412004439/0001206774-12-004439-index.html,https://www.sec.gov/Archives/edgar/data/21076/000120677412004439/clorox_10q.htm
0,2012-06-30,CLX,2012-08-24 00:00:00,2012-08-24 16:29:04,Q4,1541000000,883000000,658000000,0.426995,34000000,336000000,213000000,4000000.0,407000000,1290000000,33000000,45000000,329000000,0.213498,251000000,0.162881,4000000.0,251000000,0.162881,77000000,174000000,0.112914,1.3242,1.3242,131400000,131400000,https://www.sec.gov/Archives/edgar/data/21076/000120677412003688/0001206774-12-003688-index.html,https://www.sec.gov/Archives/edgar/data/21076/000120677412003688/clorox_10k.htm
0,2012-03-31,CLX,2012-05-03,2012-05-03 16:43:00,Q3,1401000000,808000000,593000000,0.423269,30000000,337000000,211000000,-5000000.0,395000000,1203000000,33000000,44000000,273000000,0.194861,198000000,0.141328,-5000000.0,198000000,0.141328,64000000,132000000,0.094218,1.00304,1.00304,131600000,131600000,https://www.sec.gov/Archives/edgar/data/21076/000120677412001869/clorox_10q.htm,https://www.sec.gov/Archives/edgar/data/21076/000120677412001869/clorox_10q.htm
0,2011-12-31,CLX,2012-02-06 00:00:00,2012-02-06 16:55:41,Q2,1221000000,714000000,507000000,0.415233,29000000,299000000,184000000,-6000000.0,352000000,1066000000,30000000,43000000,228000000,0.186732,155000000,0.126945,-6000000.0,155000000,0.126945,50000000,105000000,0.085995,0.79305,0.79305,132400000,132400000,https://www.sec.gov/Archives/edgar/data/21076/000120677412000477/0001206774-12-000477-index.html,https://www.sec.gov/Archives/edgar/data/21076/000120677412000477/clorox_10q.htm
0,2011-09-30,CLX,2011-11-03 00:00:00,2011-11-03 16:09:25,Q1,1305000000,759000000,546000000,0.418391,28000000,308000000,190000000,-6000000.0,359000000,1118000000,29000000,46000000,262000000,0.200766,187000000,0.143295,-6000000.0,187000000,0.143295,57000000,130000000,0.099617,0.97305,0.97305,133600000,133600000,https://www.sec.gov/Archives/edgar/data/21076/000120677411002394/0001206774-11-002394-index.html,https://www.sec.gov/Archives/edgar/data/21076/000120677411002394/clorox_10q.htm
0,2011-06-30,CLX,2011-08-26 00:00:00,2011-08-25 18:40:13,Q4,1482000000,837000000,645000000,0.435223,29000000,334000000,192000000,-5000000.0,391000000,1228000000,29000000,43000000,326000000,0.219973,254000000,0.17139,-5000000.0,254000000,0.17139,85000000,169000000,0.114035,1.26402,1.26402,133700000,133700000,https://www.sec.gov/Archives/edgar/data/21076/000120677411001954/0001206774-11-001954-index.html,https://www.sec.gov/Archives/edgar/data/21076/000120677411001954/clorox_10k.htm
0,2011-03-31,CLX,2011-05-04 00:00:00,2011-05-04 17:16:23,Q3,1304000000,729000000,575000000,0.440951,29000000,307000000,182000000,-9000000.0,356000000,1085000000,29000000,42000000,300000000,0.230061,219000000,0.167945,-9000000.0,219000000,0.167945,78000000,151000000,0.115798,1.09659,1.09659,137700000,137700000,https://www.sec.gov/Archives/edgar/data/21076/000120677411001126/0001206774-11-001126-index.html,https://www.sec.gov/Archives/edgar/data/21076/000120677411001126/clorox_10q.htm
0,2010-12-31,CLX,2011-02-07,2011-02-07 16:55:14,Q2,1179000000,687000000,492000000,0.417303,28000000,297000000,180000000,-12000000,604000000,1291000000,33000000,43000000,148000000,0.12553,-112000000,-0.094996,-12000000,-112000000,-0.094996,51000000,21000000,0.017812,0.15141,0.15141,138700000,138700000,https://www.sec.gov/Archives/edgar/data/21076/000120677411000217/clorox_10q.htm,https://www.sec.gov/Archives/edgar/data/21076/000120677411000217/clorox_10q.htm
0,2010-09-30,CLX,2010-11-03 00:00:00,2010-11-03 17:13:25,Q1,1266000000,705000000,561000000,0.443128,29000000,299000000,181000000,-1000000.0,359000000,1064000000,32000000,45000000,355000000,0.280411,202000000,0.159558,-1000000.0,202000000,0.159558,62000000,216000000,0.170616,1.533,1.533,140900000,140900000,https://www.sec.gov/Archives/edgar/data/21076/000120677410002296/0001206774-10-002296-index.html,https://www.sec.gov/Archives/edgar/data/21076/000120677410002296/clorox_10q.htm
0,2010-06-30,CLX,2010-08-26 00:00:00,2010-08-25 20:29:57,Q4,1429000000,796000000,633000000,0.442967,33000000,326000000,203000000,-4000000.0,391000000,1187000000,0.0,46000000,309000000,0.216235,242000000,0.169349,-4000000.0,242000000,0.169349,92000000,171000000,0.119664,1.20677,1.20677,141700000,141700000,https://www.sec.gov/Archives/edgar/data/21076/000120677410001891/0001206774-10-001891-index.html,https://www.sec.gov/Archives/edgar/data/21076/000120677410001891/clorox_10k.htm
0,2010-03-31,CLX,2010-05-04 00:00:00,2010-05-04 16:17:37,Q3,1287000000,713000000,574000000,0.445998,30000000,300000000,182000000,1000000.0,365000000,1078000000,-1490000.0,44000000,273510000,0.212517,209000000,0.162393,1000000.0,209000000,0.162393,66000000,165000000,0.128205,1.16197,1.16197,142000000,142000000,https://www.sec.gov/Archives/edgar/data/21076/000120677410001178/0001206774-10-001178-index.html,https://www.sec.gov/Archives/edgar/data/21076/000120677410001178/clorox_10q.htm
0,2009-12-31,CLX,2010-02-05 00:00:00,2010-02-05 16:40:01,Q2,1215000000,686000000,529000000,0.435391,29000000,308000000,187000000,18000000,392000000,1078000000,-37000000,47000000,164000000,0.134979,137000000,0.112757,18000000,137000000,0.112757,44000000,110000000,0.090535,0.77739,0.77739,141500000,141500000,https://www.sec.gov/Archives/edgar/data/21076/000120677410000241/0001206774-10-000241-index.html,https://www.sec.gov/Archives/edgar/data/21076/000120677410000241/clorox_10q.htm
0,2009-09-30,CLX,2009-11-03 00:00:00,2009-11-03 17:13:33,Q1,1303000000,720000000,583000000,0.447429,26000000,294000000,175000000,10000000,366000000,1086000000,-36000000,48000000,246000000,0.188795,217000000,0.166539,10000000,217000000,0.166539,77000000,157000000,0.120491,1.11427,1.11427,140900000,140900000,https://www.sec.gov/Archives/edgar/data/21076/000120677409002024/0001206774-09-002024-index.html,https://www.sec.gov/Archives/edgar/data/21076/000120677409002024/clorox_10q.htm
0,2009-06-30,CLX,2009-08-25 00:00:00,2009-08-25 16:14:31,Q4,1500000000,813000000,687000000,0.458,33000000,333000000,185000000,20000000,426000000,1239000000,-36000000,48000000,273000000,0.182,261000000,0.174,20000000,261000000,0.174,91000000,170000000,0.113333,1.19887,1.19887,141800000,141800000,https://www.sec.gov/Archives/edgar/data/21076/000120677409001622/0001206774-09-001622-index.html,https://www.sec.gov/Archives/edgar/data/21076/000120677409001622/clorox_10k.htm
0,2009-03-31,CLX,2009-05-04 00:00:00,2009-05-04 16:15:27,Q3,1350000000,739000000,611000000,0.452593,27000000,299000000,174000000,-1000000.0,378000000,1117000000,-39000000,49000000,243000000,0.18,233000000,0.172593,-1000000.0,233000000,0.172593,80000000,153000000,0.113333,1.09286,1.09286,140000000,140000000,https://www.sec.gov/Archives/edgar/data/21076/000120677409000950/0001206774-09-000950-index.html,https://www.sec.gov/Archives/edgar/data/21076/000120677409000950/clorox_10q.htm
0,2008-12-31,CLX,2009-02-05 00:00:00,2009-02-05 16:30:26,Q2,1216000000,730000000,486000000,0.399671,27000000,279000000,172000000,4000000.0,355000000,1085000000,-44000000,46000000,133000000,0.109375,131000000,0.10773,4000000.0,131000000,0.10773,45000000,86000000,0.070724,0.61297,0.61297,140300000,140300000,https://www.sec.gov/Archives/edgar/data/21076/000120677409000183/0001206774-09-000183-index.html,https://www.sec.gov/Archives/edgar/data/21076/000120677409000183/clorox_10q.htm
0,2008-09-30,CLX,2008-11-03 00:00:00,2008-11-03 16:30:32,Q1,1384000000,822000000,562000000,0.406069,27000000,303000000,184000000,3000000.0,376000000,1198000000,-42000000,47000000,191000000,0.138006,186000000,0.134393,3000000.0,186000000,0.134393,58000000,128000000,0.092486,0.91494,0.91494,139900000,139900000,https://www.sec.gov/Archives/edgar/data/21076/000120677408001762/0001206774-08-001762-index.html,https://www.sec.gov/Archives/edgar/data/21076/000120677408001762/clorox_10q.htm
0,2008-06-30,CLX,2008-08-19 00:00:00,2008-08-18 21:00:40,Q4,1495000000,865000000,630000000,0.421405,33000000,321000000,185000000,-9000000.0,390000000,1255000000,-43000000,51000000,248000000,0.165886,240000000,0.160535,-9000000.0,240000000,0.160535,82000000,158000000,0.105686,1.12696,1.12696,140200000,140200000,https://www.sec.gov/Archives/edgar/data/21076/000119312508180293/0001193125-08-180293-index.html,https://www.sec.gov/Archives/edgar/data/21076/000119312508180293/d10k.htm
0,2008-03-31,CLX,2008-05-02 00:00:00,2008-05-02 17:02:35,Q3,1353000000,815000000,538000000,0.397635,27000000,305000000,182000000,2000000.0,387000000,1202000000,-46000000,56000000,161000000,0.118995,151000000,0.111604,2000000.0,151000000,0.111604,51000000,100000000,0.07391,0.71276,0.71276,140300000,140300000,https://www.sec.gov/Archives/edgar/data/21076/000119312508100867/0001193125-08-100867-index.html,https://www.sec.gov/Archives/edgar/data/21076/000119312508100867/d10q.htm
0,2007-12-31,CLX,2008-02-04,2008-02-04 16:01:12,Q2,1186000000,707000000,479000000,0.403879,28000000,277000000,168000000,-2000000.0,351000000,1058000000,-46000000,50000000,132000000,0.111298,128000000,0.107926,-2000000.0,128000000,0.107926,36000000,92000000,0.077572,0.65248,0.65248,141000000,141000000,https://www.sec.gov/Archives/edgar/data/21076/000119312508019111/d10q.htm,https://www.sec.gov/Archives/edgar/data/21076/000119312508019111/d10q.htm
0,2007-09-30,CLX,2007-11-01 00:00:00,2007-11-01 17:04:08,Q1,1239000000,711000000,528000000,0.42615,23000000,273000000,155000000,0.0,354000000,1065000000,-33000000,48000000,189000000,0.152542,174000000,0.140436,0.0,174000000,0.140436,63000000,111000000,0.089588,0.75975,0.75975,146100000,146100000,https://www.sec.gov/Archives/edgar/data/21076/000119312507232627/0001193125-07-232627-index.html,https://www.sec.gov/Archives/edgar/data/21076/000119312507232627/d10q.htm
0,2007-06-30,CLX,2007-08-24 00:00:00,2007-08-24 17:09:35,Q4,1344000000,750000000,594000000,0.441964,29000000,292000000,165000000,7000000.0,355000000,1105000000,-27000000,49000000,261000000,0.194196,239000000,0.177827,7000000.0,239000000,0.177827,75000000,164000000,0.122024,1.06286,1.06286,154300000,154300000,https://www.sec.gov/Archives/edgar/data/21076/000089161807000521/0000891618-07-000521-index.html,https://www.sec.gov/Archives/edgar/data/21076/000089161807000521/f31205e10vk.htm
0,2007-03-31,CLX,2007-05-04 00:00:00,2007-05-04 16:46:13,Q3,1241000000,704000000,537000000,0.432716,26000000,283000000,162000000,-2000000.0,344000000,1048000000,-28000000,48000000,213000000,0.171636,193000000,0.15552,-2000000.0,193000000,0.15552,64000000,129000000,0.103948,0.83766,0.83766,154000000,154000000,https://www.sec.gov/Archives/edgar/data/21076/000095013407010262/0000950134-07-010262-index.html,https://www.sec.gov/Archives/edgar/data/21076/000095013407010262/f29843e10vq.htm
0,2006-12-31,CLX,2007-02-05,2007-02-05 16:01:31,Q2,1101000000,639000000,462000000,0.419619,27000000,271000000,162000000,-5000000.0,326000000,965000000,-29000000,49000000,161000000,0.146231,136000000,0.123524,-5000000.0,136000000,0.123524,45000000,96000000,0.087193,0.62378,0.62378,153900000,153900000,https://www.sec.gov/Archives/edgar/data/21076/000095013407002012/f26991e10vq.htm,https://www.sec.gov/Archives/edgar/data/21076/000095013407002012/f26991e10vq.htm
0,2006-09-30,CLX,2006-11-03,2006-11-03 16:09:10,Q1,1161000000,663000000,498000000,0.428941,26000000,270000000,153000000,-2000000.0,323000000,986000000,-29000000,46000000,192000000,0.165375,175000000,0.150732,-2000000.0,175000000,0.150732,63000000,112000000,0.096469,0.72917,0.72917,153600000,153600000,https://www.sec.gov/Archives/edgar/data/21076/000095013406020431/f24733e10vq.htm,https://www.sec.gov/Archives/edgar/data/21076/000095013406020431/f24733e10vq.htm
0,2006-06-30,CLX,2006-08-25,2006-08-25 17:18:45,Q4,1319000000,742000000,577000000,0.437453,26000000,312000000,186000000,-4000000.0,366000000,1108000000,-32000000,50000000,229000000,0.173616,211000000,0.15997,-4000000.0,211000000,0.15997,69000000,142000000,0.107657,0.92508,0.92508,153500000,153500000,https://www.sec.gov/Archives/edgar/data/21076/000095013406016835/f23136e10vk.htm,https://www.sec.gov/Archives/edgar/data/21076/000095013406016835/f23136e10vk.htm
0,2006-03-31,CLX,2006-05-04,2006-05-04 16:22:26,Q3,1157000000,677000000,480000000,0.414866,25000000,252000000,140000000,2000000.0,312000000,989000000,-33000000,46000000,181000000,0.156439,168000000,0.145203,2000000.0,168000000,0.145203,58000000,110000000,0.095073,0.71942,0.71942,152900000,152900000,https://www.sec.gov/Archives/edgar/data/21076/000095013406008775/f19846e10vq.htm,https://www.sec.gov/Archives/edgar/data/21076/000095013406008775/f19846e10vq.htm
0,2005-12-31,CLX,2006-02-03,2006-02-03 16:38:16,Q2,1064000000,628000000,436000000,0.409774,25000000,260000000,161000.0,-1000000.0,316000000,944000000,-32000.0,47000000,166968000,0.156925,120000000,0.112782,-1000000.0,120000000,0.112782,37000000,83000000,0.078008,0.54498,0.54498,152300000,152300000,https://www.sec.gov/Archives/edgar/data/21076/000095013406001840/f16923e10vq.htm,https://www.sec.gov/Archives/edgar/data/21076/000095013406001840/f16923e10vq.htm
0,2005-09-30,CLX,2005-11-04,2005-11-04 16:51:51,Q1,1104000000,638000000,466000000,0.422101,23000000,257000000,144000.0,1000000.0,312000000,950000000,-30000.0,45000000,199970000,0.181132,154000000,0.139493,1000000.0,154000000,0.139493,46000000,109000000,0.098732,0.71288,0.71288,152900000,152900000,https://www.sec.gov/Archives/edgar/data/21076/000095013405020576/f13774e10vq.htm,https://www.sec.gov/Archives/edgar/data/21076/000095013405020576/f13774e10vq.htm
0,2005-06-30,CLX,2005-08-31,2005-08-31 17:33:58,Q4,1254000000,701000000,553000000,0.440989,24000000,280000000,148000000,-8000000.0,322000000,1023000000,-27000000,46000000,250000000,0.199362,231000000,0.184211,-8000000.0,231000000,0.184211,75000000,156000000,0.124402,1.0058,1.0058,155100000,155100000,https://www.sec.gov/Archives/edgar/data/21076/000110465905042311/a05-15203_110k.htm,https://www.sec.gov/Archives/edgar/data/21076/000110465905042311/a05-15203_110k.htm
0,2005-03-31,CLX,2005-05-05,2005-05-05 16:36:45,Q3,1086000000,632000000,454000000,0.418048,22000000,245000000,139000000,18000000,317000000,949000000,-27000000,46000000,158000000,0.145488,137000000,0.126151,18000000,137000000,0.126151,21000000,118000000,0.108656,0.75593,0.75593,156100000,156100000,https://www.sec.gov/Archives/edgar/data/21076/000002107605000036/q3text.htm,https://www.sec.gov/Archives/edgar/data/21076/000002107605000036/q3text.htm
0,2004-12-31,CLX,2005-02-09,2005-02-09 16:02:35,Q2,1000000000,569000000,431000000,0.431,21000000,226000000,132000000,-7000000.0,237000000,806000000,-17000000,45000000,785000000,0.785,194000000,0.194,-7000000.0,194000000,0.194,58000000,699000000,0.699,3.68282,3.68282,189800000,189800000,https://www.sec.gov/Archives/edgar/data/21076/000002107605000019/q2text.htm,https://www.sec.gov/Archives/edgar/data/21076/000002107605000019/q2text.htm
0,2004-09-30,CLX,2004-11-04,2004-11-04 16:30:30,Q1,1048000000,591000000,457000000,0.436069,21000000,235000000,132000000,-1000000.0,290000000,881000000,-8000000.0,46000000,219000000,0.208969,167000000,0.159351,-1000000.0,167000000,0.159351,58000000,123000000,0.117366,0.57183,0.57183,215100000,215100000,https://www.sec.gov/Archives/edgar/data/21076/000002107604000094/q1text.htm,https://www.sec.gov/Archives/edgar/data/21076/000002107604000094/q1text.htm
0,2004-06-30,CLX,2004-08-27,2004-08-27 13:59:09,Q4,1185000000,643000000,542000000,0.457384,23000000,259000000,137000000,-1000000.0,298000000,941000000,-9000000.0,48000000,309000000,0.260759,244000000,0.205907,-1000000.0,244000000,0.205907,85000000,185000000,0.156118,0.86127,0.86127,214800000,214800000,https://www.sec.gov/Archives/edgar/data/21076/000002107604000063/f10ktext.htm,https://www.sec.gov/Archives/edgar/data/21076/000002107604000063/f10ktext.htm
0,2004-03-31,CLX,2004-05-06,2004-05-06 14:47:18,Q3,1051000000,584000000,467000000,0.444339,22000000,267000000,164000000,-3000000.0,291000000,875000000,-8000000.0,46000000,225000000,0.214082,176000000,0.16746,-3000000.0,176000000,0.16746,61000000,126000000,0.119886,0.58989,0.58989,213600000,213600000,https://www.sec.gov/Archives/edgar/data/21076/000002107604000022/q3text.htm,https://www.sec.gov/Archives/edgar/data/21076/000002107604000022/q3text.htm
0,2003-12-31,CLX,2004-02-10,2004-02-10 08:01:33,Q2,920000000,527000000,393000000,0.427174,20000000,214000000,129000000,0.0,239000000,766000000,-7000000.0,48000000,203000000,0.220652,154000000,0.167391,0.0,154000000,0.167391,53000000,109000000,0.118478,0.51174,0.51174,213000000,213000000,https://www.sec.gov/Archives/edgar/data/21076/000002107604000008/q2text.htm,https://www.sec.gov/Archives/edgar/data/21076/000002107604000008/q2text.htm
0,2003-09-30,CLX,2003-11-07,2003-11-07 16:26:26,Q1,1006000000,577000000,429000000,0.426441,19000000,223000000,122000000,6000000.0,251000000,828000000,-6000000.0,47000000,233000000,0.23161,178000000,0.176938,6000000.0,178000000,0.176938,63000000,129000000,0.128231,0.60028,0.60028,214900000,214900000,https://www.sec.gov/Archives/edgar/data/21076/000002107603000155/q1text.htm,https://www.sec.gov/Archives/edgar/data/21076/000002107603000155/q1text.htm
0,2003-06-30,CLX,2003-09-19,2003-09-19 13:07:33,Q4,1152000000,630000000,522000000,0.453125,23000000,257000000,135000000,-7000000.0,279000000,909000000,-6000000.0,47000000,276000000,0.239583,243000000,0.210938,-7000000.0,243000000,0.210938,86000000,149000000,0.12934,0.68443,0.68443,217700000,217700000,https://www.sec.gov/Archives/edgar/data/21076/000002107603000124/text.htm,https://www.sec.gov/Archives/edgar/data/21076/000002107603000124/text.htm
0,2003-03-31,CLX,2003-05-12,2003-05-09 20:46:05,Q3,1019000000,555000000,464000000,0.455348,20000000,269000000,266000000,-4000000.0,291000000,846000000,-14000000,54000000,211000000,0.207066,173000000,0.169774,-4000000.0,173000000,0.169774,61000000,110000000,0.107949,0.50297,0.50297,218700000,218700000,https://www.sec.gov/Archives/edgar/data/21076/000002107603000030/q3cln.htm,https://www.sec.gov/Archives/edgar/data/21076/000002107603000030/q3cln.htm
0,2002-12-31,CLX,2003-02-12,2003-02-12 16:37:31,Q2,926000000,496000000,430000000,0.464363,18000000,235000000,131000000,-3000000.0,288000000,784000000,-8000000.0,45000000,181000000,0.195464,142000000,0.153348,-3000000.0,142000000,0.153348,55000000,89000000,0.096112,0.40308,0.40308,220800000,220800000,https://www.sec.gov/Archives/edgar/data/21076/000002107603000009/q2final.htm,https://www.sec.gov/Archives/edgar/data/21076/000002107603000009/q2final.htm
0,2002-09-30,CLX,2002-11-13 00:00:00,2002-11-13 13:27:30,Q1,1047000000,544000000,503000000,0.48042,15000000,227000000,116000000,6000000.0,259000000,803000000,-8000000.0,43000000,266000000,0.254059,244000000,0.233047,6000000.0,244000000,0.233047,86000000,145000000,0.138491,0.64703,0.64703,224100000,224100000,https://www.sec.gov/Archives/edgar/data/21076/000002107602000022/0000021076-02-000022-index.html,https://www.sec.gov/Archives/edgar/data/21076/000002107602000022/q1final.htm
0,2002-06-30,CLX,2002-09-26 00:00:00,2002-09-26 14:01:13,Q4,1128000000,625000000,503000000,0.445922,19000000,235000000,395000000,5000000.0,272000000,897000000,-32000000,54000000,245000000,0.217199,231000000,0.204787,5000000.0,231000000,0.204787,77000000,146000000,0.129433,0.63121,0.63121,231300000,231300000,https://www.sec.gov/Archives/edgar/data/21076/000002107602000019/0000021076-02-000019-index.html,https://www.sec.gov/Archives/edgar/data/21076/000002107602000019/tidiedtext.htm
0,2002-03-31,CLX,2002-05-14 00:00:00,2002-05-14 14:10:52,Q3,1023000000,589000000,434000000,0.424242,15000000,243000000,7000000.0,3000000.0,335000000,924000000,5000000.0,50000000,150000000,0.146628,99000000,0.096774,3000000.0,99000000,0.096774,49000000,46000000,0.044966,0.19608,0.19608,234600000,234600000,https://www.sec.gov/Archives/edgar/data/21076/000002107602000009/0000021076-02-000009-index.html,https://www.sec.gov/Archives/edgar/data/21076/000002107602000009/q3text2.htm
0,2001-12-31,CLX,2002-02-14 00:00:00,2002-02-14 00:00:00,Q2,887000000,505000000,382000000,0.430665,16000000,209000000,135000000,4000000.0,307000000,812000000,-12000000,36000000,108000000,0.121759,75000000,0.084555,4000000.0,75000000,0.084555,33000000,51000000,0.057497,0.21619,0.21619,235900000,235900000,https://www.sec.gov/Archives/edgar/data/21076/000002107602000006/0000021076-02-000006-index.html,https://www.sec.gov/Archives/edgar/data/21076/000002107602000006/q2texttidied.htm
0,2001-09-30,CLX,2001-11-14 00:00:00,2001-11-14 00:00:00,Q1,984000000,560000000,424000000,0.430894,16000000,230000000,0.0,-2000000.0,268000000,828000000,0.0,49000000,173000000,0.175813,156000000,0.158537,-2000000.0,156000000,0.158537,45000000,79000000,0.080285,0.33179,0.33179,238100000,238100000,https://www.sec.gov/Archives/edgar/data/21076/000002107601500015/0000021076-01-500015-index.html,https://www.sec.gov/Archives/edgar/data/21076/000002107601500015/tidytext.htm
0,2001-06-30,CLX,2001-09-28 00:00:00,2001-09-28 00:00:00,Q4,1102000000,623000000,479000000,0.434664,20000000,226000000,0.0,15000000,349000000,972000000,0.0,57000000,187000000,0.169691,130000000,0.117967,15000000,130000000,0.117967,48000000,82000000,0.07441,0.34138,0.34138,240200000,240200000,https://www.sec.gov/Archives/edgar/data/21076/000095014901501457/0000950149-01-501457-index.html,https://www.sec.gov/Archives/edgar/data/21076/000095014901501457/f75998e10-k.txt
0,2001-03-31,CLX,2001-05-15 00:00:00,2001-05-15 00:00:00,Q3,962000000,584000000,378000000,0.392931,16000000,204000000,0.0,10000000,275000000,859000000,0.0,57000000,160000000,0.16632,103000000,0.107069,10000000,103000000,0.107069,24000000,79000000,0.082121,0.32944,0.32944,239800000,239800000,https://www.sec.gov/Archives/edgar/data/21076/000002107601500006/0000021076-01-500006-index.html,https://www.sec.gov/Archives/edgar/data/21076/000002107601500006/q3text2.txt
0,2000-12-31,CLX,2001-02-14 00:00:00,2001-02-14 00:00:00,Q2,876000000,524000000,352000000,0.401826,17000000,206000000,0.0,3000000.0,253000000,777000000,0.0,56000000,155000000,0.176941,99000000,0.113014,3000000.0,99000000,0.113014,35000000,64000000,0.073059,0.26767,0.26767,239100000,239100000,https://www.sec.gov/Archives/edgar/data/21076/000002107601000002/0000021076-01-000002-index.html,https://www.sec.gov/Archives/edgar/data/21076/000002107601000002/0000021076-01-000002-0001.txt
0,2000-09-30,CLX,2000-11-14 00:00:00,2000-11-14 00:00:00,Q1,963000000,549000000,414000000,0.429907,14000000,211000000,0.0,8000000.0,259000000,808000000,0.0,54000000,207000000,0.214953,155000000,0.160955,8000000.0,155000000,0.160955,55000000,98000000,0.101765,0.41073,0.41073,238600000,238600000,https://www.sec.gov/Archives/edgar/data/21076/000002107600000004/0000021076-00-000004-index.html,https://www.sec.gov/Archives/edgar/data/21076/000002107600000004/0000021076-00-000004-0001.txt
0,2000-06-30,CLX,2000-09-26 00:00:00,2000-09-26 00:00:00,Q4,1059000000,625000000,434000000,0.409821,19000000,166000000,0.0,7000000.0,234000000,859000000,0.0,50000000,250000000,0.236072,200000000,0.188857,7000000.0,200000000,0.188857,75000000,125000000,0.118036,0.52236,0.52236,239300000,239300000,https://www.sec.gov/Archives/edgar/data/21076/000002107600000003/0000021076-00-000003-index.html,https://www.sec.gov/Archives/edgar/data/21076/000002107600000003/0000021076-00-000003-0001.txt
0,2000-03-31,CLX,2000-05-15 00:00:00,2000-05-15 00:00:00,Q3,1034000000,573000000,461000000,0.445841,15000000,242000000,0.0,1000000.0,296000000,869000000,0.0,53000000,218000000,0.210832,165000000,0.159574,1000000.0,165000000,0.159574,59000000,106000000,0.102515,0.44389,0.44389,238800000,238800000,https://www.sec.gov/Archives/edgar/data/21076/000002107600000002/0000021076-00-000002-index.html,https://www.sec.gov/Archives/edgar/data/21076/0000021076-00-000002.txt
0,1999-12-31,CLX,,,Q2,954000000,535000000,419000000,0.439203,15000000,245000000,0.0,10000000,299000000,834000000,0.0,50000000,170000000,0.178197,120000000,0.125786,10000000,120000000,0.125786,44000000,76000000,0.079665,0.31706,0.31706,239700000,239700000,,
0,1999-09-30,CLX,1999-11-12 00:00:00,1999-11-12 00:00:00,Q1,942000000,517000000,425000000,0.451168,14000000,243000000,0.0,6000000.0,288000000,805000000,0.0,48000000,185000000,0.196391,137000000,0.145435,6000000.0,137000000,0.145435,50000000,87000000,0.092357,0.3616,0.3616,240600000,240600000,https://www.sec.gov/Archives/edgar/data/21076/000002107699000009/0000021076-99-000009-index.html,https://www.sec.gov/Archives/edgar/data/21076/0000021076-99-000009.txt
0,1999-06-30,CLX,1999-09-28 00:00:00,1999-09-28 00:00:00,Q4,1099400000,541900000,557500000,0.507095,17900000,329800000,0.0,6300000.0,455600000,997500000,0.0,55000000,156900000,0.142714,101900000,0.092687,6300000.0,101900000,0.092687,51800000,50100000,0.04557,0.20771,0.20771,241200000,241200000,https://www.sec.gov/Archives/edgar/data/21076/000002107699000008/0000021076-99-000008-index.html,https://www.sec.gov/Archives/edgar/data/21076/0000021076-99-000008.txt
0,1999-03-31,CLX,1999-05-14 00:00:00,1999-05-14 00:00:00,Q3,992000000,473400000,518600000,0.522782,14500000,318800000,0.0,10100000,466200000.00000006,939600000,0.0,50000000,102400000,0.103226,52400000,0.052823,10100000,52400000,0.052823,30300000,22100000,0.022278,0.09193,0.09193,240400000,240400000,https://www.sec.gov/Archives/edgar/data/21076/000002107699000005/0000021076-99-000005-index.html,https://www.sec.gov/Archives/edgar/data/21076/0000021076-99-000005.txt
0,1998-12-31,CLX,1999-02-12 00:00:00,1999-02-12 00:00:00,Q2,947000000,459000000,488000000,0.515312,15000000,323000000,0.0,7000000.0,370000000,829000000,0.0,49000000,167000000,0.176346,118000000,0.124604,7000000.0,118000000,0.124604,44000000,74000000,0.078141,0.30885,0.30885,239600000,239600000,https://www.sec.gov/Archives/edgar/data/21076/000002107699000003/0000021076-99-000003-index.html,https://www.sec.gov/Archives/edgar/data/21076/0000021076-99-000003.txt
0,1998-09-30,CLX,1998-11-12 00:00:00,1998-11-12 00:00:00,Q1,965000000,458000000,507000000,0.525389,14000000,306000000,0.0,1000000.0,349000000,807000000,0.0,48000000,206000000,0.213472,158000000,0.163731,1000000.0,158000000,0.163731,58000000,100000000,0.103627,0.41841,0.41841,239000000,239000000,https://www.sec.gov/Archives/edgar/data/21076/000002107698000007/0000021076-98-000007-index.html,https://www.sec.gov/Archives/edgar/data/21076/0000021076-98-000007.txt
0,1998-06-30,CLX,1998-09-28 00:00:00,1998-09-28 00:00:00,Q4,1129000000,548100000,580900000,0.514526,18700000,369500000,0.0,3900000.0,420100000,968200000,0.0,52300000.00000001,213000000,0.188663,160800000,0.142427,3900000.0,160800000,0.142427,52100000,108600000,0.096191,0.45516,0.45516,238600000,238600000,https://www.sec.gov/Archives/edgar/data/21076/000002107698000006/0000021076-98-000006-index.html,https://www.sec.gov/Archives/edgar/data/21076/0000021076-98-000006.txt
0,1998-03-31,CLX,1998-05-08 00:00:00,1998-05-08 00:00:00,Q3,967400000,460800000,506600000,0.523672,14900000,313200000,0.0,1200000.0,356300000,817100000,0.0,64699999.99999999,215100000,0.222349,150400000,0.155468,1200000.0,150400000,0.155468,58400000,92000000,0.0951,0.38365,0.38365,239800000,239800000,https://www.sec.gov/Archives/edgar/data/21076/000002107698000005/0000021076-98-000005-index.html,https://www.sec.gov/Archives/edgar/data/21076/0000021076-98-000005.txt
0,1997-12-31,CLX,1998-02-12 00:00:00,1998-02-12 00:00:00,Q2,1152300000,600500000,551800000,0.478868,15800000,370300000,0.0,6300000.0,428900000.0000001,1029400000.0000001,0.0,28299999.999999996,144300000,0.125228,122900000,0.106656,6300000.0,122900000,0.106656,48000000,68000000,0.059012,0.25316,0.25316,268600000,268600000,https://www.sec.gov/Archives/edgar/data/21076/000002107698000003/0000021076-98-000003-index.html,https://www.sec.gov/Archives/edgar/data/21076/0000021076-98-000003.txt
0,1997-09-30,CLX,1997-11-13 00:00:00,1997-11-13 00:00:00,Q1,649300000,279700000,369600000,0.569228,11600000,221900000,0.0,-1400000.0,247700000,527400000,0.0,36700000,158600000,0.244263,121900000,0.187741,-1400000.0,121900000,0.187741,47500000,74400000,0.114585,0.35361,0.35361,210400000,210400000,https://www.sec.gov/Archives/edgar/data/21076/000002107697000009/0000021076-97-000009-index.html,https://www.sec.gov/Archives/edgar/data/21076/0000021076-97-000009.txt
0,1997-06-30,CLX,1997-09-25 00:00:00,1997-09-25 00:00:00,Q4,762500000,342600000,419800000,0.550557,16400000,265500000,0.0,-2900000.0,295400000,638000000,0.0,75700000,200100000,0.262426,124400000,0.163148,-2900000.0,124400000,0.163148,50000000,74400000,0.097574,0.36029,0.36029,206500000,206500000,https://www.sec.gov/Archives/edgar/data/21076/000002107697000008/0000021076-97-000008-index.html,https://www.sec.gov/Archives/edgar/data/21076/0000021076-97-000008.txt
0,1997-03-31,CLX,1997-05-14 00:00:00,1997-05-14 00:00:00,Q3,649200000,287900000,361300000,0.556531,12000000,219900000,0.0,2600000.0,251500000,539400000,0.0,32500000,142300000,0.219193,109800000,0.169131,2600000.0,109800000,0.169131,44200000,65600000,0.101047,0.31149,0.31149,210600000,210600000,https://www.sec.gov/Archives/edgar/data/21076/000002107697000005/0000021076-97-000005-index.html,https://www.sec.gov/Archives/edgar/data/21076/0000021076-97-000005.txt
0,1996-12-31,CLX,1997-02-14 00:00:00,1997-02-14 00:00:00,Q2,530200000,235600000,294600000,0.555639,11500000,201300000,0.0,-3000000.0,221700000.00000003,457300000,0.0,33099999.999999993,106000000,0.199925,72900000,0.137495,-3000000.0,72900000,0.137495,29000000,43900000,0.082799,0.20895,0.20895,210100000,210100000,https://www.sec.gov/Archives/edgar/data/21076/000002107697000004/0000021076-97-000004-index.html,https://www.sec.gov/Archives/edgar/data/21076/0000021076-97-000004.txt
0,1996-09-30,CLX,1996-11-14 00:00:00,1996-11-14 00:00:00,Q1,590800000,257400000,333400000,0.56432,10500000,205600000,0.0,-2000000.0,224600000.00000003,482000000,0.0,26700000,135500000,0.22935,108800000,0.184157,-2000000.0,108800000,0.184157,43300000,65500000,0.110867,0.3122,0.3122,209800000,209800000,https://www.sec.gov/Archives/edgar/data/21076/000002107696000005/0000021076-96-000005-index.html,https://www.sec.gov/Archives/edgar/data/21076/0000021076-96-000005.txt
0,1996-06-30,CLX,1996-09-26 00:00:00,1996-09-26 00:00:00,Q4,672500000,307100000,365400000,0.543346,13300000,227400000,0.0,4300000.0,257199999.99999994,564299999.9999999,0.0,25799999.999999996,133900000,0.199108,108200000,0.160892,4300000.0,108200000,0.160892,42300000,65800000,0.097844,0.31926,0.31926,206100000,206100000,https://www.sec.gov/Archives/edgar/data/21076/000002107696000004/0000021076-96-000004-index.html,https://www.sec.gov/Archives/edgar/data/21076/0000021076-96-000004.txt
0,1996-03-31,CLX,1996-05-15 00:00:00,1996-05-15 00:00:00,Q3,560100000,255600000,304500000,0.543653,11100000,182200000,0.0,400000.0,204500000.00000003,460100000.00000006,0.0,35000000,135000000,0.241028,100000000,0.17854,400000.0,100000000,0.17854,40400000,59600000,0.10641,0.28778,0.28778,207100000,207100000,https://www.sec.gov/Archives/edgar/data/21076/000002107696000002/0000021076-96-000002-index.html,https://www.sec.gov/Archives/edgar/data/21076/0000021076-96-000002.txt
0,1995-12-31,CLX,1996-02-14 00:00:00,1996-02-14 00:00:00,Q2,466800000,213200000,253600000,0.543273,11200000,169000000,0.0,2200000.0,190000000,403200000,0.0,29200000.000000004,92800000,0.1988,63600000,0.136247,2200000.0,63600000,0.136247,25700000,37900000,0.081191,0.18186,0.18186,208400000,208400000,https://www.sec.gov/Archives/edgar/data/21076/000002107696000001/0000021076-96-000001-index.html,https://www.sec.gov/Archives/edgar/data/21076/0000021076-96-000001.txt
0,1995-09-30,CLX,1995-11-14 00:00:00,1995-11-14 00:00:00,Q1,518500000,231300000,287200000,0.553905,10200000,171100000,0.0,-600000.0,188599999.99999997,419899999.99999994,0.0,26500000,125100000,0.241273,98600000,0.190164,-600000.0,98600000,0.190164,39800000,58800000,0.113404,0.2808,0.2808,209400000,209400000,https://www.sec.gov/Archives/edgar/data/21076/000002107695000009/0000021076-95-000009-index.html,https://www.sec.gov/Archives/edgar/data/21076/0000021076-95-000009.txt
0,1995-06-30,CLX,1995-09-28 00:00:00,1995-09-28 00:00:00,Q4,594300000,272100000,322200000,0.54215,13200000,200600000,0.0,100000.0,221700000,493800000,0.0,23900000.000000007,124300000,0.209154,100500000,0.169107,100000.0,100500000,0.169107,40900000,59500000,0.100118,0.28159,0.28159,211300000,211300000,https://www.sec.gov/Archives/edgar/data/21076/000002107695000005/0000021076-95-000005-index.html,https://www.sec.gov/Archives/edgar/data/21076/0000021076-95-000005.txt
0,1995-03-31,CLX,1995-05-15 00:00:00,1995-05-15 00:00:00,Q3,499100000,226000000,273100000,0.547185,10700000,167200000,0.0,-2300000.0,182800000,408800000,0.0,28600000,118800000,0.238028,90200000,0.180725,-2300000.0,90200000,0.180725,36200000,54000000,0.108195,0.25436,0.25436,212300000,212300000,https://www.sec.gov/Archives/edgar/data/21076/000002107695000002/0000021076-95-000002-index.html,https://www.sec.gov/Archives/edgar/data/21076/0000021076-95-000002.txt
0,1994-12-31,CLX,1995-02-13 00:00:00,1995-02-13 00:00:00,Q2,414500000,184000000,230500000,0.556092,10800000,159900000,0.0,-2200000.0,173700000,357700000,0.0,26099999.999999996,82900000,0.2,56800000,0.137033,-2200000.0,56800000,0.137033,22700000,34100000,0.082268,0.16002,0.16002,213100000,213100000,https://www.sec.gov/Archives/edgar/data/21076/000002107695000001/0000021076-95-000001-index.html,https://www.sec.gov/Archives/edgar/data/21076/0000021076-95-000001.txt
0,1994-09-30,CLX,1994-11-14 00:00:00,1994-11-14 00:00:00,Q1,476400000,210100000,266200000,0.558774,10100000,160400000,0.0,400000.0,175900000,386000000,0.0,25300000,115700000,0.242863,90400000,0.189757,400000.0,90400000,0.189757,37200000,53200000,0.111671,0.24906,0.24906,213600000,213600000,https://www.sec.gov/Archives/edgar/data/21076/000002107694000008/0000021076-94-000008-index.html,https://www.sec.gov/Archives/edgar/data/21076/0000021076-94-000008.txt
0,1994-06-30,CLX,1994-09-26 00:00:00,1994-09-26 00:00:00,Q4,534400000,251300000,283200000,0.52994,13200000,169600000,0.0,8600000.0,196899999.99999997,448200000,0.0,23500000,109800000,0.205464,86300000,0.16149,8600000.0,86300000,0.16149,32700000,53600000,0.100299,0.25117,0.25117,213400000,213400000,https://www.sec.gov/Archives/edgar/data/21076/000002107694000006/0000021076-94-000006-index.html,https://www.sec.gov/Archives/edgar/data/21076/0000021076-94-000006.txt
0,1994-03-31,CLX,1994-05-13 00:00:00,1994-05-13 00:00:00,Q3,481900000,212000000,270000000,0.560282,10900000,170000000,0.0,1300000.0,186600000.00000003,398600000,0.0,24699999.999999996,108100000,0.22432,83400000,0.173065,1300000.0,83400000,0.173065,33900000,49500000,0.102718,0.23152,0.23152,213800000,213800000,https://www.sec.gov/Archives/edgar/data/21076/000002107694000004/0000021076-94-000004-index.html,https://www.sec.gov/Archives/edgar/data/21076/0000021076-94-000004.txt
