,date,symbol,fillingDate,acceptedDate,period,revenue,costOfRevenue,grossProfit,grossProfitRatio,researchAndDevelopmentExpenses,generalAndAdministrativeExpenses,sellingAndMarketingExpenses,otherExpenses,operatingExpenses,costAndExpenses,interestExpense,depreciationAndAmortization,ebitda,ebitdaratio,operatingIncome,operatingIncomeRatio,totalOtherIncomeExpensesNet,incomeBeforeTax,incomeBeforeTaxRatio,incomeTaxExpense,netIncome,netIncomeRatio,eps,epsdiluted,weightedAverageShsOut,weightedAverageShsOutDil,link,finalLink
0,2020-09-26,SYY,2020-11-04,2020-11-03 18:00:12,Q1,11777379000,9557534000,2219845000,0.18848378743691616,0.0,0.0,0.0,1800266000,1800266000,11357800000,-146717000,180520000,600099000,0.05095352709630895,419579000,0.03562583831258211,14124000,258738000,0.021969064594083286,0.0,258738000,0.021969064594083286,0.43,0.43,508296450,508296450,https://www.sec.gov/Archives/edgar/data/96021/000009602120000122/0000096021-20-000122-index.htm,https://www.sec.gov/Archives/edgar/data/96021/000009602120000122/syy-20200926.htm
0,2020-06-27,SYY,2020-08-26,,Q4,8866564000,7300909000,1565655000,0.17657967618572426,0.0,32335000,0.0,1851028000,2153135000,9454044000,-164269000,247177000.00000003,-653337000,-0.073685,-587480000,-0.066258,15504000,-736245000,-0.083036,-117826000,-618419000,-0.069747,-1.21665,-1.21665,508296450,508296450,https://www.sec.gov/Archives/edgar/data/96021/000009602120000100/0000096021-20-000100-index.htm,https://www.sec.gov/Archives/edgar/data/96021/000009602120000100/syy-20200627.htm
0,2020-03-28,SYY,2020-05-06 00:00:00,2020-05-05 18:19:28,Q3,13698699000,11134459000,2564240000,0.187189,0.0,37183000,0.0,2458126000,2503965999.9999986,13638424999.999998,-83854000,186171999.99999997,73537999.99999997,0.005368,60274000,0.0044,-5200000.0,-28780000,-0.002101,-25483000,-3297000.0,-0.000241,-0.00648,-0.00648,508745250,508745250,https://www.sec.gov/Archives/edgar/data/96021/000009602120000044/0000096021-20-000044-index.html,https://www.sec.gov/Archives/edgar/data/96021/000009602120000044/syy-20200328.htm
0,2019-12-28,SYY,2020-02-05 00:00:00,2020-02-04 18:12:14,Q2,15025042000,12196643000,2828399000,0.188246,0.0,41170000,0.0,2224393000,2275906000.000001,14472549000.000002,-76762000,185011000,584787000,0.038921,552493000,0.036771,807000.0,476538000,0.031716,93128000,383410000,0.025518,0.74374,0.74374,515517790,515517790,https://www.sec.gov/Archives/edgar/data/96021/000009602120000017/0000096021-20-000017-index.html,https://www.sec.gov/Archives/edgar/data/96021/000009602120000017/syy2020q210-q.htm
0,2019-09-28,SYY,2019-11-05 00:00:00,2019-11-04 18:31:25,Q1,15303005000,12359635000,2943370000,0.192339,0.0,33789000,0.0,2232650000,2275051999.9999995,14634687000,-83335000,187405000,685941000,0.044824,668318000,0.043672,-3112000.0,581871000,0.038023,128090000,453781000,0.029653,0.87474,0.87474,518761460,518761460,https://www.sec.gov/Archives/edgar/data/96021/000009602119000126/0000096021-19-000126-index.html,https://www.sec.gov/Archives/edgar/data/96021/000009602119000126/syy2020q110-q.htm
0,2019-06-29,SYY,2019-08-26,2019-08-23 18:05:47,Q4,15474862000,12495670000,2979192000,0.192518,0.0,0.0,0.0,2258662000,2258662000.0000005,14754332000,-89780000,187338999.99999994,777235999.9999999,0.050226,720530000,0.046561,51558000,682308000,0.044091,143911000,535766000,0.034622,1.0302,1.0302,520061970,520061970,https://www.sec.gov/Archives/edgar/data/96021/000009602119000093/syy2019q410-k.htm,https://www.sec.gov/Archives/edgar/data/96021/000009602119000093/syy2019q410-k.htm
0,2019-03-30,SYY,2019-05-07 00:00:00,2019-05-06 18:09:16,Q3,14658074000,11903776000,2754298000,0.187903,0.0,0.0,0.0,2224713000,2224712999.9999995,14128489000,-94514000,184183000,520889000,0.035536,529585000,0.036129,-4120000.0,430951000,0.0294,-8863000.0,440083000,0.030023,0.8466,0.8466,519821310,519821310,https://www.sec.gov/Archives/edgar/data/96021/000009602119000041/0000096021-19-000041-index.html,https://www.sec.gov/Archives/edgar/data/96021/000009602119000041/syy2019q310-q.htm
0,2018-12-29,SYY,2019-02-05 00:00:00,2019-02-04 17:53:46,Q2,14765707000,11993995000,2771712000,0.187713,0.0,0.0,0.0,2319817000,2319816999.999999,14313811999.999998,-87113000,204813000.00000003,460385000,0.031179,451895000,0.030604,-10197000,354585000,0.024014,75305000,267380000,0.018108,0.50968,0.50968,524600510,524600510,https://www.sec.gov/Archives/edgar/data/96021/000009602119000008/0000096021-19-000008-index.html,https://www.sec.gov/Archives/edgar/data/96021/000009602119000008/syy2019q210-q.htm
0,2018-09-29,SYY,2018-11-06 00:00:00,2018-11-05 17:42:30,Q1,15215000000,12311000000,2904000000,0.190864,0.0,0.0,0.0,2276000000,2276000000,14587000000,-89000000,187600000,636600000,0.04184,628000000,0.041275,-1000000.0,538000000,0.03536,107000000,431000000,0.028327,0.81474,0.81474,529000000,529000000,https://www.sec.gov/Archives/edgar/data/96021/000009602118000178/0000096021-18-000178-index.html,https://www.sec.gov/Archives/edgar/data/96021/000009602118000178/syy2019q110-q.htm
0,2018-06-30,SYY,2018-08-27 00:00:00,2018-08-24 17:41:35,Q4,15316000000,12399000000,2917000000,0.190454,0.0,0.0,0.0,2229000000,2229000000,14628000000,-92000000,201799999.99999994,701800000,0.045821,688000000,0.04492,-2000000.0,593000000,0.038718,143000000,449000000,0.029316,0.85038,0.85038,528000000,528000000,https://www.sec.gov/Archives/edgar/data/96021/000009602118000126/0000096021-18-000126-index.html,https://www.sec.gov/Archives/edgar/data/96021/000009602118000126/syy2018q410-k.htm
0,2018-03-31,SYY,2018-05-08 00:00:00,2018-05-07 18:15:07,Q3,14350000000,11674000000,2676000000,0.186481,0.0,0.0,0.0,2190000000,2190000000,13864000000,-143000000,193400000.00000003,415400000.00000006,0.028948,486000000,0.033868,22000000,365000000,0.025436,35000000,330000000,0.022997,0.625,0.625,528000000,528000000,https://www.sec.gov/Archives/edgar/data/96021/000009602118000083/0000096021-18-000083-index.html,https://www.sec.gov/Archives/edgar/data/96021/000009602118000083/syy2018q310-q.htm
0,2017-12-30,SYY,2018-02-06 00:00:00,2018-02-05 21:20:10,Q2,14411000000,11712000000,2699000000,0.187287,0.0,0.0,0.0,2167000000,2167000000,13879000000,-89000000,190600000.00000003,622600000,0.043203,532000000,0.036916,8000000.0,452000000,0.031365,237000000,284000000,0.019707,0.5389,0.5389,527000000,527000000,https://www.sec.gov/Archives/edgar/data/96021/000009602118000038/0000096021-18-000038-index.html,https://www.sec.gov/Archives/edgar/data/96021/000009602118000038/syy2018q210-q.htm
0,2017-09-30,SYY,2017-11-09 00:00:00,2017-11-09 08:15:31,Q1,14650000000,11857000000,2794000000,0.190717,0.0,0.0,0.0,2174000000,2174000000,14031000000,-81000000,179700000,645700000,0.044075,619000000,0.042253,8000000.0,546000000,0.03727,179000000,368000000,0.025119,0.69043,0.69043,533000000,533000000,https://www.sec.gov/Archives/edgar/data/96021/000009602117000170/0000096021-17-000170-index.html,https://www.sec.gov/Archives/edgar/data/96021/000009602117000170/syy2018q110-q.htm
0,2017-07-01,SYY,2017-08-30 00:00:00,2017-08-29 20:45:41,Q4,14421000000,11661000000,2760000000,0.191388,0.0,0.0,0.0,2202000000,2202000000,13863000000,-76000000,234700000.00000006,641700000,0.044498,558000000,0.038694,2000000.0,484000000,0.033562,178000000,305000000,0.02115,0.56586,0.56586,539000000,539000000,https://www.sec.gov/Archives/edgar/data/96021/000009602117000120/0000096021-17-000120-index.html,https://www.sec.gov/Archives/edgar/data/96021/000009602117000120/syy201710-k.htm
0,2017-04-01,SYY,2017-05-09 00:00:00,2017-05-08 18:26:58,Q3,13524000000,10990000000,2534000000,0.187371,0.0,0.0,0.0,2098000000,2098000000,13088000000,-81000000,218299999.99999994,496299999.99999994,0.036698,436000000,0.032239,5000000.0,360000000,0.026619,121000000,238000000,0.017598,0.4375,0.4375,544000000,544000000,https://www.sec.gov/Archives/edgar/data/96021/000009602117000073/0000096021-17-000073-index.html,https://www.sec.gov/Archives/edgar/data/96021/000009602117000073/syy2017q310-q.htm
0,2016-12-31,SYY,2017-02-07 00:00:00,2017-02-06 18:03:40,Q2,13457000000,10885000000,2572000000,0.191127,0.0,0.0,0.0,2079000000,2080000000,12965000000,-72000000,237300000,587300000,0.043643,492000000,0.036561,2000000.0,423000000,0.031433,147000000,275000000,0.020435,0.5,0.5,550000000,550000000,https://www.sec.gov/Archives/edgar/data/96021/000009602117000035/0000096021-17-000035-index.html,https://www.sec.gov/Archives/edgar/data/96021/000009602117000035/syy2017q210-q.htm
0,2016-10-01,SYY,2016-11-08 00:00:00,2016-11-07 19:35:46,Q1,13969000000,11277000000,2692000000,0.192712,0.0,0.0,0.0,2125000000,2125000000,13402000000,-74000000,211700000,638700000,0.045723,567000000,0.04059,7000000.0,500000000,0.035794,177000000,324000000,0.023194,0.57754,0.57754,561000000,561000000,https://www.sec.gov/Archives/edgar/data/96021/000009602116000318/0000096021-16-000318-index.html,https://www.sec.gov/Archives/edgar/data/96021/000009602116000318/syy2017q110-q.htm
0,2016-07-02,SYY,2016-08-30,2016-08-29 19:02:33,Q4,13648000000,11145000000,2503000000,0.183397,0.0,0.0,0.0,1956000000,1956000000,13101000000,94835000,202000000.00000006,628835000.0000001,0.046075,547000000,0.040079,-141000000,331000000,0.024253,116000000,216000000,0.015826,0.38095,0.38095,567000000,567000000,https://www.sec.gov/Archives/edgar/data/96021/000009602116000275/syy201610-k.htm,https://www.sec.gov/Archives/edgar/data/96021/000009602116000275/syy201610-k.htm
0,2016-03-26,SYY,2016-05-03 00:00:00,2016-05-02 18:10:53,Q3,12003000000,9860000000,2143000000,0.178539,0.0,0.0,0.0,1765000000,1765000000,11625000000,-58000000,179300000,448300000,0.037349,378000000,0.031492,7000000.0,327000000,0.027243,110000000,217000000,0.018079,0.38004,0.38004,571000000,571000000,https://www.sec.gov/Archives/edgar/data/96021/000009602116000200/0000096021-16-000200-index.html,https://www.sec.gov/Archives/edgar/data/96021/000009602116000200/syy2016q310-q.htm
0,2015-12-26,SYY,2016-02-02 00:00:00,2016-02-01 18:15:46,Q2,12154000000,9997000000,2157000000,0.177472,0.0,0.0,0.0,1724000000,1724000000,11721000000,-47000000,145399999.99999997,491400000,0.040431,433000000,0.035626,8000000.0,393000000,0.032335,121000000,272000000,0.022379,0.47636,0.47636,571000000,571000000,https://www.sec.gov/Archives/edgar/data/96021/000009602116000165/0000096021-16-000165-index.html,https://www.sec.gov/Archives/edgar/data/96021/000009602116000165/syy2016q210-q.htm
0,2015-09-26,SYY,2015-11-03 00:00:00,2015-11-02 18:09:48,Q1,12563000000,10325000000,2238000000,0.178142,0.0,0.0,0.0,1745000000,1744000000,12069000000,-127000000,136000000,390000000,0.031044,493000000,0.039242,15000000,382000000,0.030407,137000000,244000000,0.019422,0.40599,0.40599,601000000,601000000,https://www.sec.gov/Archives/edgar/data/96021/000009602115000083/0000096021-15-000083-index.html,https://www.sec.gov/Archives/edgar/data/96021/000009602115000083/syy2016q110-q.htm
0,2015-06-27,SYY,2015-08-25 00:00:00,2015-08-24 18:06:29,Q4,12402000000,10182000000,2220000000,0.179003,0.0,0.0,0.0,2099000000,2099000000,12281000000,-77000000,117100000.00000001,109100000.00000001,0.008797,121000000,0.009756,25000000,69000000,0.005564,-4000000.0,73000000,0.005886,0.12187,0.12187,599000000,599000000,https://www.sec.gov/Archives/edgar/data/96021/000009602115000057/0000096021-15-000057-index.html,https://www.sec.gov/Archives/edgar/data/96021/000009602115000057/syy201510-k.htm
0,2015-03-28,SYY,2015-05-05 00:00:00,2015-05-04 17:59:55,Q3,11747000000,9689000000,2057000000,0.175109,0.0,0.0,0.0,1730000000,1730000000,11419000000,-70000000,141099999.99999997,337099999.99999994,0.028697,327000000,0.027837,9000000.0,266000000,0.022644,89000000,177000000,0.015068,0.29549,0.29549,599000000,599000000,https://www.sec.gov/Archives/edgar/data/96021/000009602115000028/0000096021-15-000028-index.html,https://www.sec.gov/Archives/edgar/data/96021/000009602115000028/syy-20150328x10q.htm
0,2014-12-27,SYY,2015-02-03,2015-02-02 19:58:44,Q2,12087000000,10002000000,2085000000,0.172499,0.0,0.0,0.0,1770000000,1770000000,11772000000,-77000000,157000000,316000000,0.026144,315000000,0.026061,-2000000.0,236000000,0.019525,78000000,158000000,0.013072,0.2651,0.2651,596000000,596000000,https://www.sec.gov/Archives/edgar/data/96021/000009602115000004/c021-20141227x10q.htm,https://www.sec.gov/Archives/edgar/data/96021/000009602115000004/c021-20141227x10q.htm
0,2014-09-27,SYY,2014-11-04 00:00:00,2014-11-03 17:56:25,Q1,12445000000,10256000000,2189000000,0.175894,0.0,0.0,0.0,1723000000,1723000000,11979000000,-31000000,137800000,543800000,0.043696,466000000,0.037445,2000000.0,437000000,0.035115,158000000,279000000,0.022419,0.47049,0.47049,593000000,593000000,https://www.sec.gov/Archives/edgar/data/96021/000009602114000066/0000096021-14-000066-index.html,https://www.sec.gov/Archives/edgar/data/96021/000009602114000066/syy-20140927x10q.htm
0,2014-06-28,SYY,2014-08-26 00:00:00,2014-08-25 17:58:41,Q4,12287000000,10131000000,2156000000,0.17547,0.0,0.0,0.0,1731000000,1731000000,11862000000,-31000000,147000000,516000000,0.041996,425000000,0.034589,7000000.0,401000000,0.032636,146000000,254000000,0.020672,0.42978,0.42978,591000000,591000000,https://www.sec.gov/Archives/edgar/data/96021/000009602114000040/0000096021-14-000040-index.html,https://www.sec.gov/Archives/edgar/data/96021/000009602114000040/syy-20140628x10k.htm
0,2014-03-29,SYY,2014-05-06 00:00:00,2014-05-05 17:57:05,Q3,11277000000,9283000000,1995000000,0.176909,0.0,0.0,0.0,1662000000,1662000000,10945000000,-32000000,138000000,403000000,0.035736,333000000,0.029529,-4000000.0,297000000,0.026337,116000000,181000000,0.01605,0.30678,0.30678,590000000,590000000,https://www.sec.gov/Archives/edgar/data/96021/000009602114000027/0000096021-14-000027-index.html,https://www.sec.gov/Archives/edgar/data/96021/000009602114000027/syy-20140329x10q.htm
0,2013-12-28,SYY,2014-02-04,2014-02-03 18:01:10,Q2,11238000000,9273000000,1965000000,0.174853,0.0,0.0,0.0,1613000000,1613000000,10886000000,-30528000,137400000.00000003,432872000.00000006,0.038519,352000000,0.031322,4000000.0,326000000,0.029009,115000000,211000000,0.018776,0.35884,0.35884,588000000,588000000,https://www.sec.gov/Archives/edgar/data/96021/000009602114000004/syy-20131228x10q.htm,https://www.sec.gov/Archives/edgar/data/96021/000009602114000004/syy-20131228x10q.htm
0,2013-09-28,SYY,2013-11-05 00:00:00,2013-11-04 20:40:29,Q1,11714000000,9649000000,2065000000,0.176285,0.0,0.0,0.0,1587000000,1587000000,11236000000,30528000,133700000,617228000,0.052691,478000000,0.040806,5000000.0,452000000,0.038586,167000000,286000000,0.024415,0.48393,0.48393,591000000,591000000,https://www.sec.gov/Archives/edgar/data/96021/000009602113000091/0000096021-13-000091-index.html,https://www.sec.gov/Archives/edgar/data/96021/000009602113000091/syy-20130928x10q.htm
0,2013-06-29,SYY,2013-08-27 00:00:00,2013-08-26 17:57:33,Q4,11601000000,9529000000,2072000000,0.178605,0.0,0.0,0.0,1612000000,1612000000,11141000000,31170000,132500000,601670000,0.051864,460000000,0.039652,10000000,439000000,0.037842,155000000,283000000,0.024394,0.47324,0.47324,598000000,598000000,https://www.sec.gov/Archives/edgar/data/96021/000009602113000073/0000096021-13-000073-index.html,https://www.sec.gov/Archives/edgar/data/96021/000009602113000073/syy-20130629x10k.htm
0,2013-03-30,SYY,2013-05-07 00:00:00,2013-05-06 20:10:39,Q3,10926000000,8984000000,1942000000,0.177741,0.0,0.0,0.0,1605000000,1605000000,10589000000,34215000,130400000,470615000,0.043073,337000000,0.030844,3000000.0,306000000,0.028007,105000000,201000000,0.018396,0.33895,0.33895,593000000,593000000,https://www.sec.gov/Archives/edgar/data/96021/000009602113000046/0000096021-13-000046-index.html,https://www.sec.gov/Archives/edgar/data/96021/000009602113000046/syy-20130330x10q.htm
0,2012-12-29,SYY,2013-02-05 00:00:00,2013-02-04 17:41:17,Q2,10797000000,8879000000,1918000000,0.177642,0.0,0.0,0.0,1535000000,1535000000,10414000000,32242000,128899999.99999999,513142000,0.047526,383000000,0.035473,2000000.0,352000000,0.032602,131000000,221000000,0.020469,0.37458,0.37458,590000000,590000000,https://www.sec.gov/Archives/edgar/data/96021/000009602113000004/0000096021-13-000004-index.html,https://www.sec.gov/Archives/edgar/data/96021/000009602113000004/syy-20121229x10q.htm
0,2012-09-29,SYY,2012-11-06 00:00:00,2012-11-05 18:20:28,Q1,11087000000,9057000000,2030000000,0.183097,0.0,0.0,0.0,1551000000,1551000000,10608000000,30868000,120700000,602568000,0.054349,479000000,0.043204,2000000.0,450000000,0.040588,164000000,287000000,0.025886,0.48644,0.48644,590000000,590000000,https://www.sec.gov/Archives/edgar/data/96021/000009602112000091/0000096021-12-000091-index.html,https://www.sec.gov/Archives/edgar/data/96021/000009602112000091/syy-20120929x10q.htm
0,2012-06-30,SYY,2012-08-28 00:00:00,2012-08-27 18:21:50,Q4,11045000000,9034000000,2012000000,0.182164,0.0,0.0,0.0,1496000000,1496000000,10530000000,27308000,111899999.99999999,628208000,0.056877,515000000,0.046627,1000000.0,489000000,0.044273,180000000,309000000,0.027976,0.52551,0.52551,588000000,588000000,https://www.sec.gov/Archives/edgar/data/96021/000009602112000062/0000096021-12-000062-index.html,https://www.sec.gov/Archives/edgar/data/96021/000009602112000062/syy-20120630x10k.htm
0,2012-03-31,SYY,2012-05-08 00:00:00,2012-05-08 08:05:53,Q3,10505000000,8633000000,1872000000,0.178201,0.0,0.0,0.0,1433000000,1433000000,10066000000,28290000,104300000.00000001,545590000,0.051936,439000000,0.04179,2000000.0,413000000,0.039315,153000000,260000000,0.02475,0.44293,0.44293,587000000,587000000,https://www.sec.gov/Archives/edgar/data/96021/000119312512216752/0001193125-12-216752-index.html,https://www.sec.gov/Archives/edgar/data/96021/000119312512216752/d342468d10q.htm
0,2011-12-31,SYY,2012-02-07 00:00:00,2012-02-07 08:02:14,Q2,10244000000,8399000000,1846000000,0.180203,0.0,0.0,0.0,1419000000,1418000000,9817000000,28324000,101100000,531424000,0.051877,427000000,0.041683,3000000.0,402000000,0.039242,152000000,250000000,0.024405,0.42589,0.42589,587000000,587000000,https://www.sec.gov/Archives/edgar/data/96021/000119312512042600/0001193125-12-042600-index.html,https://www.sec.gov/Archives/edgar/data/96021/000119312512042600/d294991d10q.htm
0,2011-10-01,SYY,2011-11-08 00:00:00,2011-11-08 08:00:45,Q1,10586000000,8639000000,1948000000,0.184017,0.0,0.0,0.0,1438000000,1438000000,10077000000,29474000,99600000,609074000,0.057536,509000000,0.048082,0.0,480000000,0.045343,177000000,303000000,0.028623,0.51096,0.51096,593000000,593000000,https://www.sec.gov/Archives/edgar/data/96021/000095012311096211/0000950123-11-096211-index.html,https://www.sec.gov/Archives/edgar/data/96021/000095012311096211/h85447e10vq.htm
0,2011-07-02,SYY,2011-08-30 00:00:00,2011-08-30 08:01:45,Q4,10426000000,8471000000,1954000000,0.187416,0.0,0.0,0.0,1394000000,1394000000,9865000000,30134000,104300000.00000001,669434000,0.064208,561000000,0.053808,4000000.0,535000000,0.051314,199000000,336000000,0.032227,0.56853,0.56853,591000000,591000000,https://www.sec.gov/Archives/edgar/data/96021/000095012311081150/0000950123-11-081150-index.html,https://www.sec.gov/Archives/edgar/data/96021/000095012311081150/h84293e10vk.htm
0,2011-04-02,SYY,2011-05-10 00:00:00,2011-05-10 11:24:31,Q3,9762000000,7929000000,1833000000,0.187769,0.0,0.0,0.0,1405000000,1405000000,9334000000,28972000,100100000.00000001,534072000,0.054709,427000000,0.043741,7000000.0,405000000,0.041487,147000000,258000000,0.026429,0.44103,0.44103,585000000,585000000,https://www.sec.gov/Archives/edgar/data/96021/000095012311047995/0000950123-11-047995-index.html,https://www.sec.gov/Archives/edgar/data/96021/000095012311047995/h81971e10vq.htm
0,2011-01-01,SYY,2011-02-08,2011-02-08 08:01:28,Q2,9385000000,7623000000,1762000000,0.187746,0.0,0.0,0.0,1325000000,1325000000,8948000000,28060000,96499999.99999999,534560000,0.056959,437000000,0.046564,1000000.0,410000000,0.043687,152000000,258000000,0.027491,0.43952,0.43952,587000000,587000000,https://www.sec.gov/Archives/edgar/data/96021/000095012311010023/h79397e10vq.htm,https://www.sec.gov/Archives/edgar/data/96021/000095012311010023/h79397e10vq.htm
0,2010-10-02,SYY,2010-11-09 00:00:00,2010-11-09 08:01:04,Q1,9751000000,7905000000,1846000000,0.189314,0.0,0.0,0.0,1340000000,1340000000,9245000000,31101000,101700000,609801000,0.062537,506000000,0.051892,2000000.0,477000000,0.048918,178000000,299000000,0.030664,0.50592,0.50592,591000000,591000000,https://www.sec.gov/Archives/edgar/data/96021/000095012310102902/0000950123-10-102902-index.html,https://www.sec.gov/Archives/edgar/data/96021/000095012310102902/h77397e10vq.htm
0,2010-07-03,SYY,2010-08-31 00:00:00,2010-08-31 08:01:43,Q4,10348000000,8286000000,2063000000,0.199362,0.0,0.0,0.0,1479000000,1478000000,9764000000,32501000,105800000.00000001,687301000,0.066419,584000000,0.056436,-3000000.0,549000000,0.053054,211000000,338000000,0.032663,0.56902,0.56902,594000000,594000000,https://www.sec.gov/Archives/edgar/data/96021/000095012310082514/0000950123-10-082514-index.html,https://www.sec.gov/Archives/edgar/data/96021/000095012310082514/h75463e10vk.htm
0,2010-03-27,SYY,2010-05-04 00:00:00,2010-05-04 08:00:32,Q3,8945000000,7262000000,1683000000,0.18815,0.0,0.0,0.0,1251000000,1251000000,8513000000,92976000,94799999.99999999,591776000,0.066157,432000000,0.048295,-1000000.0,403000000,0.045053,156000000,248000000,0.027725,0.41681,0.41681,595000000,595000000,https://www.sec.gov/Archives/edgar/data/96021/000095012310043162/0000950123-10-043162-index.html,https://www.sec.gov/Archives/edgar/data/96021/000095012310043162/h72644e10vq.htm
0,2009-12-26,SYY,2010-02-02 00:00:00,2010-02-02 08:00:55,Q2,8868000000,7174000000,1695000000,0.191137,0.0,0.0,0.0,1233000000,1232000000,8406000000,55242000,95500000,582742000,0.065713,462000000,0.052097,1000000.0,432000000,0.048714,164000000,268000000,0.030221,0.45194,0.45194,593000000,593000000,https://www.sec.gov/Archives/edgar/data/96021/000095012310007509/0000950123-10-007509-index.html,https://www.sec.gov/Archives/edgar/data/96021/000095012310007509/h69464e10vq.htm
0,2009-09-26,SYY,2009-11-03 00:00:00,2009-11-03 08:05:13,Q1,9081000000,7334000000,1747000000,0.19238,0.0,0.0,0.0,1250000000,1250000000,8584000000,-120564000,93900000,438336000,0.04827,497000000,0.05473,2000000.0,466000000,0.051316,139000000,326000000,0.035899,0.55068,0.55068,592000000,592000000,https://www.sec.gov/Archives/edgar/data/96021/000095012309056585/0000950123-09-056585-index.html,https://www.sec.gov/Archives/edgar/data/96021/000095012309056585/h68274e10vq.htm
0,2009-06-27,SYY,2009-08-25 00:00:00,2009-08-25 08:00:48,Q4,9087000000,7324000000,1763000000,0.194013,0.0,0.0,0.0,1222000000,1222000000,8546000000,-33279000,98100000.00000001,574821000,0.063258,540000000,0.059426,3000000.0,510000000,0.056124,195000000,315000000,0.034665,0.53299,0.53299,591000000,591000000,https://www.sec.gov/Archives/edgar/data/96021/000095012309037707/0000950123-09-037707-index.html,https://www.sec.gov/Archives/edgar/data/96021/000095012309037707/h67823e10vk.htm
0,2009-03-28,SYY,2009-05-05 00:00:00,2009-05-05 06:01:29,Q3,8739000000,7102000000,1637000000,0.187321,0.0,0.0,0.0,1232000000,1232000000,8334000000,-28233000,93600000,445367000,0.050963,405000000,0.046344,4000000.0,381000000,0.043598,154000000,226000000,0.025861,0.3824,0.3824,591000000,591000000,https://www.sec.gov/Archives/edgar/data/96021/000095013409009359/0000950134-09-009359-index.html,https://www.sec.gov/Archives/edgar/data/96021/000095013409009359/h66650e10vq.htm
0,2008-12-27,SYY,2009-02-03 00:00:00,2009-02-03 08:01:27,Q2,9150000000,7400000000,1750000000,0.191257,0.0,0.0,0.0,1328000000,1328000000,8728000000,-28400000,96199999.99999999,466800000,0.051016,422000000,0.04612,5000000.0,399000000,0.043607,161000000,238000000,0.026011,0.39799,0.39799,598000000,598000000,https://www.sec.gov/Archives/edgar/data/96021/000095013409001673/0000950134-09-001673-index.html,https://www.sec.gov/Archives/edgar/data/96021/000095013409001673/h65595e10vq.htm
0,2008-09-27,SYY,2008-11-04 00:00:00,2008-11-04 10:48:55,Q1,9877000000,7991000000,1887000000,0.19105,0.0,0.0,0.0,1382000000,1382000000,9373000000,-26410000,94400000,548990000,0.055583,505000000,0.051129,3000000.0,481000000,0.048699,204000000,277000000,0.028045,0.4571,0.4571,606000000,606000000,https://www.sec.gov/Archives/edgar/data/96021/000095012908005418/0000950129-08-005418-index.html,https://www.sec.gov/Archives/edgar/data/96021/000095012908005418/h64651e10vq.htm
0,2008-06-28,SYY,2008-08-26 00:00:00,2008-08-26 16:07:45,Q4,9730000000,7829000000,1901000000,0.195375,0.0,0.0,0.0,1343000000,1343000000,9172000000,-27511000,96800000.00000001,604289000,0.062106,559000000,0.057451,4000000.0,535000000,0.054985,201000000,334000000,0.034327,0.55207,0.55207,605000000,605000000,https://www.sec.gov/Archives/edgar/data/96021/000095012908004642/0000950129-08-004642-index.html,https://www.sec.gov/Archives/edgar/data/96021/000095012908004642/h59840e10vk.htm
0,2008-03-29,SYY,2008-05-06 00:00:00,2008-05-06 13:21:13,Q3,9147000000,7412000000,1735000000,0.18968,0.0,0.0,0.0,1317000000,1317000000,8729000000,-28744000,95100000,462356000,0.050547,418000000,0.045698,7000000.0,396000000,0.043293,155000000,241000000,0.026347,0.39769,0.39769,606000000,606000000,https://www.sec.gov/Archives/edgar/data/96021/000095012908002750/0000950129-08-002750-index.html,https://www.sec.gov/Archives/edgar/data/96021/000095012908002750/h56456e10vq.htm
0,2007-12-29,SYY,2008-02-05,2008-02-05 11:18:19,Q2,9240000000,7472000000,1768000000,0.191342,0.0,0.0,0.0,1319000000,1318000000,8790000000,-28915000,90100000,489185000,0.052942,449000000,0.048593,8000000.0,428000000,0.04632,164000000,264000000,0.028571,0.42927,0.42927,615000000,615000000,https://www.sec.gov/Archives/edgar/data/96021/000095012908000498/h53572e10vq.htm,https://www.sec.gov/Archives/edgar/data/96021/000095012908000498/h53572e10vq.htm
0,2007-09-29,SYY,2007-11-08 00:00:00,2007-11-08 16:38:30,Q1,9406000000,7615000000,1791000000,0.19041,0.0,0.0,0.0,1337000000,1336000000,8951000000,-26371000,90500000,495129000,0.05264,455000000,0.048373,3000000.0,431000000,0.045822,164000000,267000000,0.028386,0.43274,0.43274,617000000,617000000,https://www.sec.gov/Archives/edgar/data/96021/000095012907005479/0000950129-07-005479-index.html,https://www.sec.gov/Archives/edgar/data/96021/000095012907005479/h51368e10vq.htm
0,2007-06-30,SYY,2007-08-28 00:00:00,2007-08-28 14:58:25,Q4,9228000000,7428000000,1801000000,0.195167,0.0,0.0,0.0,1288000000,1314000000,8742000000,-105002000,92400000.00000003,473398000.00000006,0.0513,487000000,0.052774,-3000000.0,487000000,0.052774,183000000,303000000,0.032835,0.48558,0.48558,624000000,624000000,https://www.sec.gov/Archives/edgar/data/96021/000095012907004350/0000950129-07-004350-index.html,https://www.sec.gov/Archives/edgar/data/96021/000095012907004350/h49077e10vk.htm
0,2007-03-31,SYY,2007-05-10 00:00:00,2007-05-10 09:39:32,Q3,8573000000,6939000000,1634000000,0.190598,0.0,0.0,0.0,1247000000,1273000000,8212000000,-79472000,91299999.99999999,372828000,0.043489,361000000,0.042109,-3000000.0,361000000,0.042109,140000000,221000000,0.025779,0.35304,0.35304,626000000,626000000,https://www.sec.gov/Archives/edgar/data/96021/000095012907002430/0000950129-07-002430-index.html,https://www.sec.gov/Archives/edgar/data/96021/000095012907002430/h46534e10vq.htm
0,2006-12-30,SYY,2007-02-08,2007-02-08 12:43:39,Q2,8569000000,6915000000,1653000000,0.192905,0.0,0.0,0.0,1228000000,1256000000,8171000000,-53772000,88800000.00000001,433028000,0.050534,398000000,0.046446,-3000000.0,398000000,0.046446,151000000,247000000,0.028825,0.39331,0.39331,628000000,628000000,https://www.sec.gov/Archives/edgar/data/96021/000095012907000448/h43363e10vq.htm,https://www.sec.gov/Archives/edgar/data/96021/000095012907000448/h43363e10vq.htm
0,2006-09-30,SYY,2006-11-09,2006-11-09 11:11:44,Q1,8672000000,7003000000,1669000000,0.192458,0.0,0.0,0.0,1268000000,1293000000,8296000000,-25766000,90100000,439334000,0.050661,376000000,0.043358,-9000000.0,376000000,0.043358,145000000,230000000,0.026522,0.368,0.368,625000000,625000000,https://www.sec.gov/Archives/edgar/data/96021/000095012906009546/h41076e10vq.htm,https://www.sec.gov/Archives/edgar/data/96021/000095012906009546/h41076e10vq.htm
0,2006-07-01,SYY,2006-09-14,2006-09-14 14:17:00,Q4,8509000000,6819000000,1690000000,0.198613,0.0,0.0,0.0,1252000000,1281000000,8100000000,-109100000,93100000.00000001,393000000,0.046186,409000000,0.048067,-3000000.0,409000000,0.048067,155000000,254000000,0.029851,0.4064,0.4064,625000000,625000000,https://www.sec.gov/Archives/edgar/data/96021/000095012906008456/h39408e10vk.htm,https://www.sec.gov/Archives/edgar/data/96021/000095012906008456/h39408e10vk.htm
0,2006-04-01,SYY,2006-05-11,2006-05-11 14:06:53,Q3,8138000000,6602000000,1536000000,0.188744,0.0,0.0,0.0,1192000000,1222000000,7824000000,-80914000,82400000,315486000,0.038767,314000000,0.038584,-1000000.0,314000000,0.038584,125000000,189000000,0.023224,0.3024,0.3024,625000000,625000000,https://www.sec.gov/Archives/edgar/data/96021/000095012906005363/h36054e10vq.htm,https://www.sec.gov/Archives/edgar/data/96021/000095012906005363/h36054e10vq.htm
0,2005-12-31,SYY,2006-02-09,2006-02-09 10:09:34,Q2,7971000000,6435000000,1536000000,0.192699,0.0,0.0,0.0,1169000000,1198000000,7633000000,-51473000,84500000,371027000,0.046547,338000000,0.042404,-2000000.0,338000000,0.042404,134000000,204000000,0.025593,0.32536,0.32536,627000000,627000000,https://www.sec.gov/Archives/edgar/data/96021/000095012906001205/h32836e10vq.htm,https://www.sec.gov/Archives/edgar/data/96021/000095012906001205/h32836e10vq.htm
0,2005-10-01,SYY,,,Q1,8010000000,6481000000,1530000000,0.191011,0.0,0.0,0.0,1174000000,1196000000,7677000000,0.0,85100000,428100000,0.053446,334000000,0.041698,-3000000.0,334000000,0.041698,135000000,208000000,0.025968,0.32756,0.32756,635000000,635000000,,
0,2005-09-30,SYY,2005-11-10,2005-11-10 12:25:51,Q1,0.0,6480793000,-6480793000,0.0,0.0,0.0,0.0,1176656000,1176656000,7676580000,-22246000,85056000,418960000,0.0,333904000,0.0,0.0,333904000,0.0,0.0,333904000,0.0,0.32,0.32,1043450000,1043450000,https://www.sec.gov/Archives/edgar/data/96021/000095012905010859/0000950129-05-010859-index.htm,https://www.sec.gov/Archives/edgar/data/96021/000095012905010859/h30263e10vq.htm
0,2005-07-02,SYY,,,Q4,7981000000,6438000000,1544000000,0.193459,0.0,0.0,0.0,1077000000,1096000000,7534000000,0.0,85699999.99999999,533700000,0.066871,447000000,0.056008,-4000000.0,447000000,0.056008,163000000,285000000,0.03571,0.43981,0.43981,648000000,648000000,,
0,2005-04-02,SYY,2005-05-12 00:00:00,2005-05-12 13:57:18,Q3,7437000000,6032000000,1405000000,0.18892,0.0,0.0,0.0,1050000000,1070000000,7102000000,0.0,80699999.99999999,415700000,0.055896,336000000,0.04518,-3000000.0,336000000,0.04518,117000000,218000000,0.029313,0.33487,0.33487,651000000,651000000,https://www.sec.gov/Archives/edgar/data/96021/000095012905005185/0000950129-05-005185-index.html,https://www.sec.gov/Archives/edgar/data/96021/000095012905005185/h25359e10vq.txt
0,2005-01-01,SYY,,,Q2,7331000000,5934000000,1398000000,0.190697,0.0,0.0,0.0,1003000000,1021000000,6955000000,0.0,76200000.00000001,453200000,0.06182,377000000,0.051425,-2000000.0,377000000,0.051425,144000000,233000000,0.031783,0.35681,0.35681,653000000,653000000,,
0,2004-10-02,SYY,,,Q1,7532000000,6095000000,1437000000,0.190786,0.0,0.0,0.0,1053000000,1071000000,7166000000,0.0,74100000,440100000,0.058431,366000000,0.048593,-2000000.0,366000000,0.048593,140000000,226000000,0.030005,0.34716,0.34716,651000000,651000000,,
0,2004-07-03,SYY,,,Q4,8139000000,6554000000,1585000000,0.194741,0.0,0.0,0.0,1109000000,1129000000,7683000000,0.0,74500000.00000003,531500000.00000006,0.065303,456000000,0.056027,-2000000.0,456000000,0.056027,176000000,281000000,0.034525,0.42705,0.42705,658000000,658000000,,
0,2004-03-27,SYY,,,Q3,7026000000,5684000000,1341000000,0.190863,0.0,0.0,0.0,1007000000,1023000000,6707000000,0.0,70400000,389400000,0.055423,318000000,0.04526,-1000000.0,318000000,0.04526,123000000,196000000,0.027896,0.29563,0.29563,663000000,663000000,,
0,2003-12-27,SYY,,,Q2,7037000000,5669000000,1367000000,0.194259,0.0,0.0,0.0,990000000,1007000000,6676000000,0.0,68999999.99999999,430000000,0.061106,361000000,0.0513,-7000000.0,361000000,0.0513,139000000,222000000,0.031548,0.33535,0.33535,662000000,662000000,,
0,2003-09-27,SYY,,,Q1,7134000000,5754000000,1381000000,0.19358,0.0,0.0,0.0,1022000000,1041000000,6795000000,0.0,69700000,409700000,0.057429,340000000,0.047659,-2000000.0,340000000,0.047659,131000000,209000000,0.029296,0.31811,0.31811,657000000,657000000,,
0,2003-06-28,SYY,,,Q4,6972000000,5583000000,1389000000,0.199225,0.0,0.0,0.0,976000000,996000000,6579000000,0.0,68900000.00000003,461900000.00000006,0.066251,393000000,0.056368,0.0,393000000,0.056368,150000000,243000000,0.034854,0.37043,0.37043,656000000,656000000,,
0,2003-03-29,SYY,,,Q3,6395000000,5144000000,1251000000,0.195622,0.0,0.0,0.0,960000000,979000000,6123000000,0.0,70799999.99999999,342800000,0.053604,273000000,0.04269,-3000000.0,273000000,0.04269,104000000,168000000,0.026271,0.25532,0.25532,658000000,658000000,,
0,2002-12-28,SYY,,,Q2,6349000000,5098000000,1251000000,0.197039,0.0,0.0,0.0,935000000,952000000,6050000000,0.0,67600000.00000001,366600000,0.057741,299000000,0.047094,-3000000.0,299000000,0.047094,114000000,185000000,0.029138,0.27861,0.27861,664000000,664000000,,
0,2002-09-28,SYY,,,Q1,6424000000,5155000000,1270000000,0.197696,0.0,0.0,0.0,957000000,974000000,6129000000,0.0,65800000,361800000,0.05632,296000000,0.046077,-3000000.0,296000000,0.046077,113000000,183000000,0.028487,0.2756,0.2756,664000000,664000000,,
0,2002-06-29,SYY,,,Q4,6311000000,5047000000,1264000000,0.200285,0.0,0.0,0.0,914000000,930000000,5977000000,0.0,74800000.00000001,408800000,0.064776,333000000,0.052765,-1000000.0,333000000,0.052765,128000000,206000000,0.032641,0.30655,0.30655,672000000,672000000,,
0,2002-03-30,SYY,,,Q3,5620000000,4510000000,1110000000,0.197509,0.0,0.0,0.0,851000000,865000000,5375000000,0.0,68300000.00000001,313300000,0.055747,245000000,0.043594,-1000000.0,245000000,0.043594,94000000,151000000,0.026868,0.22437,0.22437,673000000,673000000,,
0,2001-12-29,SYY,,,Q2,5591000000,4482000000,1109000000,0.198354,0.0,0.0,0.0,836000000,852000000,5334000000,0.0,68600000,325600000,0.058236,257000000,0.045967,0.0,257000000,0.045967,98000000,159000000,0.028439,0.23661,0.23661,672000000,672000000,,
0,2001-09-29,SYY,,,Q1,5829000000,4684000000,1145000000,0.196432,0.0,0.0,0.0,864000000,879000000,5563000000,0.0,66600000,332600000,0.05706,266000000,0.045634,-1000000.0,266000000,0.045634,102000000,164000000,0.028135,0.24189,0.24189,678000000,678000000,,
0,2001-06-30,SYY,,,Q4,5789000000,4638000000,1151000000,0.198825,0.0,0.0,0.0,851000000,869000000,5507000000,0.0,66000000,348000000,0.060114,282000000,0.048713,2000000.0,282000000,0.048713,108000000,174000000,0.030057,0.25588,0.25588,680000000,680000000,,
0,2001-03-31,SYY,,,Q3,5344000000,4301000000,1043000000,0.195172,0.0,0.0,0.0,799000000,818000000,5119000000,0.0,63199999.99999999,288200000,0.05393,226000000,0.04229,-1000000.0,226000000,0.04229,86000000,139000000,0.02601,0.20501,0.20501,678000000,678000000,,
0,2000-12-30,SYY,,,Q2,5291000000,4251000000,1040000000,0.19656,0.0,0.0,0.0,796000000,814000000,5065000000,0.0,59300000,284300000,0.053733,226000000,0.042714,0.0,226000000,0.042714,86000000,139000000,0.026271,0.20562,0.20562,676000000,676000000,,
0,2000-09-30,SYY,2000-11-13 00:00:00,2000-11-13 00:00:00,Q1,5360000000,4323000000,1037000000,0.19347,0.0,0.0,0.0,787000000,804000000,5127000000,0.0,59700000,275700000,0.051437,233000000,0.04347,-17000000,216000000,0.040299,89000000,127000000,0.023694,0.18843,0.18843,674000000,674000000,https://www.sec.gov/Archives/edgar/data/96021/000095012900005376/0000950129-00-005376-index.html,https://www.sec.gov/Archives/edgar/data/96021/000095012900005376/h81699e10-q.txt
0,2000-07-01,SYY,2000-09-27 00:00:00,2000-09-27 00:00:00,Q4,5272000000,4255000000,1017000000,0.192906,0.0,0.0,0.0,764000000,783000000,5038000000,0.0,58699999.99999999,292700000,0.05552,234000000,0.044385,0.0,234000000,0.044385,90000000,144000000,0.027314,0.2127,0.2127,677000000,677000000,https://www.sec.gov/Archives/edgar/data/96021/000095012900004742/0000950129-00-004742-index.html,https://www.sec.gov/Archives/edgar/data/96021/000095012900004742/h80468e10-k.txt
0,2000-04-01,SYY,2000-05-15 00:00:00,2000-05-15 00:00:00,Q3,4723000000,3829000000,894000000,0.189286,0.0,0.0,0.0,710000000,728000000,4557000000,0.0,55099999.99999999,221100000,0.046813,166000000,0.035147,0.0,166000000,0.035147,64000000,102000000,0.021596,0.15292,0.15292,667000000,667000000,https://www.sec.gov/Archives/edgar/data/96021/000095012900002445/0000950129-00-002445-index.html,https://www.sec.gov/Archives/edgar/data/96021/0000950129-00-002445.txt
0,2000-01-01,SYY,,,Q2,4652000000,3772000000,880000000,0.189166,0.0,0.0,0.0,697000000,714000000,4486000000,0.0,54000000.00000001,220000000,0.047291,166000000,0.035684,2000000.0,166000000,0.035684,64000000,102000000,0.021926,0.15292,0.15292,667000000,667000000,,
0,1999-10-02,SYY,,,Q1,4657000000,3793000000,864000000,0.185527,0.0,0.0,0.0,674000000,692000000,4485000000,0.0,52900000,216900000,0.046575,172000000,0.036934,0.0,172000000,0.036934,66000000,98000000,0.021044,0.14693,0.14693,667000000,667000000,,
0,1999-07-03,SYY,,,Q4,4819000000,3910000000,909000000,0.188628,0.0,0.0,0.0,698000000,717000000,4627000000,0.0,54000000,246000000,0.051048,192000000,0.039842,1000000.0,192000000,0.039842,75000000,117000000,0.024279,0.17489,0.17489,669000000,669000000,,
0,1999-03-27,SYY,,,Q3,4165000000,3402000000,762000000,0.182953,0.0,0.0,0.0,625000000,644000000,4046000000,0.0,52900000.00000001,171900000,0.041273,119000000,0.028571,0.0,119000000,0.028571,46000000,73000000,0.017527,0.10847,0.10847,673000000,673000000,,
0,1998-12-26,SYY,1999-02-05 00:00:00,1999-02-05 00:00:00,Q2,4247000000,3469000000,777000000,0.182953,0.0,0.0,0.0,617000000,636000000,4105000000,0.0,50099999.99999999,191100000,0.044996,142000000,0.033435,0.0,142000000,0.033435,55000000,86000000,0.02025,0.12722,0.12722,676000000,676000000,https://www.sec.gov/Archives/edgar/data/96021/000009602199000003/0000096021-99-000003-index.html,https://www.sec.gov/Archives/edgar/data/96021/0000096021-99-000003.txt
0,1998-09-26,SYY,,,Q1,4193000000,3426000000,767000000,0.182924,0.0,0.0,0.0,608000000,625000000,4051000000,0.0,48000000,189000000,0.045075,142000000,0.033866,0.0,142000000,0.033866,55000000,86000000,0.02051,0.12722,0.12722,676000000,676000000,,
0,1998-06-27,SYY,,,Q4,4001000000,3251000000,751000000,0.187703,0.0,0.0,0.0,575000000,591000000,3842000000,0.0,47699999.99999999,207700000,0.051912,160000000,0.03999,0.0,160000000,0.03999,62000000,98000000,0.024494,0.14307,0.14307,685000000,685000000,,
0,1998-03-28,SYY,,,Q3,3712000000,3035000000,677000000,0.182381,0.0,0.0,0.0,557000000,573000000,3608000000,0.0,45900000.00000001,150900000,0.040652,104000000,0.028017,0.0,104000000,0.028017,41000000,64000000,0.017241,0.09329,0.09329,686000000,686000000,,
0,1997-12-27,SYY,,,Q2,3786000000,3083000000,703000000,0.185684,0.0,0.0,0.0,552000000,566000000,3649000000,0.0,44300000,153300000,0.040491,137000000,0.036186,0.0,137000000,0.036186,53000000,56000000,0.014791,0.08128,0.08128,689000000,689000000,,
0,1997-09-27,SYY,,,Q1,3828000000,3131000000,697000000,0.182079,0.0,0.0,0.0,553000000,566000000,3697000000,0.0,43300000,174300000,0.045533,131000000,0.034222,0.0,131000000,0.034222,51000000,80000000,0.020899,0.11577,0.11577,691000000,691000000,,
0,1997-06-28,SYY,,,Q4,3695000000,3008000000,687000000,0.185927,0.0,0.0,0.0,525000000,537000000,3545000000,0.0,41400000.00000001,190400000,0.051529,149000000,0.040325,0.0,149000000,0.040325,58000000,91000000,0.024628,0.13075,0.13075,696000000,696000000,,
0,1997-03-29,SYY,,,Q3,3470000000,2845000000,625000000,0.180115,0.0,0.0,0.0,513000000,524000000,3369000000,0.0,40400000.00000001,141400000,0.040749,101000000,0.029107,0.0,101000000,0.029107,39000000,62000000,0.017867,0.08745,0.08745,709000000,709000000,,
0,1996-12-28,SYY,,,Q2,3610000000,2954000000,656000000,0.181717,0.0,0.0,0.0,519000000,531000000,3485000000,0.0,39600000,164600000,0.045596,125000000,0.034626,0.0,125000000,0.034626,49000000,76000000,0.021053,0.106,0.106,717000000,717000000,,
0,1996-09-28,SYY,,,Q1,3679000000,3028000000,651000000,0.17695,0.0,0.0,0.0,519000000,531000000,3559000000,0.0,38900000,158900000,0.043191,120000000,0.032618,0.0,120000000,0.032618,47000000,73000000,0.019842,0.10139,0.10139,720000000,720000000,,
0,1996-06-29,SYY,,,Q4,3545000000,2897000000,647000000,0.182511,0.0,0.0,0.0,499000000,510000000,3407000000,0.0,38699999.99999999,176700000,0.049845,137000000,0.038646,0.0,137000000,0.038646,54000000,84000000,0.023695,0.1157,0.1157,726000000,726000000,,
0,1996-03-30,SYY,,,Q3,3257000000,2676000000,581000000,0.178385,0.0,0.0,0.0,479000000,489000000,3165000000,0.0,37300000,129300000,0.039699,92000000,0.028247,0.0,92000000,0.028247,36000000,56000000,0.017194,0.0765,0.0765,732000000,732000000,,
0,1995-12-30,SYY,,,Q2,3302000000,2706000000,596000000,0.180497,0.0,0.0,0.0,470000000,480000000,3186000000,0.0,34800000.00000001,150800000,0.045669,116000000,0.03513,0.0,116000000,0.03513,45000000,71000000,0.021502,0.09686,0.09686,733000000,733000000,,
0,1995-09-30,SYY,1995-11-09 00:00:00,1995-11-09 00:00:00,Q1,3292000000,2705000000,587000000,0.178311,0.0,0.0,0.0,469000000,478000000,3183000000,0.0,33900000,141900000,0.043104,108000000,0.032807,0.0,108000000,0.032807,42000000,66000000,0.020049,0.09029,0.09029,731000000,731000000,https://www.sec.gov/Archives/edgar/data/96021/000009602195000008/0000096021-95-000008-index.html,https://www.sec.gov/Archives/edgar/data/96021/0000096021-95-000008.txt
0,1995-07-01,SYY,,,Q4,3162000000,2582000000,580000000,0.183428,0.0,0.0,0.0,442000000,452000000,3034000000,0.0,33600000.00000001,161600000,0.051107,128000000,0.040481,-1000000.0,128000000,0.040481,51000000,77000000,0.024352,0.10548,0.10548,730000000,730000000,,
0,1995-04-01,SYY,1995-05-12 00:00:00,1995-05-12 00:00:00,Q3,2966000000,2433000000,534000000,0.18004,0.0,0.0,0.0,436000000,446000000,2879000000,0.0,32900000.000000007,120900000,0.040762,88000000,0.02967,-1000000.0,88000000,0.02967,35000000,53000000,0.017869,0.0726,0.0726,730000000,730000000,https://www.sec.gov/Archives/edgar/data/96021/000009602195000004/0000096021-95-000004-index.html,https://www.sec.gov/Archives/edgar/data/96021/0000096021-95-000004.txt
0,1994-12-31,SYY,1995-02-10 00:00:00,1995-02-10 00:00:00,Q2,3007000000,2464000000,543000000,0.180579,0.0,0.0,0.0,428000000,437000000,2901000000,0.0,32500000,138500000,0.046059,105000000,0.034919,-1000000.0,105000000,0.034919,42000000,64000000,0.021284,0.08743,0.08743,732000000,732000000,https://www.sec.gov/Archives/edgar/data/96021/000009602195000002/0000096021-95-000002-index.html,https://www.sec.gov/Archives/edgar/data/96021/0000096021-95-000002.txt
0,1994-10-01,SYY,1994-11-14 00:00:00,1994-11-14 00:00:00,Q1,2983000000,2449000000,534000000,0.179014,0.0,0.0,0.0,429000000,437000000,2886000000,0.0,31800000,127800000,0.042843,97000000,0.032518,-1000000.0,97000000,0.032518,38000000,58000000,0.019444,0.07913,0.07913,733000000,733000000,https://www.sec.gov/Archives/edgar/data/96021/000009602194000014/0000096021-94-000014-index.html,https://www.sec.gov/Archives/edgar/data/96021/0000096021-94-000014.txt
0,1994-07-02,SYY,,,Q4,2882000000,2358000000,523000000,0.181471,0.0,0.0,0.0,403000000,412000000,2770000000,0.0,31000000,142000000,0.049271,112000000,0.038862,0.0,112000000,0.038862,44000000,67000000,0.023248,0.09128,0.09128,734000000,734000000,,
0,1994-04-02,SYY,1994-05-16 00:00:00,1994-05-16 00:00:00,Q3,2685000000,2210000000,475000000,0.176909,0.0,0.0,0.0,391000000,399000000,2609000000,0.0,30600000,106600000,0.039702,76000000,0.028305,0.0,76000000,0.028305,30000000,46000000,0.017132,0.06242,0.06242,737000000,737000000,https://www.sec.gov/Archives/edgar/data/96021/000009602194000009/0000096021-94-000009-index.html,https://www.sec.gov/Archives/edgar/data/96021/0000096021-94-000009.txt
