,date,symbol,fillingDate,acceptedDate,period,revenue,costOfRevenue,grossProfit,grossProfitRatio,researchAndDevelopmentExpenses,generalAndAdministrativeExpenses,sellingAndMarketingExpenses,otherExpenses,operatingExpenses,costAndExpenses,interestExpense,depreciationAndAmortization,ebitda,ebitdaratio,operatingIncome,operatingIncomeRatio,totalOtherIncomeExpensesNet,incomeBeforeTax,incomeBeforeTaxRatio,incomeTaxExpense,netIncome,netIncomeRatio,eps,epsdiluted,weightedAverageShsOut,weightedAverageShsOutDil,link,finalLink
0,2020-09-31,ALMAS.PA,,2020-09-31,Q3,1365000.0,612250.0,752750.0,1.8133510461640652,0.0,0.0,0.0,0.0,733750.0,1681750.0,30000.0,68500.0,-245250.0,-5.565749235474006,-316750.0,-4.30939226519337,0.0,-353250.0,-3.8641188959660298,-28250.0,-325750.0,-4.190330007674597,-0.018935947957097507,-0.018935947957097507,17202730,17202730,https://www.infogreffe.com/recherche-entreprise-dirigeants/resultats-entreprise-dirigeants.html?ga_cat=globale&ga_q=A.L.M.A.S#phrase=A.L.M.A.S,https://www.infogreffe.com/recherche-entreprise-dirigeants/resultats-entreprise-dirigeants.html?ga_cat=globale&ga_q=A.L.M.A.S#phrase=A.L.M.A.S
0,2020-06-31,ALMAS.PA,,2020-06-31,Q2,1365000.0,612250.0,752750.0,1.8133510461640652,0.0,0.0,0.0,0.0,733750.0,1681750.0,30000.0,68500.0,-245250.0,-5.565749235474006,-316750.0,-4.30939226519337,0.0,-353250.0,-3.8641188959660298,-28250.0,-325750.0,-4.190330007674597,-0.018935947957097507,-0.018935947957097507,17202730,17202730,https://www.infogreffe.com/recherche-entreprise-dirigeants/resultats-entreprise-dirigeants.html?ga_cat=globale&ga_q=A.L.M.A.S#phrase=A.L.M.A.S,https://www.infogreffe.com/recherche-entreprise-dirigeants/resultats-entreprise-dirigeants.html?ga_cat=globale&ga_q=A.L.M.A.S#phrase=A.L.M.A.S
0,2020-03-31,ALMAS.PA,,2020-03-31,Q1,1365000.0,612250.0,752750.0,1.8133510461640652,0.0,0.0,0.0,0.0,733750.0,1681750.0,30000.0,68500.0,-245250.0,-5.565749235474006,-316750.0,-4.30939226519337,0.0,-353250.0,-3.8641188959660298,-28250.0,-325750.0,-4.190330007674597,-0.018935947957097507,-0.018935947957097507,17202730,17202730,https://www.infogreffe.com/recherche-entreprise-dirigeants/resultats-entreprise-dirigeants.html?ga_cat=globale&ga_q=A.L.M.A.S#phrase=A.L.M.A.S,https://www.infogreffe.com/recherche-entreprise-dirigeants/resultats-entreprise-dirigeants.html?ga_cat=globale&ga_q=A.L.M.A.S#phrase=A.L.M.A.S
0,2020-01-31,ALMAS.PA,,2020-01-31,Q1,1365000.0,612250.0,752750.0,1.8133510461640652,0.0,0.0,0.0,0.0,733750.0,1681750.0,30000.0,68500.0,-245250.0,-5.565749235474006,-316750.0,-4.30939226519337,0.0,-353250.0,-3.8641188959660298,-28250.0,-325750.0,-4.190330007674597,-0.018935947957097507,-0.018935947957097507,17202730,17202730,https://www.infogreffe.com/recherche-entreprise-dirigeants/resultats-entreprise-dirigeants.html?ga_cat=globale&ga_q=A.L.M.A.S#phrase=A.L.M.A.S,https://www.infogreffe.com/recherche-entreprise-dirigeants/resultats-entreprise-dirigeants.html?ga_cat=globale&ga_q=A.L.M.A.S#phrase=A.L.M.A.S
0,2019-09-31,ALMAS.PA,,2019-09-31,Q3,1398750.0,724250.0,674500.0,2.0737583395107486,0.0,0.0,0.0,0.0,711250.0,1794000.0,17500.0,63500.0,-273500.0,-5.114259597806216,-395250.0,-3.538899430740038,0.0,-436000.0,-3.208142201834862,-16750.0,-419500.0,-3.334326579261025,-0.02438575,-0.02438575,17202730,17202730,https://www.infogreffe.com/recherche-entreprise-dirigeants/resultats-entreprise-dirigeants.html?ga_cat=globale&ga_q=A.L.M.A.S#phrase=A.L.M.A.S,https://www.infogreffe.com/recherche-entreprise-dirigeants/resultats-entreprise-dirigeants.html?ga_cat=globale&ga_q=A.L.M.A.S#phrase=A.L.M.A.S
0,2019-06-31,ALMAS.PA,,2019-06-31,Q2,1398750.0,724250.0,674500.0,2.0737583395107486,0.0,0.0,0.0,0.0,711250.0,1794000.0,17500.0,63500.0,-273500.0,-5.114259597806216,-395250.0,-3.538899430740038,0.0,-436000.0,-3.208142201834862,-16750.0,-419500.0,-3.334326579261025,-0.02438575,-0.02438575,17202730,17202730,https://www.infogreffe.com/recherche-entreprise-dirigeants/resultats-entreprise-dirigeants.html?ga_cat=globale&ga_q=A.L.M.A.S#phrase=A.L.M.A.S,https://www.infogreffe.com/recherche-entreprise-dirigeants/resultats-entreprise-dirigeants.html?ga_cat=globale&ga_q=A.L.M.A.S#phrase=A.L.M.A.S
0,2019-03-31,ALMAS.PA,,2019-03-31,Q1,1398750.0,724250.0,674500.0,2.0737583395107486,0.0,0.0,0.0,0.0,711250.0,1794000.0,17500.0,63500.0,-273500.0,-5.114259597806216,-395250.0,-3.538899430740038,0.0,-436000.0,-3.208142201834862,-16750.0,-419500.0,-3.334326579261025,-0.02438575,-0.02438575,17202730,17202730,https://www.infogreffe.com/recherche-entreprise-dirigeants/resultats-entreprise-dirigeants.html?ga_cat=globale&ga_q=A.L.M.A.S#phrase=A.L.M.A.S,https://www.infogreffe.com/recherche-entreprise-dirigeants/resultats-entreprise-dirigeants.html?ga_cat=globale&ga_q=A.L.M.A.S#phrase=A.L.M.A.S
0,2019-01-31,ALMAS.PA,,2019-01-31,Q1,1398750.0,724250.0,674500.0,2.0737583395107486,0.0,0.0,0.0,0.0,711250.0,1794000.0,17500.0,63500.0,-273500.0,-5.114259597806216,-395250.0,-3.538899430740038,0.0,-436000.0,-3.208142201834862,-16750.0,-419500.0,-3.334326579261025,-0.02438575,-0.02438575,17202730,17202730,https://www.infogreffe.com/recherche-entreprise-dirigeants/resultats-entreprise-dirigeants.html?ga_cat=globale&ga_q=A.L.M.A.S#phrase=A.L.M.A.S,https://www.infogreffe.com/recherche-entreprise-dirigeants/resultats-entreprise-dirigeants.html?ga_cat=globale&ga_q=A.L.M.A.S#phrase=A.L.M.A.S
0,2018-09-31,ALMAS.PA,,2018-09-31,Q3,1421750.0,753750.0,668000.0,2.128368263473054,0.0,0.0,0.0,0.0,768000.0,1918500.0,15750.0,66500.0,-453000.0,-3.1385209713024285,-496750.0,-2.8621036738802212,0.0,-483000.0,-2.9435817805383024,-23500.0,-460000.0,-3.0907608695652176,-0.0312395,-0.0312395,14724951,14724951,https://www.infogreffe.com/recherche-entreprise-dirigeants/resultats-entreprise-dirigeants.html?ga_cat=globale&ga_q=A.L.M.A.S#phrase=A.L.M.A.S,https://www.infogreffe.com/recherche-entreprise-dirigeants/resultats-entreprise-dirigeants.html?ga_cat=globale&ga_q=A.L.M.A.S#phrase=A.L.M.A.S
0,2018-06-31,ALMAS.PA,,2018-06-31,Q2,1421750.0,753750.0,668000.0,2.128368263473054,0.0,0.0,0.0,0.0,768000.0,1918500.0,15750.0,66500.0,-453000.0,-3.1385209713024285,-496750.0,-2.8621036738802212,0.0,-483000.0,-2.9435817805383024,-23500.0,-460000.0,-3.0907608695652176,-0.0312395,-0.0312395,14724951,14724951,https://www.infogreffe.com/recherche-entreprise-dirigeants/resultats-entreprise-dirigeants.html?ga_cat=globale&ga_q=A.L.M.A.S#phrase=A.L.M.A.S,https://www.infogreffe.com/recherche-entreprise-dirigeants/resultats-entreprise-dirigeants.html?ga_cat=globale&ga_q=A.L.M.A.S#phrase=A.L.M.A.S
0,2018-03-31,ALMAS.PA,,2018-03-31,Q1,1421750.0,753750.0,668000.0,2.128368263473054,0.0,0.0,0.0,0.0,768000.0,1918500.0,15750.0,66500.0,-453000.0,-3.1385209713024285,-496750.0,-2.8621036738802212,0.0,-483000.0,-2.9435817805383024,-23500.0,-460000.0,-3.0907608695652176,-0.0312395,-0.0312395,14724951,14724951,https://www.infogreffe.com/recherche-entreprise-dirigeants/resultats-entreprise-dirigeants.html?ga_cat=globale&ga_q=A.L.M.A.S#phrase=A.L.M.A.S,https://www.infogreffe.com/recherche-entreprise-dirigeants/resultats-entreprise-dirigeants.html?ga_cat=globale&ga_q=A.L.M.A.S#phrase=A.L.M.A.S
0,2018-01-31,ALMAS.PA,,2018-01-31,Q1,1421750.0,753750.0,668000.0,2.128368263473054,0.0,0.0,0.0,0.0,768000.0,1918500.0,15750.0,66500.0,-453000.0,-3.1385209713024285,-496750.0,-2.8621036738802212,0.0,-483000.0,-2.9435817805383024,-23500.0,-460000.0,-3.0907608695652176,-0.0312395,-0.0312395,14724951,14724951,https://www.infogreffe.com/recherche-entreprise-dirigeants/resultats-entreprise-dirigeants.html?ga_cat=globale&ga_q=A.L.M.A.S#phrase=A.L.M.A.S,https://www.infogreffe.com/recherche-entreprise-dirigeants/resultats-entreprise-dirigeants.html?ga_cat=globale&ga_q=A.L.M.A.S#phrase=A.L.M.A.S
0,2017-09-31,ALMAS.PA,,2017-09-31,Q3,2212750.0,1260750.0,952000.0,2.324317226890756,0.0,0.0,0.0,0.0,972000.0,2729000.0,24250.0,111000.0,-420250.0,-5.2653182629387265,-516250.0,-4.286198547215497,0.0,-676750.0,-3.2696712227558185,-18500.0,-658250.0,-3.3615647550322825,-0.102063,-0.102063,9915251.0,9915251.0,https://www.infogreffe.com/recherche-entreprise-dirigeants/resultats-entreprise-dirigeants.html?ga_cat=globale&ga_q=A.L.M.A.S#phrase=A.L.M.A.S,https://www.infogreffe.com/recherche-entreprise-dirigeants/resultats-entreprise-dirigeants.html?ga_cat=globale&ga_q=A.L.M.A.S#phrase=A.L.M.A.S
0,2017-06-31,ALMAS.PA,,2017-06-31,Q2,2212750.0,1260750.0,952000.0,2.324317226890756,0.0,0.0,0.0,0.0,972000.0,2729000.0,24250.0,111000.0,-420250.0,-5.2653182629387265,-516250.0,-4.286198547215497,0.0,-676750.0,-3.2696712227558185,-18500.0,-658250.0,-3.3615647550322825,-0.102063,-0.102063,9915251.0,9915251.0,https://www.infogreffe.com/recherche-entreprise-dirigeants/resultats-entreprise-dirigeants.html?ga_cat=globale&ga_q=A.L.M.A.S#phrase=A.L.M.A.S,https://www.infogreffe.com/recherche-entreprise-dirigeants/resultats-entreprise-dirigeants.html?ga_cat=globale&ga_q=A.L.M.A.S#phrase=A.L.M.A.S
0,2017-03-31,ALMAS.PA,,2017-03-31,Q1,2212750.0,1260750.0,952000.0,2.324317226890756,0.0,0.0,0.0,0.0,972000.0,2729000.0,24250.0,111000.0,-420250.0,-5.2653182629387265,-516250.0,-4.286198547215497,0.0,-676750.0,-3.2696712227558185,-18500.0,-658250.0,-3.3615647550322825,-0.102063,-0.102063,9915251.0,9915251.0,https://www.infogreffe.com/recherche-entreprise-dirigeants/resultats-entreprise-dirigeants.html?ga_cat=globale&ga_q=A.L.M.A.S#phrase=A.L.M.A.S,https://www.infogreffe.com/recherche-entreprise-dirigeants/resultats-entreprise-dirigeants.html?ga_cat=globale&ga_q=A.L.M.A.S#phrase=A.L.M.A.S
0,2017-01-31,ALMAS.PA,,2017-01-31,Q1,2212750.0,1260750.0,952000.0,2.324317226890756,0.0,0.0,0.0,0.0,972000.0,2729000.0,24250.0,111000.0,-420250.0,-5.2653182629387265,-516250.0,-4.286198547215497,0.0,-676750.0,-3.2696712227558185,-18500.0,-658250.0,-3.3615647550322825,-0.102063,-0.102063,9915251.0,9915251.0,https://www.infogreffe.com/recherche-entreprise-dirigeants/resultats-entreprise-dirigeants.html?ga_cat=globale&ga_q=A.L.M.A.S#phrase=A.L.M.A.S,https://www.infogreffe.com/recherche-entreprise-dirigeants/resultats-entreprise-dirigeants.html?ga_cat=globale&ga_q=A.L.M.A.S#phrase=A.L.M.A.S
0,2016-09-31,ALMAS.PA,,2016-09-31,Q3,3108500.0,1716000.0,1392500.0,2.2323159784560143,0.0,0.0,0.0,0.0,1165250.0,3573000.0,24000.0,108500.0,-301000.0,-10.327242524916944,-464500.0,-6.692142088266953,0.0,-499500.0,-6.223223223223223,-15500.0,-484500.0,-6.415892672858617,-0.07533225,-0.07533225,6431516.0,6431516.0,https://www.infogreffe.com/recherche-entreprise-dirigeants/resultats-entreprise-dirigeants.html?ga_cat=globale&ga_q=A.L.M.A.S#phrase=A.L.M.A.S,https://www.infogreffe.com/recherche-entreprise-dirigeants/resultats-entreprise-dirigeants.html?ga_cat=globale&ga_q=A.L.M.A.S#phrase=A.L.M.A.S
0,2016-06-31,ALMAS.PA,,2016-06-31,Q2,3108500.0,1716000.0,1392500.0,2.2323159784560143,0.0,0.0,0.0,0.0,1165250.0,3573000.0,24000.0,108500.0,-301000.0,-10.327242524916944,-464500.0,-6.692142088266953,0.0,-499500.0,-6.223223223223223,-15500.0,-484500.0,-6.415892672858617,-0.07533225,-0.07533225,6431516.0,6431516.0,https://www.infogreffe.com/recherche-entreprise-dirigeants/resultats-entreprise-dirigeants.html?ga_cat=globale&ga_q=A.L.M.A.S#phrase=A.L.M.A.S,https://www.infogreffe.com/recherche-entreprise-dirigeants/resultats-entreprise-dirigeants.html?ga_cat=globale&ga_q=A.L.M.A.S#phrase=A.L.M.A.S
0,2016-03-31,ALMAS.PA,,2016-03-31,Q1,3108500.0,1716000.0,1392500.0,2.2323159784560143,0.0,0.0,0.0,0.0,1165250.0,3573000.0,24000.0,108500.0,-301000.0,-10.327242524916944,-464500.0,-6.692142088266953,0.0,-499500.0,-6.223223223223223,-15500.0,-484500.0,-6.415892672858617,-0.07533225,-0.07533225,6431516.0,6431516.0,https://www.infogreffe.com/recherche-entreprise-dirigeants/resultats-entreprise-dirigeants.html?ga_cat=globale&ga_q=A.L.M.A.S#phrase=A.L.M.A.S,https://www.infogreffe.com/recherche-entreprise-dirigeants/resultats-entreprise-dirigeants.html?ga_cat=globale&ga_q=A.L.M.A.S#phrase=A.L.M.A.S
0,2016-01-31,ALMAS.PA,,2016-01-31,Q1,3108500.0,1716000.0,1392500.0,2.2323159784560143,0.0,0.0,0.0,0.0,1165250.0,3573000.0,24000.0,108500.0,-301000.0,-10.327242524916944,-464500.0,-6.692142088266953,0.0,-499500.0,-6.223223223223223,-15500.0,-484500.0,-6.415892672858617,-0.07533225,-0.07533225,6431516.0,6431516.0,https://www.infogreffe.com/recherche-entreprise-dirigeants/resultats-entreprise-dirigeants.html?ga_cat=globale&ga_q=A.L.M.A.S#phrase=A.L.M.A.S,https://www.infogreffe.com/recherche-entreprise-dirigeants/resultats-entreprise-dirigeants.html?ga_cat=globale&ga_q=A.L.M.A.S#phrase=A.L.M.A.S
0,2015-09-31,ALMAS.PA,,2015-09-31,Q3,5135250.0,2563750.0,2571500.0,1.9969861948279215,0.0,0.0,0.0,0.0,1635250.0,5510750.0,64750.0,176500.0,309500.0,16.592084006462034,-375500.0,-13.675765645805592,0.0,-751750.0,-6.831060857998005,-43000.0,-544250.0,-9.43546164446486,-0.0826225,-0.0826225,6587199.0,6587199.0,https://www.infogreffe.com/recherche-entreprise-dirigeants/resultats-entreprise-dirigeants.html?ga_cat=globale&ga_q=A.L.M.A.S#phrase=A.L.M.A.S,https://www.infogreffe.com/recherche-entreprise-dirigeants/resultats-entreprise-dirigeants.html?ga_cat=globale&ga_q=A.L.M.A.S#phrase=A.L.M.A.S
0,2015-06-31,ALMAS.PA,,2015-06-31,Q2,5135250.0,2563750.0,2571500.0,1.9969861948279215,0.0,0.0,0.0,0.0,1635250.0,5510750.0,64750.0,176500.0,309500.0,16.592084006462034,-375500.0,-13.675765645805592,0.0,-751750.0,-6.831060857998005,-43000.0,-544250.0,-9.43546164446486,-0.0826225,-0.0826225,6587199.0,6587199.0,https://www.infogreffe.com/recherche-entreprise-dirigeants/resultats-entreprise-dirigeants.html?ga_cat=globale&ga_q=A.L.M.A.S#phrase=A.L.M.A.S,https://www.infogreffe.com/recherche-entreprise-dirigeants/resultats-entreprise-dirigeants.html?ga_cat=globale&ga_q=A.L.M.A.S#phrase=A.L.M.A.S
0,2015-03-31,ALMAS.PA,,2015-03-31,Q1,5135250.0,2563750.0,2571500.0,1.9969861948279215,0.0,0.0,0.0,0.0,1635250.0,5510750.0,64750.0,176500.0,309500.0,16.592084006462034,-375500.0,-13.675765645805592,0.0,-751750.0,-6.831060857998005,-43000.0,-544250.0,-9.43546164446486,-0.0826225,-0.0826225,6587199.0,6587199.0,https://www.infogreffe.com/recherche-entreprise-dirigeants/resultats-entreprise-dirigeants.html?ga_cat=globale&ga_q=A.L.M.A.S#phrase=A.L.M.A.S,https://www.infogreffe.com/recherche-entreprise-dirigeants/resultats-entreprise-dirigeants.html?ga_cat=globale&ga_q=A.L.M.A.S#phrase=A.L.M.A.S
0,2015-01-31,ALMAS.PA,,2015-01-31,Q1,5135250.0,2563750.0,2571500.0,1.9969861948279215,0.0,0.0,0.0,0.0,1635250.0,5510750.0,64750.0,176500.0,309500.0,16.592084006462034,-375500.0,-13.675765645805592,0.0,-751750.0,-6.831060857998005,-43000.0,-544250.0,-9.43546164446486,-0.0826225,-0.0826225,6587199.0,6587199.0,https://www.infogreffe.com/recherche-entreprise-dirigeants/resultats-entreprise-dirigeants.html?ga_cat=globale&ga_q=A.L.M.A.S#phrase=A.L.M.A.S,https://www.infogreffe.com/recherche-entreprise-dirigeants/resultats-entreprise-dirigeants.html?ga_cat=globale&ga_q=A.L.M.A.S#phrase=A.L.M.A.S
0,2014-09-31,ALMAS.PA,,2014-09-31,Q3,6517000.0,3261000.0,3256000.0,2.0015356265356266,0.0,0.0,0.0,0.0,2120750.0,7295500.0,88000.0,227500.0,-49500.0,-131.65656565656565,-778500.0,-8.371226718047527,0.0,-1585000.0,-4.111671924290221,84500.0,-1107000.0,-5.887082204155375,-0.170105,-0.170105,6507749.0,6507749.0,https://www.infogreffe.com/recherche-entreprise-dirigeants/resultats-entreprise-dirigeants.html?ga_cat=globale&ga_q=A.L.M.A.S#phrase=A.L.M.A.S,https://www.infogreffe.com/recherche-entreprise-dirigeants/resultats-entreprise-dirigeants.html?ga_cat=globale&ga_q=A.L.M.A.S#phrase=A.L.M.A.S
0,2014-06-31,ALMAS.PA,,2014-06-31,Q2,6517000.0,3261000.0,3256000.0,2.0015356265356266,0.0,0.0,0.0,0.0,2120750.0,7295500.0,88000.0,227500.0,-49500.0,-131.65656565656565,-778500.0,-8.371226718047527,0.0,-1585000.0,-4.111671924290221,84500.0,-1107000.0,-5.887082204155375,-0.170105,-0.170105,6507749.0,6507749.0,https://www.infogreffe.com/recherche-entreprise-dirigeants/resultats-entreprise-dirigeants.html?ga_cat=globale&ga_q=A.L.M.A.S#phrase=A.L.M.A.S,https://www.infogreffe.com/recherche-entreprise-dirigeants/resultats-entreprise-dirigeants.html?ga_cat=globale&ga_q=A.L.M.A.S#phrase=A.L.M.A.S
0,2014-03-31,ALMAS.PA,,2014-03-31,Q1,6517000.0,3261000.0,3256000.0,2.0015356265356266,0.0,0.0,0.0,0.0,2120750.0,7295500.0,88000.0,227500.0,-49500.0,-131.65656565656565,-778500.0,-8.371226718047527,0.0,-1585000.0,-4.111671924290221,84500.0,-1107000.0,-5.887082204155375,-0.170105,-0.170105,6507749.0,6507749.0,https://www.infogreffe.com/recherche-entreprise-dirigeants/resultats-entreprise-dirigeants.html?ga_cat=globale&ga_q=A.L.M.A.S#phrase=A.L.M.A.S,https://www.infogreffe.com/recherche-entreprise-dirigeants/resultats-entreprise-dirigeants.html?ga_cat=globale&ga_q=A.L.M.A.S#phrase=A.L.M.A.S
0,2014-01-31,ALMAS.PA,,2014-01-31,Q1,6517000.0,3261000.0,3256000.0,2.0015356265356266,0.0,0.0,0.0,0.0,2120750.0,7295500.0,88000.0,227500.0,-49500.0,-131.65656565656565,-778500.0,-8.371226718047527,0.0,-1585000.0,-4.111671924290221,84500.0,-1107000.0,-5.887082204155375,-0.170105,-0.170105,6507749.0,6507749.0,https://www.infogreffe.com/recherche-entreprise-dirigeants/resultats-entreprise-dirigeants.html?ga_cat=globale&ga_q=A.L.M.A.S#phrase=A.L.M.A.S,https://www.infogreffe.com/recherche-entreprise-dirigeants/resultats-entreprise-dirigeants.html?ga_cat=globale&ga_q=A.L.M.A.S#phrase=A.L.M.A.S
0,2013-09-31,ALMAS.PA,,2013-09-31,Q3,6605500.0,3308000.0,3297500.0,2.0031842304776344,0.0,0.0,0.0,0.0,2029000.0,7041750.0,85000.0,208000.0,-175000.0,-37.745714285714286,-436250.0,-15.141547277936963,0.0,-606250.0,-10.895670103092783,11750.0,-601500.0,-10.98171238570241,-0.106923,-0.106923,5625540.0,5625540.0,https://www.infogreffe.com/recherche-entreprise-dirigeants/resultats-entreprise-dirigeants.html?ga_cat=globale&ga_q=A.L.M.A.S#phrase=A.L.M.A.S,https://www.infogreffe.com/recherche-entreprise-dirigeants/resultats-entreprise-dirigeants.html?ga_cat=globale&ga_q=A.L.M.A.S#phrase=A.L.M.A.S
0,2013-06-31,ALMAS.PA,,2013-06-31,Q2,6605500.0,3308000.0,3297500.0,2.0031842304776344,0.0,0.0,0.0,0.0,2029000.0,7041750.0,85000.0,208000.0,-175000.0,-37.745714285714286,-436250.0,-15.141547277936963,0.0,-606250.0,-10.895670103092783,11750.0,-601500.0,-10.98171238570241,-0.106923,-0.106923,5625540.0,5625540.0,https://www.infogreffe.com/recherche-entreprise-dirigeants/resultats-entreprise-dirigeants.html?ga_cat=globale&ga_q=A.L.M.A.S#phrase=A.L.M.A.S,https://www.infogreffe.com/recherche-entreprise-dirigeants/resultats-entreprise-dirigeants.html?ga_cat=globale&ga_q=A.L.M.A.S#phrase=A.L.M.A.S
0,2013-03-31,ALMAS.PA,,2013-03-31,Q1,6605500.0,3308000.0,3297500.0,2.0031842304776344,0.0,0.0,0.0,0.0,2029000.0,7041750.0,85000.0,208000.0,-175000.0,-37.745714285714286,-436250.0,-15.141547277936963,0.0,-606250.0,-10.895670103092783,11750.0,-601500.0,-10.98171238570241,-0.106923,-0.106923,5625540.0,5625540.0,https://www.infogreffe.com/recherche-entreprise-dirigeants/resultats-entreprise-dirigeants.html?ga_cat=globale&ga_q=A.L.M.A.S#phrase=A.L.M.A.S,https://www.infogreffe.com/recherche-entreprise-dirigeants/resultats-entreprise-dirigeants.html?ga_cat=globale&ga_q=A.L.M.A.S#phrase=A.L.M.A.S
0,2013-01-31,ALMAS.PA,,2013-01-31,Q1,6605500.0,3308000.0,3297500.0,2.0031842304776344,0.0,0.0,0.0,0.0,2029000.0,7041750.0,85000.0,208000.0,-175000.0,-37.745714285714286,-436250.0,-15.141547277936963,0.0,-606250.0,-10.895670103092783,11750.0,-601500.0,-10.98171238570241,-0.106923,-0.106923,5625540.0,5625540.0,https://www.infogreffe.com/recherche-entreprise-dirigeants/resultats-entreprise-dirigeants.html?ga_cat=globale&ga_q=A.L.M.A.S#phrase=A.L.M.A.S,https://www.infogreffe.com/recherche-entreprise-dirigeants/resultats-entreprise-dirigeants.html?ga_cat=globale&ga_q=A.L.M.A.S#phrase=A.L.M.A.S
0,2012-09-31,ALMAS.PA,,2012-09-31,Q3,7780250.0,3337000.0,4443250.0,1.751026838462837,0.0,0.0,0.0,0.0,2258250.0,7398000.0,0.0,208500.0,596000.0,13.054110738255034,382250.0,20.353826030085024,0.0,340750.0,22.832721936903887,-24500.0,245250.0,31.723751274209988,0.04374125,0.04374125,5606835.0,5606835.0,https://www.infogreffe.com/recherche-entreprise-dirigeants/resultats-entreprise-dirigeants.html?ga_cat=globale&ga_q=A.L.M.A.S#phrase=A.L.M.A.S,https://www.infogreffe.com/recherche-entreprise-dirigeants/resultats-entreprise-dirigeants.html?ga_cat=globale&ga_q=A.L.M.A.S#phrase=A.L.M.A.S
0,2012-06-31,ALMAS.PA,,2012-06-31,Q2,7780250.0,3337000.0,4443250.0,1.751026838462837,0.0,0.0,0.0,0.0,2258250.0,7398000.0,0.0,208500.0,596000.0,13.054110738255034,382250.0,20.353826030085024,0.0,340750.0,22.832721936903887,-24500.0,245250.0,31.723751274209988,0.04374125,0.04374125,5606835.0,5606835.0,https://www.infogreffe.com/recherche-entreprise-dirigeants/resultats-entreprise-dirigeants.html?ga_cat=globale&ga_q=A.L.M.A.S#phrase=A.L.M.A.S,https://www.infogreffe.com/recherche-entreprise-dirigeants/resultats-entreprise-dirigeants.html?ga_cat=globale&ga_q=A.L.M.A.S#phrase=A.L.M.A.S
0,2012-03-31,ALMAS.PA,,2012-03-31,Q1,7780250.0,3337000.0,4443250.0,1.751026838462837,0.0,0.0,0.0,0.0,2258250.0,7398000.0,0.0,208500.0,596000.0,13.054110738255034,382250.0,20.353826030085024,0.0,340750.0,22.832721936903887,-24500.0,245250.0,31.723751274209988,0.04374125,0.04374125,5606835.0,5606835.0,https://www.infogreffe.com/recherche-entreprise-dirigeants/resultats-entreprise-dirigeants.html?ga_cat=globale&ga_q=A.L.M.A.S#phrase=A.L.M.A.S,https://www.infogreffe.com/recherche-entreprise-dirigeants/resultats-entreprise-dirigeants.html?ga_cat=globale&ga_q=A.L.M.A.S#phrase=A.L.M.A.S
0,2012-01-31,ALMAS.PA,,2012-01-31,Q1,7780250.0,3337000.0,4443250.0,1.751026838462837,0.0,0.0,0.0,0.0,2258250.0,7398000.0,0.0,208500.0,596000.0,13.054110738255034,382250.0,20.353826030085024,0.0,340750.0,22.832721936903887,-24500.0,245250.0,31.723751274209988,0.04374125,0.04374125,5606835.0,5606835.0,https://www.infogreffe.com/recherche-entreprise-dirigeants/resultats-entreprise-dirigeants.html?ga_cat=globale&ga_q=A.L.M.A.S#phrase=A.L.M.A.S,https://www.infogreffe.com/recherche-entreprise-dirigeants/resultats-entreprise-dirigeants.html?ga_cat=globale&ga_q=A.L.M.A.S#phrase=A.L.M.A.S
0,2011-09-31,ALMAS.PA,,2011-09-31,Q3,6529250.0,3062250.0,3467000.0,1.883256417652149,0.0,0.0,0.0,22250.0,1561750.0,6137750.0,0.0,239000.0,529000.0,12.342627599243857,391500.0,16.677522349936144,0.0,462500.0,14.117297297297297,142750.0,319750.0,20.41985926505082,0.05832175,0.05832175,5482524.0,5482524.0,https://www.infogreffe.com/recherche-entreprise-dirigeants/resultats-entreprise-dirigeants.html?ga_cat=globale&ga_q=A.L.M.A.S#phrase=A.L.M.A.S,https://www.infogreffe.com/recherche-entreprise-dirigeants/resultats-entreprise-dirigeants.html?ga_cat=globale&ga_q=A.L.M.A.S#phrase=A.L.M.A.S
0,2011-06-31,ALMAS.PA,,2011-06-31,Q2,6529250.0,3062250.0,3467000.0,1.883256417652149,0.0,0.0,0.0,22250.0,1561750.0,6137750.0,0.0,239000.0,529000.0,12.342627599243857,391500.0,16.677522349936144,0.0,462500.0,14.117297297297297,142750.0,319750.0,20.41985926505082,0.05832175,0.05832175,5482524.0,5482524.0,https://www.infogreffe.com/recherche-entreprise-dirigeants/resultats-entreprise-dirigeants.html?ga_cat=globale&ga_q=A.L.M.A.S#phrase=A.L.M.A.S,https://www.infogreffe.com/recherche-entreprise-dirigeants/resultats-entreprise-dirigeants.html?ga_cat=globale&ga_q=A.L.M.A.S#phrase=A.L.M.A.S
0,2011-03-31,ALMAS.PA,,2011-03-31,Q1,6529250.0,3062250.0,3467000.0,1.883256417652149,0.0,0.0,0.0,22250.0,1561750.0,6137750.0,0.0,239000.0,529000.0,12.342627599243857,391500.0,16.677522349936144,0.0,462500.0,14.117297297297297,142750.0,319750.0,20.41985926505082,0.05832175,0.05832175,5482524.0,5482524.0,https://www.infogreffe.com/recherche-entreprise-dirigeants/resultats-entreprise-dirigeants.html?ga_cat=globale&ga_q=A.L.M.A.S#phrase=A.L.M.A.S,https://www.infogreffe.com/recherche-entreprise-dirigeants/resultats-entreprise-dirigeants.html?ga_cat=globale&ga_q=A.L.M.A.S#phrase=A.L.M.A.S
0,2011-01-31,ALMAS.PA,,2011-01-31,Q1,6529250.0,3062250.0,3467000.0,1.883256417652149,0.0,0.0,0.0,22250.0,1561750.0,6137750.0,0.0,239000.0,529000.0,12.342627599243857,391500.0,16.677522349936144,0.0,462500.0,14.117297297297297,142750.0,319750.0,20.41985926505082,0.05832175,0.05832175,5482524.0,5482524.0,https://www.infogreffe.com/recherche-entreprise-dirigeants/resultats-entreprise-dirigeants.html?ga_cat=globale&ga_q=A.L.M.A.S#phrase=A.L.M.A.S,https://www.infogreffe.com/recherche-entreprise-dirigeants/resultats-entreprise-dirigeants.html?ga_cat=globale&ga_q=A.L.M.A.S#phrase=A.L.M.A.S
0,2010-09-31,ALMAS.PA,,2010-09-31,Q3,6506750.0,3131000.0,3375750.0,1.9274975931274532,0.0,0.0,0.0,0.0,1530500.0,6086000.0,60250.0,254000.0,752000.0,8.652593085106384,420750.0,15.464646464646465,0.0,240750.0,27.0269989615784,141500.0,201000.0,32.37189054726368,0.036451,0.036451,5514245.0,5514245.0,https://www.infogreffe.com/recherche-entreprise-dirigeants/resultats-entreprise-dirigeants.html?ga_cat=globale&ga_q=A.L.M.A.S#phrase=A.L.M.A.S,https://www.infogreffe.com/recherche-entreprise-dirigeants/resultats-entreprise-dirigeants.html?ga_cat=globale&ga_q=A.L.M.A.S#phrase=A.L.M.A.S
0,2010-06-31,ALMAS.PA,,2010-06-31,Q2,6506750.0,3131000.0,3375750.0,1.9274975931274532,0.0,0.0,0.0,0.0,1530500.0,6086000.0,60250.0,254000.0,752000.0,8.652593085106384,420750.0,15.464646464646465,0.0,240750.0,27.0269989615784,141500.0,201000.0,32.37189054726368,0.036451,0.036451,5514245.0,5514245.0,https://www.infogreffe.com/recherche-entreprise-dirigeants/resultats-entreprise-dirigeants.html?ga_cat=globale&ga_q=A.L.M.A.S#phrase=A.L.M.A.S,https://www.infogreffe.com/recherche-entreprise-dirigeants/resultats-entreprise-dirigeants.html?ga_cat=globale&ga_q=A.L.M.A.S#phrase=A.L.M.A.S
0,2010-03-31,ALMAS.PA,,2010-03-31,Q1,6506750.0,3131000.0,3375750.0,1.9274975931274532,0.0,0.0,0.0,0.0,1530500.0,6086000.0,60250.0,254000.0,752000.0,8.652593085106384,420750.0,15.464646464646465,0.0,240750.0,27.0269989615784,141500.0,201000.0,32.37189054726368,0.036451,0.036451,5514245.0,5514245.0,https://www.infogreffe.com/recherche-entreprise-dirigeants/resultats-entreprise-dirigeants.html?ga_cat=globale&ga_q=A.L.M.A.S#phrase=A.L.M.A.S,https://www.infogreffe.com/recherche-entreprise-dirigeants/resultats-entreprise-dirigeants.html?ga_cat=globale&ga_q=A.L.M.A.S#phrase=A.L.M.A.S
0,2010-01-31,ALMAS.PA,,2010-01-31,Q1,6506750.0,3131000.0,3375750.0,1.9274975931274532,0.0,0.0,0.0,0.0,1530500.0,6086000.0,60250.0,254000.0,752000.0,8.652593085106384,420750.0,15.464646464646465,0.0,240750.0,27.0269989615784,141500.0,201000.0,32.37189054726368,0.036451,0.036451,5514245.0,5514245.0,https://www.infogreffe.com/recherche-entreprise-dirigeants/resultats-entreprise-dirigeants.html?ga_cat=globale&ga_q=A.L.M.A.S#phrase=A.L.M.A.S,https://www.infogreffe.com/recherche-entreprise-dirigeants/resultats-entreprise-dirigeants.html?ga_cat=globale&ga_q=A.L.M.A.S#phrase=A.L.M.A.S
0,2009-09-31,ALMAS.PA,,2009-09-31,Q3,5659750.0,2682250.0,2977500.0,1.9008396305625526,0.0,0.0,0.0,0.0,1437750.0,5489750.0,49250.0,260250.0,505750.0,11.19080573405833,170000.0,33.292647058823526,0.0,170500.0,33.1950146627566,79500.0,202500.0,27.94938271604938,0.038881,0.038881,5208184.0,5208184.0,https://www.infogreffe.com/recherche-entreprise-dirigeants/resultats-entreprise-dirigeants.html?ga_cat=globale&ga_q=A.L.M.A.S#phrase=A.L.M.A.S,https://www.infogreffe.com/recherche-entreprise-dirigeants/resultats-entreprise-dirigeants.html?ga_cat=globale&ga_q=A.L.M.A.S#phrase=A.L.M.A.S
0,2009-06-31,ALMAS.PA,,2009-06-31,Q2,5659750.0,2682250.0,2977500.0,1.9008396305625526,0.0,0.0,0.0,0.0,1437750.0,5489750.0,49250.0,260250.0,505750.0,11.19080573405833,170000.0,33.292647058823526,0.0,170500.0,33.1950146627566,79500.0,202500.0,27.94938271604938,0.038881,0.038881,5208184.0,5208184.0,https://www.infogreffe.com/recherche-entreprise-dirigeants/resultats-entreprise-dirigeants.html?ga_cat=globale&ga_q=A.L.M.A.S#phrase=A.L.M.A.S,https://www.infogreffe.com/recherche-entreprise-dirigeants/resultats-entreprise-dirigeants.html?ga_cat=globale&ga_q=A.L.M.A.S#phrase=A.L.M.A.S
0,2009-03-31,ALMAS.PA,,2009-03-31,Q1,5659750.0,2682250.0,2977500.0,1.9008396305625526,0.0,0.0,0.0,0.0,1437750.0,5489750.0,49250.0,260250.0,505750.0,11.19080573405833,170000.0,33.292647058823526,0.0,170500.0,33.1950146627566,79500.0,202500.0,27.94938271604938,0.038881,0.038881,5208184.0,5208184.0,https://www.infogreffe.com/recherche-entreprise-dirigeants/resultats-entreprise-dirigeants.html?ga_cat=globale&ga_q=A.L.M.A.S#phrase=A.L.M.A.S,https://www.infogreffe.com/recherche-entreprise-dirigeants/resultats-entreprise-dirigeants.html?ga_cat=globale&ga_q=A.L.M.A.S#phrase=A.L.M.A.S
0,2009-01-31,ALMAS.PA,,2009-01-31,Q1,5659750.0,2682250.0,2977500.0,1.9008396305625526,0.0,0.0,0.0,0.0,1437750.0,5489750.0,49250.0,260250.0,505750.0,11.19080573405833,170000.0,33.292647058823526,0.0,170500.0,33.1950146627566,79500.0,202500.0,27.94938271604938,0.038881,0.038881,5208184.0,5208184.0,https://www.infogreffe.com/recherche-entreprise-dirigeants/resultats-entreprise-dirigeants.html?ga_cat=globale&ga_q=A.L.M.A.S#phrase=A.L.M.A.S,https://www.infogreffe.com/recherche-entreprise-dirigeants/resultats-entreprise-dirigeants.html?ga_cat=globale&ga_q=A.L.M.A.S#phrase=A.L.M.A.S
