,date,symbol,fillingDate,acceptedDate,period,revenue,costOfRevenue,grossProfit,grossProfitRatio,researchAndDevelopmentExpenses,generalAndAdministrativeExpenses,sellingAndMarketingExpenses,otherExpenses,operatingExpenses,costAndExpenses,interestExpense,depreciationAndAmortization,ebitda,ebitdaratio,operatingIncome,operatingIncomeRatio,totalOtherIncomeExpensesNet,incomeBeforeTax,incomeBeforeTaxRatio,incomeTaxExpense,netIncome,netIncomeRatio,eps,epsdiluted,weightedAverageShsOut,weightedAverageShsOutDil,link,finalLink
0,2019-09-31,SLIGR.AS,,2019-09-31,Q3,598750000,452750000,146000000,4.101027397260274,0.0,13250000,5000000.0,500000.0,28000000,590750000,1750000.0,20500000,30250000,19.793388429752067,8000000.0,74.84375,0.0,10500000,57.023809523809526,2000000.0,8250000.0,72.57575757575758,0.1875,0.1875,44117215,44117215,,
0,2019-06-31,SLIGR.AS,,2019-06-31,Q2,598750000,452750000,146000000,4.101027397260274,0.0,13250000,5000000.0,500000.0,28000000,590750000,1750000.0,20500000,30250000,19.793388429752067,8000000.0,74.84375,0.0,10500000,57.023809523809526,2000000.0,8250000.0,72.57575757575758,0.1875,0.1875,44117215,44117215,,
0,2019-03-31,SLIGR.AS,,2019-03-31,Q1,598750000,452750000,146000000,4.101027397260274,0.0,13250000,5000000.0,500000.0,28000000,590750000,1750000.0,20500000,30250000,19.793388429752067,8000000.0,74.84375,0.0,10500000,57.023809523809526,2000000.0,8250000.0,72.57575757575758,0.1875,0.1875,44117215,44117215,,
0,2019-01-31,SLIGR.AS,,2019-01-31,Q1,598750000,452750000,146000000,4.101027397260274,0.0,13250000,5000000.0,500000.0,28000000,590750000,1750000.0,20500000,30250000,19.793388429752067,8000000.0,74.84375,0.0,10500000,57.023809523809526,2000000.0,8250000.0,72.57575757575758,0.1875,0.1875,44117215,44117215,,
0,2018-09-31,SLIGR.AS,,2018-09-31,Q3,586500000,445000000,141500000,4.144876325088339,0.0,10750000,4250000.0,250000.0,27000000,575750000,1000000.0,14750000,28000000,20.946428571428573,10750000,54.55813953488372,0.0,14000000,41.892857142857146,2500000.0,69000000,8.5,1.5625,1.5625,44099000,44099000,,
0,2018-06-31,SLIGR.AS,,2018-06-31,Q2,586500000,445000000,141500000,4.144876325088339,0.0,10750000,4250000.0,250000.0,27000000,575750000,1000000.0,14750000,28000000,20.946428571428573,10750000,54.55813953488372,0.0,14000000,41.892857142857146,2500000.0,69000000,8.5,1.5625,1.5625,44099000,44099000,,
0,2018-03-31,SLIGR.AS,,2018-03-31,Q1,586500000,445000000,141500000,4.144876325088339,0.0,10750000,4250000.0,250000.0,27000000,575750000,1000000.0,14750000,28000000,20.946428571428573,10750000,54.55813953488372,0.0,14000000,41.892857142857146,2500000.0,69000000,8.5,1.5625,1.5625,44099000,44099000,,
0,2018-01-31,SLIGR.AS,,2018-01-31,Q1,586500000,445000000,141500000,4.144876325088339,0.0,10750000,4250000.0,250000.0,27000000,575750000,1000000.0,14750000,28000000,20.946428571428573,10750000,54.55813953488372,0.0,14000000,41.892857142857146,2500000.0,69000000,8.5,1.5625,1.5625,44099000,44099000,,
0,2017-09-31,SLIGR.AS,,2017-09-31,Q3,535500000,412000000,123500000,4.336032388663968,0.0,8500000.0,3500000.0,0.0,19000000,515000000,1250000.0,13250000,36000000,14.875,20500000,26.121951219512194,0.0,23750000,22.54736842105263,4750000.0,20250000,26.444444444444443,0.4575,0.4575,43944000,43944000,,
0,2017-06-31,SLIGR.AS,,2017-06-31,Q2,535500000,412000000,123500000,4.336032388663968,0.0,8500000.0,3500000.0,0.0,19000000,515000000,1250000.0,13250000,36000000,14.875,20500000,26.121951219512194,0.0,23750000,22.54736842105263,4750000.0,20250000,26.444444444444443,0.4575,0.4575,43944000,43944000,,
0,2017-03-31,SLIGR.AS,,2017-03-31,Q1,535500000,412000000,123500000,4.336032388663968,0.0,8500000.0,3500000.0,0.0,19000000,515000000,1250000.0,13250000,36000000,14.875,20500000,26.121951219512194,0.0,23750000,22.54736842105263,4750000.0,20250000,26.444444444444443,0.4575,0.4575,43944000,43944000,,
0,2017-01-31,SLIGR.AS,,2017-01-31,Q1,535500000,412000000,123500000,4.336032388663968,0.0,8500000.0,3500000.0,0.0,19000000,515000000,1250000.0,13250000,36000000,14.875,20500000,26.121951219512194,0.0,23750000,22.54736842105263,4750000.0,20250000,26.444444444444443,0.4575,0.4575,43944000,43944000,,
0,2016-09-31,SLIGR.AS,,2016-09-31,Q3,703250000,542000000,161250000,4.36124031007752,0.0,11500000,5750000.0,500000.0,20500000,682000000,1000000.0,16750000,41000000,17.152439024390244,21250000,33.09411764705882,0.0,22750000,30.912087912087912,4500000.0,18250000,38.534246575342465,0.4175,0.4175,43858000,43858000,,
0,2016-06-31,SLIGR.AS,,2016-06-31,Q2,703250000,542000000,161250000,4.36124031007752,0.0,11500000,5750000.0,500000.0,20500000,682000000,1000000.0,16750000,41000000,17.152439024390244,21250000,33.09411764705882,0.0,22750000,30.912087912087912,4500000.0,18250000,38.534246575342465,0.4175,0.4175,43858000,43858000,,
0,2016-03-31,SLIGR.AS,,2016-03-31,Q1,703250000,542000000,161250000,4.36124031007752,0.0,11500000,5750000.0,500000.0,20500000,682000000,1000000.0,16750000,41000000,17.152439024390244,21250000,33.09411764705882,0.0,22750000,30.912087912087912,4500000.0,18250000,38.534246575342465,0.4175,0.4175,43858000,43858000,,
0,2016-01-31,SLIGR.AS,,2016-01-31,Q1,703250000,542000000,161250000,4.36124031007752,0.0,11500000,5750000.0,500000.0,20500000,682000000,1000000.0,16750000,41000000,17.152439024390244,21250000,33.09411764705882,0.0,22750000,30.912087912087912,4500000.0,18250000,38.534246575342465,0.4175,0.4175,43858000,43858000,,
0,2015-09-31,SLIGR.AS,,2015-09-31,Q3,667500000,512500000,155000000,4.306451612903226,0.0,10750000,5750000.0,750000.0,19750000,642250000,1000000.0,14250000,41750000,15.988023952095809,25250000,26.435643564356436,0.0,26250000,25.428571428571427,6000000.0,20250000,32.96296296296296,0.46,0.46,43867000,43867000,,
0,2015-06-31,SLIGR.AS,,2015-06-31,Q2,667500000,512500000,155000000,4.306451612903226,0.0,10750000,5750000.0,750000.0,19750000,642250000,1000000.0,14250000,41750000,15.988023952095809,25250000,26.435643564356436,0.0,26250000,25.428571428571427,6000000.0,20250000,32.96296296296296,0.46,0.46,43867000,43867000,,
0,2015-03-31,SLIGR.AS,,2015-03-31,Q1,667500000,512500000,155000000,4.306451612903226,0.0,10750000,5750000.0,750000.0,19750000,642250000,1000000.0,14250000,41750000,15.988023952095809,25250000,26.435643564356436,0.0,26250000,25.428571428571427,6000000.0,20250000,32.96296296296296,0.46,0.46,43867000,43867000,,
0,2015-01-31,SLIGR.AS,,2015-01-31,Q1,667500000,512500000,155000000,4.306451612903226,0.0,10750000,5750000.0,750000.0,19750000,642250000,1000000.0,14250000,41750000,15.988023952095809,25250000,26.435643564356436,0.0,26250000,25.428571428571427,6000000.0,20250000,32.96296296296296,0.46,0.46,43867000,43867000,,
0,2014-09-31,SLIGR.AS,,2014-09-31,Q3,643000000,494000000,149000000,4.315436241610739,0.0,10500000,6000000.0,750000.0,19250000,621250000,1250000.0,14250000,37250000,17.261744966442954,21750000,29.563218390804597,0.0,21500000,29.906976744186046,4250000.0,17250000,37.27536231884058,0.395,0.395,43689000,43689000,,
0,2014-06-31,SLIGR.AS,,2014-06-31,Q2,643000000,494000000,149000000,4.315436241610739,0.0,10500000,6000000.0,750000.0,19250000,621250000,1250000.0,14250000,37250000,17.261744966442954,21750000,29.563218390804597,0.0,21500000,29.906976744186046,4250000.0,17250000,37.27536231884058,0.395,0.395,43689000,43689000,,
0,2014-03-31,SLIGR.AS,,2014-03-31,Q1,643000000,494000000,149000000,4.315436241610739,0.0,10500000,6000000.0,750000.0,19250000,621250000,1250000.0,14250000,37250000,17.261744966442954,21750000,29.563218390804597,0.0,21500000,29.906976744186046,4250000.0,17250000,37.27536231884058,0.395,0.395,43689000,43689000,,
0,2014-01-31,SLIGR.AS,,2014-01-31,Q1,643000000,494000000,149000000,4.315436241610739,0.0,10500000,6000000.0,750000.0,19250000,621250000,1250000.0,14250000,37250000,17.261744966442954,21750000,29.563218390804597,0.0,21500000,29.906976744186046,4250000.0,17250000,37.27536231884058,0.395,0.395,43689000,43689000,,
0,2013-09-31,SLIGR.AS,,2013-09-31,Q3,624607750,480037750,144570000,4.320452030158401,0.0,10199000,5595750.0,588750.0,18040250,603347500,1224250.0,13360750,36138250,17.2838405290793,21260250,29.379134770287273,0.0,21750000,28.717597701149426,4755250.0,16994750,36.75298253872519,0.3875,0.3875,43731000,43731000,,
0,2013-06-31,SLIGR.AS,,2013-06-31,Q2,624607750,480037750,144570000,4.320452030158401,0.0,10199000,5595750.0,588750.0,18040250,603347500,1224250.0,13360750,36138250,17.2838405290793,21260250,29.379134770287273,0.0,21750000,28.717597701149426,4755250.0,16994750,36.75298253872519,0.3875,0.3875,43731000,43731000,,
0,2013-03-31,SLIGR.AS,,2013-03-31,Q1,624607750,480037750,144570000,4.320452030158401,0.0,10199000,5595750.0,588750.0,18040250,603347500,1224250.0,13360750,36138250,17.2838405290793,21260250,29.379134770287273,0.0,21750000,28.717597701149426,4755250.0,16994750,36.75298253872519,0.3875,0.3875,43731000,43731000,,
0,2013-01-31,SLIGR.AS,,2013-01-31,Q1,624607750,480037750,144570000,4.320452030158401,0.0,10199000,5595750.0,588750.0,18040250,603347500,1224250.0,13360750,36138250,17.2838405290793,21260250,29.379134770287273,0.0,21750000,28.717597701149426,4755250.0,16994750,36.75298253872519,0.3875,0.3875,43731000,43731000,,
0,2012-09-31,SLIGR.AS,,2012-09-31,Q3,616845500,477421500,139424000,4.424241880881341,0.0,8721500.0,5089750.0,652500.0,16831750,595132000,1373000.0,13449250,37200000,16.581868279569893,21713500,28.408386487668963,0.0,22485750,27.432729617646732,5099250.0,17386500,35.47841716274121,0.3975,0.3975,43856000,43856000,,
0,2012-06-31,SLIGR.AS,,2012-06-31,Q2,616845500,477421500,139424000,4.424241880881341,0.0,8721500.0,5089750.0,652500.0,16831750,595132000,1373000.0,13449250,37200000,16.581868279569893,21713500,28.408386487668963,0.0,22485750,27.432729617646732,5099250.0,17386500,35.47841716274121,0.3975,0.3975,43856000,43856000,,
0,2012-03-31,SLIGR.AS,,2012-03-31,Q1,616845500,477421500,139424000,4.424241880881341,0.0,8721500.0,5089750.0,652500.0,16831750,595132000,1373000.0,13449250,37200000,16.581868279569893,21713500,28.408386487668963,0.0,22485750,27.432729617646732,5099250.0,17386500,35.47841716274121,0.3975,0.3975,43856000,43856000,,
0,2012-01-31,SLIGR.AS,,2012-01-31,Q1,616845500,477421500,139424000,4.424241880881341,0.0,8721500.0,5089750.0,652500.0,16831750,595132000,1373000.0,13449250,37200000,16.581868279569893,21713500,28.408386487668963,0.0,22485750,27.432729617646732,5099250.0,17386500,35.47841716274121,0.3975,0.3975,43856000,43856000,,
0,2011-09-31,SLIGR.AS,,2011-09-31,Q3,605054000,464652750,140401250,4.30946305677478,0.0,25229250,21644750,0.0,-981250.0,578811500,1758250.0,13500250,41061250,14.735401382081646,26242500,23.05626369438887,0.0,25802750,23.449205995484977,6251000.0,19551750,30.94628358075364,0.445,0.445,43996000,43996000,,
0,2011-06-31,SLIGR.AS,,2011-06-31,Q2,605054000,464652750,140401250,4.30946305677478,0.0,25229250,21644750,0.0,-981250.0,578811500,1758250.0,13500250,41061250,14.735401382081646,26242500,23.05626369438887,0.0,25802750,23.449205995484977,6251000.0,19551750,30.94628358075364,0.445,0.445,43996000,43996000,,
0,2011-03-31,SLIGR.AS,,2011-03-31,Q1,605054000,464652750,140401250,4.30946305677478,0.0,25229250,21644750,0.0,-981250.0,578811500,1758250.0,13500250,41061250,14.735401382081646,26242500,23.05626369438887,0.0,25802750,23.449205995484977,6251000.0,19551750,30.94628358075364,0.445,0.445,43996000,43996000,,
0,2011-01-31,SLIGR.AS,,2011-01-31,Q1,605054000,464652750,140401250,4.30946305677478,0.0,25229250,21644750,0.0,-981250.0,578811500,1758250.0,13500250,41061250,14.735401382081646,26242500,23.05626369438887,0.0,25802750,23.449205995484977,6251000.0,19551750,30.94628358075364,0.445,0.445,43996000,43996000,,
0,2010-09-31,SLIGR.AS,,2010-09-31,Q3,571565250,439412250,132153000,4.325026673628295,0.0,24117250,20854250,0.0,13865500,548833250,1221250.0,13647750,37780500,15.128578234803669,22732000,25.14364112264649,0.0,22911500,24.946653427318157,5362500.0,17549000,32.56967633483389,0.3975,0.3975,44255000,44255000,,
0,2010-06-31,SLIGR.AS,,2010-06-31,Q2,571565250,439412250,132153000,4.325026673628295,0.0,24117250,20854250,0.0,13865500,548833250,1221250.0,13647750,37780500,15.128578234803669,22732000,25.14364112264649,0.0,22911500,24.946653427318157,5362500.0,17549000,32.56967633483389,0.3975,0.3975,44255000,44255000,,
0,2010-03-31,SLIGR.AS,,2010-03-31,Q1,571565250,439412250,132153000,4.325026673628295,0.0,24117250,20854250,0.0,13865500,548833250,1221250.0,13647750,37780500,15.128578234803669,22732000,25.14364112264649,0.0,22911500,24.946653427318157,5362500.0,17549000,32.56967633483389,0.3975,0.3975,44255000,44255000,,
0,2010-01-31,SLIGR.AS,,2010-01-31,Q1,571565250,439412250,132153000,4.325026673628295,0.0,24117250,20854250,0.0,13865500,548833250,1221250.0,13647750,37780500,15.128578234803669,22732000,25.14364112264649,0.0,22911500,24.946653427318157,5362500.0,17549000,32.56967633483389,0.3975,0.3975,44255000,44255000,,
0,2009-09-31,SLIGR.AS,,2009-09-31,Q3,564505250,433077750,131427500,4.295183656388503,0.0,7928500.0,4574500.0,0.0,30538250,539959500,1602500.0,12645000,38721000,14.578787996177784,24545750,22.998085208233604,0.0,24473500,23.065979528878174,5896000.0,18577500,30.386502489570717,0.42,0.42,43692000,43692000,,
0,2009-06-31,SLIGR.AS,,2009-06-31,Q2,564505250,433077750,131427500,4.295183656388503,0.0,7928500.0,4574500.0,0.0,30538250,539959500,1602500.0,12645000,38721000,14.578787996177784,24545750,22.998085208233604,0.0,24473500,23.065979528878174,5896000.0,18577500,30.386502489570717,0.42,0.42,43692000,43692000,,
0,2009-03-31,SLIGR.AS,,2009-03-31,Q1,564505250,433077750,131427500,4.295183656388503,0.0,7928500.0,4574500.0,0.0,30538250,539959500,1602500.0,12645000,38721000,14.578787996177784,24545750,22.998085208233604,0.0,24473500,23.065979528878174,5896000.0,18577500,30.386502489570717,0.42,0.42,43692000,43692000,,
0,2009-01-31,SLIGR.AS,,2009-01-31,Q1,564505250,433077750,131427500,4.295183656388503,0.0,7928500.0,4574500.0,0.0,30538250,539959500,1602500.0,12645000,38721000,14.578787996177784,24545750,22.998085208233604,0.0,24473500,23.065979528878174,5896000.0,18577500,30.386502489570717,0.42,0.42,43692000,43692000,,
0,2008-09-31,SLIGR.AS,,2008-09-31,Q3,541896250,412881500,129014750,4.200265861074024,0.0,8662500.0,5210500.0,0.0,28394750,517258000,3058000.0,12070000,38214750,14.180290332921189,24638250,21.99410469493572,0.0,23086750,23.472175598557616,5249750.0,17837000,30.380459157930144,0.4075,0.4075,43692000,43692000,,
0,2008-06-31,SLIGR.AS,,2008-06-31,Q2,541896250,412881500,129014750,4.200265861074024,0.0,8662500.0,5210500.0,0.0,28394750,517258000,3058000.0,12070000,38214750,14.180290332921189,24638250,21.99410469493572,0.0,23086750,23.472175598557616,5249750.0,17837000,30.380459157930144,0.4075,0.4075,43692000,43692000,,
0,2008-03-31,SLIGR.AS,,2008-03-31,Q1,541896250,412881500,129014750,4.200265861074024,0.0,8662500.0,5210500.0,0.0,28394750,517258000,3058000.0,12070000,38214750,14.180290332921189,24638250,21.99410469493572,0.0,23086750,23.472175598557616,5249750.0,17837000,30.380459157930144,0.4075,0.4075,43692000,43692000,,
0,2008-01-31,SLIGR.AS,,2008-01-31,Q1,541896250,412881500,129014750,4.200265861074024,0.0,8662500.0,5210500.0,0.0,28394750,517258000,3058000.0,12070000,38214750,14.180290332921189,24638250,21.99410469493572,0.0,23086750,23.472175598557616,5249750.0,17837000,30.380459157930144,0.4075,0.4075,43692000,43692000,,
0,2007-09-31,SLIGR.AS,,2007-09-31,Q3,516421500,398107750,118313750,4.364847703669269,0.0,24789000,21493750,0.0,10114000,492465500,2980250.0,9760250.0,36733000,14.058789099719599,23956000,21.557083820337287,0.0,23992500,21.52428884026258,5448250.0,18544250,27.848066112137186,0.43,0.43,43118000,43118000,,
0,2007-06-31,SLIGR.AS,,2007-06-31,Q2,516421500,398107750,118313750,4.364847703669269,0.0,24789000,21493750,0.0,10114000,492465500,2980250.0,9760250.0,36733000,14.058789099719599,23956000,21.557083820337287,0.0,23992500,21.52428884026258,5448250.0,18544250,27.848066112137186,0.43,0.43,43118000,43118000,,
0,2007-03-31,SLIGR.AS,,2007-03-31,Q1,516421500,398107750,118313750,4.364847703669269,0.0,24789000,21493750,0.0,10114000,492465500,2980250.0,9760250.0,36733000,14.058789099719599,23956000,21.557083820337287,0.0,23992500,21.52428884026258,5448250.0,18544250,27.848066112137186,0.43,0.43,43118000,43118000,,
0,2007-01-31,SLIGR.AS,,2007-01-31,Q1,516421500,398107750,118313750,4.364847703669269,0.0,24789000,21493750,0.0,10114000,492465500,2980250.0,9760250.0,36733000,14.058789099719599,23956000,21.557083820337287,0.0,23992500,21.52428884026258,5448250.0,18544250,27.848066112137186,0.43,0.43,43118000,43118000,,
0,2006-09-31,SLIGR.AS,,2006-09-31,Q3,415293750,325470750,89823000,4.62346782004609,0.0,6297750.0,3788250.0,0.0,17881000,392705500,1855500.0,7145750.0,30110000,13.792552308203256,22588250,18.38538842097108,0.0,21108750,19.674009593178184,5589000.0,15519750,26.759048953752476,0.36625,0.36625,42338000,42420000,,
0,2006-06-31,SLIGR.AS,,2006-06-31,Q2,415293750,325470750,89823000,4.62346782004609,0.0,6297750.0,3788250.0,0.0,17881000,392705500,1855500.0,7145750.0,30110000,13.792552308203256,22588250,18.38538842097108,0.0,21108750,19.674009593178184,5589000.0,15519750,26.759048953752476,0.36625,0.36625,42338000,42420000,,
0,2006-03-31,SLIGR.AS,,2006-03-31,Q1,415293750,325470750,89823000,4.62346782004609,0.0,6297750.0,3788250.0,0.0,17881000,392705500,1855500.0,7145750.0,30110000,13.792552308203256,22588250,18.38538842097108,0.0,21108750,19.674009593178184,5589000.0,15519750,26.759048953752476,0.36625,0.36625,42338000,42420000,,
0,2006-01-31,SLIGR.AS,,2006-01-31,Q1,415293750,325470750,89823000,4.62346782004609,0.0,6297750.0,3788250.0,0.0,17881000,392705500,1855500.0,7145750.0,30110000,13.792552308203256,22588250,18.38538842097108,0.0,21108750,19.674009593178184,5589000.0,15519750,26.759048953752476,0.36625,0.36625,42338000,42420000,,
0,2005-09-31,SLIGR.AS,,2005-09-31,Q3,386376500,308315500,78061000,4.949673972918615,0.0,15902500,13413750,0.0,4303000.0,366712250,0.0,6576750.0,27388750,14.107124275478071,19664250,19.64867716795708,0.0,17783750,21.726379419413792,5065000.0,12718750,30.378496314496314,0.30375,0.3025,41954000,42114000,,
0,2005-06-31,SLIGR.AS,,2005-06-31,Q2,386376500,308315500,78061000,4.949673972918615,0.0,15902500,13413750,0.0,4303000.0,366712250,0.0,6576750.0,27388750,14.107124275478071,19664250,19.64867716795708,0.0,17783750,21.726379419413792,5065000.0,12718750,30.378496314496314,0.30375,0.3025,41954000,42114000,,
0,2005-03-31,SLIGR.AS,,2005-03-31,Q1,386376500,308315500,78061000,4.949673972918615,0.0,15902500,13413750,0.0,4303000.0,366712250,0.0,6576750.0,27388750,14.107124275478071,19664250,19.64867716795708,0.0,17783750,21.726379419413792,5065000.0,12718750,30.378496314496314,0.30375,0.3025,41954000,42114000,,
0,2005-01-31,SLIGR.AS,,2005-01-31,Q1,386376500,308315500,78061000,4.949673972918615,0.0,15902500,13413750,0.0,4303000.0,366712250,0.0,6576750.0,27388750,14.107124275478071,19664250,19.64867716795708,0.0,17783750,21.726379419413792,5065000.0,12718750,30.378496314496314,0.30375,0.3025,41954000,42114000,,
0,2004-09-31,SLIGR.AS,,2004-09-31,Q3,360977750,289870750,71107000,5.076543097022797,0.0,15117250,3978000.0,1217500.0,2541250.0,339621000,796000.0,5558000.0,28308500,12.751567550382394,21356750,16.902279138913926,0.0,21617250,16.698597185118366,6967500.0,14649750,24.640539940954625,35.5,35.375,41200000,41380000,,
0,2004-06-31,SLIGR.AS,,2004-06-31,Q2,360977750,289870750,71107000,5.076543097022797,0.0,15117250,3978000.0,1217500.0,2541250.0,339621000,796000.0,5558000.0,28308500,12.751567550382394,21356750,16.902279138913926,0.0,21617250,16.698597185118366,6967500.0,14649750,24.640539940954625,35.5,35.375,41200000,41380000,,
0,2004-03-31,SLIGR.AS,,2004-03-31,Q1,360977750,289870750,71107000,5.076543097022797,0.0,15117250,3978000.0,1217500.0,2541250.0,339621000,796000.0,5558000.0,28308500,12.751567550382394,21356750,16.902279138913926,0.0,21617250,16.698597185118366,6967500.0,14649750,24.640539940954625,35.5,35.375,41200000,41380000,,
0,2004-01-31,SLIGR.AS,,2004-01-31,Q1,360977750,289870750,71107000,5.076543097022797,0.0,15117250,3978000.0,1217500.0,2541250.0,339621000,796000.0,5558000.0,28308500,12.751567550382394,21356750,16.902279138913926,0.0,21617250,16.698597185118366,6967500.0,14649750,24.640539940954625,35.5,35.375,41200000,41380000,,
0,2003-09-31,SLIGR.AS,,2003-09-31,Q3,338985250,275868000,63117250,5.370722742198052,0.0,44499000,36884750,0.0,-870500.0,320658750,0.0,1162250.0,19488750,17.393893913155026,18326500,18.49699888140125,0.0,17427750,19.450890103427007,6229250.0,11198500,30.27059427601911,0.27875,0.27875,40198000,40198000,,
0,2003-06-31,SLIGR.AS,,2003-06-31,Q2,338985250,275868000,63117250,5.370722742198052,0.0,44499000,36884750,0.0,-870500.0,320658750,0.0,1162250.0,19488750,17.393893913155026,18326500,18.49699888140125,0.0,17427750,19.450890103427007,6229250.0,11198500,30.27059427601911,0.27875,0.27875,40198000,40198000,,
0,2003-03-31,SLIGR.AS,,2003-03-31,Q1,338985250,275868000,63117250,5.370722742198052,0.0,44499000,36884750,0.0,-870500.0,320658750,0.0,1162250.0,19488750,17.393893913155026,18326500,18.49699888140125,0.0,17427750,19.450890103427007,6229250.0,11198500,30.27059427601911,0.27875,0.27875,40198000,40198000,,
0,2003-01-31,SLIGR.AS,,2003-01-31,Q1,338985250,275868000,63117250,5.370722742198052,0.0,44499000,36884750,0.0,-870500.0,320658750,0.0,1162250.0,19488750,17.393893913155026,18326500,18.49699888140125,0.0,17427750,19.450890103427007,6229250.0,11198500,30.27059427601911,0.27875,0.27875,40198000,40198000,,
0,2002-09-31,SLIGR.AS,,2002-09-31,Q3,324757000,267020250,57736750,5.624788371357931,0.0,41495000,34357500,0.0,-1176500.0,308386500,0.0,1047750.0,17418250,18.644639960960486,16370500,19.83794019730613,0.0,14401750,22.549829013835126,5145750.0,9256000.0,35.08610630942091,0.24,0.24,39016000,39016000,,
0,2002-06-31,SLIGR.AS,,2002-06-31,Q2,324757000,267020250,57736750,5.624788371357931,0.0,41495000,34357500,0.0,-1176500.0,308386500,0.0,1047750.0,17418250,18.644639960960486,16370500,19.83794019730613,0.0,14401750,22.549829013835126,5145750.0,9256000.0,35.08610630942091,0.24,0.24,39016000,39016000,,
0,2002-03-31,SLIGR.AS,,2002-03-31,Q1,324757000,267020250,57736750,5.624788371357931,0.0,41495000,34357500,0.0,-1176500.0,308386500,0.0,1047750.0,17418250,18.644639960960486,16370500,19.83794019730613,0.0,14401750,22.549829013835126,5145750.0,9256000.0,35.08610630942091,0.24,0.24,39016000,39016000,,
0,2002-01-31,SLIGR.AS,,2002-01-31,Q1,324757000,267020250,57736750,5.624788371357931,0.0,41495000,34357500,0.0,-1176500.0,308386500,0.0,1047750.0,17418250,18.644639960960486,16370500,19.83794019730613,0.0,14401750,22.549829013835126,5145750.0,9256000.0,35.08610630942091,0.24,0.24,39016000,39016000,,
0,2001-09-31,SLIGR.AS,,2001-09-31,Q3,292985000,246990750,45994250,6.37003538485789,0.0,35034750,31332500,0.0,-659500.0,281699000,0.0,333000.0,11619000,25.216025475514243,11286000,25.960038986354775,0.0,9739250.0,30.082911928536593,3421750.0,6317500.0,46.37673130193906,0.16875,0.16875,38012000,38012000,,
0,2001-06-31,SLIGR.AS,,2001-06-31,Q2,292985000,246990750,45994250,6.37003538485789,0.0,35034750,31332500,0.0,-659500.0,281699000,0.0,333000.0,11619000,25.216025475514243,11286000,25.960038986354775,0.0,9739250.0,30.082911928536593,3421750.0,6317500.0,46.37673130193906,0.16875,0.16875,38012000,38012000,,
0,2001-03-31,SLIGR.AS,,2001-03-31,Q1,292985000,246990750,45994250,6.37003538485789,0.0,35034750,31332500,0.0,-659500.0,281699000,0.0,333000.0,11619000,25.216025475514243,11286000,25.960038986354775,0.0,9739250.0,30.082911928536593,3421750.0,6317500.0,46.37673130193906,0.16875,0.16875,38012000,38012000,,
0,2001-01-31,SLIGR.AS,,2001-01-31,Q1,292985000,246990750,45994250,6.37003538485789,0.0,35034750,31332500,0.0,-659500.0,281699000,0.0,333000.0,11619000,25.216025475514243,11286000,25.960038986354775,0.0,9739250.0,30.082911928536593,3421750.0,6317500.0,46.37673130193906,0.16875,0.16875,38012000,38012000,,
