,date,symbol,fillingDate,acceptedDate,period,revenue,costOfRevenue,grossProfit,grossProfitRatio,researchAndDevelopmentExpenses,generalAndAdministrativeExpenses,sellingAndMarketingExpenses,otherExpenses,operatingExpenses,costAndExpenses,interestExpense,depreciationAndAmortization,ebitda,ebitdaratio,operatingIncome,operatingIncomeRatio,totalOtherIncomeExpensesNet,incomeBeforeTax,incomeBeforeTaxRatio,incomeTaxExpense,netIncome,netIncomeRatio,eps,epsdiluted,weightedAverageShsOut,weightedAverageShsOutDil,link,finalLink
0,2020-09-30,STRA,2020-11-05,2020-11-05 16:05:48,Q3,239026000,0.0,239026000,1.0,0.0,0.0,0.0,0.0,0.0,223604000,0.0,83000.0,15505000,0.06486742028063892,15422000,0.06452017772125208,912000.0,16334000,0.06833566222921356,5374000.0,10960000,0.045852752420238806,0.48,0.47,22012000,22012000,https://www.sec.gov/Archives/edgar/data/1013934/000101393420000015/0001013934-20-000015-index.htm,https://www.sec.gov/Archives/edgar/data/1013934/000101393420000015/stra-20200930.htm
0,2020-06-30,STRA,2020-07-31,2020-07-30 19:20:19,Q2,255831000,125544000,130287000,0.5092697913857195,0.0,67301000,0.0,0.0,83892000.00000001,209436000,0.0,26248000,74282000,0.290356,46395000,0.18135,1639000.0,48034000,0.187757,13882000,34152000,0.133494,1.55152,1.55152,22012000,22012000,https://www.sec.gov/Archives/edgar/data/1013934/000101393420000011/0001013934-20-000011-index.htm,https://www.sec.gov/Archives/edgar/data/1013934/000101393420000011/stra-20200630x10q.htm
0,2020-03-31,STRA,2020-04-29 00:00:00,2020-04-29 17:26:01,Q1,265302000,132936000,132366000,0.498926,0.0,69226000,0.0,0.0,88406999.99999999,221342999.99999997,0.0,25733000,71815000,0.270692,43959000,0.165694,2123000.0,46082000,0.173696,10843000,35239000,0.132826,1.59662,1.59662,22071000,22071000,https://www.sec.gov/Archives/edgar/data/1013934/000101393420000007/0001013934-20-000007-index.html,https://www.sec.gov/Archives/edgar/data/1013934/000101393420000007/stra-20200331x10q.htm
0,2019-12-31,STRA,2020-03-02 00:00:00,2020-03-02 16:24:36,Q4,263772000,133323000,130449000,0.494552,0.0,67595000,0.0,13192000,93235999.99999999,226559000,55000000,25999000.00000001,120709000.00000001,0.457626,37213000,0.14108,-52503000,39710000,0.150547,11173000,28537000,0.108188,1.29127,1.29127,22100000,22100000,https://www.sec.gov/Archives/edgar/data/1013934/000101393420000004/0001013934-20-000004-index.html,https://www.sec.gov/Archives/edgar/data/1013934/000101393420000004/stra-20191231x10k.htm
0,2019-09-30,STRA,2019-11-07 00:00:00,2019-11-07 17:12:35,Q3,241747000,132527000,109220000,0.451795,0.0,71780000,0.0,0.0,89220000.00000003,221747000.00000003,-100000.0,26364999.999999996,49507999.99999999,0.204793,20000000,0.082731,3343000.0,23243000,0.096146,6551000.0,16692000,0.069047,0.7543,0.7543,22129000,22129000,https://www.sec.gov/Archives/edgar/data/1013934/000101393419000012/0001013934-19-000012-index.html,https://www.sec.gov/Archives/edgar/data/1013934/000101393419000012/stra-20190930x10q.htm
0,2019-06-30,STRA,2019-07-31,2019-07-31 16:06:05,Q2,245110000,130704000,114406000,0.466754,0.0,68785000,0.0,0.0,86810000,217514000,0.0,26514000,58235000,0.237587,27596000,0.112586,4125000.0,31721000,0.129415,7312000.0,24409000,0.099584,1.10403,1.10403,22109000,22109000,https://www.sec.gov/Archives/edgar/data/1013934/000101393419000008/stra-20190630x10q.htm,https://www.sec.gov/Archives/edgar/data/1013934/000101393419000008/stra-20190630x10q.htm
0,2019-03-31,STRA,2019-05-02 00:00:00,2019-05-02 17:03:06,Q1,246508000,134050000,112458000,0.456204,0.0,64618000,0.0,0.0,86734999.99999999,220785000,-100000.0,25983000,54933000,0.222845,25723000,0.10435,3427000.0,29050000,0.117846,17550000,11500000,0.046652,0.52154,0.52154,22050000,22050000,https://www.sec.gov/Archives/edgar/data/1013934/000101393419000004/0001013934-19-000004-index.html,https://www.sec.gov/Archives/edgar/data/1013934/000101393419000004/stra-20190331x10q.htm
0,2018-12-31,STRA,2019-03-01 00:00:00,2019-03-01 16:15:50,Q4,242103000,118320000,123783000,0.511282,0.0,80903000,49577000,3601000.0,104908000.00000001,223228000.00000003,-200000.0,25436000,45866000,0.189448,18875000,0.077963,1955000.0,20630000,0.085212,-1825000.0,22455000,0.09275,1.0524,1.0524,21337000,21337000,https://www.sec.gov/Archives/edgar/data/1013934/000155837019001422/0001558370-19-001422-index.html,https://www.sec.gov/Archives/edgar/data/1013934/000155837019001422/stra-20181231x10k.htm
0,2018-09-30,STRA,2018-11-08 00:00:00,2018-11-08 17:22:18,Q3,160945000,93290000,67655000,0.420361,0.0,74037000,46165000,0.0,124782000,218072000,-320000.0,19207000,-37130000,-0.2307,-57127000,-0.354947,1310000.0,-56017000,-0.348051,-3236000.0,-52781000,-0.327944,-2.96539,-2.96539,17799000,17799000,https://www.sec.gov/Archives/edgar/data/1013934/000155837018009059/0001558370-18-009059-index.html,https://www.sec.gov/Archives/edgar/data/1013934/000155837018009059/stra-20180930x10q.htm
0,2018-06-30,STRA,2018-08-01 00:00:00,2018-08-01 17:09:13,Q2,114700000,64700000,50000000,0.43592,0.0,36800000,21113000,0.0,45800000,110500000,161000.0,4900000.0,9661000.0,0.084228,4200000.0,0.036617,0.0,4600000.0,0.040105,-600000.0,5200000.0,0.045336,0.45614,0.45614,11400000,11400000,https://www.sec.gov/Archives/edgar/data/1013934/000155837018006110/0001558370-18-006110-index.html,https://www.sec.gov/Archives/edgar/data/1013934/000155837018006110/stra-20180630x10q.htm
0,2018-03-31,STRA,2018-05-03 00:00:00,2018-05-03 16:35:47,Q1,116500000,63800000,52700000,0.452361,0.0,36000000,20124000,0.0,41300000,105100000,159000.0,5000000.0,16859000,0.144712,11300000,0.096996,0.0,11600000,0.099571,2200000.0,9500000.0,0.081545,0.84071,0.84071,11300000,11300000,https://www.sec.gov/Archives/edgar/data/1013934/000155837018003901/0001558370-18-003901-index.html,https://www.sec.gov/Archives/edgar/data/1013934/000155837018003901/stra-20180331x10q.htm
0,2017-12-31,STRA,2018-03-01 00:00:00,2018-03-01 16:06:35,Q4,118700000,65100000,53600000,0.451559,0.0,41900000,17840000,0.0,41900000.00000001,107000000,161000.0,5000000.0,5661000.0,0.047692,11700000,0.098568,0.0,11900000,0.100253,7000000.0,-6500000.0,-0.05476,-0.60748,-0.60748,10700000,10700000,https://www.sec.gov/Archives/edgar/data/1013934/000155837018001389/0001558370-18-001389-index.html,https://www.sec.gov/Archives/edgar/data/1013934/000155837018001389/stra-20171231x10k.htm
0,2017-09-30,STRA,2017-10-30 00:00:00,2017-10-30 06:47:02,Q3,108500000,57000000,51500000,0.474654,0.0,43300000,26790000,0.0,43300000,100300000,162000.0,4699999.999999999,13161999.999999998,0.121309,8200000.0,0.075576,0.0,8400000.0,0.077419,2100000.0,6200000.0,0.057143,0.55357,0.55357,11200000,11200000,https://www.sec.gov/Archives/edgar/data/1013934/000155837017007675/0001558370-17-007675-index.html,https://www.sec.gov/Archives/edgar/data/1013934/000155837017007675/stra-20170930x10q.htm
0,2017-06-30,STRA,2017-07-27 00:00:00,2017-07-27 16:34:44,Q2,112700000,61700000,51100000,0.453416,0.0,37200000,19226000,0.0,37200000,98900000,160000.0,4600000.0,18660000,0.165572,13900000,0.123336,0.0,13900000,0.123336,3600000.0,10300000,0.091393,0.91964,0.91964,11200000,11200000,https://www.sec.gov/Archives/edgar/data/1013934/000155837017005407/0001558370-17-005407-index.html,https://www.sec.gov/Archives/edgar/data/1013934/000155837017005407/stra-20170630x10q.htm
0,2017-03-31,STRA,2017-05-04 00:00:00,2017-05-04 16:45:15,Q1,114900000,61400000,53500000,0.465622,0.0,35100000,18718000,0.0,35100000,96500000,159000.0,4400000.0,23059000,0.200688,18400000,0.160139,0.0,18500000,0.16101,7900000.0,10600000,0.092254,0.95495,0.95495,11100000,11100000,https://www.sec.gov/Archives/edgar/data/1013934/000155837017003543/0001558370-17-003543-index.html,https://www.sec.gov/Archives/edgar/data/1013934/000155837017003543/stra-20170331x10q.htm
0,2016-12-31,STRA,2017-02-17 00:00:00,2017-02-17 17:21:34,Q4,119300000,64900000,54400000,0.455993,0.0,34800000,17591000,0.0,34699999.99999999,99599999.99999999,161000.0,4500000.0,24261000,0.203361,19700000,0.16513,0.0,19600000,0.164292,7900000.0,11700000,0.098072,1.06364,1.06364,11000000,11000000,https://www.sec.gov/Archives/edgar/data/1013934/000155837017000669/0001558370-17-000669-index.html,https://www.sec.gov/Archives/edgar/data/1013934/000155837017000669/stra-20161231x10k.htm
0,2016-09-30,STRA,2016-10-27 00:00:00,2016-10-27 16:37:48,Q3,102200000,56300000,45900000,0.449119,0.0,41000000,25388000,0.0,41000000,97300000,161000.0,4400000.0,9361000.0,0.091595,4800000.0,0.046967,0.0,4800000.0,0.046967,1900000.0,2900000.0,0.028376,0.26852,0.26852,10800000,10800000,https://www.sec.gov/Archives/edgar/data/1013934/000155837016008815/0001558370-16-008815-index.html,https://www.sec.gov/Archives/edgar/data/1013934/000155837016008815/stra-20160930x10q.htm
0,2016-06-30,STRA,2016-07-28 00:00:00,2016-07-28 17:10:00,Q2,108500000,61800000,46700000,0.430415,0.0,33800000,17748000,0.0,33800000,95600000,160000.0,4500000.0,17560000,0.161843,12900000,0.118894,0.0,12800000,0.117972,5100000.0,7800000.0,0.071889,0.72222,0.72222,10800000,10800000,https://www.sec.gov/Archives/edgar/data/1013934/000155837016006909/0001558370-16-006909-index.html,https://www.sec.gov/Archives/edgar/data/1013934/000155837016006909/stra-20160630x10q.htm
0,2016-03-31,STRA,2016-05-06 00:00:00,2016-05-06 16:52:09,Q1,111200000,58100000,53100000,0.477518,0.0,33000000,18298000,0.0,32999999.99999999,91099999.99999999,160000.0,4400000.0,24560000,0.220863,20100000,0.180755,0.0,20000000,0.179856,7600000.0,12400000,0.111511,1.14815,1.14815,10800000,10800000,https://www.sec.gov/Archives/edgar/data/1013934/000121390016013048/0001213900-16-013048-index.html,https://www.sec.gov/Archives/edgar/data/1013934/000121390016013048/f10q0316_strayereducation.htm
0,2015-12-31,STRA,2016-02-19 00:00:00,2016-02-19 16:36:56,Q4,113700000,59900000,53800000,0.473175,0.0,32100000,13551000,0.0,32100000,92000000,1559000.0,4400000.000000002,27459000.000000004,0.241504,21700000,0.190853,0.0,21600000,0.189974,8500000.0,13000000,0.114336,1.2037,1.2037,10800000,10800000,https://www.sec.gov/Archives/edgar/data/1013934/000121390016011094/0001213900-16-011094-index.html,https://www.sec.gov/Archives/edgar/data/1013934/000121390016011094/f10k2015_strayereducation.htm
0,2015-09-30,STRA,2015-10-30 00:00:00,2015-10-30 16:11:45,Q3,99100000,55300000,43900000,0.442987,0.0,36600000,21593000,0.0,36600000.00000001,91900000.00000001,1144000.0,4399999.999999999,11643999.999999998,0.117497,7300000.0,0.073663,0.0,6200000.0,0.062563,2400000.0,3700000.0,0.037336,0.34579,0.34579,10700000,10700000,https://www.sec.gov/Archives/edgar/data/1013934/000121390015008082/0001213900-15-008082-index.html,https://www.sec.gov/Archives/edgar/data/1013934/000121390015008082/f10q0915_strayereducation.htm
0,2015-06-30,STRA,2015-07-30 00:00:00,2015-07-30 16:06:48,Q2,109800000,59200000,50500000,0.459927,0.0,29600000,14670000,0.0,29599999.999999993,88800000,1272000.0,4600000.000000001,25672000,0.233807,20900000,0.190346,0.0,19800000,0.180328,7900000.0,11900000,0.108379,1.11215,1.11215,10700000,10700000,https://www.sec.gov/Archives/edgar/data/1013934/000121390015005560/0001213900-15-005560-index.html,https://www.sec.gov/Archives/edgar/data/1013934/000121390015005560/f10q0615_strayereducation.htm
0,2015-03-31,STRA,2015-05-08 00:00:00,2015-05-08 16:37:35,Q1,111900000,59700000,52200000,0.466488,0.0,32300000,16681000,0.0,32300000,92000000,1273000.0,4700000.0,24673000,0.220492,19900000,0.177837,0.0,18700000,0.167113,7300000.0,11400000,0.101877,1.06542,1.06542,10700000,10700000,https://www.sec.gov/Archives/edgar/data/1013934/000121390015003407/0001213900-15-003407-index.html,https://www.sec.gov/Archives/edgar/data/1013934/000121390015003407/f10q0315_strayereducation.htm
0,2014-12-31,STRA,2015-02-20,2015-02-20 16:05:40,Q4,116100000,61500000,54600000,0.470284,0.0,32000000,25238000,0.0,31900000.000000007,93400000,1474000.0,4800000.000000001,27674000,0.238363,22600000,0.19466,0.0,21400000,0.184324,8500000.0,12900000,0.111111,1.20561,1.20561,10700000,10700000,https://www.sec.gov/Archives/edgar/data/1013934/000121390015001283/d32093_10-k.htm,https://www.sec.gov/Archives/edgar/data/1013934/000121390015001283/d32093_10-k.htm
0,2014-09-30,STRA,2014-11-03 00:00:00,2014-11-03 17:19:39,Q3,100800000,55900000,44800000,0.444444,0.0,35600000,20514000,0.0,35600000,91500000,1311000.0,5000000.0,14311000,0.141974,9200000.0,0.09127,0.0,7900000.0,0.078373,3000000.0,5000000.0,0.049603,0.46729,0.46729,10700000,10700000,https://www.sec.gov/Archives/edgar/data/1013934/000121390014007691/0001213900-14-007691-index.html,https://www.sec.gov/Archives/edgar/data/1013934/000121390014007691/f10q0914_strayeredu.htm
0,2014-06-30,STRA,2014-08-01 00:00:00,2014-08-01 16:26:39,Q2,112700000,59800000,52900000,0.469388,0.0,29000000,13360000,0.0,28900000.000000007,88700000,1281000.0,5000000.000000001,28981000,0.257152,24000000,0.212955,0.0,22700000,0.20142,9000000.0,13700000,0.121562,1.29245,1.29245,10600000,10600000,https://www.sec.gov/Archives/edgar/data/1013934/000121390014005298/0001213900-14-005298-index.html,https://www.sec.gov/Archives/edgar/data/1013934/000121390014005298/f10q0614_strayereducation.htm
0,2014-03-31,STRA,2014-05-09 00:00:00,2014-05-09 16:11:38,Q1,116500000,59100000,57400000,0.492704,0.0,31400000,16314000,0.0,31499999.999999993,90600000,1353000.0,5800000.0,31753000,0.272558,25900000,0.222318,0.0,24600000,0.211159,9800000.0,14800000,0.127039,1.39623,1.39623,10600000,10600000,https://www.sec.gov/Archives/edgar/data/1013934/000121390014003059/0001213900-14-003059-index.html,https://www.sec.gov/Archives/edgar/data/1013934/000121390014003059/f10q0314_strayereducation.htm
0,2013-12-31,STRA,2014-02-26,2014-02-26 16:21:16,Q4,124100000,102000000,22000000,0.177276,0.0,52100000,14838000,0.0,52199999.99999999,154200000,592000.0,17000000,-13908000,-0.112071,-30100000,-0.242546,0.0,-31500000,-0.253828,-12500000,-19000000,-0.153102,-1.80952,-1.80952,10500000,10500000,https://www.sec.gov/Archives/edgar/data/1013934/000121390014001156/f10k2013_strayereducation.htm,https://www.sec.gov/Archives/edgar/data/1013934/000121390014001156/f10k2013_strayereducation.htm
0,2013-09-30,STRA,2013-11-01 00:00:00,2013-11-01 16:35:44,Q3,110000000,63700000,46400000,0.421818,0.0,39700000,23077000,0.0,39700000,103400000,1391000.0,6200000.000000001,12791000.000000002,0.116282,6600000.0,0.06,0.0,5200000.0,0.047273,2100000.0,3100000.0,0.028182,0.29245,0.29245,10600000,10600000,https://www.sec.gov/Archives/edgar/data/1013934/000121390013006030/0001213900-13-006030-index.html,https://www.sec.gov/Archives/edgar/data/1013934/000121390013006030/f10q0913_strayereducation.htm
0,2013-06-30,STRA,2013-07-26 00:00:00,2013-07-26 17:11:04,Q2,132000000,71300000,60700000,0.459848,0.0,34400000,16228000,0.0,34400000.00000001,105700000,1337000.0,6200000.0,32437000,0.245735,26300000,0.199242,0.0,24900000,0.188636,9900000.0,15000000,0.113636,1.42857,1.42857,10500000,10500000,https://www.sec.gov/Archives/edgar/data/1013934/000121390013003810/0001213900-13-003810-index.html,https://www.sec.gov/Archives/edgar/data/1013934/000121390013003810/f10q0613_strayereducation.htm
0,2013-03-31,STRA,2013-05-03 00:00:00,2013-05-03 16:43:26,Q1,137500000,73400000,64100000,0.466182,0.0,34200000,17721000,0.0,34199999.99999999,107599999.99999999,1296000.0,6200000.0,36096000,0.262516,29900000,0.217455,0.0,28600000,0.208,11400000,17200000,0.125091,1.57798,1.57798,10900000,10900000,https://www.sec.gov/Archives/edgar/data/1013934/000121390013002186/0001213900-13-002186-index.html,https://www.sec.gov/Archives/edgar/data/1013934/000121390013002186/f10q0313_strayer.htm
0,2012-12-31,STRA,2013-02-19 00:00:00,2013-02-19 16:58:13,Q4,141900000,77700000,64200000,0.452431,0.0,35500000,20600000,0.0,35500000,113200000,400000.0,6100000.000000001,34000000,0.239605,28700000,0.202255,0.0,27500000,0.193798,10900000,16600000,0.116984,1.46903,1.46903,11300000,11300000,https://www.sec.gov/Archives/edgar/data/1013934/000121390013000794/0001213900-13-000794-index.html,https://www.sec.gov/Archives/edgar/data/1013934/000121390013000794/f10k2012_strayer.htm
0,2012-09-30,STRA,2012-11-09 00:00:00,2012-11-09 16:12:44,Q3,124300000,73000000,51300000,0.412711,0.0,43400000,23171000,0.0,43400000.00000001,116400000,1056000.0,6199999.999999999,14055999.999999998,0.113081,7800000.0,0.062751,0.0,6800000.0,0.054706,2700000.0,4100000.0,0.032985,0.35652,0.35652,11500000,11500000,https://www.sec.gov/Archives/edgar/data/1013934/000121390012006002/0001213900-12-006002-index.html,https://www.sec.gov/Archives/edgar/data/1013934/000121390012006002/f10q0912_strayer.htm
0,2012-06-30,STRA,2012-07-31 00:00:00,2012-07-31 17:07:14,Q2,146300000,75700000,70600000,0.48257,0.0,34400000,15053000,0.0,34399999.99999999,110099999.99999999,1109000.0,5899999.999999999,42009000,0.287143,36200000,0.247437,0.0,35100000,0.239918,13800000,21200000,0.144908,1.84348,1.84348,11500000,11500000,https://www.sec.gov/Archives/edgar/data/1013934/000121390012004101/0001213900-12-004101-index.html,https://www.sec.gov/Archives/edgar/data/1013934/000121390012004101/f10q062012_strayeredu.htm
0,2012-03-31,STRA,2012-04-30,2012-04-30 17:01:11,Q1,149500000,73800000,75800000,0.507023,0.0,34900000,15469000,0.0,34900000.00000001,108700000,1208000.0,5800000.0,46708000,0.312428,40900000,0.273579,0.0,39700000,0.265552,15700000,24000000,0.160535,2.08696,2.08696,11500000,11500000,https://www.sec.gov/Archives/edgar/data/1013934/000119312512070612/d258637d10k.htm,https://www.sec.gov/Archives/edgar/data/1013934/000119312512070612/d258637d10k.htm
0,2011-12-31,STRA,2012-02-21 00:00:00,2012-02-21 17:19:54,Q4,155800000,72500000,83300000,0.53466,0.0,38000000,18659000,0.0,38000000,110500000,1214000.0,5699999.999999999,51114000,0.328074,45400000,0.291399,0.0,44200000,0.283697,17500000,26700000,0.171374,2.30172,2.30172,11600000,11600000,https://www.sec.gov/Archives/edgar/data/1013934/000119312512070612/0001193125-12-070612-index.html,https://www.sec.gov/Archives/edgar/data/1013934/000119312512070612/d258637d10k.htm
0,2011-09-30,STRA,2011-11-07 00:00:00,2011-11-07 16:21:45,Q3,135900000,68200000,67700000,0.49816,0.0,43300000,23351000,0.0,43300000,111500000,1209000.0,5600000.000000001,30009000,0.220817,24400000,0.179544,0.0,23200000,0.170714,9300000.0,13900000,0.102281,1.19828,1.19828,11600000,11600000,https://www.sec.gov/Archives/edgar/data/1013934/000119312511299833/0001193125-11-299833-index.html,https://www.sec.gov/Archives/edgar/data/1013934/000119312511299833/d226785d10q.htm
0,2011-06-30,STRA,2011-08-01 00:00:00,2011-08-01 16:22:42,Q2,163800000,76400000,87400000,0.533578,0.0,37300000,32283000,0.0,37199999.99999999,113599999.99999999,1350000.0,5299999.999999999,55650000,0.339744,50100000,0.305861,0.0,49000000,0.299145,19400000,29600000,0.180708,2.52991,2.52991,11700000,11700000,https://www.sec.gov/Archives/edgar/data/1013934/000119312511204649/0001193125-11-204649-index.html,https://www.sec.gov/Archives/edgar/data/1013934/000119312511204649/d10q.htm
0,2011-03-31,STRA,2011-05-02 00:00:00,2011-05-02 16:43:29,Q1,172000000,75000000,97000000,0.563953,0.0,37800000,16042000,0.0,37700000,112700000,-100000.0,4900000.0,64000000,0.372093,59200000,0.344186,0.0,59200000,0.344186,23400000,35800000,0.20814,2.79688,2.79688,12800000,12800000,https://www.sec.gov/Archives/edgar/data/1013934/000095012311042989/0000950123-11-042989-index.html,https://www.sec.gov/Archives/edgar/data/1013934/000095012311042989/w82126e10vq.htm
0,2010-12-31,STRA,2011-02-22,2011-02-22 17:16:32,Q4,172000000,74200000,97800000,0.568605,0.0,38900000,29802000,0.0,38800000,113000000,400000.0,4500000.0,64200000,0.373256,58900000,0.342442,0.0,59300000,0.344767,23400000,35900000,0.208721,2.7197,2.7197,13200000,13200000,https://www.sec.gov/Archives/edgar/data/1013934/000095012311016592/w80904e10vk.htm,https://www.sec.gov/Archives/edgar/data/1013934/000095012311016592/w80904e10vk.htm
0,2010-09-30,STRA,2010-10-29 00:00:00,2010-10-29 16:28:36,Q3,147600000,65800000,81800000,0.554201,0.0,43600000,34735000,0.0,43500000,109300000,300000.0,4300000.000000001,43100000,0.292005,38200000,0.258808,0.0,38600000,0.261518,15200000,23300000,0.157859,1.71324,1.71324,13600000,13600000,https://www.sec.gov/Archives/edgar/data/1013934/000095012310098183/0000950123-10-098183-index.html,https://www.sec.gov/Archives/edgar/data/1013934/000095012310098183/w79859e10vq.htm
0,2010-06-30,STRA,2010-07-30 00:00:00,2010-07-30 16:23:07,Q2,159300000,66300000,93000000,0.583804,0.0,34300000,24882000,0.0,34300000,100600000,200000.0,4300000.0,63500000,0.398619,58700000,0.368487,0.0,58900000,0.369743,23300000,35700000,0.224105,2.60584,2.60584,13700000,13700000,https://www.sec.gov/Archives/edgar/data/1013934/000095012310070519/0000950123-10-070519-index.html,https://www.sec.gov/Archives/edgar/data/1013934/000095012310070519/w79127e10vq.htm
0,2010-03-31,STRA,2010-04-30 00:00:00,2010-04-30 16:06:57,Q1,157900000,63400000,94500000,0.59848,0.0,34600000,24745000,0.0,34600000,98000000,200000.0,4200000.0,64600000,0.40912,59900000,0.379354,0.0,60200000,0.381254,23800000,36400000,0.230526,2.65693,2.65693,13700000,13700000,https://www.sec.gov/Archives/edgar/data/1013934/000095012310041838/0000950123-10-041838-index.html,https://www.sec.gov/Archives/edgar/data/1013934/000095012310041838/y03429e10vq.htm
0,2009-12-31,STRA,2010-02-26 00:00:00,2010-02-26 16:27:19,Q4,147200000,46500000,100700000,0.684103,0.0,48300000,26041000,0.0,48300000,94800000,300000.0,3800000.000000001,56800000,0.38587,52400000,0.355978,0.0,52700000,0.358016,20800000,31900000,0.216712,2.31159,2.31159,13800000,13800000,https://www.sec.gov/Archives/edgar/data/1013934/000095012310018178/0000950123-10-018178-index.html,https://www.sec.gov/Archives/edgar/data/1013934/000095012310018178/y03062e10vk.htm
0,2009-09-30,STRA,2009-10-30 00:00:00,2009-10-30 16:05:36,Q3,114400000,40100000,74200000,0.648601,0.0,47000000,27398000,0.0,46999999.99999999,87099999.99999999,300000.0,3500000.0,31400000,0.274476,27300000,0.238636,0.0,27500000,0.240385,10900000,16700000,0.145979,1.21014,1.21014,13800000,13800000,https://www.sec.gov/Archives/edgar/data/1013934/000095012309055620/0000950123-09-055620-index.html,https://www.sec.gov/Archives/edgar/data/1013934/000095012309055620/y02487e10vq.htm
0,2009-06-30,STRA,2009-07-31 00:00:00,2009-07-31 16:08:38,Q2,125900000,40900000,85000000,0.675139,0.0,39900000,20029000,0.0,40000000.00000001,80900000.00000001,400000.0,3399999.9999999995,49300000,0.391581,45100000,0.358221,0.0,45500000,0.361398,18000000,27500000,0.218427,1.99275,1.99275,13800000,13800000,https://www.sec.gov/Archives/edgar/data/1013934/000095012309028370/0000950123-09-028370-index.html,https://www.sec.gov/Archives/edgar/data/1013934/000095012309028370/y02007e10vq.htm
0,2009-03-31,STRA,2009-05-01 00:00:00,2009-05-01 16:15:51,Q1,124500000,39100000,85400000,0.685944,0.0,37800000,19868000,0.0,37800000.00000001,76900000,500000.0,3200000.0,51800000,0.416064,47600000,0.382329,0.0,48100000,0.386345,19000000,29100000,0.233735,2.07857,2.07857,14000000,14000000,https://www.sec.gov/Archives/edgar/data/1013934/000095012309007736/0000950123-09-007736-index.html,https://www.sec.gov/Archives/edgar/data/1013934/000095012309007736/y01577e10vq.htm
0,2008-12-31,STRA,2009-02-17 00:00:00,2009-02-17 17:18:57,Q4,114300000,35700000,78500000,0.686789,0.0,39100000,21353000,0.0,39099999.99999999,74800000,800000.0,3100000.0000000005,44100000,0.385827,39400000,0.344707,0.0,40200000,0.351706,16000000,24200000,0.211724,1.71631,1.71631,14100000,14100000,https://www.sec.gov/Archives/edgar/data/1013934/000095012309002952/0000950123-09-002952-index.html,https://www.sec.gov/Archives/edgar/data/1013934/000095012309002952/y01115e10vk.htm
0,2008-09-30,STRA,2008-10-31 00:00:00,2008-10-31 16:05:39,Q3,87000000,30500000,56400000,0.648276,0.0,38200000,22985000,0.0,38200000,68700000,900000.0,2700000.0,22800000,0.262069,18300000,0.210345,0.0,19200000,0.22069,7400000.0,11800000,0.135632,0.83099,0.83099,14200000,14200000,https://www.sec.gov/Archives/edgar/data/1013934/000095012308014073/0000950123-08-014073-index.html,https://www.sec.gov/Archives/edgar/data/1013934/000095012308014073/y00423e10vq.htm
0,2008-06-30,STRA,2008-07-28 00:00:00,2008-07-28 17:27:43,Q2,97900000,32900000,65000000,0.663943,0.0,31400000,16729000,0.0,31400000,64300000,800000.0,2600000.0,37800000,0.386108,33600000,0.343207,0.0,34400000,0.351379,13100000,21300000,0.217569,1.5,1.5,14200000,14200000,https://www.sec.gov/Archives/edgar/data/1013934/000095012308008398/0000950123-08-008398-index.html,https://www.sec.gov/Archives/edgar/data/1013934/000095012308008398/y63888e10vq.htm
0,2008-03-31,STRA,2008-05-01 00:00:00,2008-05-01 16:28:32,Q1,97100000,31600000,65400000,0.673532,0.0,29900000,15095000,0.0,29900000,61500000,2000000.0,2400000.0,42000000,0.432544,35600000,0.366632,0.0,37600000,0.38723,14100000,23500000,0.242019,1.64336,1.64336,14300000,14300000,https://www.sec.gov/Archives/edgar/data/1013934/000095013608002264/0000950136-08-002264-index.html,https://www.sec.gov/Archives/edgar/data/1013934/000095013608002264/file1.htm
0,2007-12-31,STRA,2008-02-14,2008-02-14 17:21:47,Q4,89100000,29600000,59500000,0.667789,0.0,30300000,16635000,0.0,30299999.999999996,59900000,1700000.0,2300000.0,34900000,0.391695,29200000,0.327722,0.0,30900000,0.346801,11400000,19500000,0.218855,1.34483,1.34483,14500000,14500000,https://www.sec.gov/Archives/edgar/data/1013934/000095013608000727/file1.htm,https://www.sec.gov/Archives/edgar/data/1013934/000095013608000727/file1.htm
0,2007-09-30,STRA,2007-11-02 00:00:00,2007-11-02 16:56:42,Q3,69800000,26200000,43600000,0.624642,0.0,30500000,18066000,0.0,30599999.999999996,56800000,1800000.0,2100000.0000000005,18700000,0.267908,13100000,0.187679,0.0,14800000,0.212034,5500000.0,9300000.0,0.133238,0.63699,0.63699,14600000,14600000,https://www.sec.gov/Archives/edgar/data/1013934/000095013607007419/0000950136-07-007419-index.html,https://www.sec.gov/Archives/edgar/data/1013934/000095013607007419/file1.htm
0,2007-06-30,STRA,2007-07-27 00:00:00,2007-07-27 17:04:35,Q2,78900000,26800000,52100000,0.66033,0.0,25800000,13184000,0.0,25700000,52500000,1600000.0,2099999.9999999995,31700000,0.401774,26400000,0.334601,0.0,28000000,0.35488,10600000,17400000,0.220532,1.19178,1.19178,14600000,14600000,https://www.sec.gov/Archives/edgar/data/1013934/000095013607005174/0000950136-07-005174-index.html,https://www.sec.gov/Archives/edgar/data/1013934/000095013607005174/file1.htm
0,2007-03-31,STRA,2007-05-04 00:00:00,2007-05-04 16:07:31,Q1,80200000,26200000,54000000,0.673317,0.0,25000000,12875000,0.0,25000000.000000004,51200000.00000001,1400000.0,2000000.0,33700000,0.4202,28900000,0.360349,0.0,30300000,0.377805,11500000,18800000,0.234414,1.29655,1.29655,14500000,14500000,https://www.sec.gov/Archives/edgar/data/1013934/000095013607003083/0000950136-07-003083-index.html,https://www.sec.gov/Archives/edgar/data/1013934/000095013607003083/file1.htm
0,2006-12-31,STRA,2007-02-27,2007-02-27 16:43:17,Q4,74300000,24800000,49600000,0.667564,0.0,25500000,41597000,0.0,25400000.000000004,50200000,1300000.0,1899999.9999999995,28500000,0.38358,24100000,0.324361,0.0,25300000,0.340511,9300000.0,16000000,0.215343,1.10345,1.10345,14500000,14500000,https://www.sec.gov/Archives/edgar/data/1013934/000095013607001170/file1.htm,https://www.sec.gov/Archives/edgar/data/1013934/000095013607001170/file1.htm
0,2006-09-30,STRA,,,Q3,56700000,21600000,35100000,0.619048,0.0,26100000,0.0,0.0,26100000,47700000,1200000.0,1800000.0000000002,13100000,0.231041,9000000.0,0.15873,0.0,10200000,0.179894,3800000.0,6300000.0,0.111111,0.43448,0.43448,14500000,14500000,,
0,2006-06-30,STRA,,,Q2,65600000,22700000,42800000,0.652439,0.0,21400000,0.0,0.0,21400000.000000004,44100000,1200000.0,1700000.0,25500000,0.38872,21500000,0.327744,0.0,22600000,0.344512,8600000.0,14000000,0.213415,0.96552,0.96552,14500000,14500000,,
0,2006-03-31,STRA,2006-05-08,2006-05-08 16:10:03,Q1,67100000,22000000,45100000,0.672131,0.0,20100000,10672000,0.0,20100000,42100000,1000000.0,1700000.0,28700000,0.42772,25000000,0.372578,0.0,25900000,0.385991,10000000,16000000,0.23845,1.09589,1.09589,14600000,14600000,https://www.sec.gov/Archives/edgar/data/1013934/000095013606001965/file001.htm,https://www.sec.gov/Archives/edgar/data/1013934/000095013606001965/file001.htm
0,2005-12-31,STRA,2006-03-15,2006-03-15 16:14:48,Q4,62000000,20400000,41600000,0.670968,0.0,18300000,10765000,0.0,18300000.000000004,38700000.00000001,900000.0,1699999.9999999993,26800000,0.432258,23300000,0.375806,0.0,24200000,0.390323,9200000.0,15000000,0.241935,1.0274,1.0274,14600000,14600000,https://www.sec.gov/Archives/edgar/data/1013934/000095013606001965/file001.htm,https://www.sec.gov/Archives/edgar/data/1013934/000095013606001965/file001.htm
0,2005-09-30,STRA,2005-10-28,2005-10-28 16:12:25,Q3,47100000,18100000,29000000,0.615711,0.0,19400000,30325000,0.0,19400000,37500000,700000.0,1700000.0000000002,12600000,0.267516,9600000.0,0.203822,0.0,10300000,0.218684,3800000.0,6400000.0,0.135881,0.43836,0.43836,14600000,14600000,https://www.sec.gov/Archives/edgar/data/1013934/000095013605001114/file001.htm,https://www.sec.gov/Archives/edgar/data/1013934/000095013605001114/file001.htm
0,2005-06-30,STRA,,,Q2,55200000,20000000,35200000,0.637681,0.0,15700000,0.0,0.0,15799999.999999996,35800000,800000.0,1700000.0000000002,22800000,0.413043,19500000,0.353261,0.0,20300000,0.367754,7800000.0,12500000,0.226449,0.84459,0.84459,14800000,14800000,,
0,2005-03-31,STRA,,,Q1,56200000,18500000,37700000,0.670819,0.0,15200000,0.0,0.0,15200000.000000004,33700000,600000.0,1500000.0,25200000,0.448399,22500000,0.400356,0.0,23100000,0.411032,9000000.0,14100000,0.25089,0.93377,0.93377,15100000,15100000,,
0,2004-12-31,STRA,2005-03-02 00:00:00,2005-03-02 16:24:38,Q4,52300000,17200000,35000000,0.669216,0.0,14200000,17031000,0.0,14300000,31500000,500000.0,1400000.0000000005,23200000,0.443595,20800000,0.397706,0.0,21300000,0.407266,8000000.0,13300000,0.254302,0.88667,0.88667,15000000,15000000,https://www.sec.gov/Archives/edgar/data/1013934/000095013605001114/0000950136-05-001114-index.html,https://www.sec.gov/Archives/edgar/data/1013934/000095013605001114/file001.htm
0,2004-09-30,STRA,2004-10-29 00:00:00,2004-10-29 13:46:06,Q3,38000000,14900000,23100000,0.607895,0.0,15300000,0.0,0.0,15299999.999999998,30200000,400000.0,1400000.0,10000000,0.263158,7800000.0,0.205263,0.0,8200000.0,0.215789,3100000.0,5100000.0,0.134211,0.34,0.34,15000000,15000000,https://www.sec.gov/Archives/edgar/data/1013934/000095013604003618/0000950136-04-003618-index.html,https://www.sec.gov/Archives/edgar/data/1013934/000095013604003618/file001.htm
0,2004-06-30,STRA,2004-08-06 00:00:00,2004-08-05 19:12:43,Q2,46800000,16500000,30300000,0.647436,0.0,11900000,12404000,0.0,11899999.999999998,28400000,400000.0,1400000.0,20500000,0.438034,18400000,0.393162,0.0,18700000,0.399573,7300000.0,11400000,0.24359,0.75,0.75,15200000,15200000,https://www.sec.gov/Archives/edgar/data/1013934/000095013604002471/0000950136-04-002471-index.html,https://www.sec.gov/Archives/edgar/data/1013934/000095013604002471/file001.htm
0,2004-03-31,STRA,2004-05-07 00:00:00,2004-05-06 19:12:15,Q1,46100000,15200000,30900000,0.670282,0.0,12400000,0.0,0.0,12400000.000000002,27600000.000000004,300000.0,1200000.0,20400000,0.442516,18500000,0.401302,0.0,18800000,0.407809,7400000.0,11500000,0.249458,0.76159,0.76159,15100000,15100000,https://www.sec.gov/Archives/edgar/data/1013934/000095013604001443/0000950136-04-001443-index.html,https://www.sec.gov/Archives/edgar/data/1013934/000095013604001443/file001.txt
0,2003-12-31,STRA,2004-02-26 00:00:00,2004-02-25 18:23:00,Q4,43400000,14800000,28600000,0.658986,0.0,11200000,22768000,0.0,11099999.999999998,25899999.999999996,600000.0,1200000.0000000002,19800000,0.456221,17400000,0.400922,0.0,18000000,0.414747,6900000.0,11100000,0.25576,0.74,0.74,15000000,15000000,https://www.sec.gov/Archives/edgar/data/1013934/000095013604000564/0000950136-04-000564-index.html,https://www.sec.gov/Archives/edgar/data/1013934/000095013604000564/file001.htm
0,2003-09-30,STRA,2003-11-03 00:00:00,2003-11-03 16:29:25,Q3,30000000,12200000,17800000,0.593333,0.0,12200000,0.0,0.0,10500000,22700000,700000.0,1100000.0,9900000.0,0.33,7300000.0,0.243333,0.0,8000000.0,0.266667,3200000.0,4900000.0,0.163333,0.32667,0.32667,15000000,15000000,https://www.sec.gov/Archives/edgar/data/1013934/000095013603002676/0000950136-03-002676-index.html,https://www.sec.gov/Archives/edgar/data/1013934/000095013603002676/file001.txt
0,2003-06-30,STRA,2003-08-04 00:00:00,2003-08-04 17:26:00,Q2,37000000,13300000,23700000,0.640541,0.0,9700000.0,0.0,0.0,9599999.999999998,22899999.999999996,600000.0,1100000.0,16300000,0.440541,14000000,0.378378,0.0,14600000,0.394595,5800000.0,8800000.0,0.237838,0.59459,0.59459,14800000,14800000,https://www.sec.gov/Archives/edgar/data/1013934/000095013603001894/0000950136-03-001894-index.html,https://www.sec.gov/Archives/edgar/data/1013934/000095013603001894/file001.txt
0,2003-03-31,STRA,2003-05-12 00:00:00,2003-05-12 14:11:41,Q1,36700000,12800000,23900000,0.651226,0.0,9800000.0,0.0,0.0,9800000.0,22600000,600000.0,1000000.0,16300000,0.444142,14100000,0.384196,0.0,14700000,0.400545,5800000.0,8900000.0,0.242507,0.60959,0.60959,14600000,14600000,https://www.sec.gov/Archives/edgar/data/1013934/000095013603001157/0000950136-03-001157-index.html,https://www.sec.gov/Archives/edgar/data/1013934/000095013603001157/file001.txt
0,2002-12-31,STRA,2003-03-31 00:00:00,2003-03-31 17:01:35,Q4,34200000,11800000,22300000,0.652047,0.0,8600000.0,0.0,0.0,8599999.999999998,20399999.999999996,500000.0,899999.9999999999,15200000,0.444444,13700000,0.400585,-500000.0,13800000,0.403509,5500000.0,8300000.0,0.24269,0.56849,0.56849,14600000,14600000,https://www.sec.gov/Archives/edgar/data/1013934/000095013603000750/0000950136-03-000750-index.html,https://www.sec.gov/Archives/edgar/data/1013934/000095013603000750/file001.txt
0,2002-09-30,STRA,2002-11-01 00:00:00,2002-11-01 13:30:15,Q3,23000000,9800000.0,13300000,0.578261,0.0,9300000.0,0.0,0.0,9300000.0,19100000,500000.0,1000000.0000000002,5900000.0,0.256522,4000000.0,0.173913,0.0,4400000.0,0.191304,1700000.0,2700000.0,0.117391,0.32143,0.32143,8400000.0,8400000.0,https://www.sec.gov/Archives/edgar/data/1013934/000095013602003080/0000950136-02-003080-index.html,https://www.sec.gov/Archives/edgar/data/1013934/000095013602003080/file001.txt
0,2002-06-30,STRA,2002-08-05 00:00:00,2002-08-05 15:35:29,Q2,29800000,10400000,19500000,0.654362,0.0,7800000.0,0.0,0.0,7700000.000000001,18100000,400000.0,899999.9999999999,13400000,0.449664,11700000,0.392617,0.0,12100000,0.40604,4700000.0,7400000.0,0.248322,0.51034,0.51034,14500000,14500000,https://www.sec.gov/Archives/edgar/data/1013934/000095013602002250/0000950136-02-002250-index.html,https://www.sec.gov/Archives/edgar/data/1013934/000095013602002250/file001.txt
0,2002-03-31,STRA,2002-05-08 00:00:00,2002-05-08 17:20:04,Q1,29700000,9600000.0,20100000,0.676768,0.0,8200000.0,0.0,0.0,8299999.999999999,17900000,400000.0,800000.0,13400000,0.451178,11800000,0.397306,0.0,12200000,0.410774,4800000.0,7400000.0,0.249158,0.51389,0.51389,14400000,14400000,https://www.sec.gov/Archives/edgar/data/1013934/000095013602001386/0000950136-02-001386-index.html,https://www.sec.gov/Archives/edgar/data/1013934/000095013602001386/file001.txt
0,2001-12-31,STRA,2002-03-28 00:00:00,2002-03-28 00:00:00,Q4,27200000,9600000.0,17600000,0.647059,0.0,7600000.0,0.0,0.0,7500000.000000002,17100000.000000004,400000.0,700000.0000000002,11500000,0.422794,10000000,0.367647,0.0,10400000,0.382353,4000000.0,6400000.0,0.235294,0.4539,0.4539,14100000,14100000,https://www.sec.gov/Archives/edgar/data/1013934/000095013602000892/0000950136-02-000892-index.html,https://www.sec.gov/Archives/edgar/data/1013934/000095013602000892/file001.txt
0,2001-09-30,STRA,2001-11-07 00:00:00,2001-11-07 00:00:00,Q3,18200000,8100000.0,10200000,0.56044,0.0,7400000.0,0.0,0.0,7400000.0,15500000,500000.0,700000.0,4500000.0,0.247253,2700000.0,0.148352,0.0,3300000.0,0.181319,1300000.0,2000000.0,0.10989,0.24096,0.24096,8300000.0,8300000.0,https://www.sec.gov/Archives/edgar/data/1013934/000095013601501733/0000950136-01-501733-index.html,https://www.sec.gov/Archives/edgar/data/1013934/000095013601501733/file001.txt
0,2001-06-30,STRA,2001-08-14 00:00:00,2001-08-14 00:00:00,Q2,23800000,8600000.0,15300000,0.642857,0.0,6000000.0,0.0,0.0,6000000.0,14600000,1000000.0,600000.0,11800000,0.495798,9300000.0,0.390756,0.0,10200000,0.428571,4000000.0,6200000.0,0.260504,0.41333,0.41333,15000000,15000000,https://www.sec.gov/Archives/edgar/data/1013934/000095013301502279/0000950133-01-502279-index.html,https://www.sec.gov/Archives/edgar/data/1013934/000095013301502279/w52302e10-q.htm
0,2001-03-31,STRA,2001-05-15 00:00:00,2001-05-15 00:00:00,Q1,23600000,7500000.0,16100000,0.682203,0.0,4700000.0,0.0,0.0,4699999.999999999,12199999.999999998,1900000.0,600000.0,15800000,0.669492,11500000,0.487288,0.0,13400000,0.567797,5200000.0,8100000.0,0.34322,0.52258,0.52258,15500000,15500000,https://www.sec.gov/Archives/edgar/data/1013934/000095013301501106/0000950133-01-501106-index.html,https://www.sec.gov/Archives/edgar/data/1013934/000095013301501106/w49218e10-q.htm
0,2000-12-31,STRA,2001-03-16 00:00:00,2001-03-16 00:00:00,Q4,22100000,7600000.0,14400000,0.651584,0.0,4600000.0,0.0,0.0,4600000.0,12200000,1500000.0,600000.0000000001,13500000,0.61086,9900000.0,0.447964,0.0,11400000,0.515837,4500000.0,6900000.0,0.312217,0.44805,0.44805,15400000,15400000,https://www.sec.gov/Archives/edgar/data/1013934/000095013301500239/0000950133-01-500239-index.html,https://www.sec.gov/Archives/edgar/data/1013934/000095013301500239/w46660e10-k.txt
0,2000-09-30,STRA,2000-10-31 00:00:00,2000-10-31 00:00:00,Q3,14700000,6800000.0,7900000.0,0.537415,0.0,5700000.0,0.0,0.0,5700000.0,12500000,1200000.0,500000.0,5100000.0,0.346939,2200000.0,0.14966,0.0,3400000.0,0.231293,1300000.0,2100000.0,0.142857,0.13548,0.13548,15500000,15500000,https://www.sec.gov/Archives/edgar/data/1013934/000095013300004283/0000950133-00-004283-index.html,https://www.sec.gov/Archives/edgar/data/1013934/000095013300004283/w41939e10-q.txt
0,2000-06-30,STRA,2000-08-10 00:00:00,2000-08-10 00:00:00,Q2,20300000,7200000.0,13100000,0.64532,0.0,4700000.0,0.0,0.0,4700000.0,11900000,1200000.0,500000.0,11400000,0.561576,8400000.0,0.413793,0.0,9700000.0,0.477833,3800000.0,5900000.0,0.29064,0.38065,0.38065,15500000,15500000,https://www.sec.gov/Archives/edgar/data/1013934/000095013300003323/0000950133-00-003323-index.html,https://www.sec.gov/Archives/edgar/data/1013934/000095013300003323/e10-q.txt
0,2000-03-31,STRA,2000-05-09 00:00:00,2000-05-09 00:00:00,Q1,21100000,6600000.0,14500000,0.687204,0.0,4100000.0,0.0,0.0,4100000.0,10700000,800000.0,500000.0,12500000,0.592417,10400000,0.492891,0.0,11200000,0.530806,4400000.0,6800000.0,0.322275,0.43871,0.43871,15500000,15500000,https://www.sec.gov/Archives/edgar/data/1013934/000095013300001892/0000950133-00-001892-index.html,https://www.sec.gov/Archives/edgar/data/1013934/0000950133-00-001892.txt
0,1999-12-31,STRA,2000-03-24 00:00:00,2000-03-24 00:00:00,Q4,20400000,6800000.0,13500000,0.661765,0.0,4300000.0,0.0,0.0,4399999.999999999,11200000,900000.0,500000.0,11500000,0.563725,9200000.0,0.45098,0.0,10100000,0.495098,4000000.0,6100000.0,0.29902,0.3961,0.3961,15400000,15400000,https://www.sec.gov/Archives/edgar/data/1013934/000095013300001091/0000950133-00-001091-index.html,https://www.sec.gov/Archives/edgar/data/1013934/0000950133-00-001091.txt
0,1999-09-30,STRA,1999-11-02 00:00:00,1999-11-02 00:00:00,Q3,12900000,6200000.0,6700000.0,0.51938,0.0,5300000.0,0.0,0.0,5300000.0,11500000,1000000.0,499999.9999999999,3900000.0,0.302326,1400000.0,0.108527,0.0,2400000.0,0.186047,900000.0,1500000.0,0.116279,0.09615,0.09615,15600000,15600000,https://www.sec.gov/Archives/edgar/data/1013934/000095013399003372/0000950133-99-003372-index.html,https://www.sec.gov/Archives/edgar/data/1013934/0000950133-99-003372.txt
0,1999-06-30,STRA,1999-08-02 00:00:00,1999-08-02 00:00:00,Q2,17600000,6200000.0,11500000,0.653409,0.0,3800000.0,0.0,0.0,3800000.0,10000000,1400000.0,400000.0,10900000,0.619318,7700000.0,0.4375,0.0,9100000.0,0.517045,3600000.0,5500000.0,0.3125,0.3481,0.3481,15800000,15800000,https://www.sec.gov/Archives/edgar/data/1013934/000095013399002565/0000950133-99-002565-index.html,https://www.sec.gov/Archives/edgar/data/1013934/0000950133-99-002565.txt
0,1999-03-31,STRA,1999-05-07 00:00:00,1999-05-07 00:00:00,Q1,18900000,5900000.0,13000000,0.687831,0.0,3800000.0,0.0,0.0,3699999.999999999,9600000.0,1000000.0,500000.0,11800000,0.624339,9300000.0,0.492063,0.0,10300000,0.544974,4100000.0,6200000.0,0.328042,0.38994,0.38994,15900000,15900000,https://www.sec.gov/Archives/edgar/data/1013934/000095013399001681/0000950133-99-001681-index.html,https://www.sec.gov/Archives/edgar/data/1013934/0000950133-99-001681.txt
0,1998-12-31,STRA,1999-03-25 00:00:00,1999-03-25 00:00:00,Q4,17900000,6200000.0,11700000,0.653631,0.0,3200000.0,0.0,0.0,3200000.0,9400000.0,1000000.0,400000.0000000001,10900000,0.608939,8500000.0,0.47486,0.0,9500000.0,0.530726,3700000.0,5800000.0,0.324022,0.35583,0.35583,16300000,16300000,https://www.sec.gov/Archives/edgar/data/1013934/000095013399000880/0000950133-99-000880-index.html,https://www.sec.gov/Archives/edgar/data/1013934/0000950133-99-000880.txt
0,1998-09-30,STRA,1998-11-16 00:00:00,1998-11-16 00:00:00,Q3,11800000,5300000.0,6500000.0,0.550847,0.0,4200000.0,0.0,0.0,4200000.0,9500000.0,800000.0,399999.9999999999,4300000.0,0.364407,2300000.0,0.194915,0.0,3100000.0,0.262712,1200000.0,1900000.0,0.161017,0.11801,0.11801,16100000,16100000,https://www.sec.gov/Archives/edgar/data/1013934/000095013398003886/0000950133-98-003886-index.html,https://www.sec.gov/Archives/edgar/data/1013934/0000950133-98-003886.txt
0,1998-06-30,STRA,1998-08-04 00:00:00,1998-08-04 00:00:00,Q2,16400000,5700000.0,10700000,0.652439,0.0,3400000.0,0.0,0.0,3399999.9999999995,9100000.0,700000.0,400000.0,9100000.0,0.554878,7300000.0,0.445122,0.0,8000000.0,0.487805,3100000.0,4900000.0,0.29878,0.30435,0.30435,16100000,16100000,https://www.sec.gov/Archives/edgar/data/1013934/000095013398002818/0000950133-98-002818-index.html,https://www.sec.gov/Archives/edgar/data/1013934/0000950133-98-002818.txt
0,1998-03-31,STRA,1998-05-11 00:00:00,1998-05-11 00:00:00,Q1,16800000,5200000.0,11700000,0.696429,0.0,3600000.0,0.0,0.0,3499999.999999999,8699999.999999998,700000.0,400000.0,9900000.0,0.589286,8100000.0,0.482143,0.0,8800000.0,0.52381,3400000.0,5400000.0,0.321429,0.3375,0.3375,16000000,16000000,https://www.sec.gov/Archives/edgar/data/1013934/000095013398001792/0000950133-98-001792-index.html,https://www.sec.gov/Archives/edgar/data/1013934/0000950133-98-001792.txt
0,1997-12-31,STRA,,,Q4,15700000,5600000.0,10100000,0.643312,0.0,3400000.0,0.0,0.0,3400000.0000000005,9000000.0,500000.0,299999.99999999994,8000000.0,0.509554,6700000.0,0.426752,0.0,7200000.0,0.458599,2800000.0,4400000.0,0.280255,0.27848,0.27848,15800000,15800000,,
0,1997-09-30,STRA,1997-11-12 00:00:00,1997-11-12 00:00:00,Q3,10000000,4700000.0,5300000.0,0.53,0.0,3900000.0,0.0,0.0,3899999.9999999995,8600000.0,1100000.0,300000.00000000006,4000000.0,0.4,1400000.0,0.14,0.0,2500000.0,0.25,900000.0,1700000.0,0.17,0.10625,0.10625,16000000,16000000,https://www.sec.gov/Archives/edgar/data/1013934/000095013397003830/0000950133-97-003830-index.html,https://www.sec.gov/Archives/edgar/data/1013934/0000950133-97-003830.txt
0,1997-06-30,STRA,1997-08-04 00:00:00,1997-08-04 00:00:00,Q2,13600000,4900000.0,8800000.0,0.647059,0.0,2600000.0,0.0,0.0,2599999.9999999995,7500000.0,600000.0,300000.0,7700000.0,0.566176,6100000.0,0.448529,0.0,6800000.0,0.5,2600000.0,4200000.0,0.308824,0.27097,0.27097,15500000,15500000,https://www.sec.gov/Archives/edgar/data/1013934/000095013397002693/0000950133-97-002693-index.html,https://www.sec.gov/Archives/edgar/data/1013934/0000950133-97-002693.txt
0,1997-03-31,STRA,1997-05-09 00:00:00,1997-05-09 00:00:00,Q1,13800000,4600000.0,9200000.0,0.666667,0.0,2800000.0,0.0,0.0,2800000.000000001,7400000.000000001,500000.0,300000.0,7700000.0,0.557971,6400000.0,0.463768,0.0,6900000.0,0.5,2700000.0,4200000.0,0.304348,0.28571,0.28571,14700000,14700000,https://www.sec.gov/Archives/edgar/data/1013934/000092838597000821/0000928385-97-000821-index.html,https://www.sec.gov/Archives/edgar/data/1013934/0000928385-97-000821.txt
0,1996-12-31,STRA,1997-03-26 00:00:00,1997-03-26 00:00:00,Q4,12700000,4700000.0,8000000.0,0.629921,0.0,2000000.0,0.0,0.0,2000000.0,6700000.0,300000.0,400000.0,7000000.0,0.551181,6000000.0,0.472441,0.0,6300000.0,0.496063,2400000.0,3900000.0,0.307087,0.26,0.26,15000000,15000000,https://www.sec.gov/Archives/edgar/data/1013934/000095013397000986/0000950133-97-000986-index.html,https://www.sec.gov/Archives/edgar/data/1013934/0000950133-97-000986.txt
0,1996-09-30,STRA,1996-11-05 00:00:00,1996-11-05 00:00:00,Q3,8300000.0,4100000.0,4300000.0,0.518072,0.0,3300000.0,0.0,0.0,3200000.0,7300000.0,400000.0,199999.99999999997,1900000.0,0.228916,1000000.0,0.120482,0.0,1400000.0,0.168675,500000.0,800000.0,0.096386,0.05882,0.05882,13600000,13600000,https://www.sec.gov/Archives/edgar/data/1013934/000095013396002363/0000950133-96-002363-index.html,https://www.sec.gov/Archives/edgar/data/1013934/0000950133-96-002363.txt
