,date,symbol,fillingDate,acceptedDate,period,revenue,costOfRevenue,grossProfit,grossProfitRatio,researchAndDevelopmentExpenses,generalAndAdministrativeExpenses,sellingAndMarketingExpenses,otherExpenses,operatingExpenses,costAndExpenses,interestExpense,depreciationAndAmortization,ebitda,ebitdaratio,operatingIncome,operatingIncomeRatio,totalOtherIncomeExpensesNet,incomeBeforeTax,incomeBeforeTaxRatio,incomeTaxExpense,netIncome,netIncomeRatio,eps,epsdiluted,weightedAverageShsOut,weightedAverageShsOutDil,link,finalLink
0,2019-09-31,ALKKO.PA,,2019-09-31,Q3,79524.0,30022.75,49501.25,1.6065048862402465,0.0,8085.25,0.0,0.0,211252.0,591957.25,66307.5,121984.25,-501949.0,-0.1584304381520832,-512433.25,-0.1551889929078568,0.0,-770511.25,-0.103209395060747,24422.5,-794659.25,-0.10007308163845069,-0.06322264837796591,-0.06322264837796591,12569218,12569218,https://www.infogreffe.com/recherche-entreprise-dirigeants/resultats-entreprise-dirigeants.html?ga_cat=globale&ga_q=A.L.K.K.O#phrase=A.L.K.K.O,https://www.infogreffe.com/recherche-entreprise-dirigeants/resultats-entreprise-dirigeants.html?ga_cat=globale&ga_q=A.L.K.K.O#phrase=A.L.K.K.O
0,2019-06-31,ALKKO.PA,,2019-06-31,Q2,79524.0,30022.75,49501.25,1.6065048862402465,0.0,8085.25,0.0,0.0,211252.0,591957.25,66307.5,121984.25,-501949.0,-0.1584304381520832,-512433.25,-0.1551889929078568,0.0,-770511.25,-0.103209395060747,24422.5,-794659.25,-0.10007308163845069,-0.06322264837796591,-0.06322264837796591,12569218,12569218,https://www.infogreffe.com/recherche-entreprise-dirigeants/resultats-entreprise-dirigeants.html?ga_cat=globale&ga_q=A.L.K.K.O#phrase=A.L.K.K.O,https://www.infogreffe.com/recherche-entreprise-dirigeants/resultats-entreprise-dirigeants.html?ga_cat=globale&ga_q=A.L.K.K.O#phrase=A.L.K.K.O
0,2019-03-31,ALKKO.PA,,2019-03-31,Q1,79524.0,30022.75,49501.25,1.6065048862402465,0.0,8085.25,0.0,0.0,211252.0,591957.25,66307.5,121984.25,-501949.0,-0.1584304381520832,-512433.25,-0.1551889929078568,0.0,-770511.25,-0.103209395060747,24422.5,-794659.25,-0.10007308163845069,-0.06322264837796591,-0.06322264837796591,12569218,12569218,https://www.infogreffe.com/recherche-entreprise-dirigeants/resultats-entreprise-dirigeants.html?ga_cat=globale&ga_q=A.L.K.K.O#phrase=A.L.K.K.O,https://www.infogreffe.com/recherche-entreprise-dirigeants/resultats-entreprise-dirigeants.html?ga_cat=globale&ga_q=A.L.K.K.O#phrase=A.L.K.K.O
0,2019-01-31,ALKKO.PA,,2019-01-31,Q1,79524.0,30022.75,49501.25,1.6065048862402465,0.0,8085.25,0.0,0.0,211252.0,591957.25,66307.5,121984.25,-501949.0,-0.1584304381520832,-512433.25,-0.1551889929078568,0.0,-770511.25,-0.103209395060747,24422.5,-794659.25,-0.10007308163845069,-0.06322264837796591,-0.06322264837796591,12569218,12569218,https://www.infogreffe.com/recherche-entreprise-dirigeants/resultats-entreprise-dirigeants.html?ga_cat=globale&ga_q=A.L.K.K.O#phrase=A.L.K.K.O,https://www.infogreffe.com/recherche-entreprise-dirigeants/resultats-entreprise-dirigeants.html?ga_cat=globale&ga_q=A.L.K.K.O#phrase=A.L.K.K.O
0,2018-09-31,ALKKO.PA,,2018-09-31,Q3,81590.75,-118136.75,199727.5,0.40851034534553327,0.0,34778.0,0.0,0.0,238634.25,494158.0,84030.25,70799.5,-341767.5,-0.2387317401449816,-412567.25,-0.1977635161297946,0.0,-594683.75,-0.13720023457846292,56648.75,-651332.5,-0.12526743253253905,-0.0525,-0.0525,12569218,12569218,https://www.infogreffe.com/recherche-entreprise-dirigeants/resultats-entreprise-dirigeants.html?ga_cat=globale&ga_q=A.L.K.K.O#phrase=A.L.K.K.O,https://www.infogreffe.com/recherche-entreprise-dirigeants/resultats-entreprise-dirigeants.html?ga_cat=globale&ga_q=A.L.K.K.O#phrase=A.L.K.K.O
0,2018-06-31,ALKKO.PA,,2018-06-31,Q2,81590.75,-118136.75,199727.5,0.40851034534553327,0.0,34778.0,0.0,0.0,238634.25,494158.0,84030.25,70799.5,-341767.5,-0.2387317401449816,-412567.25,-0.1977635161297946,0.0,-594683.75,-0.13720023457846292,56648.75,-651332.5,-0.12526743253253905,-0.0525,-0.0525,12569218,12569218,https://www.infogreffe.com/recherche-entreprise-dirigeants/resultats-entreprise-dirigeants.html?ga_cat=globale&ga_q=A.L.K.K.O#phrase=A.L.K.K.O,https://www.infogreffe.com/recherche-entreprise-dirigeants/resultats-entreprise-dirigeants.html?ga_cat=globale&ga_q=A.L.K.K.O#phrase=A.L.K.K.O
0,2018-03-31,ALKKO.PA,,2018-03-31,Q1,81590.75,-118136.75,199727.5,0.40851034534553327,0.0,34778.0,0.0,0.0,238634.25,494158.0,84030.25,70799.5,-341767.5,-0.2387317401449816,-412567.25,-0.1977635161297946,0.0,-594683.75,-0.13720023457846292,56648.75,-651332.5,-0.12526743253253905,-0.0525,-0.0525,12569218,12569218,https://www.infogreffe.com/recherche-entreprise-dirigeants/resultats-entreprise-dirigeants.html?ga_cat=globale&ga_q=A.L.K.K.O#phrase=A.L.K.K.O,https://www.infogreffe.com/recherche-entreprise-dirigeants/resultats-entreprise-dirigeants.html?ga_cat=globale&ga_q=A.L.K.K.O#phrase=A.L.K.K.O
0,2018-01-31,ALKKO.PA,,2018-01-31,Q1,81590.75,-118136.75,199727.5,0.40851034534553327,0.0,34778.0,0.0,0.0,238634.25,494158.0,84030.25,70799.5,-341767.5,-0.2387317401449816,-412567.25,-0.1977635161297946,0.0,-594683.75,-0.13720023457846292,56648.75,-651332.5,-0.12526743253253905,-0.0525,-0.0525,12569218,12569218,https://www.infogreffe.com/recherche-entreprise-dirigeants/resultats-entreprise-dirigeants.html?ga_cat=globale&ga_q=A.L.K.K.O#phrase=A.L.K.K.O,https://www.infogreffe.com/recherche-entreprise-dirigeants/resultats-entreprise-dirigeants.html?ga_cat=globale&ga_q=A.L.K.K.O#phrase=A.L.K.K.O
0,2017-09-31,ALKKO.PA,,2017-09-31,Q3,65844.5,9567.0,56277.5,1.1699968904091333,0.0,34226.5,0.0,0.0,271934.5,771424.75,50696.75,79997.5,-633767.75,-0.10389373709848758,-705580.25,-0.09331964719817483,0.0,-852701.5,-0.07721869845426566,-1494.5,-851207.0,-0.07735427457715925,-0.0775,-0.0775,10829401,10829401,https://www.infogreffe.com/recherche-entreprise-dirigeants/resultats-entreprise-dirigeants.html?ga_cat=globale&ga_q=A.L.K.K.O#phrase=A.L.K.K.O,https://www.infogreffe.com/recherche-entreprise-dirigeants/resultats-entreprise-dirigeants.html?ga_cat=globale&ga_q=A.L.K.K.O#phrase=A.L.K.K.O
0,2017-06-31,ALKKO.PA,,2017-06-31,Q2,65844.5,9567.0,56277.5,1.1699968904091333,0.0,34226.5,0.0,0.0,271934.5,771424.75,50696.75,79997.5,-633767.75,-0.10389373709848758,-705580.25,-0.09331964719817483,0.0,-852701.5,-0.07721869845426566,-1494.5,-851207.0,-0.07735427457715925,-0.0775,-0.0775,10829401,10829401,https://www.infogreffe.com/recherche-entreprise-dirigeants/resultats-entreprise-dirigeants.html?ga_cat=globale&ga_q=A.L.K.K.O#phrase=A.L.K.K.O,https://www.infogreffe.com/recherche-entreprise-dirigeants/resultats-entreprise-dirigeants.html?ga_cat=globale&ga_q=A.L.K.K.O#phrase=A.L.K.K.O
0,2017-03-31,ALKKO.PA,,2017-03-31,Q1,65844.5,9567.0,56277.5,1.1699968904091333,0.0,34226.5,0.0,0.0,271934.5,771424.75,50696.75,79997.5,-633767.75,-0.10389373709848758,-705580.25,-0.09331964719817483,0.0,-852701.5,-0.07721869845426566,-1494.5,-851207.0,-0.07735427457715925,-0.0775,-0.0775,10829401,10829401,https://www.infogreffe.com/recherche-entreprise-dirigeants/resultats-entreprise-dirigeants.html?ga_cat=globale&ga_q=A.L.K.K.O#phrase=A.L.K.K.O,https://www.infogreffe.com/recherche-entreprise-dirigeants/resultats-entreprise-dirigeants.html?ga_cat=globale&ga_q=A.L.K.K.O#phrase=A.L.K.K.O
0,2017-01-31,ALKKO.PA,,2017-01-31,Q1,65844.5,9567.0,56277.5,1.1699968904091333,0.0,34226.5,0.0,0.0,271934.5,771424.75,50696.75,79997.5,-633767.75,-0.10389373709848758,-705580.25,-0.09331964719817483,0.0,-852701.5,-0.07721869845426566,-1494.5,-851207.0,-0.07735427457715925,-0.0775,-0.0775,10829401,10829401,https://www.infogreffe.com/recherche-entreprise-dirigeants/resultats-entreprise-dirigeants.html?ga_cat=globale&ga_q=A.L.K.K.O#phrase=A.L.K.K.O,https://www.infogreffe.com/recherche-entreprise-dirigeants/resultats-entreprise-dirigeants.html?ga_cat=globale&ga_q=A.L.K.K.O#phrase=A.L.K.K.O
0,2016-09-31,ALKKO.PA,,2016-09-31,Q3,62792.75,20012.75,42780.0,1.4678062178588125,0.0,143147.25,115153.25,0.0,271468.5,624086.75,979.75,129925.5,-431368.5,-0.1455663777025907,-561294.0,-0.11187140785399452,0.0,-1056777.25,-0.05941909707083494,17073.0,-1073206.0,-0.058509503301323325,-0.11,-0.11,9804623.0,9804623.0,https://www.infogreffe.com/recherche-entreprise-dirigeants/resultats-entreprise-dirigeants.html?ga_cat=globale&ga_q=A.L.K.K.O#phrase=A.L.K.K.O,https://www.infogreffe.com/recherche-entreprise-dirigeants/resultats-entreprise-dirigeants.html?ga_cat=globale&ga_q=A.L.K.K.O#phrase=A.L.K.K.O
0,2016-06-31,ALKKO.PA,,2016-06-31,Q2,62792.75,20012.75,42780.0,1.4678062178588125,0.0,143147.25,115153.25,0.0,271468.5,624086.75,979.75,129925.5,-431368.5,-0.1455663777025907,-561294.0,-0.11187140785399452,0.0,-1056777.25,-0.05941909707083494,17073.0,-1073206.0,-0.058509503301323325,-0.11,-0.11,9804623.0,9804623.0,https://www.infogreffe.com/recherche-entreprise-dirigeants/resultats-entreprise-dirigeants.html?ga_cat=globale&ga_q=A.L.K.K.O#phrase=A.L.K.K.O,https://www.infogreffe.com/recherche-entreprise-dirigeants/resultats-entreprise-dirigeants.html?ga_cat=globale&ga_q=A.L.K.K.O#phrase=A.L.K.K.O
0,2016-03-31,ALKKO.PA,,2016-03-31,Q1,62792.75,20012.75,42780.0,1.4678062178588125,0.0,143147.25,115153.25,0.0,271468.5,624086.75,979.75,129925.5,-431368.5,-0.1455663777025907,-561294.0,-0.11187140785399452,0.0,-1056777.25,-0.05941909707083494,17073.0,-1073206.0,-0.058509503301323325,-0.11,-0.11,9804623.0,9804623.0,https://www.infogreffe.com/recherche-entreprise-dirigeants/resultats-entreprise-dirigeants.html?ga_cat=globale&ga_q=A.L.K.K.O#phrase=A.L.K.K.O,https://www.infogreffe.com/recherche-entreprise-dirigeants/resultats-entreprise-dirigeants.html?ga_cat=globale&ga_q=A.L.K.K.O#phrase=A.L.K.K.O
0,2016-01-31,ALKKO.PA,,2016-01-31,Q1,62792.75,20012.75,42780.0,1.4678062178588125,0.0,143147.25,115153.25,0.0,271468.5,624086.75,979.75,129925.5,-431368.5,-0.1455663777025907,-561294.0,-0.11187140785399452,0.0,-1056777.25,-0.05941909707083494,17073.0,-1073206.0,-0.058509503301323325,-0.11,-0.11,9804623.0,9804623.0,https://www.infogreffe.com/recherche-entreprise-dirigeants/resultats-entreprise-dirigeants.html?ga_cat=globale&ga_q=A.L.K.K.O#phrase=A.L.K.K.O,https://www.infogreffe.com/recherche-entreprise-dirigeants/resultats-entreprise-dirigeants.html?ga_cat=globale&ga_q=A.L.K.K.O#phrase=A.L.K.K.O
0,2015-09-31,ALKKO.PA,,2015-09-31,Q3,43334.25,-46023.25,89357.5,0.48495369722742915,0.0,23106.75,0.0,0.0,589725.5,703804.25,90500.75,62198.25,-560481.5,-0.07731611123649933,-660470.0,-0.06561123139582418,0.0,-1160230.0,-0.037349706523706505,39041.5,-1198552.0,-0.03615550263985209,-0.2725,-0.2725,4397272.0,4397272.0,https://www.infogreffe.com/recherche-entreprise-dirigeants/resultats-entreprise-dirigeants.html?ga_cat=globale&ga_q=A.L.K.K.O#phrase=A.L.K.K.O,https://www.infogreffe.com/recherche-entreprise-dirigeants/resultats-entreprise-dirigeants.html?ga_cat=globale&ga_q=A.L.K.K.O#phrase=A.L.K.K.O
0,2015-06-31,ALKKO.PA,,2015-06-31,Q2,43334.25,-46023.25,89357.5,0.48495369722742915,0.0,23106.75,0.0,0.0,589725.5,703804.25,90500.75,62198.25,-560481.5,-0.07731611123649933,-660470.0,-0.06561123139582418,0.0,-1160230.0,-0.037349706523706505,39041.5,-1198552.0,-0.03615550263985209,-0.2725,-0.2725,4397272.0,4397272.0,https://www.infogreffe.com/recherche-entreprise-dirigeants/resultats-entreprise-dirigeants.html?ga_cat=globale&ga_q=A.L.K.K.O#phrase=A.L.K.K.O,https://www.infogreffe.com/recherche-entreprise-dirigeants/resultats-entreprise-dirigeants.html?ga_cat=globale&ga_q=A.L.K.K.O#phrase=A.L.K.K.O
0,2015-03-31,ALKKO.PA,,2015-03-31,Q1,43334.25,-46023.25,89357.5,0.48495369722742915,0.0,23106.75,0.0,0.0,589725.5,703804.25,90500.75,62198.25,-560481.5,-0.07731611123649933,-660470.0,-0.06561123139582418,0.0,-1160230.0,-0.037349706523706505,39041.5,-1198552.0,-0.03615550263985209,-0.2725,-0.2725,4397272.0,4397272.0,https://www.infogreffe.com/recherche-entreprise-dirigeants/resultats-entreprise-dirigeants.html?ga_cat=globale&ga_q=A.L.K.K.O#phrase=A.L.K.K.O,https://www.infogreffe.com/recherche-entreprise-dirigeants/resultats-entreprise-dirigeants.html?ga_cat=globale&ga_q=A.L.K.K.O#phrase=A.L.K.K.O
0,2015-01-31,ALKKO.PA,,2015-01-31,Q1,43334.25,-46023.25,89357.5,0.48495369722742915,0.0,23106.75,0.0,0.0,589725.5,703804.25,90500.75,62198.25,-560481.5,-0.07731611123649933,-660470.0,-0.06561123139582418,0.0,-1160230.0,-0.037349706523706505,39041.5,-1198552.0,-0.03615550263985209,-0.2725,-0.2725,4397272.0,4397272.0,https://www.infogreffe.com/recherche-entreprise-dirigeants/resultats-entreprise-dirigeants.html?ga_cat=globale&ga_q=A.L.K.K.O#phrase=A.L.K.K.O,https://www.infogreffe.com/recherche-entreprise-dirigeants/resultats-entreprise-dirigeants.html?ga_cat=globale&ga_q=A.L.K.K.O#phrase=A.L.K.K.O
0,2014-09-31,ALKKO.PA,,2014-09-31,Q3,8107.75,1215.5,6892.25,1.1763575029924915,0.0,0.0,0.0,0.0,-373732.25,-28513.0,128306.25,70159.5,106800.25,0.07591508446843523,36620.75,0.22139770485312288,0.0,-91665.5,-0.08844930753664138,0.0,-91610.5,-0.08850240965828153,-0.01842775,-0.01842775,4971330.0,4971330.0,https://www.infogreffe.com/recherche-entreprise-dirigeants/resultats-entreprise-dirigeants.html?ga_cat=globale&ga_q=A.L.K.K.O#phrase=A.L.K.K.O,https://www.infogreffe.com/recherche-entreprise-dirigeants/resultats-entreprise-dirigeants.html?ga_cat=globale&ga_q=A.L.K.K.O#phrase=A.L.K.K.O
0,2014-06-31,ALKKO.PA,,2014-06-31,Q2,8107.75,1215.5,6892.25,1.1763575029924915,0.0,0.0,0.0,0.0,-373732.25,-28513.0,128306.25,70159.5,106800.25,0.07591508446843523,36620.75,0.22139770485312288,0.0,-91665.5,-0.08844930753664138,0.0,-91610.5,-0.08850240965828153,-0.01842775,-0.01842775,4971330.0,4971330.0,https://www.infogreffe.com/recherche-entreprise-dirigeants/resultats-entreprise-dirigeants.html?ga_cat=globale&ga_q=A.L.K.K.O#phrase=A.L.K.K.O,https://www.infogreffe.com/recherche-entreprise-dirigeants/resultats-entreprise-dirigeants.html?ga_cat=globale&ga_q=A.L.K.K.O#phrase=A.L.K.K.O
0,2014-03-31,ALKKO.PA,,2014-03-31,Q1,8107.75,1215.5,6892.25,1.1763575029924915,0.0,0.0,0.0,0.0,-373732.25,-28513.0,128306.25,70159.5,106800.25,0.07591508446843523,36620.75,0.22139770485312288,0.0,-91665.5,-0.08844930753664138,0.0,-91610.5,-0.08850240965828153,-0.01842775,-0.01842775,4971330.0,4971330.0,https://www.infogreffe.com/recherche-entreprise-dirigeants/resultats-entreprise-dirigeants.html?ga_cat=globale&ga_q=A.L.K.K.O#phrase=A.L.K.K.O,https://www.infogreffe.com/recherche-entreprise-dirigeants/resultats-entreprise-dirigeants.html?ga_cat=globale&ga_q=A.L.K.K.O#phrase=A.L.K.K.O
0,2014-01-31,ALKKO.PA,,2014-01-31,Q1,8107.75,1215.5,6892.25,1.1763575029924915,0.0,0.0,0.0,0.0,-373732.25,-28513.0,128306.25,70159.5,106800.25,0.07591508446843523,36620.75,0.22139770485312288,0.0,-91665.5,-0.08844930753664138,0.0,-91610.5,-0.08850240965828153,-0.01842775,-0.01842775,4971330.0,4971330.0,https://www.infogreffe.com/recherche-entreprise-dirigeants/resultats-entreprise-dirigeants.html?ga_cat=globale&ga_q=A.L.K.K.O#phrase=A.L.K.K.O,https://www.infogreffe.com/recherche-entreprise-dirigeants/resultats-entreprise-dirigeants.html?ga_cat=globale&ga_q=A.L.K.K.O#phrase=A.L.K.K.O
0,2013-09-31,ALKKO.PA,,2013-09-31,Q3,0.0,648.5,-648.5,0.0,0.0,0.0,0.0,0.0,162947.0,395969.5,62145.25,23282.75,-372323.25,0.0,-395969.5,0.0,0.0,-457751.25,0.0,0.0,-457385.0,0.0,-0.168697,-0.168697,4971330.0,4971330.0,https://www.infogreffe.com/recherche-entreprise-dirigeants/resultats-entreprise-dirigeants.html?ga_cat=globale&ga_q=A.L.K.K.O#phrase=A.L.K.K.O,https://www.infogreffe.com/recherche-entreprise-dirigeants/resultats-entreprise-dirigeants.html?ga_cat=globale&ga_q=A.L.K.K.O#phrase=A.L.K.K.O
0,2013-06-31,ALKKO.PA,,2013-06-31,Q2,0.0,648.5,-648.5,0.0,0.0,0.0,0.0,0.0,162947.0,395969.5,62145.25,23282.75,-372323.25,0.0,-395969.5,0.0,0.0,-457751.25,0.0,0.0,-457385.0,0.0,-0.168697,-0.168697,4971330.0,4971330.0,https://www.infogreffe.com/recherche-entreprise-dirigeants/resultats-entreprise-dirigeants.html?ga_cat=globale&ga_q=A.L.K.K.O#phrase=A.L.K.K.O,https://www.infogreffe.com/recherche-entreprise-dirigeants/resultats-entreprise-dirigeants.html?ga_cat=globale&ga_q=A.L.K.K.O#phrase=A.L.K.K.O
0,2013-03-31,ALKKO.PA,,2013-03-31,Q1,0.0,648.5,-648.5,0.0,0.0,0.0,0.0,0.0,162947.0,395969.5,62145.25,23282.75,-372323.25,0.0,-395969.5,0.0,0.0,-457751.25,0.0,0.0,-457385.0,0.0,-0.168697,-0.168697,4971330.0,4971330.0,https://www.infogreffe.com/recherche-entreprise-dirigeants/resultats-entreprise-dirigeants.html?ga_cat=globale&ga_q=A.L.K.K.O#phrase=A.L.K.K.O,https://www.infogreffe.com/recherche-entreprise-dirigeants/resultats-entreprise-dirigeants.html?ga_cat=globale&ga_q=A.L.K.K.O#phrase=A.L.K.K.O
0,2013-01-31,ALKKO.PA,,2013-01-31,Q1,0.0,648.5,-648.5,0.0,0.0,0.0,0.0,0.0,162947.0,395969.5,62145.25,23282.75,-372323.25,0.0,-395969.5,0.0,0.0,-457751.25,0.0,0.0,-457385.0,0.0,-0.168697,-0.168697,4971330.0,4971330.0,https://www.infogreffe.com/recherche-entreprise-dirigeants/resultats-entreprise-dirigeants.html?ga_cat=globale&ga_q=A.L.K.K.O#phrase=A.L.K.K.O,https://www.infogreffe.com/recherche-entreprise-dirigeants/resultats-entreprise-dirigeants.html?ga_cat=globale&ga_q=A.L.K.K.O#phrase=A.L.K.K.O
0,2012-09-31,ALKKO.PA,,2012-09-31,Q3,35778.75,29121.0,6657.75,5.374000225301341,0.0,0.0,0.0,0.0,169719.0,291132.5,5993.75,8981.25,-246363.5,-0.14522747890819865,-255353.75,-0.14011444907309958,0.0,-261338.5,-0.1369057754597964,0.0,-261129.25,-0.13701548179684964,-0.096312,-0.096312,4971330.0,4971330.0,https://www.infogreffe.com/recherche-entreprise-dirigeants/resultats-entreprise-dirigeants.html?ga_cat=globale&ga_q=A.L.K.K.O#phrase=A.L.K.K.O,https://www.infogreffe.com/recherche-entreprise-dirigeants/resultats-entreprise-dirigeants.html?ga_cat=globale&ga_q=A.L.K.K.O#phrase=A.L.K.K.O
0,2012-06-31,ALKKO.PA,,2012-06-31,Q2,35778.75,29121.0,6657.75,5.374000225301341,0.0,0.0,0.0,0.0,169719.0,291132.5,5993.75,8981.25,-246363.5,-0.14522747890819865,-255353.75,-0.14011444907309958,0.0,-261338.5,-0.1369057754597964,0.0,-261129.25,-0.13701548179684964,-0.096312,-0.096312,4971330.0,4971330.0,https://www.infogreffe.com/recherche-entreprise-dirigeants/resultats-entreprise-dirigeants.html?ga_cat=globale&ga_q=A.L.K.K.O#phrase=A.L.K.K.O,https://www.infogreffe.com/recherche-entreprise-dirigeants/resultats-entreprise-dirigeants.html?ga_cat=globale&ga_q=A.L.K.K.O#phrase=A.L.K.K.O
0,2012-03-31,ALKKO.PA,,2012-03-31,Q1,35778.75,29121.0,6657.75,5.374000225301341,0.0,0.0,0.0,0.0,169719.0,291132.5,5993.75,8981.25,-246363.5,-0.14522747890819865,-255353.75,-0.14011444907309958,0.0,-261338.5,-0.1369057754597964,0.0,-261129.25,-0.13701548179684964,-0.096312,-0.096312,4971330.0,4971330.0,https://www.infogreffe.com/recherche-entreprise-dirigeants/resultats-entreprise-dirigeants.html?ga_cat=globale&ga_q=A.L.K.K.O#phrase=A.L.K.K.O,https://www.infogreffe.com/recherche-entreprise-dirigeants/resultats-entreprise-dirigeants.html?ga_cat=globale&ga_q=A.L.K.K.O#phrase=A.L.K.K.O
0,2012-01-31,ALKKO.PA,,2012-01-31,Q1,35778.75,29121.0,6657.75,5.374000225301341,0.0,0.0,0.0,0.0,169719.0,291132.5,5993.75,8981.25,-246363.5,-0.14522747890819865,-255353.75,-0.14011444907309958,0.0,-261338.5,-0.1369057754597964,0.0,-261129.25,-0.13701548179684964,-0.096312,-0.096312,4971330.0,4971330.0,https://www.infogreffe.com/recherche-entreprise-dirigeants/resultats-entreprise-dirigeants.html?ga_cat=globale&ga_q=A.L.K.K.O#phrase=A.L.K.K.O,https://www.infogreffe.com/recherche-entreprise-dirigeants/resultats-entreprise-dirigeants.html?ga_cat=globale&ga_q=A.L.K.K.O#phrase=A.L.K.K.O
