,date,symbol,fillingDate,acceptedDate,period,revenue,costOfRevenue,grossProfit,grossProfitRatio,researchAndDevelopmentExpenses,generalAndAdministrativeExpenses,sellingAndMarketingExpenses,otherExpenses,operatingExpenses,costAndExpenses,interestExpense,depreciationAndAmortization,ebitda,ebitdaratio,operatingIncome,operatingIncomeRatio,totalOtherIncomeExpensesNet,incomeBeforeTax,incomeBeforeTaxRatio,incomeTaxExpense,netIncome,netIncomeRatio,eps,epsdiluted,weightedAverageShsOut,weightedAverageShsOutDil,link,finalLink
0,2020-06-30,WILC,2020-06-30,2020-06-30,Q2,104152000,64651000,39501000,0.0,0.0,22669000,0.0,-58000.0,64651000,0.0,-404000.0,0.0,0.0,0.0,16890000,0.0,0.0,20229000,0.0,5015000.0,15214000,0.0,0.0,0.0,13217010,13217010,,
0,2020-03-31,WILC,2020-04-22 00:00:00,2020-04-22 13:08:59,Q1,129103000,87581000,41522000,0.321619,0.0,22493000,0.0,0.0,22492999.999999996,110074000,-17436000,1353000.0,-14490000,-0.112236,19029000,0.147394,0.0,1593000.0,0.012339,412000.0,1181000.0,0.009148,0.08935,0.08935,13217010,13217010,https://www.sec.gov/Archives/edgar/data/1030997/000117891320001165/0001178913-20-001165-index.html,https://www.sec.gov/Archives/edgar/data/1030997/000117891320001165/zk2024300.htm
0,2019-12-31,WILC,2020-01-22 00:00:00,2020-01-22 06:01:20,Q4,102339000,68341000,33998000,0.33221,0.0,21722000,0.0,0.0,21722000.00000001,90063000.00000001,5490000.0,1354000.0000000005,24610000,0.240475,12276000,0.119954,0.0,17766000,0.1736,3696000.0,14070000,0.137484,1.06454,1.06454,13217020,13217020,https://www.sec.gov/Archives/edgar/data/1030997/000117891320000145/0001178913-20-000145-index.html,https://www.sec.gov/Archives/edgar/data/1030997/000117891320000145/zk2023856.htm
0,2019-09-30,WILC,2019-10-17 00:00:00,2019-10-17 06:02:53,Q3,95364000,65535000,29829000,0.312791,0.0,17279000,0.0,0.0,17278999.999999996,82814000,757000.0,1153000.0,15217000,0.159568,12550000,0.131601,0.0,13307000,0.139539,2977000.0,10330000,0.108322,0.78157,0.78157,13217020,13217020,https://www.sec.gov/Archives/edgar/data/1030997/000117891319002480/0001178913-19-002480-index.html,https://www.sec.gov/Archives/edgar/data/1030997/000117891319002480/zk1923537.htm
0,2019-06-30,WILC,2019-07-18 00:00:00,2019-07-18 11:40:20,Q2,100099000,70270000,29829000,0.297995,0.0,19971000,0.0,0.0,19971000.000000004,90241000,4491000.0,1166999.9999999998,20007000,0.199872,9858000.0,0.098483,0.0,14349000,0.143348,3002000.0,11347000,0.113358,0.85851,0.85851,13217020,13217020,https://www.sec.gov/Archives/edgar/data/1030997/000117891319001922/0001178913-19-001922-index.html,https://www.sec.gov/Archives/edgar/data/1030997/000117891319001922/zk1923300.htm
0,2019-03-31,WILC,2019-04-03 00:00:00,2019-04-03 11:33:49,Q1,97835000,67638000,30197000,0.308652,0.0,17584000,0.0,0.0,17583999.99999999,85221999.99999999,7212000.0,1141000.0,28178000,0.288016,12613000,0.128921,0.0,19825000,0.202637,4060000.0,15765000,0.161139,1.19278,1.19278,13217010,13217010,https://www.sec.gov/Archives/edgar/data/1030997/000117891319001030/0001178913-19-001030-index.html,https://www.sec.gov/Archives/edgar/data/1030997/000117891319001030/zk1922886.htm
0,2018-12-31,WILC,2019-01-08 00:00:00,2019-01-08 14:17:20,Q4,84024000,58297000,25727000,0.306186,0.0,15548000,0.0,0.0,15548000.000000002,73845000,-8069000.0,923000.0,-5036000.0,-0.059935,10179000,0.121144,0.0,2110000.0,0.025112,1120000.0,990000.0,0.011782,0.07477,0.07477,13240910,13240910,https://www.sec.gov/Archives/edgar/data/1030997/000117891319000072/0001178913-19-000072-index.html,https://www.sec.gov/Archives/edgar/data/1030997/000117891319000072/zk1922455.htm
0,2018-09-30,WILC,2018-11-15 00:00:00,2018-11-15 06:40:25,Q3,82440000,56908000,25532000,0.309704,0.0,15134000,0.0,0.0,15064999.999999998,71973000,2657000.0,850999.9999999998,16632000,0.201747,10467000,0.126965,0.0,13124000,0.159195,2842000.0,10282000,0.124721,0.77653,0.77653,13240910,13240910,https://www.sec.gov/Archives/edgar/data/1030997/000117891318002959/0001178913-18-002959-index.html,https://www.sec.gov/Archives/edgar/data/1030997/000117891318002959/zk1822271.htm
0,2018-06-30,WILC,2018-08-03 00:00:00,2018-08-03 06:03:43,Q2,78400000,56200000,22200000,0.283163,0.0,14600000,0.0,0.0,14599999.999999994,70800000,500000.0,920000.0,9520000.0,0.121429,7600000.0,0.096939,0.0,8000000.0,0.102041,1600000.0,6500000.0,0.082908,0.49242,0.49242,13200000,13200000,https://www.sec.gov/Archives/edgar/data/1030997/000117891318002267/0001178913-18-002267-index.html,https://www.sec.gov/Archives/edgar/data/1030997/000117891318002267/zk1821972.htm
0,2018-03-31,WILC,2018-04-30 00:00:00,2018-04-30 14:20:12,Q1,93400000,68600000,24800000,0.265525,0.0,15200000,0.0,0.0,15200000.000000004,83800000,400000.0,920000.0,10820000,0.115846,9600000.0,0.102784,-500000.0,9500000.0,0.101713,2300000.0,7200000.0,0.077088,0.54545,0.54545,13200000,13200000,https://www.sec.gov/Archives/edgar/data/1030997/000117891318001349/0001178913-18-001349-index.html,https://www.sec.gov/Archives/edgar/data/1030997/000117891318001349/zk1821551.htm
0,2017-12-31,WILC,2018-01-17 00:00:00,2018-01-17 09:45:07,Q4,72200000,55400000,16800000,0.232687,0.0,13400000,0.0,-100000.0,13300000.000000004,68700000,9700000.0,1020000.0,24020000,0.332687,3500000.0,0.048476,-100000.0,13200000,0.182825,2300000.0,11000000,0.152355,0.83333,0.83333,13200000,13200000,https://www.sec.gov/Archives/edgar/data/1030997/000117891318000174/0001178913-18-000174-index.html,https://www.sec.gov/Archives/edgar/data/1030997/000117891318000174/zk1821032.htm
0,2017-09-30,WILC,2017-10-16 00:00:00,2017-10-16 14:49:35,Q3,80000000,59200000,20900000,0.26125,0.0,12600000,0.0,0.0,12599999.999999994,71800000,2600000.0,870000.0000000001,14370000,0.179625,8300000.0,0.10375,0.0,10900000,0.13625,2700000.0,8200000.0,0.1025,0.62121,0.62121,13200000,13200000,https://www.sec.gov/Archives/edgar/data/1030997/000117891317002794/0001178913-17-002794-index.html,https://www.sec.gov/Archives/edgar/data/1030997/000117891317002794/zk1720607.htm
0,2017-06-30,WILC,2017-07-05 00:00:00,2017-07-05 11:15:01,Q2,76400000,61800000,14600000,0.191099,0.0,16500000,0.0,-300000.0,16299999.999999996,78100000,2700000.0,860000.0,4660000.0,0.060995,-1600000.0,-0.020942,-300000.0,1000000.0,0.013089,-500000.0,1600000.0,0.020942,0.12121,0.12121,13200000,13200000,https://www.sec.gov/Archives/edgar/data/1030997/000117891317002001/0001178913-17-002001-index.html,https://www.sec.gov/Archives/edgar/data/1030997/000117891317002001/zk1720229.htm
0,2017-03-31,WILC,2017-04-18 00:00:00,2017-04-18 13:22:35,Q1,83300000,61300000,22000000,0.264106,0.0,15400000,0.0,0.0,15299999.999999996,76600000,-900000.0,930000.0,5830000.0,0.069988,6700000.0,0.080432,0.0,5800000.0,0.069628,1500000.0,4300000.0,0.051621,0.32576,0.32576,13200000,13200000,https://www.sec.gov/Archives/edgar/data/1030997/000117891317001126/0001178913-17-001126-index.html,https://www.sec.gov/Archives/edgar/data/1030997/000117891317001126/zk1719824.htm
0,2016-12-31,WILC,2017-01-03 00:00:00,2017-01-03 10:12:15,Q4,64400000,49100000,15300000,0.237578,0.0,13200000,0.0,0.0,13199999.999999996,62299999.99999999,-8000000.0,940000.0,-13060000,-0.202795,2100000.0,0.032609,0.0,-6000000.0,-0.093168,100000.0,-6100000.0,-0.09472,-0.48031,-0.48031,12700000,12700000,https://www.sec.gov/Archives/edgar/data/1030997/000117891317000018/0001178913-17-000018-index.html,https://www.sec.gov/Archives/edgar/data/1030997/000117891317000018/zk1719345.htm
0,2016-09-30,WILC,2016-10-11 00:00:00,2016-10-11 06:11:53,Q3,67900000,51600000,16300000,0.240059,0.0,12600000,0.0,-100000.0,12600000.000000002,64200000,1300000.0,969999.9999999998,7270000.0,0.107069,3800000.0,0.055965,-100000.0,5000000.0,0.073638,1000000.0,4000000.0,0.05891,0.30303,0.30303,13200000,13200000,https://www.sec.gov/Archives/edgar/data/1030997/000117891316006651/0001178913-16-006651-index.html,https://www.sec.gov/Archives/edgar/data/1030997/000117891316006651/zk1619079.htm
0,2016-06-30,WILC,2016-08-22 00:00:00,2016-08-22 12:07:32,Q2,76600000,55100000,21500000,0.280679,0.0,13700000,0.0,0.0,13600000.000000002,68700000,2500000.0,950000.0000000001,13850000,0.180809,7900000.0,0.103133,0.0,10400000,0.13577,2600000.0,7800000.0,0.101828,0.59091,0.59091,13200000,13200000,https://www.sec.gov/Archives/edgar/data/1030997/000117891316006309/0001178913-16-006309-index.html,https://www.sec.gov/Archives/edgar/data/1030997/000117891316006309/zk1618920.htm
0,2016-03-31,WILC,2016-04-06 00:00:00,2016-04-06 13:28:15,Q1,82600000,61800000,20800000,0.251816,0.0,12800000,0.0,0.0,12799999.999999996,74600000,-1600000.0,900000.0,5600000.0,0.067797,8000000.0,0.096852,0.0,6300000.0,0.076271,1600000.0,4700000.0,0.056901,0.35606,0.35606,13200000,13200000,https://www.sec.gov/Archives/edgar/data/1030997/000117891316004998/0001178913-16-004998-index.html,https://www.sec.gov/Archives/edgar/data/1030997/000117891316004998/zk1618323.htm
0,2015-12-31,WILC,2016-01-13 00:00:00,2016-01-13 13:01:19,Q4,78700000,56200000,22600000,0.287166,0.0,27400000,0.0,0.0,27299999.999999996,83500000,300000.0,840000.0000000003,-3359999.9999999995,-0.042694,-4800000.0,-0.060991,0.0,-4500000.0,-0.057179,-1600000.0,-2900000.0,-0.036849,-0.22308,-0.22308,13000000,13000000,https://www.sec.gov/Archives/edgar/data/1030997/000117891316003969/0001178913-16-003969-index.html,https://www.sec.gov/Archives/edgar/data/1030997/000117891316003969/zk1617854.htm
0,2015-09-30,WILC,2015-10-20 00:00:00,2015-10-20 09:51:21,Q3,76400000,56500000,19900000,0.260471,0.0,13400000,0.0,0.0,13400000.000000006,69900000,3700000.0,899999.9999999999,14900000,0.195026,6500000.0,0.085079,0.0,10200000,0.133508,3000000.0,7300000.0,0.09555,0.55725,0.55725,13100000,13100000,https://www.sec.gov/Archives/edgar/data/1030997/000117891315003085/0001178913-15-003085-index.html,https://www.sec.gov/Archives/edgar/data/1030997/000117891315003085/zk1517430.htm
0,2015-06-30,WILC,2015-07-01 00:00:00,2015-07-01 08:43:39,Q2,71200000,55700000,15500000,0.217697,0.0,14400000,0.0,-2100000.0,12200000.000000004,67900000,-3400000.0,1000000.0,-2600000.0,-0.036517,3200000.0,0.044944,-2100000.0,-200000.0,-0.002809,0.0,-200000.0,-0.002809,-0.01429,-0.01429,14000000,14000000,https://www.sec.gov/Archives/edgar/data/1030997/000117891315002162/0001178913-15-002162-index.html,https://www.sec.gov/Archives/edgar/data/1030997/000117891315002162/zk1517011.htm
0,2015-03-31,WILC,2015-04-16 00:00:00,2015-04-16 12:13:52,Q1,86200000,69100000,17100000,0.198376,0.0,15000000,0.0,0.0,15000000,84100000,1800000.0,980000.0,6580000.0,0.076334,2100000.0,0.024362,0.0,3800000.0,0.044084,1200000.0,2600000.0,0.030162,0.2,0.2,13000000,13000000,https://www.sec.gov/Archives/edgar/data/1030997/000117891315001258/0001178913-15-001258-index.html,https://www.sec.gov/Archives/edgar/data/1030997/000117891315001258/zk1516594.htm
0,2014-12-31,WILC,,,Q4,75500000,57600000,17900000,0.237086,0.0,13700000,0.0,-2800000.0,10899999.999999998,68500000,-3000000.0,940000.0,1840000.0,0.024371,7000000.0,0.092715,-2800000.0,3900000.0,0.051656,1600000.0,2300000.0,0.030464,0.17692,0.17692,13000000,13000000,,
0,2014-09-30,WILC,2014-11-13 00:00:00,2014-11-13 09:56:55,Q3,79100000,59300000,19800000,0.250316,0.0,15100000,0.0,0.0,15100000.00000001,74400000.00000001,2000000.0,909999.9999999999,9510000.0,0.120228,4700000.0,0.059418,0.0,6600000.0,0.083439,1500000.0,5100000.0,0.064475,0.39231,0.39231,13000000,13000000,https://www.sec.gov/Archives/edgar/data/1030997/000117891314003509/0001178913-14-003509-index.html,https://www.sec.gov/Archives/edgar/data/1030997/000117891314003509/zk1415832.htm
0,2014-06-30,WILC,2014-07-21 00:00:00,2014-07-21 12:36:24,Q2,79200000,58600000,20600000,0.260101,0.0,15000000,0.0,0.0,14999999.999999993,73600000,100000.0,890000.0,6690000.0,0.08447,5600000.0,0.070707,0.0,5700000.0,0.07197,1300000.0,4400000.0,0.055556,0.33846,0.33846,13000000,13000000,https://www.sec.gov/Archives/edgar/data/1030997/000117891314002335/0001178913-14-002335-index.html,https://www.sec.gov/Archives/edgar/data/1030997/000117891314002335/zk1415251.htm
0,2014-03-31,WILC,2014-04-02 00:00:00,2014-04-02 12:52:51,Q1,95000000,73600000,21400000,0.225263,0.0,15100000,0.0,-100000.0,14900000.000000006,88500000,3300000.0,890000.0,13990000,0.147263,6400000.0,0.067368,-100000.0,9800000.0,0.103158,2700000.0,7100000.0,0.074737,0.54615,0.54615,13000000,13000000,https://www.sec.gov/Archives/edgar/data/1030997/000117891314001185/0001178913-14-001185-index.html,https://www.sec.gov/Archives/edgar/data/1030997/000117891314001185/zk1414715.htm
0,2013-12-31,WILC,2014-04-02 00:00:00,2014-04-02 12:52:51,Q4,82100000,62300000,19700000,0.239951,0.0,15200000,0.0,0.0,15200000.000000004,77500000,4000000.0,1160000.0,13760000,0.1676,4500000.0,0.054811,0.0,8600000.0,0.10475,1400000.0,7200000.0,0.087698,0.55385,0.55385,13000000,13000000,https://www.sec.gov/Archives/edgar/data/1030997/000117891314001185/0001178913-14-001185-index.html,https://www.sec.gov/Archives/edgar/data/1030997/000117891314001185/zk1414715.htm
0,2013-09-30,WILC,2013-10-16 00:00:00,2013-10-16 14:48:35,Q3,79000000,58300000,20700000,0.262025,0.0,13500000,0.0,0.0,13500000,71800000,4200000.0,1130000.0,16830000,0.213038,7200000.0,0.091139,100000.0,11500000,0.14557,2900000.0,8600000.0,0.108861,0.66154,0.66154,13000000,13000000,https://www.sec.gov/Archives/edgar/data/1030997/000117891313002843/0001178913-13-002843-index.html,https://www.sec.gov/Archives/edgar/data/1030997/000117891313002843/zk1313727.htm
0,2013-06-30,WILC,2013-07-15 00:00:00,2013-07-15 06:09:13,Q2,84400000,62600000,21800000,0.258294,0.0,13600000,0.0,0.0,13499999.999999993,76100000,1900000.0,1160000.0,13460000,0.159479,8300000.0,0.098341,100000.0,10400000,0.123223,2600000.0,7800000.0,0.092417,0.6,0.6,13000000,13000000,https://www.sec.gov/Archives/edgar/data/1030997/000117891313002063/0001178913-13-002063-index.html,https://www.sec.gov/Archives/edgar/data/1030997/000117891313002063/zk1313385.htm
0,2013-03-31,WILC,2013-04-11 00:00:00,2013-04-11 11:51:53,Q1,90600000,69200000,21400000,0.236203,0.0,12200000,0.0,0.0,12200000.000000004,81400000,1700000.0,1010000.0,13710000,0.151325,9200000.0,0.101545,0.0,10900000,0.120309,2700000.0,8300000.0,0.091611,0.63846,0.63846,13000000,13000000,https://www.sec.gov/Archives/edgar/data/1030997/000117891313001066/0001178913-13-001066-index.html,https://www.sec.gov/Archives/edgar/data/1030997/000117891313001066/zk1312945.htm
0,2012-12-31,WILC,2013-03-18 00:00:00,2013-03-18 14:12:37,Q4,76400000,55800000,20600000,0.269634,0.0,13000000,0.0,100000.0,13100000.00000001,68900000.00000001,4200000.0,1240000.0,17140000,0.224346,7500000.0,0.098168,100000.0,11700000,0.153141,2900000.0,8800000.0,0.115183,0.67692,0.67692,13000000,13000000,https://www.sec.gov/Archives/edgar/data/1030997/000117891313000736/0001178913-13-000736-index.html,https://www.sec.gov/Archives/edgar/data/1030997/000117891313000736/zk1312808.htm
0,2012-09-30,WILC,2012-11-28 00:00:00,2012-11-28 09:47:29,Q3,70100000,53900000,16300000,0.232525,0.0,10700000,0.0,-100000.0,10500000.000000007,64400000.00000001,2500000.0,-80000.00000000007,10520000,0.150071,5700000.0,0.081312,-100000.0,8100000.0,0.115549,1800000.0,6300000.0,0.089872,0.48462,0.48462,13000000,13000000,https://www.sec.gov/Archives/edgar/data/1030997/000117891312003323/0001178913-12-003323-index.html,https://www.sec.gov/Archives/edgar/data/1030997/000117891312003323/zk1212331.htm
0,2012-06-30,WILC,2012-07-30 00:00:00,2012-07-30 06:05:12,Q2,66300000,49800000,16500000,0.248869,0.0,11000000,0.0,0.0,11000000,60800000,-100000.0,1100000.0,6400000.0,0.096531,5600000.0,0.084465,0.0,5400000.0,0.081448,1300000.0,4100000.0,0.06184,0.31538,0.31538,13000000,13000000,https://www.sec.gov/Archives/edgar/data/1030997/000117891312002074/0001178913-12-002074-index.html,https://www.sec.gov/Archives/edgar/data/1030997/000117891312002074/zk1211767.htm
0,2012-03-31,WILC,,,Q1,73700000,58000000,15700000,0.213026,0.0,11000000,0.0,-100000.0,10900000.000000006,68900000,1800000.0,870000.0,9170000.0,0.124423,4700000.0,0.063772,-100000.0,6600000.0,0.089552,1700000.0,4800000.0,0.065129,0.36923,0.36923,13000000,13000000,,
0,2011-12-31,WILC,2012-01-03 00:00:00,2012-01-03 06:03:37,Q4,59000000,51700000,7300000.0,0.123729,0.0,11500000,0.0,-100000.0,11399999.999999998,63100000,2500000.0,1130000.0,5530000.0,0.093729,-4100000.0,-0.069492,-100000.0,-1700000.0,-0.028814,-1000000.0,2900000.0,0.049153,0.21481,0.21481,13500000,13500000,https://www.sec.gov/Archives/edgar/data/1030997/000117891312000004/0001178913-12-000004-index.html,https://www.sec.gov/Archives/edgar/data/1030997/000117891312000004/zk1210847.htm
0,2011-09-30,WILC,2011-10-11 00:00:00,2011-10-11 09:46:25,Q3,64900000,49500000,15400000,0.237288,0.0,11200000,0.0,0.0,11200000.000000004,60700000,-600000.0,789999.9999999998,3690000.0,0.056857,4200000.0,0.064715,0.0,3600000.0,0.05547,1200000.0,2300000.0,0.035439,0.16912,0.16912,13600000,13600000,https://www.sec.gov/Archives/edgar/data/1030997/000117891311002788/0001178913-11-002788-index.html,https://www.sec.gov/Archives/edgar/data/1030997/000117891311002788/zk1110516.htm
0,2011-06-30,WILC,2011-08-29 00:00:00,2011-08-29 06:05:37,Q2,70100000,49100000,21000000,0.299572,0.0,10500000,0.0,-200000.0,10399999.999999998,59500000,-2200000.0,900000.0000000001,7500000.0,0.10699,10700000,0.152639,-200000.0,8500000.0,0.121255,1800000.0,7000000.0,0.099857,0.51471,0.51471,13600000,13600000,https://www.sec.gov/Archives/edgar/data/1030997/000117891311002426/0001178913-11-002426-index.html,https://www.sec.gov/Archives/edgar/data/1030997/000117891311002426/zk1110351.htm
0,2011-03-31,WILC,2011-06-02 00:00:00,2011-06-02 13:12:58,Q1,70400000,52400000,18000000,0.255682,0.0,11700000,0.0,0.0,11699999.999999996,64099999.99999999,1500000.0,690000.0,10190000,0.144744,6300000.0,0.089489,0.0,7800000.0,0.110795,2000000.0,6000000.0,0.085227,0.44118,0.44118,13600000,13600000,https://www.sec.gov/Archives/edgar/data/1030997/000117891311001643/0001178913-11-001643-index.html,https://www.sec.gov/Archives/edgar/data/1030997/000117891311001643/zk1109994.htm
0,2010-12-31,WILC,,,Q4,91100000,65700000,25400000,0.278814,0.0,17400000,0.0,0.0,17399999.99999999,83099999.99999999,1900000.0,1800000.0,12900000,0.141603,7900000.0,0.086718,0.0,9800000.0,0.107574,1800000.0,7400000.0,0.081229,0.54412,0.54412,13600000,13600000,,
0,2009-12-31,WILC,2010-03-03 00:00:00,2010-03-03 06:51:45,Q3,79800000,55600000,24200000,0.303258,0.0,18100000,0.0,0.0,17999999.999999993,73600000,800000.0,3410000.0,12510000,0.156767,6200000.0,0.077694,0.0,6900000.0,0.086466,500000.0,7800000.0,0.097744,0.75728,0.75728,10300000,10300000,https://www.sec.gov/Archives/edgar/data/1030997/000117891310000628/0001178913-10-000628-index.html,https://www.sec.gov/Archives/edgar/data/1030997/000117891310000628/zk1007999.htm
0,2008-12-31,WILC,2009-02-05 00:00:00,2009-02-05 11:19:44,Q2,70900000,65800000,5200000.0,0.073343,0.0,11000000,0.0,-100000.0,10900000.000000006,76700000,-3300000.0,5020000.0,-7780000.0,-0.109732,-5700000.0,-0.080395,-100000.0,-9000000.0,-0.126939,-2000000.0,-7500000.0,-0.105783,-0.72816,-0.72816,10300000,10300000,https://www.sec.gov/Archives/edgar/data/1030997/000117891309000250/0001178913-09-000250-index.html,https://www.sec.gov/Archives/edgar/data/1030997/000117891309000250/zk96341.htm
0,2008-06-30,WILC,2008-07-03 00:00:00,2008-07-03 07:48:04,Q1,79000000,62300000,16800000,0.212658,0.0,16200000,0.0,2000000.0,18100000.00000001,80400000.00000001,300000.0,0.0,-1400000.0,-0.017722,-1400000.0,-0.017722,2000000.0,-1100000.0,-0.013924,300000.0,-2000000.0,-0.025316,-0.19417,-0.19417,10300000,10300000,https://www.sec.gov/Archives/edgar/data/1030997/000117891308001750/0001178913-08-001750-index.html,https://www.sec.gov/Archives/edgar/data/1030997/000117891308001750/zk85499.htm
0,2008-03-31,WILC,2008-04-09 00:00:00,2008-04-09 12:01:13,Q4,106400000,76100000,30400000,0.285714,0.0,15500000,0.0,0.0,15500000,91600000,-1700000.0,0.0,10300000,0.096805,14800000,0.139098,0.0,13100000,0.12312,3400000.0,8600000.0,0.080827,0.83495,0.83495,10300000,10300000,https://www.sec.gov/Archives/edgar/data/1030997/000117891308000911/0001178913-08-000911-index.html,https://www.sec.gov/Archives/edgar/data/1030997/000117891308000911/zk85091.htm
0,2007-12-31,WILC,,,Q3,62800000,57300000,5500000.0,0.08758,0.0,11900000,0.0,-500000.0,14500000,71800000,-2800000.0,1610000.0000000002,-9690000.0,-0.154299,-9000000.0,-0.143312,3200000.0,-8600000.0,-0.136943,-600000.0,-7900000.0,-0.125796,-0.76699,-0.76699,10300000,10300000,,
0,2007-09-30,WILC,2007-10-11 00:00:00,2007-10-11 09:38:04,Q2,59700000,47900000,11800000,0.197655,0.0,10500000,0.0,0.0,10600000.000000002,58500000,-800000.0,0.0,-600000.0,-0.01005,1200000.0,0.020101,0.0,500000.0,0.008375,-400000.0,600000.0,0.01005,0.05825,0.05825,10300000,10300000,https://www.sec.gov/Archives/edgar/data/1030997/000117891307002129/0001178913-07-002129-index.html,https://www.sec.gov/Archives/edgar/data/1030997/000117891307002129/zk74302.htm
0,2007-06-30,WILC,2007-07-12 00:00:00,2007-07-12 07:27:14,Q1,55800000,42600000,13200000,0.236559,0.0,10400000,0.0,0.0,10399999.999999998,53000000,600000.0,820000.0,3920000.0,0.070251,2800000.0,0.050179,0.0,3400000.0,0.060932,200000.0,2300000.0,0.041219,0.2233,0.2233,10300000,10300000,https://www.sec.gov/Archives/edgar/data/1030997/000117891307001402/0001178913-07-001402-index.html,https://www.sec.gov/Archives/edgar/data/1030997/000117891307001402/zk73956.htm
0,2007-03-31,WILC,2007-04-11 00:00:00,2007-04-11 06:30:19,Q4,71400000,50800000,20600000,0.288515,0.0,10500000,0.0,0.0,10500000,61300000,-1100000.0,0.0,6700000.0,0.093838,10100000,0.141457,0.0,9000000.0,0.12605,2700000.0,5100000.0,0.071429,0.49515,0.49515,10300000,10300000,https://www.sec.gov/Archives/edgar/data/1030997/000117891307000726/0001178913-07-000726-index.html,https://www.sec.gov/Archives/edgar/data/1030997/000117891307000726/zk73623.htm
0,2006-12-31,WILC,2007-02-06 00:00:00,2007-02-06 09:47:53,Q3,44300000,35800000,8500000.0,0.191874,0.0,9600000.0,0.0,0.0,9500000.0,45300000,2900000.0,600000.0,4100000.0,0.092551,-1100000.0,-0.024831,-900000.0,1000000.0,0.022573,1100000.0,-500000.0,-0.011287,-0.04854,-0.04854,10300000,10300000,https://www.sec.gov/Archives/edgar/data/1030997/000117891307000218/0001178913-07-000218-index.html,https://www.sec.gov/Archives/edgar/data/1030997/000117891307000218/zk73379.htm
0,2006-09-30,WILC,2006-11-28 00:00:00,2006-11-28 09:00:08,Q2,49400000,35900000,13500000,0.273279,0.0,8100000.0,0.0,0.0,8100000.000000001,44000000,700000.0,0.0,6100000.0,0.123482,5400000.0,0.109312,0.0,6100000.0,0.123482,1600000.0,3800000.0,0.076923,0.44186,0.44186,8600000.0,8600000.0,https://www.sec.gov/Archives/edgar/data/1030997/000117891306002216/0001178913-06-002216-index.html,https://www.sec.gov/Archives/edgar/data/1030997/000117891306002216/zk63166.htm
0,2006-06-30,WILC,,,Q1,43200000,31800000,11400000,0.263889,0.0,7600000.0,0.0,0.0,7599999.999999998,39400000,800000.0,610000.0,5210000.0,0.120602,3800000.0,0.087963,0.0,4600000.0,0.106481,1200000.0,2600000.0,0.060185,0.30233,0.30233,8600000.0,8600000.0,,
0,2006-03-31,WILC,,,Q4,54500000,40100000,14400000,0.26422,0.0,10000000,0.0,0.0,10000000,50100000,600000.0,0.0,24800000,0.455046,4400000.0,0.080734,19100000,24200000,0.444037,1500000.0,22700000,0.416514,2.63953,2.63953,8600000.0,8600000.0,,
0,2005-12-31,WILC,,,Q3,45600000,37600000,8000000.0,0.175439,0.0,7000000.0,0.0,0.0,7000000.0,44600000,400000.0,0.0,1800000.0,0.039474,1000000.0,0.02193,0.0,1400000.0,0.030702,300000.0,1100000.0,0.024123,0.12791,0.12791,8600000.0,8600000.0,,
0,2005-09-30,WILC,,,Q2,41200000,30300000,10900000,0.264563,0.0,6400000.0,0.0,0.0,6300000.000000001,36600000,700000.0,0.0,6000000.0,0.145631,4500000.0,0.109223,0.0,5300000.0,0.128641,1700000.0,3600000.0,0.087379,0.4186,0.4186,8600000.0,8600000.0,,
0,2005-06-30,WILC,,,Q1,39000000,28200000,10800000,0.276923,0.0,10000000,0.0,0.0,10000000.000000004,38200000.00000001,1000000.0,0.0,2800000.0,0.071795,800000.0,0.020513,0.0,1800000.0,0.046154,600000.0,1200000.0,0.030769,0.13953,0.13953,8600000.0,8600000.0,,
0,2005-03-31,WILC,2005-06-30 00:00:00,2005-06-30 13:03:43,Q4,40500000,32100000,8400000.0,0.207407,0.0,6000000.0,0.0,0.0,6000000.0,38100000,400000.0,0.0,3300000.0,0.081481,2400000.0,0.059259,0.0,2800000.0,0.069136,1000000.0,1900000.0,0.046914,0.22093,0.22093,8600000.0,8600000.0,https://www.sec.gov/Archives/edgar/data/1030997/000117891305000890/0001178913-05-000890-index.html,https://www.sec.gov/Archives/edgar/data/1030997/000117891305000890/zk51581.htm
0,2004-12-31,WILC,2005-01-05 00:00:00,2005-01-05 11:59:48,Q3,40200000,29300000,10900000,0.271144,0.0,6200000.0,0.0,0.0,6199999.999999999,35500000,200000.0,0.0,5100000.0,0.126866,4700000.0,0.116915,0.0,4900000.0,0.121891,1800000.0,3100000.0,0.077114,0.36047,0.36047,8600000.0,8600000.0,https://www.sec.gov/Archives/edgar/data/1030997/000117891305000018/0001178913-05-000018-index.html,https://www.sec.gov/Archives/edgar/data/1030997/000117891305000018/zk51224.txt
0,2004-09-30,WILC,2004-10-21 00:00:00,2004-10-21 08:10:33,Q2,40500000,31700000,8800000.0,0.217284,0.0,5300000.0,0.0,0.0,5300000.000000001,37000000,200000.0,0.0,3900000.0,0.096296,3500000.0,0.08642,0.0,3700000.0,0.091358,1400000.0,2300000.0,0.05679,0.26744,0.26744,8600000.0,8600000.0,https://www.sec.gov/Archives/edgar/data/1030997/000117891304001386/0001178913-04-001386-index.html,https://www.sec.gov/Archives/edgar/data/1030997/000117891304001386/zk41057.txt
0,2004-06-30,WILC,2004-07-21 00:00:00,2004-07-21 06:01:50,Q1,45900000,33300000,12600000,0.27451,0.0,6400000.0,0.0,0.0,6400000.000000006,39700000.00000001,100000.0,0.0,6500000.0,0.141612,6200000.0,0.135076,0.0,6400000.0,0.139434,2000000.0,4400000.0,0.095861,0.51163,0.51163,8600000.0,8600000.0,https://www.sec.gov/Archives/edgar/data/1030997/000117891304001003/0001178913-04-001003-index.html,https://www.sec.gov/Archives/edgar/data/1030997/000117891304001003/zk40864.txt
0,2004-03-31,WILC,2004-05-19 00:00:00,2004-05-19 06:08:32,Q4,44400000,36000000,8400000.0,0.189189,0.0,6900000.0,0.0,0.0,6899999.999999999,42900000,500000.0,0.0,2600000.0,0.058559,1500000.0,0.033784,0.0,2100000.0,0.047297,800000.0,1300000.0,0.029279,0.15116,0.15116,8600000.0,8600000.0,https://www.sec.gov/Archives/edgar/data/1030997/000117891304000652/0001178913-04-000652-index.html,https://www.sec.gov/Archives/edgar/data/1030997/000117891304000652/zk40731.txt
0,2003-12-31,WILC,2004-03-30 00:00:00,2004-03-30 10:45:51,Q3,34700000,28000000,6700000.0,0.193084,0.0,5600000.0,0.0,0.0,5600000.000000001,33600000,1200000.0,0.0,3500000.0,0.100865,1000000.0,0.028818,100000.0,2400000.0,0.069164,400000.0,1900000.0,0.054755,0.22093,0.22093,8600000.0,8600000.0,https://www.sec.gov/Archives/edgar/data/1030997/000117891304000385/0001178913-04-000385-index.html,https://www.sec.gov/Archives/edgar/data/1030997/000117891304000385/d40615.txt
0,2003-09-30,WILC,2003-12-02 00:00:00,2003-12-02 06:02:23,Q2,30700000,25500000,5300000.0,0.172638,0.0,4700000.0,0.0,0.0,4699999.999999999,30200000,1500000.0,0.0,3600000.0,0.117264,600000.0,0.019544,0.0,2100000.0,0.068404,600000.0,1500000.0,0.04886,0.17442,0.17442,8600000.0,8600000.0,https://www.sec.gov/Archives/edgar/data/1030997/000117891303000808/0001178913-03-000808-index.html,https://www.sec.gov/Archives/edgar/data/1030997/000117891303000808/d30383.txt
0,2003-06-30,WILC,2003-07-22 00:00:00,2003-07-22 10:09:39,Q1,34300000,27300000,7000000.0,0.204082,0.0,5200000.0,0.0,0.0,5199999.999999999,32500000,1100000.0,0.0,4000000.0,0.116618,1800000.0,0.052478,0.0,2900000.0,0.084548,600000.0,2300000.0,0.067055,0.26744,0.26744,8600000.0,8600000.0,https://www.sec.gov/Archives/edgar/data/1030997/000092242303000815/0000922423-03-000815-index.html,https://www.sec.gov/Archives/edgar/data/1030997/000092242303000815/kl07045_6-k.txt
0,2003-03-31,WILC,2003-04-02 00:00:00,2003-04-02 17:06:11,Q4,37700000,29400000,8200000.0,0.217507,0.0,4500000.0,0.0,0.0,4500000.0,33900000,500000.0,0.0,4800000.0,0.127321,3800000.0,0.100796,0.0,4300000.0,0.114058,1300000.0,3000000.0,0.079576,0.34884,0.34884,8600000.0,8600000.0,https://www.sec.gov/Archives/edgar/data/1030997/000092242303000338/0000922423-03-000338-index.html,https://www.sec.gov/Archives/edgar/data/1030997/000092242303000338/kl04004_6k.txt
0,2002-12-31,WILC,2003-04-02 00:00:00,2003-04-02 17:06:11,Q3,25200000,22800000,2400000.0,0.095238,0.0,4100000.0,0.0,0.0,4099999.999999998,26899999.999999996,1200000.0,0.0,800000.0,0.031746,-1700000.0,-0.06746,0.0,-400000.0,-0.015873,-100000.0,-300000.0,-0.011905,-0.03488,-0.03488,8600000.0,8600000.0,https://www.sec.gov/Archives/edgar/data/1030997/000092242303000338/0000922423-03-000338-index.html,https://www.sec.gov/Archives/edgar/data/1030997/000092242303000338/kl04004_6k.txt
0,2002-09-30,WILC,2002-12-04 00:00:00,2002-12-04 15:37:51,Q2,25100000,21100000,4000000.0,0.159363,0.0,4400000.0,0.0,0.0,4399999.999999999,25500000,700000.0,0.0,1100000.0,0.043825,-400000.0,-0.015936,0.0,300000.0,0.011952,100000.0,300000.0,0.011952,0.03488,0.03488,8600000.0,8600000.0,https://www.sec.gov/Archives/edgar/data/1030997/000092242302001233/0000922423-02-001233-index.html,https://www.sec.gov/Archives/edgar/data/1030997/000092242302001233/kl12002_6-k.txt
0,2002-06-30,WILC,2002-08-22 00:00:00,2002-08-29 07:49:50,Q1,38000000,28800000,9200000.0,0.242105,0.0,4500000.0,0.0,0.0,4499999.999999996,33299999.999999996,-1700000.0,0.0,1300000.0,0.034211,4700000.0,0.123684,0.0,3000000.0,0.078947,300000.0,2700000.0,0.071053,0.31395,0.31395,8600000.0,8600000.0,https://www.sec.gov/Archives/edgar/data/1030997/999999999702048391/9999999997-02-048391-index.html,https://www.sec.gov/Archives/edgar/data/1030997/999999999702048391/9999999997-02-048391.paper
0,2002-03-31,WILC,2002-05-29 00:00:00,2002-06-04 18:43:20,Q4,40500000,28400000,12100000,0.298765,0.0,5200000.0,0.0,0.0,5200000.000000003,33600000,-500000.0,0.0,5900000.0,0.145679,6900000.0,0.17037,0.0,6400000.0,0.158025,2000000.0,4400000.0,0.108642,0.51163,0.51163,8600000.0,8600000.0,https://www.sec.gov/Archives/edgar/data/1030997/999999999702032455/9999999997-02-032455-index.html,https://www.sec.gov/Archives/edgar/data/1030997/999999999702032455/9999999997-02-032455.paper
