,date,symbol,fillingDate,acceptedDate,period,revenue,costOfRevenue,grossProfit,grossProfitRatio,researchAndDevelopmentExpenses,generalAndAdministrativeExpenses,sellingAndMarketingExpenses,otherExpenses,operatingExpenses,costAndExpenses,interestExpense,depreciationAndAmortization,ebitda,ebitdaratio,operatingIncome,operatingIncomeRatio,totalOtherIncomeExpensesNet,incomeBeforeTax,incomeBeforeTaxRatio,incomeTaxExpense,netIncome,netIncomeRatio,eps,epsdiluted,weightedAverageShsOut,weightedAverageShsOutDil,link,finalLink
0,2019-09-31,UNBL.PA,,2019-09-31,Q3,850723500,608429750,242293750,3.511124409936286,6680000.0,176659000,109496250,489500.0,0.0,797267250,6991000.0,5674750.0,83106250,10.236576671429646,53456250,15.914387934058226,0.0,44033750,19.31980583075482,14622000,18740000,45.39613127001067,8.94,8.94,2096123.0,2096123.0,https://www.infogreffe.com/recherche-entreprise-dirigeants/resultats-entreprise-dirigeants.html?ga_cat=globale&ga_q=U.N.B.L#phrase=U.N.B.L,https://www.infogreffe.com/recherche-entreprise-dirigeants/resultats-entreprise-dirigeants.html?ga_cat=globale&ga_q=U.N.B.L#phrase=U.N.B.L
0,2019-06-31,UNBL.PA,,2019-06-31,Q2,850723500,608429750,242293750,3.511124409936286,6680000.0,176659000,109496250,489500.0,0.0,797267250,6991000.0,5674750.0,83106250,10.236576671429646,53456250,15.914387934058226,0.0,44033750,19.31980583075482,14622000,18740000,45.39613127001067,8.94,8.94,2096123.0,2096123.0,https://www.infogreffe.com/recherche-entreprise-dirigeants/resultats-entreprise-dirigeants.html?ga_cat=globale&ga_q=U.N.B.L#phrase=U.N.B.L,https://www.infogreffe.com/recherche-entreprise-dirigeants/resultats-entreprise-dirigeants.html?ga_cat=globale&ga_q=U.N.B.L#phrase=U.N.B.L
0,2019-03-31,UNBL.PA,,2019-03-31,Q1,850723500,608429750,242293750,3.511124409936286,6680000.0,176659000,109496250,489500.0,0.0,797267250,6991000.0,5674750.0,83106250,10.236576671429646,53456250,15.914387934058226,0.0,44033750,19.31980583075482,14622000,18740000,45.39613127001067,8.94,8.94,2096123.0,2096123.0,https://www.infogreffe.com/recherche-entreprise-dirigeants/resultats-entreprise-dirigeants.html?ga_cat=globale&ga_q=U.N.B.L#phrase=U.N.B.L,https://www.infogreffe.com/recherche-entreprise-dirigeants/resultats-entreprise-dirigeants.html?ga_cat=globale&ga_q=U.N.B.L#phrase=U.N.B.L
0,2019-01-31,UNBL.PA,,2019-01-31,Q1,850723500,608429750,242293750,3.511124409936286,6680000.0,176659000,109496250,489500.0,0.0,797267250,6991000.0,5674750.0,83106250,10.236576671429646,53456250,15.914387934058226,0.0,44033750,19.31980583075482,14622000,18740000,45.39613127001067,8.94,8.94,2096123.0,2096123.0,https://www.infogreffe.com/recherche-entreprise-dirigeants/resultats-entreprise-dirigeants.html?ga_cat=globale&ga_q=U.N.B.L#phrase=U.N.B.L,https://www.infogreffe.com/recherche-entreprise-dirigeants/resultats-entreprise-dirigeants.html?ga_cat=globale&ga_q=U.N.B.L#phrase=U.N.B.L
0,2018-09-31,UNBL.PA,,2018-09-31,Q3,827839500,600579000,227260500,3.642689776709987,5933500.0,170948000,108195500,-712250.0,0.0,777295750,7103500.0,0.0,85940500,9.632705185564431,50543750,16.378671942623964,0.0,31949750,25.91067222748222,7647000.0,15593250,53.089606079553654,7.44,7.44,2096123.0,2096123.0,https://www.infogreffe.com/recherche-entreprise-dirigeants/resultats-entreprise-dirigeants.html?ga_cat=globale&ga_q=U.N.B.L#phrase=U.N.B.L,https://www.infogreffe.com/recherche-entreprise-dirigeants/resultats-entreprise-dirigeants.html?ga_cat=globale&ga_q=U.N.B.L#phrase=U.N.B.L
0,2018-06-31,UNBL.PA,,2018-06-31,Q2,827839500,600579000,227260500,3.642689776709987,5933500.0,170948000,108195500,-712250.0,0.0,777295750,7103500.0,0.0,85940500,9.632705185564431,50543750,16.378671942623964,0.0,31949750,25.91067222748222,7647000.0,15593250,53.089606079553654,7.44,7.44,2096123.0,2096123.0,https://www.infogreffe.com/recherche-entreprise-dirigeants/resultats-entreprise-dirigeants.html?ga_cat=globale&ga_q=U.N.B.L#phrase=U.N.B.L,https://www.infogreffe.com/recherche-entreprise-dirigeants/resultats-entreprise-dirigeants.html?ga_cat=globale&ga_q=U.N.B.L#phrase=U.N.B.L
0,2018-03-31,UNBL.PA,,2018-03-31,Q1,827839500,600579000,227260500,3.642689776709987,5933500.0,170948000,108195500,-712250.0,0.0,777295750,7103500.0,0.0,85940500,9.632705185564431,50543750,16.378671942623964,0.0,31949750,25.91067222748222,7647000.0,15593250,53.089606079553654,7.44,7.44,2096123.0,2096123.0,https://www.infogreffe.com/recherche-entreprise-dirigeants/resultats-entreprise-dirigeants.html?ga_cat=globale&ga_q=U.N.B.L#phrase=U.N.B.L,https://www.infogreffe.com/recherche-entreprise-dirigeants/resultats-entreprise-dirigeants.html?ga_cat=globale&ga_q=U.N.B.L#phrase=U.N.B.L
0,2018-01-31,UNBL.PA,,2018-01-31,Q1,827839500,600579000,227260500,3.642689776709987,5933500.0,170948000,108195500,-712250.0,0.0,777295750,7103500.0,0.0,85940500,9.632705185564431,50543750,16.378671942623964,0.0,31949750,25.91067222748222,7647000.0,15593250,53.089606079553654,7.44,7.44,2096123.0,2096123.0,https://www.infogreffe.com/recherche-entreprise-dirigeants/resultats-entreprise-dirigeants.html?ga_cat=globale&ga_q=U.N.B.L#phrase=U.N.B.L,https://www.infogreffe.com/recherche-entreprise-dirigeants/resultats-entreprise-dirigeants.html?ga_cat=globale&ga_q=U.N.B.L#phrase=U.N.B.L
0,2017-09-31,UNBL.PA,,2017-09-31,Q3,836519250,581665750,254853500,3.282353391262039,5822000.0,192875250,137603500,-1862250.0,0.0,780163500,6518000.0,0.0,75065250,11.143894811513983,56355750,14.843547464100824,0.0,41868250,19.979799728911527,-2598500.0,28015000,29.85969123683741,13.365,13.365,2096123.0,2096123.0,https://www.infogreffe.com/recherche-entreprise-dirigeants/resultats-entreprise-dirigeants.html?ga_cat=globale&ga_q=U.N.B.L#phrase=U.N.B.L,https://www.infogreffe.com/recherche-entreprise-dirigeants/resultats-entreprise-dirigeants.html?ga_cat=globale&ga_q=U.N.B.L#phrase=U.N.B.L
0,2017-06-31,UNBL.PA,,2017-06-31,Q2,836519250,581665750,254853500,3.282353391262039,5822000.0,192875250,137603500,-1862250.0,0.0,780163500,6518000.0,0.0,75065250,11.143894811513983,56355750,14.843547464100824,0.0,41868250,19.979799728911527,-2598500.0,28015000,29.85969123683741,13.365,13.365,2096123.0,2096123.0,https://www.infogreffe.com/recherche-entreprise-dirigeants/resultats-entreprise-dirigeants.html?ga_cat=globale&ga_q=U.N.B.L#phrase=U.N.B.L,https://www.infogreffe.com/recherche-entreprise-dirigeants/resultats-entreprise-dirigeants.html?ga_cat=globale&ga_q=U.N.B.L#phrase=U.N.B.L
0,2017-03-31,UNBL.PA,,2017-03-31,Q1,836519250,581665750,254853500,3.282353391262039,5822000.0,192875250,137603500,-1862250.0,0.0,780163500,6518000.0,0.0,75065250,11.143894811513983,56355750,14.843547464100824,0.0,41868250,19.979799728911527,-2598500.0,28015000,29.85969123683741,13.365,13.365,2096123.0,2096123.0,https://www.infogreffe.com/recherche-entreprise-dirigeants/resultats-entreprise-dirigeants.html?ga_cat=globale&ga_q=U.N.B.L#phrase=U.N.B.L,https://www.infogreffe.com/recherche-entreprise-dirigeants/resultats-entreprise-dirigeants.html?ga_cat=globale&ga_q=U.N.B.L#phrase=U.N.B.L
0,2017-01-31,UNBL.PA,,2017-01-31,Q1,836519250,581665750,254853500,3.282353391262039,5822000.0,192875250,137603500,-1862250.0,0.0,780163500,6518000.0,0.0,75065250,11.143894811513983,56355750,14.843547464100824,0.0,41868250,19.979799728911527,-2598500.0,28015000,29.85969123683741,13.365,13.365,2096123.0,2096123.0,https://www.infogreffe.com/recherche-entreprise-dirigeants/resultats-entreprise-dirigeants.html?ga_cat=globale&ga_q=U.N.B.L#phrase=U.N.B.L,https://www.infogreffe.com/recherche-entreprise-dirigeants/resultats-entreprise-dirigeants.html?ga_cat=globale&ga_q=U.N.B.L#phrase=U.N.B.L
0,2016-09-31,UNBL.PA,,2016-09-31,Q3,733841250,470562750,263278500,2.7873193215549312,4595000.0,177284750,128437000,-3394000.0,0.0,652095500,4494000.0,0.0,105298500,6.969151982221969,81745750,8.977118076474923,0.0,74228750,9.886213226007444,21099000,34400750,21.33212938671395,16.4125,16.4125,2096123.0,2096123.0,https://www.infogreffe.com/recherche-entreprise-dirigeants/resultats-entreprise-dirigeants.html?ga_cat=globale&ga_q=U.N.B.L#phrase=U.N.B.L,https://www.infogreffe.com/recherche-entreprise-dirigeants/resultats-entreprise-dirigeants.html?ga_cat=globale&ga_q=U.N.B.L#phrase=U.N.B.L
0,2016-06-31,UNBL.PA,,2016-06-31,Q2,733841250,470562750,263278500,2.7873193215549312,4595000.0,177284750,128437000,-3394000.0,0.0,652095500,4494000.0,0.0,105298500,6.969151982221969,81745750,8.977118076474923,0.0,74228750,9.886213226007444,21099000,34400750,21.33212938671395,16.4125,16.4125,2096123.0,2096123.0,https://www.infogreffe.com/recherche-entreprise-dirigeants/resultats-entreprise-dirigeants.html?ga_cat=globale&ga_q=U.N.B.L#phrase=U.N.B.L,https://www.infogreffe.com/recherche-entreprise-dirigeants/resultats-entreprise-dirigeants.html?ga_cat=globale&ga_q=U.N.B.L#phrase=U.N.B.L
0,2016-03-31,UNBL.PA,,2016-03-31,Q1,733841250,470562750,263278500,2.7873193215549312,4595000.0,177284750,128437000,-3394000.0,0.0,652095500,4494000.0,0.0,105298500,6.969151982221969,81745750,8.977118076474923,0.0,74228750,9.886213226007444,21099000,34400750,21.33212938671395,16.4125,16.4125,2096123.0,2096123.0,https://www.infogreffe.com/recherche-entreprise-dirigeants/resultats-entreprise-dirigeants.html?ga_cat=globale&ga_q=U.N.B.L#phrase=U.N.B.L,https://www.infogreffe.com/recherche-entreprise-dirigeants/resultats-entreprise-dirigeants.html?ga_cat=globale&ga_q=U.N.B.L#phrase=U.N.B.L
0,2016-01-31,UNBL.PA,,2016-01-31,Q1,733841250,470562750,263278500,2.7873193215549312,4595000.0,177284750,128437000,-3394000.0,0.0,652095500,4494000.0,0.0,105298500,6.969151982221969,81745750,8.977118076474923,0.0,74228750,9.886213226007444,21099000,34400750,21.33212938671395,16.4125,16.4125,2096123.0,2096123.0,https://www.infogreffe.com/recherche-entreprise-dirigeants/resultats-entreprise-dirigeants.html?ga_cat=globale&ga_q=U.N.B.L#phrase=U.N.B.L,https://www.infogreffe.com/recherche-entreprise-dirigeants/resultats-entreprise-dirigeants.html?ga_cat=globale&ga_q=U.N.B.L#phrase=U.N.B.L
0,2015-09-31,UNBL.PA,,2015-09-31,Q3,737141750,489152250,247989500,2.9724716167418377,4182500.0,170701500,121959500,-2986750.0,0.0,663851500,3518000.0,0.0,92566500,7.963374979069101,73290250,10.057841936683255,0.0,65604750,11.236103330932593,19392500,30067250,24.51643399379724,14.345,14.345,2096123.0,2096123.0,https://www.infogreffe.com/recherche-entreprise-dirigeants/resultats-entreprise-dirigeants.html?ga_cat=globale&ga_q=U.N.B.L#phrase=U.N.B.L,https://www.infogreffe.com/recherche-entreprise-dirigeants/resultats-entreprise-dirigeants.html?ga_cat=globale&ga_q=U.N.B.L#phrase=U.N.B.L
0,2015-06-31,UNBL.PA,,2015-06-31,Q2,737141750,489152250,247989500,2.9724716167418377,4182500.0,170701500,121959500,-2986750.0,0.0,663851500,3518000.0,0.0,92566500,7.963374979069101,73290250,10.057841936683255,0.0,65604750,11.236103330932593,19392500,30067250,24.51643399379724,14.345,14.345,2096123.0,2096123.0,https://www.infogreffe.com/recherche-entreprise-dirigeants/resultats-entreprise-dirigeants.html?ga_cat=globale&ga_q=U.N.B.L#phrase=U.N.B.L,https://www.infogreffe.com/recherche-entreprise-dirigeants/resultats-entreprise-dirigeants.html?ga_cat=globale&ga_q=U.N.B.L#phrase=U.N.B.L
0,2015-03-31,UNBL.PA,,2015-03-31,Q1,737141750,489152250,247989500,2.9724716167418377,4182500.0,170701500,121959500,-2986750.0,0.0,663851500,3518000.0,0.0,92566500,7.963374979069101,73290250,10.057841936683255,0.0,65604750,11.236103330932593,19392500,30067250,24.51643399379724,14.345,14.345,2096123.0,2096123.0,https://www.infogreffe.com/recherche-entreprise-dirigeants/resultats-entreprise-dirigeants.html?ga_cat=globale&ga_q=U.N.B.L#phrase=U.N.B.L,https://www.infogreffe.com/recherche-entreprise-dirigeants/resultats-entreprise-dirigeants.html?ga_cat=globale&ga_q=U.N.B.L#phrase=U.N.B.L
0,2015-01-31,UNBL.PA,,2015-01-31,Q1,737141750,489152250,247989500,2.9724716167418377,4182500.0,170701500,121959500,-2986750.0,0.0,663851500,3518000.0,0.0,92566500,7.963374979069101,73290250,10.057841936683255,0.0,65604750,11.236103330932593,19392500,30067250,24.51643399379724,14.345,14.345,2096123.0,2096123.0,https://www.infogreffe.com/recherche-entreprise-dirigeants/resultats-entreprise-dirigeants.html?ga_cat=globale&ga_q=U.N.B.L#phrase=U.N.B.L,https://www.infogreffe.com/recherche-entreprise-dirigeants/resultats-entreprise-dirigeants.html?ga_cat=globale&ga_q=U.N.B.L#phrase=U.N.B.L
0,2014-09-31,UNBL.PA,,2014-09-31,Q3,695757000,493569750,202187250,3.441151704669805,3991000.0,144860250,98317250,-2941250.0,0.0,642255500,4056000.0,0.0,73442250,9.473525116673304,53501500,13.00443912787492,0.0,45875250,15.166282472575082,14474000,20117000,34.585524680618384,9.5975,9.5975,2096123.0,2096123.0,https://www.infogreffe.com/recherche-entreprise-dirigeants/resultats-entreprise-dirigeants.html?ga_cat=globale&ga_q=U.N.B.L#phrase=U.N.B.L,https://www.infogreffe.com/recherche-entreprise-dirigeants/resultats-entreprise-dirigeants.html?ga_cat=globale&ga_q=U.N.B.L#phrase=U.N.B.L
0,2014-06-31,UNBL.PA,,2014-06-31,Q2,695757000,493569750,202187250,3.441151704669805,3991000.0,144860250,98317250,-2941250.0,0.0,642255500,4056000.0,0.0,73442250,9.473525116673304,53501500,13.00443912787492,0.0,45875250,15.166282472575082,14474000,20117000,34.585524680618384,9.5975,9.5975,2096123.0,2096123.0,https://www.infogreffe.com/recherche-entreprise-dirigeants/resultats-entreprise-dirigeants.html?ga_cat=globale&ga_q=U.N.B.L#phrase=U.N.B.L,https://www.infogreffe.com/recherche-entreprise-dirigeants/resultats-entreprise-dirigeants.html?ga_cat=globale&ga_q=U.N.B.L#phrase=U.N.B.L
0,2014-03-31,UNBL.PA,,2014-03-31,Q1,695757000,493569750,202187250,3.441151704669805,3991000.0,144860250,98317250,-2941250.0,0.0,642255500,4056000.0,0.0,73442250,9.473525116673304,53501500,13.00443912787492,0.0,45875250,15.166282472575082,14474000,20117000,34.585524680618384,9.5975,9.5975,2096123.0,2096123.0,https://www.infogreffe.com/recherche-entreprise-dirigeants/resultats-entreprise-dirigeants.html?ga_cat=globale&ga_q=U.N.B.L#phrase=U.N.B.L,https://www.infogreffe.com/recherche-entreprise-dirigeants/resultats-entreprise-dirigeants.html?ga_cat=globale&ga_q=U.N.B.L#phrase=U.N.B.L
0,2014-01-31,UNBL.PA,,2014-01-31,Q1,695757000,493569750,202187250,3.441151704669805,3991000.0,144860250,98317250,-2941250.0,0.0,642255500,4056000.0,0.0,73442250,9.473525116673304,53501500,13.00443912787492,0.0,45875250,15.166282472575082,14474000,20117000,34.585524680618384,9.5975,9.5975,2096123.0,2096123.0,https://www.infogreffe.com/recherche-entreprise-dirigeants/resultats-entreprise-dirigeants.html?ga_cat=globale&ga_q=U.N.B.L#phrase=U.N.B.L,https://www.infogreffe.com/recherche-entreprise-dirigeants/resultats-entreprise-dirigeants.html?ga_cat=globale&ga_q=U.N.B.L#phrase=U.N.B.L
0,2013-09-31,UNBL.PA,,2013-09-31,Q3,680007250,474448250,205559000,3.308087945553345,4152750.0,141366750,95926750,-78500.0,0.0,619807750,4781000.0,0.0,80616000,8.435140046640866,60199500,11.295895314745138,0.0,54686500,12.434645662092107,22289750,20381750,33.36353600647638,9.7225,9.7225,2096123.0,2096123.0,https://www.infogreffe.com/recherche-entreprise-dirigeants/resultats-entreprise-dirigeants.html?ga_cat=globale&ga_q=U.N.B.L#phrase=U.N.B.L,https://www.infogreffe.com/recherche-entreprise-dirigeants/resultats-entreprise-dirigeants.html?ga_cat=globale&ga_q=U.N.B.L#phrase=U.N.B.L
0,2013-06-31,UNBL.PA,,2013-06-31,Q2,680007250,474448250,205559000,3.308087945553345,4152750.0,141366750,95926750,-78500.0,0.0,619807750,4781000.0,0.0,80616000,8.435140046640866,60199500,11.295895314745138,0.0,54686500,12.434645662092107,22289750,20381750,33.36353600647638,9.7225,9.7225,2096123.0,2096123.0,https://www.infogreffe.com/recherche-entreprise-dirigeants/resultats-entreprise-dirigeants.html?ga_cat=globale&ga_q=U.N.B.L#phrase=U.N.B.L,https://www.infogreffe.com/recherche-entreprise-dirigeants/resultats-entreprise-dirigeants.html?ga_cat=globale&ga_q=U.N.B.L#phrase=U.N.B.L
0,2013-03-31,UNBL.PA,,2013-03-31,Q1,680007250,474448250,205559000,3.308087945553345,4152750.0,141366750,95926750,-78500.0,0.0,619807750,4781000.0,0.0,80616000,8.435140046640866,60199500,11.295895314745138,0.0,54686500,12.434645662092107,22289750,20381750,33.36353600647638,9.7225,9.7225,2096123.0,2096123.0,https://www.infogreffe.com/recherche-entreprise-dirigeants/resultats-entreprise-dirigeants.html?ga_cat=globale&ga_q=U.N.B.L#phrase=U.N.B.L,https://www.infogreffe.com/recherche-entreprise-dirigeants/resultats-entreprise-dirigeants.html?ga_cat=globale&ga_q=U.N.B.L#phrase=U.N.B.L
0,2013-01-31,UNBL.PA,,2013-01-31,Q1,680007250,474448250,205559000,3.308087945553345,4152750.0,141366750,95926750,-78500.0,0.0,619807750,4781000.0,0.0,80616000,8.435140046640866,60199500,11.295895314745138,0.0,54686500,12.434645662092107,22289750,20381750,33.36353600647638,9.7225,9.7225,2096123.0,2096123.0,https://www.infogreffe.com/recherche-entreprise-dirigeants/resultats-entreprise-dirigeants.html?ga_cat=globale&ga_q=U.N.B.L#phrase=U.N.B.L,https://www.infogreffe.com/recherche-entreprise-dirigeants/resultats-entreprise-dirigeants.html?ga_cat=globale&ga_q=U.N.B.L#phrase=U.N.B.L
0,2012-09-31,UNBL.PA,,2012-09-31,Q3,662172750,457472750,204700000,3.234844894968246,4204500.0,141215750,97207750,-545250.0,4957250.0,607734250,4253500.0,0.0,76747500,8.62793902081501,54438500,12.16368470843245,0.0,48001250,13.794906382646285,15833500,20943750,31.616723366159356,9.9925,9.975,2096123.0,2099624.0,https://www.infogreffe.com/recherche-entreprise-dirigeants/resultats-entreprise-dirigeants.html?ga_cat=globale&ga_q=U.N.B.L#phrase=U.N.B.L,https://www.infogreffe.com/recherche-entreprise-dirigeants/resultats-entreprise-dirigeants.html?ga_cat=globale&ga_q=U.N.B.L#phrase=U.N.B.L
0,2012-06-31,UNBL.PA,,2012-06-31,Q2,662172750,457472750,204700000,3.234844894968246,4204500.0,141215750,97207750,-545250.0,4957250.0,607734250,4253500.0,0.0,76747500,8.62793902081501,54438500,12.16368470843245,0.0,48001250,13.794906382646285,15833500,20943750,31.616723366159356,9.9925,9.975,2096123.0,2099624.0,https://www.infogreffe.com/recherche-entreprise-dirigeants/resultats-entreprise-dirigeants.html?ga_cat=globale&ga_q=U.N.B.L#phrase=U.N.B.L,https://www.infogreffe.com/recherche-entreprise-dirigeants/resultats-entreprise-dirigeants.html?ga_cat=globale&ga_q=U.N.B.L#phrase=U.N.B.L
0,2012-03-31,UNBL.PA,,2012-03-31,Q1,662172750,457472750,204700000,3.234844894968246,4204500.0,141215750,97207750,-545250.0,4957250.0,607734250,4253500.0,0.0,76747500,8.62793902081501,54438500,12.16368470843245,0.0,48001250,13.794906382646285,15833500,20943750,31.616723366159356,9.9925,9.975,2096123.0,2099624.0,https://www.infogreffe.com/recherche-entreprise-dirigeants/resultats-entreprise-dirigeants.html?ga_cat=globale&ga_q=U.N.B.L#phrase=U.N.B.L,https://www.infogreffe.com/recherche-entreprise-dirigeants/resultats-entreprise-dirigeants.html?ga_cat=globale&ga_q=U.N.B.L#phrase=U.N.B.L
0,2012-01-31,UNBL.PA,,2012-01-31,Q1,662172750,457472750,204700000,3.234844894968246,4204500.0,141215750,97207750,-545250.0,4957250.0,607734250,4253500.0,0.0,76747500,8.62793902081501,54438500,12.16368470843245,0.0,48001250,13.794906382646285,15833500,20943750,31.616723366159356,9.9925,9.975,2096123.0,2099624.0,https://www.infogreffe.com/recherche-entreprise-dirigeants/resultats-entreprise-dirigeants.html?ga_cat=globale&ga_q=U.N.B.L#phrase=U.N.B.L,https://www.infogreffe.com/recherche-entreprise-dirigeants/resultats-entreprise-dirigeants.html?ga_cat=globale&ga_q=U.N.B.L#phrase=U.N.B.L
0,2011-09-31,UNBL.PA,,2011-09-31,Q3,631773500,452122250,179651250,3.5166663187703953,3615250.0,133602000,89762500,-2247250.0,0.0,589199500,5283250.0,0.0,60871500,10.378806173660909,42574000,14.839420773241885,0.0,35769250,17.662475450282017,11882750,23886500,26.448977455885124,9.045,9.025,1511498.0,1514848.0,https://www.infogreffe.com/recherche-entreprise-dirigeants/resultats-entreprise-dirigeants.html?ga_cat=globale&ga_q=U.N.B.L#phrase=U.N.B.L,https://www.infogreffe.com/recherche-entreprise-dirigeants/resultats-entreprise-dirigeants.html?ga_cat=globale&ga_q=U.N.B.L#phrase=U.N.B.L
0,2011-06-31,UNBL.PA,,2011-06-31,Q2,631773500,452122250,179651250,3.5166663187703953,3615250.0,133602000,89762500,-2247250.0,0.0,589199500,5283250.0,0.0,60871500,10.378806173660909,42574000,14.839420773241885,0.0,35769250,17.662475450282017,11882750,23886500,26.448977455885124,9.045,9.025,1511498.0,1514848.0,https://www.infogreffe.com/recherche-entreprise-dirigeants/resultats-entreprise-dirigeants.html?ga_cat=globale&ga_q=U.N.B.L#phrase=U.N.B.L,https://www.infogreffe.com/recherche-entreprise-dirigeants/resultats-entreprise-dirigeants.html?ga_cat=globale&ga_q=U.N.B.L#phrase=U.N.B.L
0,2011-03-31,UNBL.PA,,2011-03-31,Q1,631773500,452122250,179651250,3.5166663187703953,3615250.0,133602000,89762500,-2247250.0,0.0,589199500,5283250.0,0.0,60871500,10.378806173660909,42574000,14.839420773241885,0.0,35769250,17.662475450282017,11882750,23886500,26.448977455885124,9.045,9.025,1511498.0,1514848.0,https://www.infogreffe.com/recherche-entreprise-dirigeants/resultats-entreprise-dirigeants.html?ga_cat=globale&ga_q=U.N.B.L#phrase=U.N.B.L,https://www.infogreffe.com/recherche-entreprise-dirigeants/resultats-entreprise-dirigeants.html?ga_cat=globale&ga_q=U.N.B.L#phrase=U.N.B.L
0,2011-01-31,UNBL.PA,,2011-01-31,Q1,631773500,452122250,179651250,3.5166663187703953,3615250.0,133602000,89762500,-2247250.0,0.0,589199500,5283250.0,0.0,60871500,10.378806173660909,42574000,14.839420773241885,0.0,35769250,17.662475450282017,11882750,23886500,26.448977455885124,9.045,9.025,1511498.0,1514848.0,https://www.infogreffe.com/recherche-entreprise-dirigeants/resultats-entreprise-dirigeants.html?ga_cat=globale&ga_q=U.N.B.L#phrase=U.N.B.L,https://www.infogreffe.com/recherche-entreprise-dirigeants/resultats-entreprise-dirigeants.html?ga_cat=globale&ga_q=U.N.B.L#phrase=U.N.B.L
0,2009-09-31,UNBL.PA,,2009-09-31,Q3,555165500,379332000,175833500,3.15733634375702,4402500.0,127136250,85031000,-942500.0,6978750.0,517719750,6326500.0,0.0,68002000,8.163958412987853,37445750,14.825861412843913,0.0,31261250,17.7589027949938,9240000.0,22021250,25.21044445705852,6.5275,6.44,2097817.0,2126320.0,https://www.infogreffe.com/recherche-entreprise-dirigeants/resultats-entreprise-dirigeants.html?ga_cat=globale&ga_q=U.N.B.L#phrase=U.N.B.L,https://www.infogreffe.com/recherche-entreprise-dirigeants/resultats-entreprise-dirigeants.html?ga_cat=globale&ga_q=U.N.B.L#phrase=U.N.B.L
0,2009-06-31,UNBL.PA,,2009-06-31,Q2,555165500,379332000,175833500,3.15733634375702,4402500.0,127136250,85031000,-942500.0,6978750.0,517719750,6326500.0,0.0,68002000,8.163958412987853,37445750,14.825861412843913,0.0,31261250,17.7589027949938,9240000.0,22021250,25.21044445705852,6.5275,6.44,2097817.0,2126320.0,https://www.infogreffe.com/recherche-entreprise-dirigeants/resultats-entreprise-dirigeants.html?ga_cat=globale&ga_q=U.N.B.L#phrase=U.N.B.L,https://www.infogreffe.com/recherche-entreprise-dirigeants/resultats-entreprise-dirigeants.html?ga_cat=globale&ga_q=U.N.B.L#phrase=U.N.B.L
0,2009-03-31,UNBL.PA,,2009-03-31,Q1,555165500,379332000,175833500,3.15733634375702,4402500.0,127136250,85031000,-942500.0,6978750.0,517719750,6326500.0,0.0,68002000,8.163958412987853,37445750,14.825861412843913,0.0,31261250,17.7589027949938,9240000.0,22021250,25.21044445705852,6.5275,6.44,2097817.0,2126320.0,https://www.infogreffe.com/recherche-entreprise-dirigeants/resultats-entreprise-dirigeants.html?ga_cat=globale&ga_q=U.N.B.L#phrase=U.N.B.L,https://www.infogreffe.com/recherche-entreprise-dirigeants/resultats-entreprise-dirigeants.html?ga_cat=globale&ga_q=U.N.B.L#phrase=U.N.B.L
0,2009-01-31,UNBL.PA,,2009-01-31,Q1,555165500,379332000,175833500,3.15733634375702,4402500.0,127136250,85031000,-942500.0,6978750.0,517719750,6326500.0,0.0,68002000,8.163958412987853,37445750,14.825861412843913,0.0,31261250,17.7589027949938,9240000.0,22021250,25.21044445705852,6.5275,6.44,2097817.0,2126320.0,https://www.infogreffe.com/recherche-entreprise-dirigeants/resultats-entreprise-dirigeants.html?ga_cat=globale&ga_q=U.N.B.L#phrase=U.N.B.L,https://www.infogreffe.com/recherche-entreprise-dirigeants/resultats-entreprise-dirigeants.html?ga_cat=globale&ga_q=U.N.B.L#phrase=U.N.B.L
