,date,symbol,fillingDate,acceptedDate,period,revenue,costOfRevenue,grossProfit,grossProfitRatio,researchAndDevelopmentExpenses,generalAndAdministrativeExpenses,sellingAndMarketingExpenses,otherExpenses,operatingExpenses,costAndExpenses,interestExpense,depreciationAndAmortization,ebitda,ebitdaratio,operatingIncome,operatingIncomeRatio,totalOtherIncomeExpensesNet,incomeBeforeTax,incomeBeforeTaxRatio,incomeTaxExpense,netIncome,netIncomeRatio,eps,epsdiluted,weightedAverageShsOut,weightedAverageShsOutDil,link,finalLink
0,2019-09-31,SABE.PA,,2019-09-31,Q3,20381750,8649250.0,11732500,1.7372043468996377,0.0,3904000.0,0.0,0.0,534250.0,19940250,82750.0,1662500.0,2233750.0,9.124454392837157,441500.0,46.164779161947905,0.0,1265250.0,16.108871764473424,298250.0,966750.0,21.08275148694078,0.288,0.288,3355677.0,3355677.0,https://www.infogreffe.com/recherche-entreprise-dirigeants/resultats-entreprise-dirigeants.html?ga_cat=globale&ga_q=S.A.B.E#phrase=S.A.B.E,https://www.infogreffe.com/recherche-entreprise-dirigeants/resultats-entreprise-dirigeants.html?ga_cat=globale&ga_q=S.A.B.E#phrase=S.A.B.E
0,2019-06-31,SABE.PA,,2019-06-31,Q2,20381750,8649250.0,11732500,1.7372043468996377,0.0,3904000.0,0.0,0.0,534250.0,19940250,82750.0,1662500.0,2233750.0,9.124454392837157,441500.0,46.164779161947905,0.0,1265250.0,16.108871764473424,298250.0,966750.0,21.08275148694078,0.288,0.288,3355677.0,3355677.0,https://www.infogreffe.com/recherche-entreprise-dirigeants/resultats-entreprise-dirigeants.html?ga_cat=globale&ga_q=S.A.B.E#phrase=S.A.B.E,https://www.infogreffe.com/recherche-entreprise-dirigeants/resultats-entreprise-dirigeants.html?ga_cat=globale&ga_q=S.A.B.E#phrase=S.A.B.E
0,2019-03-31,SABE.PA,,2019-03-31,Q1,20381750,8649250.0,11732500,1.7372043468996377,0.0,3904000.0,0.0,0.0,534250.0,19940250,82750.0,1662500.0,2233750.0,9.124454392837157,441500.0,46.164779161947905,0.0,1265250.0,16.108871764473424,298250.0,966750.0,21.08275148694078,0.288,0.288,3355677.0,3355677.0,https://www.infogreffe.com/recherche-entreprise-dirigeants/resultats-entreprise-dirigeants.html?ga_cat=globale&ga_q=S.A.B.E#phrase=S.A.B.E,https://www.infogreffe.com/recherche-entreprise-dirigeants/resultats-entreprise-dirigeants.html?ga_cat=globale&ga_q=S.A.B.E#phrase=S.A.B.E
0,2019-01-31,SABE.PA,,2019-01-31,Q1,20381750,8649250.0,11732500,1.7372043468996377,0.0,3904000.0,0.0,0.0,534250.0,19940250,82750.0,1662500.0,2233750.0,9.124454392837157,441500.0,46.164779161947905,0.0,1265250.0,16.108871764473424,298250.0,966750.0,21.08275148694078,0.288,0.288,3355677.0,3355677.0,https://www.infogreffe.com/recherche-entreprise-dirigeants/resultats-entreprise-dirigeants.html?ga_cat=globale&ga_q=S.A.B.E#phrase=S.A.B.E,https://www.infogreffe.com/recherche-entreprise-dirigeants/resultats-entreprise-dirigeants.html?ga_cat=globale&ga_q=S.A.B.E#phrase=S.A.B.E
0,2018-09-31,SABE.PA,,2018-09-31,Q3,18541250,7995250.0,10546000,1.758131044945951,0.0,3767250.0,0.0,0.0,573750.0,18402250,59250.0,1411500.0,1755750.0,10.56030186529973,139000.0,133.39028776978418,0.0,222250.0,83.4251968503937,-23500.0,245500.0,75.5244399185336,0.07325,0.07325,3355677.0,3355677.0,https://www.infogreffe.com/recherche-entreprise-dirigeants/resultats-entreprise-dirigeants.html?ga_cat=globale&ga_q=S.A.B.E#phrase=S.A.B.E,https://www.infogreffe.com/recherche-entreprise-dirigeants/resultats-entreprise-dirigeants.html?ga_cat=globale&ga_q=S.A.B.E#phrase=S.A.B.E
0,2018-06-31,SABE.PA,,2018-06-31,Q2,18541250,7995250.0,10546000,1.758131044945951,0.0,3767250.0,0.0,0.0,573750.0,18402250,59250.0,1411500.0,1755750.0,10.56030186529973,139000.0,133.39028776978418,0.0,222250.0,83.4251968503937,-23500.0,245500.0,75.5244399185336,0.07325,0.07325,3355677.0,3355677.0,https://www.infogreffe.com/recherche-entreprise-dirigeants/resultats-entreprise-dirigeants.html?ga_cat=globale&ga_q=S.A.B.E#phrase=S.A.B.E,https://www.infogreffe.com/recherche-entreprise-dirigeants/resultats-entreprise-dirigeants.html?ga_cat=globale&ga_q=S.A.B.E#phrase=S.A.B.E
0,2018-03-31,SABE.PA,,2018-03-31,Q1,18541250,7995250.0,10546000,1.758131044945951,0.0,3767250.0,0.0,0.0,573750.0,18402250,59250.0,1411500.0,1755750.0,10.56030186529973,139000.0,133.39028776978418,0.0,222250.0,83.4251968503937,-23500.0,245500.0,75.5244399185336,0.07325,0.07325,3355677.0,3355677.0,https://www.infogreffe.com/recherche-entreprise-dirigeants/resultats-entreprise-dirigeants.html?ga_cat=globale&ga_q=S.A.B.E#phrase=S.A.B.E,https://www.infogreffe.com/recherche-entreprise-dirigeants/resultats-entreprise-dirigeants.html?ga_cat=globale&ga_q=S.A.B.E#phrase=S.A.B.E
0,2018-01-31,SABE.PA,,2018-01-31,Q1,18541250,7995250.0,10546000,1.758131044945951,0.0,3767250.0,0.0,0.0,573750.0,18402250,59250.0,1411500.0,1755750.0,10.56030186529973,139000.0,133.39028776978418,0.0,222250.0,83.4251968503937,-23500.0,245500.0,75.5244399185336,0.07325,0.07325,3355677.0,3355677.0,https://www.infogreffe.com/recherche-entreprise-dirigeants/resultats-entreprise-dirigeants.html?ga_cat=globale&ga_q=S.A.B.E#phrase=S.A.B.E,https://www.infogreffe.com/recherche-entreprise-dirigeants/resultats-entreprise-dirigeants.html?ga_cat=globale&ga_q=S.A.B.E#phrase=S.A.B.E
0,2017-09-31,SABE.PA,,2017-09-31,Q3,17751250,7441250.0,10310000,1.7217507274490786,0.0,3929750.0,0.0,0.0,446500.0,17794000,43000.0,1350000.0,1464500.0,12.121031068624104,-42750.0,-415.233918128655,0.0,1123500.0,15.799955496217178,127000.0,996500.0,17.813597591570495,0.297,0.297,3355677.0,3355677.0,https://www.infogreffe.com/recherche-entreprise-dirigeants/resultats-entreprise-dirigeants.html?ga_cat=globale&ga_q=S.A.B.E#phrase=S.A.B.E,https://www.infogreffe.com/recherche-entreprise-dirigeants/resultats-entreprise-dirigeants.html?ga_cat=globale&ga_q=S.A.B.E#phrase=S.A.B.E
0,2017-06-31,SABE.PA,,2017-06-31,Q2,17751250,7441250.0,10310000,1.7217507274490786,0.0,3929750.0,0.0,0.0,446500.0,17794000,43000.0,1350000.0,1464500.0,12.121031068624104,-42750.0,-415.233918128655,0.0,1123500.0,15.799955496217178,127000.0,996500.0,17.813597591570495,0.297,0.297,3355677.0,3355677.0,https://www.infogreffe.com/recherche-entreprise-dirigeants/resultats-entreprise-dirigeants.html?ga_cat=globale&ga_q=S.A.B.E#phrase=S.A.B.E,https://www.infogreffe.com/recherche-entreprise-dirigeants/resultats-entreprise-dirigeants.html?ga_cat=globale&ga_q=S.A.B.E#phrase=S.A.B.E
0,2017-03-31,SABE.PA,,2017-03-31,Q1,17751250,7441250.0,10310000,1.7217507274490786,0.0,3929750.0,0.0,0.0,446500.0,17794000,43000.0,1350000.0,1464500.0,12.121031068624104,-42750.0,-415.233918128655,0.0,1123500.0,15.799955496217178,127000.0,996500.0,17.813597591570495,0.297,0.297,3355677.0,3355677.0,https://www.infogreffe.com/recherche-entreprise-dirigeants/resultats-entreprise-dirigeants.html?ga_cat=globale&ga_q=S.A.B.E#phrase=S.A.B.E,https://www.infogreffe.com/recherche-entreprise-dirigeants/resultats-entreprise-dirigeants.html?ga_cat=globale&ga_q=S.A.B.E#phrase=S.A.B.E
0,2017-01-31,SABE.PA,,2017-01-31,Q1,17751250,7441250.0,10310000,1.7217507274490786,0.0,3929750.0,0.0,0.0,446500.0,17794000,43000.0,1350000.0,1464500.0,12.121031068624104,-42750.0,-415.233918128655,0.0,1123500.0,15.799955496217178,127000.0,996500.0,17.813597591570495,0.297,0.297,3355677.0,3355677.0,https://www.infogreffe.com/recherche-entreprise-dirigeants/resultats-entreprise-dirigeants.html?ga_cat=globale&ga_q=S.A.B.E#phrase=S.A.B.E,https://www.infogreffe.com/recherche-entreprise-dirigeants/resultats-entreprise-dirigeants.html?ga_cat=globale&ga_q=S.A.B.E#phrase=S.A.B.E
0,2016-09-31,SABE.PA,,2016-09-31,Q3,16135250,6543000.0,9592250.0,1.6821131642732414,0.0,3467250.0,0.0,0.0,397000.0,15791000,33750.0,1320250.0,1810000.0,8.914502762430939,344250.0,46.87073347857662,0.0,410500.0,39.306333739342264,49250.0,361250.0,44.66505190311419,0.1075,0.1075,3355677.0,3355677.0,https://www.infogreffe.com/recherche-entreprise-dirigeants/resultats-entreprise-dirigeants.html?ga_cat=globale&ga_q=S.A.B.E#phrase=S.A.B.E,https://www.infogreffe.com/recherche-entreprise-dirigeants/resultats-entreprise-dirigeants.html?ga_cat=globale&ga_q=S.A.B.E#phrase=S.A.B.E
0,2016-06-31,SABE.PA,,2016-06-31,Q2,16135250,6543000.0,9592250.0,1.6821131642732414,0.0,3467250.0,0.0,0.0,397000.0,15791000,33750.0,1320250.0,1810000.0,8.914502762430939,344250.0,46.87073347857662,0.0,410500.0,39.306333739342264,49250.0,361250.0,44.66505190311419,0.1075,0.1075,3355677.0,3355677.0,https://www.infogreffe.com/recherche-entreprise-dirigeants/resultats-entreprise-dirigeants.html?ga_cat=globale&ga_q=S.A.B.E#phrase=S.A.B.E,https://www.infogreffe.com/recherche-entreprise-dirigeants/resultats-entreprise-dirigeants.html?ga_cat=globale&ga_q=S.A.B.E#phrase=S.A.B.E
0,2016-03-31,SABE.PA,,2016-03-31,Q1,16135250,6543000.0,9592250.0,1.6821131642732414,0.0,3467250.0,0.0,0.0,397000.0,15791000,33750.0,1320250.0,1810000.0,8.914502762430939,344250.0,46.87073347857662,0.0,410500.0,39.306333739342264,49250.0,361250.0,44.66505190311419,0.1075,0.1075,3355677.0,3355677.0,https://www.infogreffe.com/recherche-entreprise-dirigeants/resultats-entreprise-dirigeants.html?ga_cat=globale&ga_q=S.A.B.E#phrase=S.A.B.E,https://www.infogreffe.com/recherche-entreprise-dirigeants/resultats-entreprise-dirigeants.html?ga_cat=globale&ga_q=S.A.B.E#phrase=S.A.B.E
0,2016-01-31,SABE.PA,,2016-01-31,Q1,16135250,6543000.0,9592250.0,1.6821131642732414,0.0,3467250.0,0.0,0.0,397000.0,15791000,33750.0,1320250.0,1810000.0,8.914502762430939,344250.0,46.87073347857662,0.0,410500.0,39.306333739342264,49250.0,361250.0,44.66505190311419,0.1075,0.1075,3355677.0,3355677.0,https://www.infogreffe.com/recherche-entreprise-dirigeants/resultats-entreprise-dirigeants.html?ga_cat=globale&ga_q=S.A.B.E#phrase=S.A.B.E,https://www.infogreffe.com/recherche-entreprise-dirigeants/resultats-entreprise-dirigeants.html?ga_cat=globale&ga_q=S.A.B.E#phrase=S.A.B.E
0,2015-09-31,SABE.PA,,2015-09-31,Q3,14678000,6160000.0,8518000.0,1.7231744540972058,0.0,3374750.0,0.0,0.0,408250.0,14817500,22000.0,1121750.0,1098250.0,13.36489870248122,-139500.0,-105.21863799283155,0.0,3971250.0,3.69606547056972,1265750.0,2658500.0,5.521158548053414,0.79225,0.79225,3355677.0,3355677.0,https://www.infogreffe.com/recherche-entreprise-dirigeants/resultats-entreprise-dirigeants.html?ga_cat=globale&ga_q=S.A.B.E#phrase=S.A.B.E,https://www.infogreffe.com/recherche-entreprise-dirigeants/resultats-entreprise-dirigeants.html?ga_cat=globale&ga_q=S.A.B.E#phrase=S.A.B.E
0,2015-06-31,SABE.PA,,2015-06-31,Q2,14678000,6160000.0,8518000.0,1.7231744540972058,0.0,3374750.0,0.0,0.0,408250.0,14817500,22000.0,1121750.0,1098250.0,13.36489870248122,-139500.0,-105.21863799283155,0.0,3971250.0,3.69606547056972,1265750.0,2658500.0,5.521158548053414,0.79225,0.79225,3355677.0,3355677.0,https://www.infogreffe.com/recherche-entreprise-dirigeants/resultats-entreprise-dirigeants.html?ga_cat=globale&ga_q=S.A.B.E#phrase=S.A.B.E,https://www.infogreffe.com/recherche-entreprise-dirigeants/resultats-entreprise-dirigeants.html?ga_cat=globale&ga_q=S.A.B.E#phrase=S.A.B.E
0,2015-03-31,SABE.PA,,2015-03-31,Q1,14678000,6160000.0,8518000.0,1.7231744540972058,0.0,3374750.0,0.0,0.0,408250.0,14817500,22000.0,1121750.0,1098250.0,13.36489870248122,-139500.0,-105.21863799283155,0.0,3971250.0,3.69606547056972,1265750.0,2658500.0,5.521158548053414,0.79225,0.79225,3355677.0,3355677.0,https://www.infogreffe.com/recherche-entreprise-dirigeants/resultats-entreprise-dirigeants.html?ga_cat=globale&ga_q=S.A.B.E#phrase=S.A.B.E,https://www.infogreffe.com/recherche-entreprise-dirigeants/resultats-entreprise-dirigeants.html?ga_cat=globale&ga_q=S.A.B.E#phrase=S.A.B.E
0,2015-01-31,SABE.PA,,2015-01-31,Q1,14678000,6160000.0,8518000.0,1.7231744540972058,0.0,3374750.0,0.0,0.0,408250.0,14817500,22000.0,1121750.0,1098250.0,13.36489870248122,-139500.0,-105.21863799283155,0.0,3971250.0,3.69606547056972,1265750.0,2658500.0,5.521158548053414,0.79225,0.79225,3355677.0,3355677.0,https://www.infogreffe.com/recherche-entreprise-dirigeants/resultats-entreprise-dirigeants.html?ga_cat=globale&ga_q=S.A.B.E#phrase=S.A.B.E,https://www.infogreffe.com/recherche-entreprise-dirigeants/resultats-entreprise-dirigeants.html?ga_cat=globale&ga_q=S.A.B.E#phrase=S.A.B.E
0,2014-09-31,SABE.PA,,2014-09-31,Q3,14362000,5985000.0,8377000.0,1.7144562492539095,0.0,3089750.0,0.0,0.0,382750.0,14043000,8500.0,1052250.0,1496000.0,9.600267379679144,319000.0,45.02194357366771,0.0,579000.0,24.80483592400691,144250.0,433750.0,33.11123919308358,0.12925,0.12925,3355677.0,3355677.0,https://www.infogreffe.com/recherche-entreprise-dirigeants/resultats-entreprise-dirigeants.html?ga_cat=globale&ga_q=S.A.B.E#phrase=S.A.B.E,https://www.infogreffe.com/recherche-entreprise-dirigeants/resultats-entreprise-dirigeants.html?ga_cat=globale&ga_q=S.A.B.E#phrase=S.A.B.E
0,2014-06-31,SABE.PA,,2014-06-31,Q2,14362000,5985000.0,8377000.0,1.7144562492539095,0.0,3089750.0,0.0,0.0,382750.0,14043000,8500.0,1052250.0,1496000.0,9.600267379679144,319000.0,45.02194357366771,0.0,579000.0,24.80483592400691,144250.0,433750.0,33.11123919308358,0.12925,0.12925,3355677.0,3355677.0,https://www.infogreffe.com/recherche-entreprise-dirigeants/resultats-entreprise-dirigeants.html?ga_cat=globale&ga_q=S.A.B.E#phrase=S.A.B.E,https://www.infogreffe.com/recherche-entreprise-dirigeants/resultats-entreprise-dirigeants.html?ga_cat=globale&ga_q=S.A.B.E#phrase=S.A.B.E
0,2014-03-31,SABE.PA,,2014-03-31,Q1,14362000,5985000.0,8377000.0,1.7144562492539095,0.0,3089750.0,0.0,0.0,382750.0,14043000,8500.0,1052250.0,1496000.0,9.600267379679144,319000.0,45.02194357366771,0.0,579000.0,24.80483592400691,144250.0,433750.0,33.11123919308358,0.12925,0.12925,3355677.0,3355677.0,https://www.infogreffe.com/recherche-entreprise-dirigeants/resultats-entreprise-dirigeants.html?ga_cat=globale&ga_q=S.A.B.E#phrase=S.A.B.E,https://www.infogreffe.com/recherche-entreprise-dirigeants/resultats-entreprise-dirigeants.html?ga_cat=globale&ga_q=S.A.B.E#phrase=S.A.B.E
0,2014-01-31,SABE.PA,,2014-01-31,Q1,14362000,5985000.0,8377000.0,1.7144562492539095,0.0,3089750.0,0.0,0.0,382750.0,14043000,8500.0,1052250.0,1496000.0,9.600267379679144,319000.0,45.02194357366771,0.0,579000.0,24.80483592400691,144250.0,433750.0,33.11123919308358,0.12925,0.12925,3355677.0,3355677.0,https://www.infogreffe.com/recherche-entreprise-dirigeants/resultats-entreprise-dirigeants.html?ga_cat=globale&ga_q=S.A.B.E#phrase=S.A.B.E,https://www.infogreffe.com/recherche-entreprise-dirigeants/resultats-entreprise-dirigeants.html?ga_cat=globale&ga_q=S.A.B.E#phrase=S.A.B.E
0,2013-09-31,SABE.PA,,2013-09-31,Q3,13490500,5526250.0,7964250.0,1.69388203534545,0.0,2949000.0,0.0,0.0,378750.0,13197250,9500.0,1054250.0,1576250.0,8.558604282315622,293250.0,46.00341005967604,0.0,495500.0,27.22603430877901,129500.0,367750.0,36.68388851121686,0.108,0.108,3402247.0,3402247.0,https://www.infogreffe.com/recherche-entreprise-dirigeants/resultats-entreprise-dirigeants.html?ga_cat=globale&ga_q=S.A.B.E#phrase=S.A.B.E,https://www.infogreffe.com/recherche-entreprise-dirigeants/resultats-entreprise-dirigeants.html?ga_cat=globale&ga_q=S.A.B.E#phrase=S.A.B.E
0,2013-06-31,SABE.PA,,2013-06-31,Q2,13490500,5526250.0,7964250.0,1.69388203534545,0.0,2949000.0,0.0,0.0,378750.0,13197250,9500.0,1054250.0,1576250.0,8.558604282315622,293250.0,46.00341005967604,0.0,495500.0,27.22603430877901,129500.0,367750.0,36.68388851121686,0.108,0.108,3402247.0,3402247.0,https://www.infogreffe.com/recherche-entreprise-dirigeants/resultats-entreprise-dirigeants.html?ga_cat=globale&ga_q=S.A.B.E#phrase=S.A.B.E,https://www.infogreffe.com/recherche-entreprise-dirigeants/resultats-entreprise-dirigeants.html?ga_cat=globale&ga_q=S.A.B.E#phrase=S.A.B.E
0,2013-03-31,SABE.PA,,2013-03-31,Q1,13490500,5526250.0,7964250.0,1.69388203534545,0.0,2949000.0,0.0,0.0,378750.0,13197250,9500.0,1054250.0,1576250.0,8.558604282315622,293250.0,46.00341005967604,0.0,495500.0,27.22603430877901,129500.0,367750.0,36.68388851121686,0.108,0.108,3402247.0,3402247.0,https://www.infogreffe.com/recherche-entreprise-dirigeants/resultats-entreprise-dirigeants.html?ga_cat=globale&ga_q=S.A.B.E#phrase=S.A.B.E,https://www.infogreffe.com/recherche-entreprise-dirigeants/resultats-entreprise-dirigeants.html?ga_cat=globale&ga_q=S.A.B.E#phrase=S.A.B.E
0,2013-01-31,SABE.PA,,2013-01-31,Q1,13490500,5526250.0,7964250.0,1.69388203534545,0.0,2949000.0,0.0,0.0,378750.0,13197250,9500.0,1054250.0,1576250.0,8.558604282315622,293250.0,46.00341005967604,0.0,495500.0,27.22603430877901,129500.0,367750.0,36.68388851121686,0.108,0.108,3402247.0,3402247.0,https://www.infogreffe.com/recherche-entreprise-dirigeants/resultats-entreprise-dirigeants.html?ga_cat=globale&ga_q=S.A.B.E#phrase=S.A.B.E,https://www.infogreffe.com/recherche-entreprise-dirigeants/resultats-entreprise-dirigeants.html?ga_cat=globale&ga_q=S.A.B.E#phrase=S.A.B.E
0,2012-09-31,SABE.PA,,2012-09-31,Q3,12129500,5116500.0,7013000.0,1.7295736489376872,0.0,2680250.0,0.0,0.0,618500.0,12610000,18000.0,1061500.0,833250.0,14.556855685568557,-480500.0,-25.243496357960456,0.0,-128750.0,-94.20970873786408,-124250.0,-3000.0,-4043.1666666666665,-0.001,-0.001,3408303.0,3408303.0,https://www.infogreffe.com/recherche-entreprise-dirigeants/resultats-entreprise-dirigeants.html?ga_cat=globale&ga_q=S.A.B.E#phrase=S.A.B.E,https://www.infogreffe.com/recherche-entreprise-dirigeants/resultats-entreprise-dirigeants.html?ga_cat=globale&ga_q=S.A.B.E#phrase=S.A.B.E
0,2012-06-31,SABE.PA,,2012-06-31,Q2,12129500,5116500.0,7013000.0,1.7295736489376872,0.0,2680250.0,0.0,0.0,618500.0,12610000,18000.0,1061500.0,833250.0,14.556855685568557,-480500.0,-25.243496357960456,0.0,-128750.0,-94.20970873786408,-124250.0,-3000.0,-4043.1666666666665,-0.001,-0.001,3408303.0,3408303.0,https://www.infogreffe.com/recherche-entreprise-dirigeants/resultats-entreprise-dirigeants.html?ga_cat=globale&ga_q=S.A.B.E#phrase=S.A.B.E,https://www.infogreffe.com/recherche-entreprise-dirigeants/resultats-entreprise-dirigeants.html?ga_cat=globale&ga_q=S.A.B.E#phrase=S.A.B.E
0,2012-03-31,SABE.PA,,2012-03-31,Q1,12129500,5116500.0,7013000.0,1.7295736489376872,0.0,2680250.0,0.0,0.0,618500.0,12610000,18000.0,1061500.0,833250.0,14.556855685568557,-480500.0,-25.243496357960456,0.0,-128750.0,-94.20970873786408,-124250.0,-3000.0,-4043.1666666666665,-0.001,-0.001,3408303.0,3408303.0,https://www.infogreffe.com/recherche-entreprise-dirigeants/resultats-entreprise-dirigeants.html?ga_cat=globale&ga_q=S.A.B.E#phrase=S.A.B.E,https://www.infogreffe.com/recherche-entreprise-dirigeants/resultats-entreprise-dirigeants.html?ga_cat=globale&ga_q=S.A.B.E#phrase=S.A.B.E
0,2012-01-31,SABE.PA,,2012-01-31,Q1,12129500,5116500.0,7013000.0,1.7295736489376872,0.0,2680250.0,0.0,0.0,618500.0,12610000,18000.0,1061500.0,833250.0,14.556855685568557,-480500.0,-25.243496357960456,0.0,-128750.0,-94.20970873786408,-124250.0,-3000.0,-4043.1666666666665,-0.001,-0.001,3408303.0,3408303.0,https://www.infogreffe.com/recherche-entreprise-dirigeants/resultats-entreprise-dirigeants.html?ga_cat=globale&ga_q=S.A.B.E#phrase=S.A.B.E,https://www.infogreffe.com/recherche-entreprise-dirigeants/resultats-entreprise-dirigeants.html?ga_cat=globale&ga_q=S.A.B.E#phrase=S.A.B.E
0,2011-09-31,SABE.PA,,2011-09-31,Q3,11550250,4753750.0,6796500.0,1.6994408886927095,0.0,0.0,0.0,0.0,2896000.0,11139000,0.0,1183500.0,1605250.0,7.195296682759695,411250.0,28.085714285714285,0.0,559250.0,20.65310683951721,159500.0,393250.0,29.371265098537826,0.11,0.11,3582546.0,3582546.0,https://www.infogreffe.com/recherche-entreprise-dirigeants/resultats-entreprise-dirigeants.html?ga_cat=globale&ga_q=S.A.B.E#phrase=S.A.B.E,https://www.infogreffe.com/recherche-entreprise-dirigeants/resultats-entreprise-dirigeants.html?ga_cat=globale&ga_q=S.A.B.E#phrase=S.A.B.E
0,2011-06-31,SABE.PA,,2011-06-31,Q2,11550250,4753750.0,6796500.0,1.6994408886927095,0.0,0.0,0.0,0.0,2896000.0,11139000,0.0,1183500.0,1605250.0,7.195296682759695,411250.0,28.085714285714285,0.0,559250.0,20.65310683951721,159500.0,393250.0,29.371265098537826,0.11,0.11,3582546.0,3582546.0,https://www.infogreffe.com/recherche-entreprise-dirigeants/resultats-entreprise-dirigeants.html?ga_cat=globale&ga_q=S.A.B.E#phrase=S.A.B.E,https://www.infogreffe.com/recherche-entreprise-dirigeants/resultats-entreprise-dirigeants.html?ga_cat=globale&ga_q=S.A.B.E#phrase=S.A.B.E
0,2011-03-31,SABE.PA,,2011-03-31,Q1,11550250,4753750.0,6796500.0,1.6994408886927095,0.0,0.0,0.0,0.0,2896000.0,11139000,0.0,1183500.0,1605250.0,7.195296682759695,411250.0,28.085714285714285,0.0,559250.0,20.65310683951721,159500.0,393250.0,29.371265098537826,0.11,0.11,3582546.0,3582546.0,https://www.infogreffe.com/recherche-entreprise-dirigeants/resultats-entreprise-dirigeants.html?ga_cat=globale&ga_q=S.A.B.E#phrase=S.A.B.E,https://www.infogreffe.com/recherche-entreprise-dirigeants/resultats-entreprise-dirigeants.html?ga_cat=globale&ga_q=S.A.B.E#phrase=S.A.B.E
0,2011-01-31,SABE.PA,,2011-01-31,Q1,11550250,4753750.0,6796500.0,1.6994408886927095,0.0,0.0,0.0,0.0,2896000.0,11139000,0.0,1183500.0,1605250.0,7.195296682759695,411250.0,28.085714285714285,0.0,559250.0,20.65310683951721,159500.0,393250.0,29.371265098537826,0.11,0.11,3582546.0,3582546.0,https://www.infogreffe.com/recherche-entreprise-dirigeants/resultats-entreprise-dirigeants.html?ga_cat=globale&ga_q=S.A.B.E#phrase=S.A.B.E,https://www.infogreffe.com/recherche-entreprise-dirigeants/resultats-entreprise-dirigeants.html?ga_cat=globale&ga_q=S.A.B.E#phrase=S.A.B.E
0,2010-09-31,SABE.PA,,2010-09-31,Q3,11711250,4627500.0,7083750.0,1.653255690841715,0.0,2843000.0,0.0,233500.0,92500.0,11524750,0.0,1174000.0,1167500.0,10.031049250535332,186500.0,62.79490616621984,0.0,525000.0,22.307142857142857,169500.0,355500.0,32.94303797468354,0.095,0.095,3779206.0,3779206.0,https://www.infogreffe.com/recherche-entreprise-dirigeants/resultats-entreprise-dirigeants.html?ga_cat=globale&ga_q=S.A.B.E#phrase=S.A.B.E,https://www.infogreffe.com/recherche-entreprise-dirigeants/resultats-entreprise-dirigeants.html?ga_cat=globale&ga_q=S.A.B.E#phrase=S.A.B.E
0,2010-06-31,SABE.PA,,2010-06-31,Q2,11711250,4627500.0,7083750.0,1.653255690841715,0.0,2843000.0,0.0,233500.0,92500.0,11524750,0.0,1174000.0,1167500.0,10.031049250535332,186500.0,62.79490616621984,0.0,525000.0,22.307142857142857,169500.0,355500.0,32.94303797468354,0.095,0.095,3779206.0,3779206.0,https://www.infogreffe.com/recherche-entreprise-dirigeants/resultats-entreprise-dirigeants.html?ga_cat=globale&ga_q=S.A.B.E#phrase=S.A.B.E,https://www.infogreffe.com/recherche-entreprise-dirigeants/resultats-entreprise-dirigeants.html?ga_cat=globale&ga_q=S.A.B.E#phrase=S.A.B.E
0,2010-03-31,SABE.PA,,2010-03-31,Q1,11711250,4627500.0,7083750.0,1.653255690841715,0.0,2843000.0,0.0,233500.0,92500.0,11524750,0.0,1174000.0,1167500.0,10.031049250535332,186500.0,62.79490616621984,0.0,525000.0,22.307142857142857,169500.0,355500.0,32.94303797468354,0.095,0.095,3779206.0,3779206.0,https://www.infogreffe.com/recherche-entreprise-dirigeants/resultats-entreprise-dirigeants.html?ga_cat=globale&ga_q=S.A.B.E#phrase=S.A.B.E,https://www.infogreffe.com/recherche-entreprise-dirigeants/resultats-entreprise-dirigeants.html?ga_cat=globale&ga_q=S.A.B.E#phrase=S.A.B.E
0,2010-01-31,SABE.PA,,2010-01-31,Q1,11711250,4627500.0,7083750.0,1.653255690841715,0.0,2843000.0,0.0,233500.0,92500.0,11524750,0.0,1174000.0,1167500.0,10.031049250535332,186500.0,62.79490616621984,0.0,525000.0,22.307142857142857,169500.0,355500.0,32.94303797468354,0.095,0.095,3779206.0,3779206.0,https://www.infogreffe.com/recherche-entreprise-dirigeants/resultats-entreprise-dirigeants.html?ga_cat=globale&ga_q=S.A.B.E#phrase=S.A.B.E,https://www.infogreffe.com/recherche-entreprise-dirigeants/resultats-entreprise-dirigeants.html?ga_cat=globale&ga_q=S.A.B.E#phrase=S.A.B.E
0,2009-09-31,SABE.PA,,2009-09-31,Q3,11877750,4898250.0,6979500.0,1.70180528691167,0.0,2356500.0,0.0,0.0,436750.0,11463750,102000.0,1162000.0,1904500.0,6.236676292990286,414000.0,28.690217391304348,0.0,579250.0,20.505394907207595,176250.0,402000.0,29.546641791044777,0.1075,0.1075,3779206.0,3779206.0,https://www.infogreffe.com/recherche-entreprise-dirigeants/resultats-entreprise-dirigeants.html?ga_cat=globale&ga_q=S.A.B.E#phrase=S.A.B.E,https://www.infogreffe.com/recherche-entreprise-dirigeants/resultats-entreprise-dirigeants.html?ga_cat=globale&ga_q=S.A.B.E#phrase=S.A.B.E
0,2009-06-31,SABE.PA,,2009-06-31,Q2,11877750,4898250.0,6979500.0,1.70180528691167,0.0,2356500.0,0.0,0.0,436750.0,11463750,102000.0,1162000.0,1904500.0,6.236676292990286,414000.0,28.690217391304348,0.0,579250.0,20.505394907207595,176250.0,402000.0,29.546641791044777,0.1075,0.1075,3779206.0,3779206.0,https://www.infogreffe.com/recherche-entreprise-dirigeants/resultats-entreprise-dirigeants.html?ga_cat=globale&ga_q=S.A.B.E#phrase=S.A.B.E,https://www.infogreffe.com/recherche-entreprise-dirigeants/resultats-entreprise-dirigeants.html?ga_cat=globale&ga_q=S.A.B.E#phrase=S.A.B.E
0,2009-03-31,SABE.PA,,2009-03-31,Q1,11877750,4898250.0,6979500.0,1.70180528691167,0.0,2356500.0,0.0,0.0,436750.0,11463750,102000.0,1162000.0,1904500.0,6.236676292990286,414000.0,28.690217391304348,0.0,579250.0,20.505394907207595,176250.0,402000.0,29.546641791044777,0.1075,0.1075,3779206.0,3779206.0,https://www.infogreffe.com/recherche-entreprise-dirigeants/resultats-entreprise-dirigeants.html?ga_cat=globale&ga_q=S.A.B.E#phrase=S.A.B.E,https://www.infogreffe.com/recherche-entreprise-dirigeants/resultats-entreprise-dirigeants.html?ga_cat=globale&ga_q=S.A.B.E#phrase=S.A.B.E
0,2009-01-31,SABE.PA,,2009-01-31,Q1,11877750,4898250.0,6979500.0,1.70180528691167,0.0,2356500.0,0.0,0.0,436750.0,11463750,102000.0,1162000.0,1904500.0,6.236676292990286,414000.0,28.690217391304348,0.0,579250.0,20.505394907207595,176250.0,402000.0,29.546641791044777,0.1075,0.1075,3779206.0,3779206.0,https://www.infogreffe.com/recherche-entreprise-dirigeants/resultats-entreprise-dirigeants.html?ga_cat=globale&ga_q=S.A.B.E#phrase=S.A.B.E,https://www.infogreffe.com/recherche-entreprise-dirigeants/resultats-entreprise-dirigeants.html?ga_cat=globale&ga_q=S.A.B.E#phrase=S.A.B.E
0,2008-09-31,SABE.PA,,2008-09-31,Q3,11504250,5188750.0,6315500.0,1.8215897395297285,0.0,2468250.0,0.0,2080500.0,686000.0,11614250,137750.0,1141000.0,3505000.0,3.2822396576319544,-110000.0,-104.5840909090909,0.0,2226250.0,5.167546322290848,724750.0,1473250.0,7.808756151366027,0.375,0.375,3933798.0,3933798.0,https://www.infogreffe.com/recherche-entreprise-dirigeants/resultats-entreprise-dirigeants.html?ga_cat=globale&ga_q=S.A.B.E#phrase=S.A.B.E,https://www.infogreffe.com/recherche-entreprise-dirigeants/resultats-entreprise-dirigeants.html?ga_cat=globale&ga_q=S.A.B.E#phrase=S.A.B.E
0,2008-06-31,SABE.PA,,2008-06-31,Q2,11504250,5188750.0,6315500.0,1.8215897395297285,0.0,2468250.0,0.0,2080500.0,686000.0,11614250,137750.0,1141000.0,3505000.0,3.2822396576319544,-110000.0,-104.5840909090909,0.0,2226250.0,5.167546322290848,724750.0,1473250.0,7.808756151366027,0.375,0.375,3933798.0,3933798.0,https://www.infogreffe.com/recherche-entreprise-dirigeants/resultats-entreprise-dirigeants.html?ga_cat=globale&ga_q=S.A.B.E#phrase=S.A.B.E,https://www.infogreffe.com/recherche-entreprise-dirigeants/resultats-entreprise-dirigeants.html?ga_cat=globale&ga_q=S.A.B.E#phrase=S.A.B.E
0,2008-03-31,SABE.PA,,2008-03-31,Q1,11504250,5188750.0,6315500.0,1.8215897395297285,0.0,2468250.0,0.0,2080500.0,686000.0,11614250,137750.0,1141000.0,3505000.0,3.2822396576319544,-110000.0,-104.5840909090909,0.0,2226250.0,5.167546322290848,724750.0,1473250.0,7.808756151366027,0.375,0.375,3933798.0,3933798.0,https://www.infogreffe.com/recherche-entreprise-dirigeants/resultats-entreprise-dirigeants.html?ga_cat=globale&ga_q=S.A.B.E#phrase=S.A.B.E,https://www.infogreffe.com/recherche-entreprise-dirigeants/resultats-entreprise-dirigeants.html?ga_cat=globale&ga_q=S.A.B.E#phrase=S.A.B.E
0,2008-01-31,SABE.PA,,2008-01-31,Q1,11504250,5188750.0,6315500.0,1.8215897395297285,0.0,2468250.0,0.0,2080500.0,686000.0,11614250,137750.0,1141000.0,3505000.0,3.2822396576319544,-110000.0,-104.5840909090909,0.0,2226250.0,5.167546322290848,724750.0,1473250.0,7.808756151366027,0.375,0.375,3933798.0,3933798.0,https://www.infogreffe.com/recherche-entreprise-dirigeants/resultats-entreprise-dirigeants.html?ga_cat=globale&ga_q=S.A.B.E#phrase=S.A.B.E,https://www.infogreffe.com/recherche-entreprise-dirigeants/resultats-entreprise-dirigeants.html?ga_cat=globale&ga_q=S.A.B.E#phrase=S.A.B.E
