,date,symbol,fillingDate,acceptedDate,period,revenue,costOfRevenue,grossProfit,grossProfitRatio,researchAndDevelopmentExpenses,generalAndAdministrativeExpenses,sellingAndMarketingExpenses,otherExpenses,operatingExpenses,costAndExpenses,interestExpense,depreciationAndAmortization,ebitda,ebitdaratio,operatingIncome,operatingIncomeRatio,totalOtherIncomeExpensesNet,incomeBeforeTax,incomeBeforeTaxRatio,incomeTaxExpense,netIncome,netIncomeRatio,eps,epsdiluted,weightedAverageShsOut,weightedAverageShsOutDil,link,finalLink
0,2020-09-26,JJSF,2020-11-25,2020-11-25 13:08:13,Q4,807475000,606244000,201231.0,0.24921019226601443,0.0,0.0,63025000,101592.0,164617000,770861000,77000.0,12477000,49091000,0.060795690269048575,36614.0,4.5343818694077215e-05,54.0,39593.0,4.903309699990712e-05,0.0,39593.0,4.903309699990712e-05,2.096198644642101,2.096198644642101,18888000,18888000,https://www.sec.gov/Archives/edgar/data/785956/000143774920024447/0001437749-20-024447-index.htm,https://www.sec.gov/Archives/edgar/data/785956/000143774920024447/jjsf20200926_10k.htm
0,2020-06-27,JJSF,2020-07-31,2020-07-31 12:28:41,Q3,214563000,177367000,37196000,0.17335700936321732,0.0,51598000,21952000,-32000.0,56616000.000000015,233983000,1293000.0,13382000.000000004,-3451999.999999997,-0.016089,-19420000,-0.09051,-54000.0,-18127000,-0.084483,-5480000.0,-12647000,-0.058943,-0.66958,-0.66958,18888000,18888000,https://www.sec.gov/Archives/edgar/data/785956/000143774920016136/0001437749-20-016136-index.htm,https://www.sec.gov/Archives/edgar/data/785956/000143774920016136/jjsf20200630_10q.htm
0,2020-03-28,JJSF,2020-05-01 00:00:00,2020-05-01 16:03:55,Q2,272042000,202599000,69443000,0.255266,0.0,58856000,23848000,-457000.0,58461000.00000001,261060000,-440000.0,13756999.999999998,23858999.999999996,0.087703,10982000,0.040369,0.0,10542000,0.038751,3233000.0,7309000.0,0.026867,0.3844,0.3844,19014000,19014000,https://www.sec.gov/Archives/edgar/data/785956/000143774920009137/0001437749-20-009137-index.html,https://www.sec.gov/Archives/edgar/data/785956/000143774920009137/jjsf20200328_10q.htm
0,2019-12-28,JJSF,2020-01-31 00:00:00,2020-01-31 15:23:01,Q1,282897000,205036000,77861000,0.275227,0.0,55892000,22732000,230000.0,56158000.000000015,261194000.00000003,1760000.0,12730000,37953000,0.134158,21703000,0.076717,0.0,23463000,0.082938,6404000.0,17059000,0.060301,0.89109,0.89109,19144000,19144000,https://www.sec.gov/Archives/edgar/data/785956/000143774920001469/0001437749-20-001469-index.html,https://www.sec.gov/Archives/edgar/data/785956/000143774920001469/jjsf20191228_10q.htm
0,2019-09-28,JJSF,2019-11-27 00:00:00,2019-11-27 14:01:05,Q4,311872000,218931000,92941000,0.29801,0.0,61815000,26636000,65000.0,61879999.99999997,280810999.99999994,1926000.0,12649999.999999998,47548000,0.15246,31061000,0.099595,0.0,32987000,0.105771,6905000.0,26067000,0.083582,1.36476,1.36476,19100000,19100000,https://www.sec.gov/Archives/edgar/data/785956/000143774919023629/0001437749-19-023629-index.html,https://www.sec.gov/Archives/edgar/data/785956/000143774919023629/jjsf20190928_10k.htm
0,2019-06-29,JJSF,2019-08-01,2019-08-01 16:02:59,Q3,326701000,225352000,101349000,0.310219,0.0,61513000,26398000,794000.0,62306999.99999999,287659000,3925000.0,12323000.000000002,59215000,0.181251,39042000,0.119504,0.0,42967000,0.131518,12095000,30872000,0.094496,1.62939,1.62939,18947000,18947000,https://www.sec.gov/Archives/edgar/data/785956/000143774919015197/jjsf20190710b_10q.htm,https://www.sec.gov/Archives/edgar/data/785956/000143774919015197/jjsf20190710b_10q.htm
0,2019-03-30,JJSF,2019-05-02 00:00:00,2019-05-02 16:06:34,Q2,276302000,197054000,79248000,0.286817,0.0,54072000,21952000,405000.0,54477000.00000001,251531000,2757000.0,12002000.000000002,42287000,0.153046,24771000,0.089652,0.0,27528000,0.09963,7174000.0,20354000,0.073666,1.07744,1.07744,18891000,18891000,https://www.sec.gov/Archives/edgar/data/785956/000143774919008581/0001437749-19-008581-index.html,https://www.sec.gov/Archives/edgar/data/785956/000143774919008581/jjsf20190330_10q.htm
0,2018-12-29,JJSF,2019-01-31 00:00:00,2019-01-31 16:02:12,Q1,271612000,194749000,76863000,0.282988,0.0,54637000,21442000,144000.0,54781000.00000001,249530000,1013000.0,11635000,36643000,0.134909,22082000,0.0813,0.0,23095000,0.085029,6469000.0,17526000,0.064526,0.92745,0.92745,18897000,18897000,https://www.sec.gov/Archives/edgar/data/785956/000143774919001598/0001437749-19-001598-index.html,https://www.sec.gov/Archives/edgar/data/785956/000143774919001598/jjsf20181229_10q.htm
0,2018-09-29,JJSF,2018-11-28 00:00:00,2018-11-28 14:46:47,Q4,300700000,209500000,91300000,0.303625,0.0,59900000,25733000,300000.0,60100000.00000002,269600000,2400000.0,11900000,49400000,0.164283,31100000,0.103425,300000.0,33600000,0.111739,11700000,23400000,0.077818,1.2381,1.2381,18900000,18900000,https://www.sec.gov/Archives/edgar/data/785956/000143774918021339/0001437749-18-021339-index.html,https://www.sec.gov/Archives/edgar/data/785956/000143774918021339/jjsf20180929_10k.htm
0,2018-06-30,JJSF,2018-08-02 00:00:00,2018-08-02 16:01:19,Q3,306200000,211800000,94500000,0.308622,0.0,59600000,25589000,0.0,59599999.99999996,271399999.99999994,1500000.0,11300000,52600000,0.171783,34900000,0.113978,0.0,36400000,0.118877,13700000,26100000,0.085238,1.3883,1.3883,18800000,18800000,https://www.sec.gov/Archives/edgar/data/785956/000143774918014302/0001437749-18-014302-index.html,https://www.sec.gov/Archives/edgar/data/785956/000143774918014302/jjsf20180630_10q.htm
0,2018-03-31,JJSF,2018-05-03 00:00:00,2018-05-03 16:03:27,Q2,266100000,188800000,77300000,0.290492,0.0,53900000,22507000,-200000.0,53799999.99999998,242599999.99999997,1500000.0,11200000,39600000,0.148816,23500000,0.088313,-200000.0,25000000,0.09395,9100000.0,17800000,0.066892,0.94681,0.94681,18800000,18800000,https://www.sec.gov/Archives/edgar/data/785956/000143774918008537/0001437749-18-008537-index.html,https://www.sec.gov/Archives/edgar/data/785956/000143774918008537/jjsf20180331_10q.htm
0,2017-12-30,JJSF,2018-02-01 00:00:00,2018-02-01 16:01:21,Q1,265200000,191900000,73300000,0.276395,0.0,52100000,21576000,0.0,52099999.99999999,244000000,2000000.0,12000000,58900000,0.222097,21200000,0.07994,0.0,23200000,0.087481,8700000.0,36200000,0.136501,1.92553,1.92553,18800000,18800000,https://www.sec.gov/Archives/edgar/data/785956/000143774918001474/0001437749-18-001474-index.html,https://www.sec.gov/Archives/edgar/data/785956/000143774918001474/jjsf20171229_10q.htm
0,2017-09-30,JJSF,2017-11-28 00:00:00,2017-11-28 15:54:16,Q4,316700000,219200000,97500000,0.307862,0.0,60700000,26959000,0.0,60699999.99999999,279900000,-651000.0,11000000.000000002,48049000,0.151718,36900000,0.116514,0.0,37800000,0.119356,13400000,24300000,0.076729,1.29255,1.29255,18800000,18800000,https://www.sec.gov/Archives/edgar/data/785956/000143774917019872/0001437749-17-019872-index.html,https://www.sec.gov/Archives/edgar/data/785956/000143774917019872/jjsf20170930_10k.htm
0,2017-06-24,JJSF,2017-07-27 00:00:00,2017-07-27 16:02:10,Q3,295400000,200700000,94800000,0.320921,0.0,57000000,25571000,-100000.0,56900000.00000004,257600000.00000003,80000.0,10700000.000000004,49880000,0.168856,37800000,0.127962,-100000.0,39100000,0.132363,13800000,25300000,0.085647,1.34574,1.34574,18800000,18800000,https://www.sec.gov/Archives/edgar/data/785956/000143774917013200/0001437749-17-013200-index.html,https://www.sec.gov/Archives/edgar/data/785956/000143774917013200/jjsf20170630_10q.htm
0,2017-03-25,JJSF,2017-04-27 00:00:00,2017-04-27 16:03:07,Q2,246500000,173700000,72800000,0.295335,0.0,48800000,21529000,0.0,48700000.00000002,222400000.00000003,545000.0,10799999.999999998,36145000,0.146633,24100000,0.097769,0.0,24700000,0.100203,8800000.0,16000000,0.064909,0.85106,0.85106,18800000,18800000,https://www.sec.gov/Archives/edgar/data/785956/000143774917007298/0001437749-17-007298-index.html,https://www.sec.gov/Archives/edgar/data/785956/000143774917007298/jjsf20170325_10q.htm
0,2016-12-24,JJSF,2017-01-26 00:00:00,2017-01-26 16:05:07,Q1,225600000,159700000,65900000,0.29211,0.0,46600000,20335000,0.0,46500000,206200000,26000.0,9899999.999999998,30426000,0.134867,19300000,0.08555,0.0,20500000,0.090869,7000000.0,13500000,0.05984,0.71809,0.71809,18800000,18800000,https://www.sec.gov/Archives/edgar/data/785956/000143774917001150/0001437749-17-001150-index.html,https://www.sec.gov/Archives/edgar/data/785956/000143774917001150/jjsf20161224_10q.htm
0,2016-09-24,JJSF,2016-11-22 00:00:00,2016-11-22 17:30:21,Q4,262200000,182400000,79800000,0.304348,0.0,49000000,22249000,0.0,49099999.99999999,231500000,29000.0,10300000,42029000,0.160294,30700000,0.117086,0.0,31700000,0.1209,11100000,20600000,0.078566,1.09574,1.09574,18800000,18800000,https://www.sec.gov/Archives/edgar/data/785956/000143774916042541/0001437749-16-042541-index.html,https://www.sec.gov/Archives/edgar/data/785956/000143774916042541/jjsf20160817_10k.htm
0,2016-06-25,JJSF,2016-07-28 00:00:00,2016-07-28 16:02:13,Q3,278000000,185900000,92100000,0.331295,0.0,51600000,23721000,19398000,51599999.99999999,237500000,31000.0,10100000,51531000,0.185363,40400000,0.145324,0.0,41400000,0.148921,14600000,26800000,0.096403,1.43316,1.43316,18700000,18700000,https://www.sec.gov/Archives/edgar/data/785956/000143774916035868/0001437749-16-035868-index.html,https://www.sec.gov/Archives/edgar/data/785956/000143774916035868/jjsf20160531_10q.htm
0,2016-03-26,JJSF,2016-04-25 00:00:00,2016-04-25 16:03:29,Q2,229700000,161000000,68700000,0.299086,0.0,45500000,20364000,-100000.0,45400000.00000001,206400000,31000.0,10000000.000000002,34231000,0.149025,23300000,0.101437,-100000.0,24200000,0.105355,8600000.0,15600000,0.067915,0.82979,0.82979,18800000,18800000,https://www.sec.gov/Archives/edgar/data/785956/000143774916029930/0001437749-16-029930-index.html,https://www.sec.gov/Archives/edgar/data/785956/000143774916029930/jjsf20160324_10q.htm
0,2015-12-26,JJSF,2016-01-25 00:00:00,2016-01-25 16:02:33,Q1,222900000,159000000,63800000,0.286227,0.0,45600000,19629000,-100000.0,45500000,204500000,32000.0,9700000.0,29232000,0.131144,18400000,0.082548,-100000.0,19500000,0.087483,6500000.0,13000000,0.058322,0.69149,0.69149,18800000,18800000,https://www.sec.gov/Archives/edgar/data/785956/000143774916024035/0001437749-16-024035-index.html,https://www.sec.gov/Archives/edgar/data/785956/000143774916024035/jjsf20151221_10q.htm
0,2015-09-26,JJSF,2015-11-23 00:00:00,2015-11-23 17:21:24,Q4,259800000,177300000,82400000,0.317167,0.0,49100000,22486000,-300000.0,48799999.99999998,226099999.99999997,38000.0,9899999.999999998,42138000,0.162194,33700000,0.129715,-300000.0,32200000,0.123941,12400000,19800000,0.076212,1.05319,1.05319,18800000,18800000,https://www.sec.gov/Archives/edgar/data/785956/000143774915021364/0001437749-15-021364-index.html,https://www.sec.gov/Archives/edgar/data/785956/000143774915021364/jjsf20150926_10k.htm
0,2015-06-27,JJSF,2015-07-27 00:00:00,2015-07-27 16:03:36,Q3,278700000,188300000,90400000,0.324363,0.0,51500000,23201000,0.0,51599999.99999999,239900000,34000.0,9500000.0,48334000,0.173427,38800000,0.139218,0.0,38700000,0.138859,14300000,24500000,0.087908,1.30319,1.30319,18800000,18800000,https://www.sec.gov/Archives/edgar/data/785956/000143774915014081/0001437749-15-014081-index.html,https://www.sec.gov/Archives/edgar/data/785956/000143774915014081/jjsf20150630_10q.htm
0,2015-03-28,JJSF,2015-04-27 00:00:00,2015-04-27 16:04:14,Q2,225000000,158100000,67000000,0.297778,0.0,45100000,19986000,100000.0,45099999.99999999,203200000,30000.0,9500000.0,32530000,0.144578,21800000,0.096889,100000.0,23100000,0.102667,8400000.0,14600000,0.064889,0.7766,0.7766,18800000,18800000,https://www.sec.gov/Archives/edgar/data/785956/000143774915008099/0001437749-15-008099-index.html,https://www.sec.gov/Archives/edgar/data/785956/000143774915008099/jjsf20150331_10q.htm
0,2014-12-27,JJSF,2015-01-26,2015-01-26 16:04:27,Q1,212800000,151700000,61100000,0.287124,0.0,44500000,19487000,0.0,44400000.00000001,196100000,24000.0,9400000.0,27424000,0.128872,16600000,0.078008,0.0,17900000,0.084117,6700000.0,11300000,0.053102,0.60106,0.60106,18800000,18800000,https://www.sec.gov/Archives/edgar/data/785956/000143774914021361/jjsf20140930_10k.htm,https://www.sec.gov/Archives/edgar/data/785956/000143774914021361/jjsf20140930_10k.htm
0,2014-09-27,JJSF,2014-11-25 00:00:00,2014-11-25 15:07:14,Q4,253500000,171300000,82200000,0.32426,0.0,49300000,21807000,0.0,49299999.99999998,220599999.99999997,26000.0,9599999.999999998,43726000,0.172489,32900000,0.129783,0.0,34100000,0.134517,11900000,22200000,0.087574,1.18717,1.18717,18700000,18700000,https://www.sec.gov/Archives/edgar/data/785956/000143774914021361/0001437749-14-021361-index.html,https://www.sec.gov/Archives/edgar/data/785956/000143774914021361/jjsf20140930_10k.htm
0,2014-06-28,JJSF,2014-07-28 00:00:00,2014-07-28 16:03:35,Q3,257100000,172700000,84400000,0.328277,0.0,48500000,21274000,200000.0,48800000.00000001,221500000,26000.0,9400000.000000002,46226000,0.179798,35700000,0.138856,200000.0,36800000,0.143135,13100000,23700000,0.092182,1.26064,1.26064,18800000,18800000,https://www.sec.gov/Archives/edgar/data/785956/000143774914013441/0001437749-14-013441-index.html,https://www.sec.gov/Archives/edgar/data/785956/000143774914013441/jjsf20140630_10q.htm
0,2014-03-29,JJSF,2014-04-28 00:00:00,2014-04-28 16:01:52,Q2,205300000,144200000,61100000,0.297613,0.0,40700000,17519000,100000.0,40800000.00000001,185000000,27000.0,9100000.0,30427000,0.148208,20300000,0.09888,100000.0,21300000,0.103751,7800000.0,13500000,0.065757,0.71809,0.71809,18800000,18800000,https://www.sec.gov/Archives/edgar/data/785956/000143774914007320/0001437749-14-007320-index.html,https://www.sec.gov/Archives/edgar/data/785956/000143774914007320/jjsf20140331_10q.htm
0,2013-12-28,JJSF,2014-01-27,2014-01-27 16:02:15,Q1,203500000,143600000,59900000,0.294349,0.0,41100000,18032000,800000.0,42000000,185600000,36000.0,9000000.0,28036000,0.137769,18000000,0.088452,800000.0,19100000,0.093857,6600000.0,12400000,0.060934,0.65957,0.65957,18800000,18800000,https://www.sec.gov/Archives/edgar/data/785956/000143774913015349/jjsf20130930_10k.htm,https://www.sec.gov/Archives/edgar/data/785956/000143774913015349/jjsf20130930_10k.htm
0,2013-09-28,JJSF,2013-11-26 00:00:00,2013-11-26 16:35:39,Q4,237900000,162200000,75700000,0.318201,0.0,45100000,20577000,-200000.0,44900000.00000001,207100000,24000.0,8700000.0,40424000,0.16992,30800000,0.129466,-200000.0,31700000,0.133249,11400000,20300000,0.08533,1.07979,1.07979,18800000,18800000,https://www.sec.gov/Archives/edgar/data/785956/000143774913015349/0001437749-13-015349-index.html,https://www.sec.gov/Archives/edgar/data/785956/000143774913015349/jjsf20130930_10k.htm
0,2013-06-29,JJSF,2013-07-29 00:00:00,2013-07-29 16:02:25,Q3,237000000,161700000,75300000,0.317722,0.0,43400000,19554000,-400000.0,43000000,204700000,29000.0,8600000.000000002,41929000,0.176916,32400000,0.136709,-400000.0,33300000,0.140506,12100000,21200000,0.089451,1.12169,1.12169,18900000,18900000,https://www.sec.gov/Archives/edgar/data/785956/000143774913009529/0001437749-13-009529-index.html,https://www.sec.gov/Archives/edgar/data/785956/000143774913009529/jjsf20130618_10q.htm
0,2013-03-30,JJSF,2013-04-29 00:00:00,2013-04-29 16:00:45,Q2,201300000,143200000,58200000,0.289121,0.0,39000000,16809000,0.0,39000000,182200000,28000.0,8300000.0,28428000,0.141222,19200000,0.09538,0.0,20000000,0.099354,7400000.0,12700000,0.06309,0.67196,0.67196,18900000,18900000,https://www.sec.gov/Archives/edgar/data/785956/000143774913004838/0001437749-13-004838-index.html,https://www.sec.gov/Archives/edgar/data/785956/000143774913004838/jjsf_10q-033013.htm
0,2012-12-29,JJSF,2013-01-28 00:00:00,2013-01-28 15:59:55,Q1,191400000,137300000,54100000,0.282654,0.0,39100000,17136000,-100000.0,39000000,176300000,25000.0,8000000.0,23825000,0.124478,15100000,0.078892,-100000.0,15800000,0.08255,5600000.0,10200000,0.053292,0.53968,0.53968,18900000,18900000,https://www.sec.gov/Archives/edgar/data/785956/000143774913000753/0001437749-13-000753-index.html,https://www.sec.gov/Archives/edgar/data/785956/000143774913000753/jjsf_10q-122912.htm
0,2012-09-29,JJSF,2012-11-27 00:00:00,2012-11-27 08:01:25,Q4,242200000,164900000,77300000,0.319158,0.0,46200000,21363000,800000.0,47000000,211900000,200000.0,8099999.999999998,38800000,0.160198,30300000,0.125103,800000.0,30600000,0.126342,11000000,19500000,0.080512,1.03175,1.03175,18900000,18900000,https://www.sec.gov/Archives/edgar/data/785956/000143774912012188/0001437749-12-012188-index.html,https://www.sec.gov/Archives/edgar/data/785956/000143774912012188/jj_10k-092912.htm
0,2012-06-23,JJSF,2012-07-23 00:00:00,2012-07-23 16:01:07,Q3,226300000,153800000,72500000,0.320371,0.0,42800000,19892000,-200000.0,42599999.99999999,196400000,-43000.0,7800000.000000002,38057000,0.168171,29900000,0.132125,-200000.0,30300000,0.133893,11600000,18700000,0.082634,0.98942,0.98942,18900000,18900000,https://www.sec.gov/Archives/edgar/data/785956/000143774912007072/0001437749-12-007072-index.html,https://www.sec.gov/Archives/edgar/data/785956/000143774912007072/jandj_10q-062312.htm
0,2012-03-24,JJSF,2012-04-23,2012-04-23 15:59:51,Q2,189600000,135600000,54000000,0.28481,0.0,37800000,17404000,-100000.0,37700000.00000002,173300000.00000003,4000.0,7499999.999999999,24104000,0.127131,16300000,0.08597,-100000.0,16600000,0.087553,6200000.0,10400000,0.054852,0.55026,0.55026,18900000,18900000,https://www.sec.gov/Archives/edgar/data/785956/000143774912004056/jj_10q-032412.htm,https://www.sec.gov/Archives/edgar/data/785956/000143774912004056/jj_10q-032412.htm
0,2011-12-24,JJSF,2012-01-23 00:00:00,2012-01-23 16:02:44,Q1,172700000,126300000,46400000,0.268674,0.0,37900000,17659000,0.0,37899999.99999999,164200000,39000.0,7600000.000000001,16439000,0.095188,8500000.0,0.049218,0.0,8800000.0,0.050955,3300000.0,5500000.0,0.031847,0.29101,0.29101,18900000,18900000,https://www.sec.gov/Archives/edgar/data/785956/000143774912000751/0001437749-12-000751-index.html,https://www.sec.gov/Archives/edgar/data/785956/000143774912000751/jjsf_10q-122411.htm
0,2011-09-24,JJSF,2011-12-06 00:00:00,2011-12-06 06:04:19,Q4,219400000,152300000,67100000,0.305834,0.0,42600000,19233000,-100000.0,42500000,194800000,32000.0,7599999.999999999,32532000,0.148277,24600000,0.112124,-100000.0,24900000,0.113491,8900000.0,16000000,0.072926,0.84656,0.84656,18900000,18900000,https://www.sec.gov/Archives/edgar/data/785956/000143774911009260/0001437749-11-009260-index.html,https://www.sec.gov/Archives/edgar/data/785956/000143774911009260/jjsf_10k-092411.htm
0,2011-06-25,JJSF,2011-07-25 00:00:00,2011-07-25 16:17:02,Q3,206300000,138800000,67500000,0.327193,0.0,40000000,34405000,500000.0,40500000,179300000,95000.0,7400000.000000001,41295000,0.20017,27100000,0.131362,500000.0,33900000,0.164324,10500000,23300000,0.112942,1.23936,1.23936,18800000,18800000,https://www.sec.gov/Archives/edgar/data/785956/000143774911005041/0001437749-11-005041-index.html,https://www.sec.gov/Archives/edgar/data/785956/000143774911005041/jjsf_10q-062511.htm
0,2011-03-26,JJSF,2011-04-25 00:00:00,2011-04-25 16:31:43,Q2,162700000,113700000,49000000,0.301168,0.0,35000000,16260000,100000.0,35100000.00000001,148800000,36000.0,7600000.0,21836000,0.13421,14000000,0.086048,100000.0,14100000,0.086663,5500000.0,8700000.0,0.053473,0.46277,0.46277,18800000,18800000,https://www.sec.gov/Archives/edgar/data/785956/000114420411023800/0001144204-11-023800-index.html,https://www.sec.gov/Archives/edgar/data/785956/000114420411023800/v219423_10q.htm
0,2010-12-25,JJSF,2011-01-20,2011-01-20 16:06:33,Q1,155600000,109500000,46100000,0.296272,0.0,35200000,16682000,0.0,35199999.99999999,144700000,36000.0,7600000.0,18836000,0.121054,11000000,0.070694,0.0,11200000,0.071979,4100000.0,7100000.0,0.04563,0.37968,0.37968,18700000,18700000,https://www.sec.gov/Archives/edgar/data/785956/000114544310002802/d27493.htm,https://www.sec.gov/Archives/edgar/data/785956/000114544310002802/d27493.htm
0,2010-09-25,JJSF,2010-12-07 00:00:00,2010-12-06 17:38:30,Q4,200500000,133600000,66900000,0.333666,0.0,40100000,19875000,2000000.0,42099999.99999999,175700000,20000.0,7899999.999999999,33020000,0.164688,24800000,0.123691,2000000.0,25000000,0.124688,8600000.0,16500000,0.082294,0.88235,0.88235,18700000,18700000,https://www.sec.gov/Archives/edgar/data/785956/000114544310002802/0001145443-10-002802-index.html,https://www.sec.gov/Archives/edgar/data/785956/000114544310002802/d27493.htm
0,2010-06-26,JJSF,2010-07-22 00:00:00,2010-07-22 16:01:52,Q3,189700000,124700000,65000000,0.342646,0.0,38900000,19341000,100000.0,38999999.999999985,163700000,46000.0,7500000.000000001,33846000,0.178419,26100000,0.137586,100000.0,26300000,0.13864,10400000,15900000,0.083817,0.85027,0.85027,18700000,18700000,https://www.sec.gov/Archives/edgar/data/785956/000114420410038992/0001144204-10-038992-index.html,https://www.sec.gov/Archives/edgar/data/785956/000114420410038992/v191175_10q.htm
0,2010-03-27,JJSF,2010-04-22 00:00:00,2010-04-22 16:04:38,Q2,157400000,107600000,49800000,0.316391,0.0,35000000,16428000,0.0,34900000.00000001,142500000,84000.0,7300000.0,22384000,0.142211,14800000,0.094028,0.0,15000000,0.095299,6000000.0,9000000.0,0.057179,0.48128,0.48128,18700000,18700000,https://www.sec.gov/Archives/edgar/data/785956/000114420410021695/0001144204-10-021695-index.html,https://www.sec.gov/Archives/edgar/data/785956/000114420410021695/v181865_10q.htm
0,2009-12-26,JJSF,2010-01-21 00:00:00,2010-01-21 16:00:26,Q1,149100000,103100000,46000000,0.308518,0.0,34500000,16459000,0.0,34500000,137600000,29000.0,7200000.0,19029000,0.127626,11500000,0.077129,0.0,11800000,0.079142,4700000.0,7100000.0,0.047619,0.37968,0.37968,18700000,18700000,https://www.sec.gov/Archives/edgar/data/785956/000114420410002977/0001144204-10-002977-index.html,https://www.sec.gov/Archives/edgar/data/785956/000114420410002977/v171858_10q.htm
0,2009-09-26,JJSF,2009-12-08 00:00:00,2009-12-08 12:21:54,Q4,182800000,121000000,61800000,0.338074,0.0,37900000,18689000,0.0,37900000.00000001,158900000,31000.0,7199999.999999998,31330999.999999996,0.171395,23800000,0.130197,0.0,24200000,0.132385,9300000.0,14800000,0.080963,0.78723,0.78723,18800000,18800000,https://www.sec.gov/Archives/edgar/data/785956/000114544309003257/0001145443-09-003257-index.html,https://www.sec.gov/Archives/edgar/data/785956/000114544309003257/d25747.htm
0,2009-06-27,JJSF,2009-07-23 00:00:00,2009-07-23 16:02:37,Q3,179800000,118700000,61000000,0.339266,0.0,36700000,18226000,0.0,36700000,155400000,27000.0,6900000.0,31527000,0.175345,24400000,0.135706,0.0,24600000,0.136819,9700000.0,14900000,0.08287,0.79679,0.79679,18700000,18700000,https://www.sec.gov/Archives/edgar/data/785956/000114420409038506/0001144204-09-038506-index.html,https://www.sec.gov/Archives/edgar/data/785956/000114420409038506/v155303_10q.htm
0,2009-03-28,JJSF,2009-04-23 00:00:00,2009-04-23 08:32:40,Q2,149400000,104000000,45400000,0.303882,0.0,33500000,16138000,0.0,33500000,137500000,28000.0,6899999.999999999,19028000,0.127363,11900000,0.079652,0.0,12200000,0.08166,4900000.0,7200000.0,0.048193,0.3871,0.3871,18600000,18600000,https://www.sec.gov/Archives/edgar/data/785956/000114420409021934/0001144204-09-021934-index.html,https://www.sec.gov/Archives/edgar/data/785956/000114420409021934/v146932_10q.htm
0,2008-12-27,JJSF,2009-01-22 00:00:00,2009-01-22 16:03:33,Q1,141100000,100500000,40700000,0.288448,0.0,33800000,16440000,0.0,33800000.00000001,134300000,29000.0,6800000.0,14029000,0.099426,6800000.0,0.048193,0.0,7300000.0,0.051736,2900000.0,4300000.0,0.030475,0.22872,0.22872,18800000,18800000,https://www.sec.gov/Archives/edgar/data/785956/000114420409002960/0001144204-09-002960-index.html,https://www.sec.gov/Archives/edgar/data/785956/000114420409002960/v137550_10q.htm
0,2008-09-27,JJSF,2008-12-09 00:00:00,2008-12-09 10:02:00,Q4,177400000,122000000,55400000,0.312289,0.0,37500000,18313000,0.0,37500000,159500000,30000.0,6899999.999999998,25429999.999999996,0.143348,17900000,0.100902,0.0,18400000,0.10372,7300000.0,11200000,0.063134,0.58947,0.58947,19000000,19000000,https://www.sec.gov/Archives/edgar/data/785956/000136110608000491/0001361106-08-000491-index.html,https://www.sec.gov/Archives/edgar/data/785956/000136110608000491/jjsnackfoods_10k-092708.htm
0,2008-06-28,JJSF,2008-07-24 00:00:00,2008-07-24 16:00:58,Q3,176800000,121100000,55800000,0.315611,0.0,38500000,18993000,-200000.0,38300000.00000001,159400000,20000.0,7000000.000000001,25020000,0.141516,17500000,0.098982,-200000.0,18000000,0.10181,7200000.0,10800000,0.061086,0.56842,0.56842,19000000,19000000,https://www.sec.gov/Archives/edgar/data/785956/000114420408041692/0001144204-08-041692-index.html,https://www.sec.gov/Archives/edgar/data/785956/000114420408041692/v120679_10q.htm
0,2008-03-29,JJSF,2008-04-24 00:00:00,2008-04-24 16:02:54,Q2,144200000,103800000,40400000,0.280166,0.0,34900000,16593000,-100000.0,34700000,138500000,31000.0,6900000.0,13231000,0.091755,5700000.0,0.039528,-100000.0,6300000.0,0.043689,2300000.0,4000000.0,0.027739,0.21053,0.21053,19000000,19000000,https://www.sec.gov/Archives/edgar/data/785956/000114420408024046/0001144204-08-024046-index.html,https://www.sec.gov/Archives/edgar/data/785956/000114420408024046/v111498_10q.htm
0,2007-12-29,JJSF,2008-01-24,2008-01-24 16:06:00,Q1,130900000,95500000,35400000,0.270435,0.0,33100000,15893000,0.0,33099999.999999993,128600000,35000.0,6700000.0,9835000.0,0.075134,2300000.0,0.017571,0.0,3100000.0,0.023682,1200000.0,1900000.0,0.014515,0.09948,0.09948,19100000,19100000,https://www.sec.gov/Archives/edgar/data/785956/000089322007003918/w43136e10vk.htm,https://www.sec.gov/Archives/edgar/data/785956/000089322007003918/w43136e10vk.htm
0,2007-09-29,JJSF,2007-12-07 00:00:00,2007-12-07 10:02:08,Q4,162200000,109000000,53200000,0.32799,0.0,37300000,18950000,-500000.0,36800000.00000001,145800000,53000.0,7099999.999999999,24253000,0.149525,16400000,0.10111,-500000.0,17100000,0.105425,6600000.0,10500000,0.064735,0.54974,0.54974,19100000,19100000,https://www.sec.gov/Archives/edgar/data/785956/000089322007003918/0000893220-07-003918-index.html,https://www.sec.gov/Archives/edgar/data/785956/000089322007003918/w43136e10vk.htm
0,2007-06-30,JJSF,2007-07-26 00:00:00,2007-07-26 16:03:10,Q3,162500000,106900000,55700000,0.342769,0.0,37700000,19261000,-900000.0,36799999.99999998,143699999.99999997,30000.0,7000000.000000002,26330000.000000004,0.162031,18800000,0.115692,-900000.0,19300000,0.118769,6800000.0,12500000,0.076923,0.65445,0.65445,19100000,19100000,https://www.sec.gov/Archives/edgar/data/785956/000114420407038458/0001144204-07-038458-index.html,https://www.sec.gov/Archives/edgar/data/785956/000114420407038458/v081932_10q.htm
0,2007-03-31,JJSF,2007-04-26 00:00:00,2007-04-26 16:00:59,Q2,130000000,87600000,42400000,0.326154,0.0,34200000,32037000,0.0,34200000,121800000,59000.0,6800000.0,15559000,0.119685,8200000.0,0.063077,0.0,8700000.0,0.066923,3400000.0,5300000.0,0.040769,0.27895,0.27895,19000000,19000000,https://www.sec.gov/Archives/edgar/data/785956/000114420407020820/0001144204-07-020820-index.html,https://www.sec.gov/Archives/edgar/data/785956/000114420407020820/v072632_10q.htm
0,2006-12-30,JJSF,,,Q1,114100000,78900000,35200000,0.308501,0.0,30100000,0.0,0.0,30099999.999999993,109000000,1000000.0,6199999.999999999,13299999.999999998,0.116564,5100000.0,0.044698,0.0,6100000.0,0.053462,2300000.0,3800000.0,0.033304,0.20106,0.20106,18900000,18900000,,
0,2006-09-30,JJSF,2006-12-08,2006-12-08 14:59:09,Q4,154100000,100700000,53300000,0.345879,0.0,35300000,4404000.0,0.0,35300000,136000000,-7000.0,6299999.999999999,25293000,0.164134,18100000,0.117456,0.0,19000000,0.123297,7500000.0,11500000,0.074627,0.60847,0.60847,18900000,18900000,https://www.sec.gov/Archives/edgar/data/785956/000095011605003725/ten-k.htm,https://www.sec.gov/Archives/edgar/data/785956/000095011605003725/ten-k.htm
0,2006-06-24,JJSF,,,Q3,140100000,89400000,50700000,0.361884,0.0,32900000,0.0,-100000.0,34000000,123400000,700000.0,6100000.000000001,24300000,0.173448,16700000,0.119201,-100000.0,17500000,0.124911,6700000.0,10800000,0.077088,0.57143,0.57143,18900000,18900000,,
0,2006-03-25,JJSF,,,Q2,112000000,76800000,35200000,0.314286,0.0,29300000,0.0,0.0,29299999.999999996,106100000,700000.0,6100000.0,13500000,0.120536,6000000.0,0.053571,0.0,6700000.0,0.059821,2600000.0,4100000.0,0.036607,0.21809,0.21809,18800000,18800000,,
0,2005-12-24,JJSF,,,Q1,108600000,75500000,33100000,0.304788,0.0,28800000,0.0,100000.0,28900000.000000007,104400000,700000.0,6100000.000000001,11700000,0.107735,4200000.0,0.038674,100000.0,4900000.0,0.04512,1900000.0,3000000.0,0.027624,0.16043,0.16043,18700000,18700000,,
0,2005-09-24,JJSF,2005-12-07,2005-12-07 11:40:22,Q4,129800000,83200000,46600000,0.359014,0.0,30900000,2612000.0,300000.0,31200000.000000004,114400000,23000.0,6099999.999999999,22023000,0.169669,15400000,0.118644,300000.0,15900000,0.122496,6000000.0,9900000.0,0.076271,0.52941,0.52941,18700000,18700000,https://www.sec.gov/Archives/edgar/data/785956/000095011605003725/ten-k.htm,https://www.sec.gov/Archives/edgar/data/785956/000095011605003725/ten-k.htm
0,2005-06-25,JJSF,,,Q3,129500000,83200000,46300000,0.357529,0.0,30800000,0.0,0.0,30700000.000000004,113900000,400000.0,6300000.000000001,22600000,0.174517,15500000,0.119691,0.0,15900000,0.12278,6000000.0,9900000.0,0.076448,0.53226,0.53226,18600000,18600000,,
0,2005-03-26,JJSF,,,Q2,99400000,67200000,32200000,0.323944,0.0,26600000,0.0,-100000.0,26500000,93700000,400000.0,5900000.0,12400000,0.124748,5700000.0,0.057344,-100000.0,6100000.0,0.061368,2300000.0,3800000.0,0.038229,0.2043,0.2043,18600000,18600000,,
0,2004-12-25,JJSF,,,Q1,98500000,68500000,30000000,0.304569,0.0,26100000,0.0,300000.0,26400000.000000007,94900000,300000.0,5900000.0,10200000,0.103553,3700000.0,0.037563,300000.0,4000000.0,0.040609,1500000.0,2500000.0,0.025381,0.13514,0.13514,18500000,18500000,,
0,2004-09-25,JJSF,,,Q4,122500000,79900000,42600000,0.347755,0.0,29100000,0.0,-200000.0,28899999.99999999,108799999.99999999,200000.0,5899999.999999999,20000000,0.163265,13700000,0.111837,-200000.0,13900000,0.113469,5100000.0,8800000.0,0.071837,0.47826,0.47826,18400000,18400000,,
0,2004-06-26,JJSF,,,Q3,119000000,76700000,42300000,0.355462,0.0,28600000,0.0,100000.0,28700000.000000004,105400000,100000.0,6000000.000000001,19800000,0.166387,13600000,0.114286,0.0,13700000,0.115126,5000000.0,8700000.0,0.073109,0.47541,0.47541,18300000,18300000,,
0,2004-03-27,JJSF,,,Q2,95200000,64500000,30700000,0.322479,0.0,25400000,0.0,200000.0,25599999.999999993,90100000,100000.0,6099999.999999999,11399999.999999998,0.119748,5100000.0,0.053571,0.0,5200000.0,0.054622,1900000.0,3300000.0,0.034664,0.18033,0.18033,18300000,18300000,,
0,2003-12-27,JJSF,,,Q1,79900000,55300000,24600000,0.307885,0.0,21900000,0.0,0.0,21900000.000000007,77200000,100000.0,6100000.000000001,9000000.0,0.112641,2800000.0,0.035044,0.0,2900000.0,0.036295,1000000.0,1800000.0,0.022528,0.09945,0.09945,18100000,18100000,,
0,2003-09-27,JJSF,,,Q4,103400000,65900000,37500000,0.362669,0.0,25600000,0.0,-300000.0,25199999.99999999,91099999.99999999,100000.0,5799999.999999998,18199999.999999996,0.176015,12300000,0.118956,0.0,12300000,0.118956,4400000.0,7900000.0,0.076402,0.44134,0.44134,17900000,17900000,,
0,2003-06-28,JJSF,,,Q3,102500000,64100000,38400000,0.374634,0.0,26200000,0.0,0.0,26300000.00000001,90400000.00000001,0.0,5900000.0,18100000,0.176585,12200000,0.119024,0.0,12200000,0.119024,4400000.0,7800000.0,0.076098,0.43575,0.43575,17900000,17900000,,
0,2003-03-29,JJSF,,,Q2,81400000,54500000,26900000,0.330467,0.0,22200000,0.0,0.0,22299999.999999996,76800000,100000.0,6000000.000000001,10800000.000000002,0.132678,4600000.0,0.056511,0.0,4700000.0,0.05774,1700000.0,3000000.0,0.036855,0.16575,0.16575,18100000,18100000,,
0,2002-12-28,JJSF,,,Q1,77200000,55200000,22100000,0.286269,0.0,20300000,0.0,-100000.0,20200000.000000004,75400000,100000.0,7200000.0,9200000.0,0.119171,1800000.0,0.023316,0.0,1900000.0,0.024611,700000.0,1200000.0,0.015544,0.06486,0.06486,18500000,18500000,,
0,2002-09-28,JJSF,,,Q4,100100000,64200000,35800000,0.357642,0.0,24400000,0.0,-100000.0,24299999.999999996,88500000,0.0,7299999.999999999,18900000,0.188811,11500000,0.114885,0.0,11600000,0.115884,4200000.0,7400000.0,0.073926,0.40659,0.40659,18200000,18200000,,
0,2002-06-29,JJSF,2002-07-25 00:00:00,2002-07-25 14:08:04,Q3,100600000,64200000,36400000,0.361829,0.0,24800000,0.0,0.0,24799999.999999996,89000000,0.0,7800000.000000002,19300000.000000004,0.191849,11600000,0.115308,0.0,11600000,0.115308,4000000.0,7500000.0,0.074553,0.39894,0.39894,18800000,18800000,https://www.sec.gov/Archives/edgar/data/785956/000078595602000009/0000785956-02-000009-index.html,https://www.sec.gov/Archives/edgar/data/785956/000078595602000009/text1.txt
0,2002-03-30,JJSF,,,Q2,77700000,52600000,25200000,0.324324,0.0,21400000,0.0,100000.0,21499999.999999993,74100000,0.0,7900000.0,11500000,0.148005,3600000.0,0.046332,0.0,3600000.0,0.046332,1300000.0,2300000.0,0.029601,0.12432,0.12432,18500000,18500000,,
0,2001-12-29,JJSF,,,Q1,74800000,52800000,22000000,0.294118,0.0,20500000,0.0,0.0,20500000,73300000,-200000.0,8000000.0,9000000.0,0.120321,1500000.0,0.020053,0.0,1300000.0,0.01738,400000.0,800000.0,0.010695,0.04444,0.04444,18000000,18000000,,
0,2001-09-29,JJSF,2001-12-20 00:00:00,2001-12-20 00:00:00,Q4,80500000,63200000,17300000,0.214907,0.0,6500000.0,0.0,-400000.0,6799999.999999997,70000000,-600000.0,8500000.0,17800000,0.221118,10500000,0.130435,0.0,9900000.0,0.122981,3500000.0,6400000.0,0.079503,0.35955,0.35955,17800000,17800000,https://www.sec.gov/Archives/edgar/data/785956/000078595601500011/0000785956-01-500011-index.html,https://www.sec.gov/Archives/edgar/data/785956/000078595601500011/r10ktest.txt
0,2001-06-30,JJSF,2001-07-26 00:00:00,2001-07-26 00:00:00,Q3,101000000,61300000,39700000,0.393069,0.0,29500000,0.0,-100000.0,30000000,91300000,-700000.0,8500000.0,17000000,0.168317,9700000.0,0.09604,200000.0,9200000.0,0.091089,3400000.0,5800000.0,0.057426,0.32584,0.32584,17800000,17800000,https://www.sec.gov/Archives/edgar/data/785956/000078595601500009/0000785956-01-500009-index.html,https://www.sec.gov/Archives/edgar/data/785956/000078595601500009/r10q0301.txt
0,2001-03-31,JJSF,2001-04-27 00:00:00,2001-04-27 00:00:00,Q2,76800000,49500000,27300000,0.355469,0.0,25400000,0.0,-100000.0,25900000.000000007,75400000,-800000.0,8300000.0,8100000.0,0.105469,1400000.0,0.018229,0.0,600000.0,0.007813,200000.0,400000.0,0.005208,0.02312,0.02312,17300000,17300000,https://www.sec.gov/Archives/edgar/data/785956/000078595601500006/0000785956-01-500006-index.html,https://www.sec.gov/Archives/edgar/data/785956/000078595601500006/r10q0301.txt
0,2000-12-30,JJSF,2001-01-29 00:00:00,2001-01-29 00:00:00,Q1,70100000,45600000,24400000,0.348074,0.0,24200000,0.0,0.0,24900000,70500000,-700000.0,8200000.000000001,6400000.000000001,0.091298,-400000.0,-0.005706,0.0,-1100000.0,-0.015692,-400000.0,-700000.0,-0.009986,-0.04167,-0.04167,16800000,16800000,https://www.sec.gov/Archives/edgar/data/785956/000078595601000001/0000785956-01-000001-index.html,https://www.sec.gov/Archives/edgar/data/785956/000078595601000001/0000785956-01-000001-0001.txt
0,2000-09-30,JJSF,2000-12-20 00:00:00,2000-12-20 00:00:00,Q4,96300000,45800000,50500000,0.524403,0.0,42800000,0.0,0.0,43400000.00000001,89200000,-600000.0,7899999.999999998,12999999.999999998,0.134995,7100000.0,0.073728,-900000.0,5600000.0,0.058152,2100000.0,3600000.0,0.037383,0.20809,0.20809,17300000,17300000,https://www.sec.gov/Archives/edgar/data/785956/000078595600000010/0000785956-00-000010-index.html,https://www.sec.gov/Archives/edgar/data/785956/000078595600000010/0000785956-00-000010-0001.txt
0,2000-06-24,JJSF,2000-08-01 00:00:00,2000-08-01 00:00:00,Q3,88900000,42500000,46400000,0.521935,0.0,37100000,0.0,0.0,37800000,80300000,-700000.0,7800000.000000001,15000000.000000002,0.168729,8600000.0,0.096738,0.0,8000000.0,0.089989,2900000.0,5000000.0,0.056243,0.2809,0.2809,17800000,17800000,https://www.sec.gov/Archives/edgar/data/785956/000078595600000009/0000785956-00-000009-index.html,https://www.sec.gov/Archives/edgar/data/785956/000078595600000009/0000785956-00-000009-0001.txt
0,2000-03-25,JJSF,2000-05-03 00:00:00,2000-05-03 00:00:00,Q2,67800000,32600000,35200000,0.519174,0.0,32900000,0.0,0.0,33600000,66200000,-500000.0,7300000.0,7900000.0,0.116519,1600000.0,0.023599,100000.0,1200000.0,0.017699,400000.0,700000.0,0.010324,0.03743,0.03743,18700000,18700000,https://www.sec.gov/Archives/edgar/data/785956/000078595600000006/0000785956-00-000006-index.html,https://www.sec.gov/Archives/edgar/data/785956/0000785956-00-000006.txt
0,1999-12-25,JJSF,,,Q1,65500000,33400000,32100000,0.490076,0.0,29800000,0.0,0.0,30600000,64000000,-600000.0,7300000.000000001,7800000.000000001,0.119084,1500000.0,0.022901,100000.0,1100000.0,0.016794,400000.0,700000.0,0.010687,0.03723,0.03723,18800000,18800000,,
0,1999-09-25,JJSF,,,Q4,82900000,38100000,44800000,0.54041,0.0,32600000,0.0,0.0,33400000,71500000,-600000.0,7200000.000000001,17400000,0.209891,11400000,0.137515,-100000.0,10800000,0.130277,4000000.0,6800000.0,0.082027,0.35979,0.35979,18900000,18900000,,
0,1999-06-26,JJSF,,,Q3,82100000,38000000,44100000,0.53715,0.0,33700000,0.0,0.0,34400000.00000001,72400000,-800000.0,6999999.999999998,15299999.999999998,0.186358,9700000.0,0.118149,100000.0,9100000.0,0.11084,3400000.0,5700000.0,0.069428,0.30159,0.30159,18900000,18900000,,
0,1999-03-27,JJSF,,,Q2,62900000,29300000,33600000,0.534181,0.0,30400000,0.0,0.0,31200000,60500000,-700000.0,6700000.0,7900000.0,0.125596,2500000.0,0.039746,100000.0,1900000.0,0.030207,700000.0,1200000.0,0.019078,0.06218,0.06218,19300000,19300000,,
0,1998-12-26,JJSF,,,Q1,60500000,29600000,31000000,0.512397,0.0,28800000,0.0,0.0,29500000,59100000,-800000.0,6800000.000000001,6900000.000000001,0.11405,1400000.0,0.02314,300000.0,900000.0,0.014876,300000.0,600000.0,0.009917,0.03141,0.03141,19100000,19100000,,
0,1998-09-26,JJSF,1998-12-21 00:00:00,1998-12-21 00:00:00,Q4,78100000,35500000,42500000,0.544174,0.0,31700000,0.0,0.0,32599999.999999993,68100000,-900000.0,6799999.999999999,15099999.999999998,0.193342,10000000,0.128041,200000.0,9300000.0,0.119078,3400000.0,5800000.0,0.074264,0.30366,0.30366,19100000,19100000,https://www.sec.gov/Archives/edgar/data/785956/000078595698000010/0000785956-98-000010-index.html,https://www.sec.gov/Archives/edgar/data/785956/0000785956-98-000010.txt
0,1998-06-27,JJSF,,,Q3,73300000,34800000,38500000,0.525239,0.0,30600000,0.0,0.0,31200000.000000004,66000000,-900000.0,6500000.000000001,13100000.000000002,0.178718,7200000.0,0.098226,1100000.0,7500000.0,0.102319,2800000.0,4700000.0,0.06412,0.24868,0.24868,18900000,18900000,,
0,1998-03-28,JJSF,,,Q2,58900000,29000000,29800000,0.505942,0.0,26900000,0.0,0.0,27600000,56600000,-800000.0,6600000.000000001,7000000.000000001,0.118846,2300000.0,0.039049,-300000.0,1200000.0,0.020374,500000.0,700000.0,0.011885,0.03784,0.03784,18500000,18500000,,
0,1997-12-27,JJSF,,,Q1,52200000,27500000,24700000,0.47318,0.0,23200000,0.0,0.0,23700000.000000004,51200000,-100000.0,5300000.0,6000000.0,0.114943,1000000.0,0.019157,0.0,900000.0,0.017241,300000.0,500000.0,0.009579,0.02703,0.02703,18500000,18500000,,
0,1997-09-27,JJSF,1997-12-19 00:00:00,1997-12-19 00:00:00,Q4,63000000,31400000,31600000,0.501587,0.0,25800000,0.0,0.0,26300000.000000004,57700000.00000001,-100000.0,5300000.000000002,10500000.000000002,0.166667,5300000.0,0.084127,100000.0,5300000.0,0.084127,1300000.0,4000000.0,0.063492,0.21858,0.21858,18300000,18300000,https://www.sec.gov/Archives/edgar/data/785956/000078595697000006/0000785956-97-000006-index.html,https://www.sec.gov/Archives/edgar/data/785956/0000785956-97-000006.txt
0,1997-06-28,JJSF,1997-08-13 00:00:00,1997-08-13 00:00:00,Q3,63400000,32400000,31000000,0.488959,0.0,25600000,0.0,0.0,26100000,58500000,-100000.0,4800000.000000001,9800000.000000002,0.154574,4900000.0,0.077287,200000.0,5000000.0,0.078864,1900000.0,3200000.0,0.050473,0.17778,0.17778,18000000,18000000,https://www.sec.gov/Archives/edgar/data/785956/000078595697000005/0000785956-97-000005-index.html,https://www.sec.gov/Archives/edgar/data/785956/0000785956-97-000005.txt
0,1997-03-29,JJSF,1997-05-09 00:00:00,1997-05-09 00:00:00,Q2,50300000,25900000,24400000,0.485089,0.0,22600000,0.0,0.0,23000000,48900000,-100000.0,4799999.999999999,6099999.999999999,0.121272,1400000.0,0.027833,200000.0,1400000.0,0.027833,500000.0,900000.0,0.017893,0.05056,0.05056,17800000,17800000,https://www.sec.gov/Archives/edgar/data/785956/000078595697000003/0000785956-97-000003-index.html,https://www.sec.gov/Archives/edgar/data/785956/0000785956-97-000003.txt
0,1996-12-28,JJSF,,,Q1,43600000,22500000,21100000,0.483945,0.0,20800000,0.0,0.0,21100000,43600000,-100000.0,4400000.0,4500000.0,0.103211,0.0,0.0,300000.0,200000.0,0.004587,100000.0,100000.0,0.002294,0.00565,0.00565,17700000,17700000,,
0,1996-09-28,JJSF,1996-12-20 00:00:00,1996-12-20 00:00:00,Q4,51900000,25900000,26000000,0.500963,0.0,22100000,0.0,0.0,22400000,48300000,-100000.0,4400000.0,8200000.0,0.157996,3700000.0,0.071291,400000.0,3900000.0,0.075145,1400000.0,2500000.0,0.04817,0.14124,0.14124,17700000,17700000,https://www.sec.gov/Archives/edgar/data/785956/000078595696000006/0000785956-96-000006-index.html,https://www.sec.gov/Archives/edgar/data/785956/0000785956-96-000006.txt
0,1996-06-29,JJSF,1996-08-06 00:00:00,1996-08-06 00:00:00,Q3,49100000,24800000,24300000,0.494908,0.0,21400000,0.0,0.0,21599999.999999996,46400000,-100000.0,4400000.0,7200000.0,0.14664,2700000.0,0.05499,300000.0,2900000.0,0.059063,1000000.0,1900000.0,0.038697,0.10674,0.10674,17800000,17800000,https://www.sec.gov/Archives/edgar/data/785956/000078595696000005/0000785956-96-000005-index.html,https://www.sec.gov/Archives/edgar/data/785956/0000785956-96-000005.txt
0,1996-03-30,JJSF,1996-05-03 00:00:00,1996-05-03 00:00:00,Q2,42100000,21600000,20600000,0.489311,0.0,19700000,0.0,0.0,19799999.999999996,41400000,-100000.0,4000000.0,4800000.0,0.114014,700000.0,0.016627,400000.0,1000000.0,0.023753,300000.0,600000.0,0.014252,0.03297,0.03297,18200000,18200000,https://www.sec.gov/Archives/edgar/data/785956/000078595696000002/0000785956-96-000002-index.html,https://www.sec.gov/Archives/edgar/data/785956/0000785956-96-000002.txt
0,1995-12-30,JJSF,1996-02-05 00:00:00,1996-02-05 00:00:00,Q1,42900000,21700000,21200000,0.494172,0.0,20000000,0.0,0.0,20200000,41900000,-100000.0,4100000.0,5200000.0,0.121212,900000.0,0.020979,400000.0,1300000.0,0.030303,400000.0,800000.0,0.018648,0.04348,0.04348,18400000,18400000,https://www.sec.gov/Archives/edgar/data/785956/000078595696000001/0000785956-96-000001-index.html,https://www.sec.gov/Archives/edgar/data/785956/0000785956-96-000001.txt
0,1995-09-30,JJSF,1995-12-22 00:00:00,1995-12-22 00:00:00,Q4,56000000,28200000,27800000,0.496429,0.0,23400000,0.0,0.0,23599999.999999996,51800000,-100000.0,4100000.0000000005,8500000.0,0.151786,4100000.0,0.073214,500000.0,4500000.0,0.080357,1700000.0,2800000.0,0.05,0.14973,0.14973,18700000,18700000,https://www.sec.gov/Archives/edgar/data/785956/000078595695000014/0000785956-95-000014-index.html,https://www.sec.gov/Archives/edgar/data/785956/0000785956-95-000014.txt
0,1995-06-24,JJSF,1995-08-02 00:00:00,1995-08-02 00:00:00,Q3,47900000,24300000,23600000,0.492693,0.0,21300000,0.0,0.0,21499999.999999996,45799999.99999999,-100000.0,3999999.999999999,7099999.999999999,0.148225,2100000.0,0.043841,1200000.0,3200000.0,0.066806,1200000.0,2000000.0,0.041754,0.10526,0.10526,19000000,19000000,https://www.sec.gov/Archives/edgar/data/785956/000078595695000010/0000785956-95-000010-index.html,https://www.sec.gov/Archives/edgar/data/785956/0000785956-95-000010.txt
