,date,symbol,fillingDate,acceptedDate,period,revenue,costOfRevenue,grossProfit,grossProfitRatio,researchAndDevelopmentExpenses,generalAndAdministrativeExpenses,sellingAndMarketingExpenses,otherExpenses,operatingExpenses,costAndExpenses,interestExpense,depreciationAndAmortization,ebitda,ebitdaratio,operatingIncome,operatingIncomeRatio,totalOtherIncomeExpensesNet,incomeBeforeTax,incomeBeforeTaxRatio,incomeTaxExpense,netIncome,netIncomeRatio,eps,epsdiluted,weightedAverageShsOut,weightedAverageShsOutDil,link,finalLink
0,2020-09-31,BON.PA,,2020-09-31,Q3,713719000,506298250,207420750,3.440923822713012,0.0,0.0,0.0,0.0,7138000.0,685597750,5179250.0,28053500,55264250,12.914660019813894,28121250,25.380059563497355,0.0,18987500,37.58888742593812,5337000.0,13655000,52.26796045404614,0.42547163944084393,0.42547163944084393,32093796,32093796,https://www.infogreffe.com/recherche-entreprise-dirigeants/resultats-entreprise-dirigeants.html?ga_cat=globale&ga_q=B.O.N#phrase=B.O.N,https://www.infogreffe.com/recherche-entreprise-dirigeants/resultats-entreprise-dirigeants.html?ga_cat=globale&ga_q=B.O.N#phrase=B.O.N
0,2020-06-31,BON.PA,,2020-06-31,Q2,713719000,506298250,207420750,3.440923822713012,0.0,0.0,0.0,0.0,7138000.0,685597750,5179250.0,28053500,55264250,12.914660019813894,28121250,25.380059563497355,0.0,18987500,37.58888742593812,5337000.0,13655000,52.26796045404614,0.42547163944084393,0.42547163944084393,32093796,32093796,https://www.infogreffe.com/recherche-entreprise-dirigeants/resultats-entreprise-dirigeants.html?ga_cat=globale&ga_q=B.O.N#phrase=B.O.N,https://www.infogreffe.com/recherche-entreprise-dirigeants/resultats-entreprise-dirigeants.html?ga_cat=globale&ga_q=B.O.N#phrase=B.O.N
0,2020-03-31,BON.PA,,2020-03-31,Q1,713719000,506298250,207420750,3.440923822713012,0.0,0.0,0.0,0.0,7138000.0,685597750,5179250.0,28053500,55264250,12.914660019813894,28121250,25.380059563497355,0.0,18987500,37.58888742593812,5337000.0,13655000,52.26796045404614,0.42547163944084393,0.42547163944084393,32093796,32093796,https://www.infogreffe.com/recherche-entreprise-dirigeants/resultats-entreprise-dirigeants.html?ga_cat=globale&ga_q=B.O.N#phrase=B.O.N,https://www.infogreffe.com/recherche-entreprise-dirigeants/resultats-entreprise-dirigeants.html?ga_cat=globale&ga_q=B.O.N#phrase=B.O.N
0,2020-01-31,BON.PA,,2020-01-31,Q1,713719000,506298250,207420750,3.440923822713012,0.0,0.0,0.0,0.0,7138000.0,685597750,5179250.0,28053500,55264250,12.914660019813894,28121250,25.380059563497355,0.0,18987500,37.58888742593812,5337000.0,13655000,52.26796045404614,0.42547163944084393,0.42547163944084393,32093796,32093796,https://www.infogreffe.com/recherche-entreprise-dirigeants/resultats-entreprise-dirigeants.html?ga_cat=globale&ga_q=B.O.N#phrase=B.O.N,https://www.infogreffe.com/recherche-entreprise-dirigeants/resultats-entreprise-dirigeants.html?ga_cat=globale&ga_q=B.O.N#phrase=B.O.N
0,2019-09-31,BON.PA,,2019-09-31,Q3,694280000,503596250,190683750,3.641002445148053,0.0,0.0,0.0,0.0,5869250.0,662861500,5498500.0,22355500,53475250,12.983202509572186,31418500,22.097808615942835,0.0,23282000,29.82046215960828,5138750.0,18154250,38.24338653483344,0.565,0.565,32093796,32414447,https://www.infogreffe.com/recherche-entreprise-dirigeants/resultats-entreprise-dirigeants.html?ga_cat=globale&ga_q=B.O.N#phrase=B.O.N,https://www.infogreffe.com/recherche-entreprise-dirigeants/resultats-entreprise-dirigeants.html?ga_cat=globale&ga_q=B.O.N#phrase=B.O.N
0,2019-06-31,BON.PA,,2019-06-31,Q2,694280000,503596250,190683750,3.641002445148053,0.0,0.0,0.0,0.0,5869250.0,662861500,5498500.0,22355500,53475250,12.983202509572186,31418500,22.097808615942835,0.0,23282000,29.82046215960828,5138750.0,18154250,38.24338653483344,0.565,0.565,32093796,32414447,https://www.infogreffe.com/recherche-entreprise-dirigeants/resultats-entreprise-dirigeants.html?ga_cat=globale&ga_q=B.O.N#phrase=B.O.N,https://www.infogreffe.com/recherche-entreprise-dirigeants/resultats-entreprise-dirigeants.html?ga_cat=globale&ga_q=B.O.N#phrase=B.O.N
0,2019-03-31,BON.PA,,2019-03-31,Q1,694280000,503596250,190683750,3.641002445148053,0.0,0.0,0.0,0.0,5869250.0,662861500,5498500.0,22355500,53475250,12.983202509572186,31418500,22.097808615942835,0.0,23282000,29.82046215960828,5138750.0,18154250,38.24338653483344,0.565,0.565,32093796,32414447,https://www.infogreffe.com/recherche-entreprise-dirigeants/resultats-entreprise-dirigeants.html?ga_cat=globale&ga_q=B.O.N#phrase=B.O.N,https://www.infogreffe.com/recherche-entreprise-dirigeants/resultats-entreprise-dirigeants.html?ga_cat=globale&ga_q=B.O.N#phrase=B.O.N
0,2019-01-31,BON.PA,,2019-01-31,Q1,694280000,503596250,190683750,3.641002445148053,0.0,0.0,0.0,0.0,5869250.0,662861500,5498500.0,22355500,53475250,12.983202509572186,31418500,22.097808615942835,0.0,23282000,29.82046215960828,5138750.0,18154250,38.24338653483344,0.565,0.565,32093796,32414447,https://www.infogreffe.com/recherche-entreprise-dirigeants/resultats-entreprise-dirigeants.html?ga_cat=globale&ga_q=B.O.N#phrase=B.O.N,https://www.infogreffe.com/recherche-entreprise-dirigeants/resultats-entreprise-dirigeants.html?ga_cat=globale&ga_q=B.O.N#phrase=B.O.N
0,2018-09-31,BON.PA,,2018-09-31,Q3,694160250,506133750,188026500,3.69182136560538,0.0,0.0,0.0,0.0,4568500.0,663255000,5751500.0,22128500,52500750,13.221911115555493,30905250,22.460916834518407,0.0,23431750,29.624771944050273,5349750.0,18108750,38.332863946986954,0.5675,0.565,31850987,32039653,https://www.infogreffe.com/recherche-entreprise-dirigeants/resultats-entreprise-dirigeants.html?ga_cat=globale&ga_q=B.O.N#phrase=B.O.N,https://www.infogreffe.com/recherche-entreprise-dirigeants/resultats-entreprise-dirigeants.html?ga_cat=globale&ga_q=B.O.N#phrase=B.O.N
0,2018-06-31,BON.PA,,2018-06-31,Q2,694160250,506133750,188026500,3.69182136560538,0.0,0.0,0.0,0.0,4568500.0,663255000,5751500.0,22128500,52500750,13.221911115555493,30905250,22.460916834518407,0.0,23431750,29.624771944050273,5349750.0,18108750,38.332863946986954,0.5675,0.565,31850987,32039653,https://www.infogreffe.com/recherche-entreprise-dirigeants/resultats-entreprise-dirigeants.html?ga_cat=globale&ga_q=B.O.N#phrase=B.O.N,https://www.infogreffe.com/recherche-entreprise-dirigeants/resultats-entreprise-dirigeants.html?ga_cat=globale&ga_q=B.O.N#phrase=B.O.N
0,2018-03-31,BON.PA,,2018-03-31,Q1,694160250,506133750,188026500,3.69182136560538,0.0,0.0,0.0,0.0,4568500.0,663255000,5751500.0,22128500,52500750,13.221911115555493,30905250,22.460916834518407,0.0,23431750,29.624771944050273,5349750.0,18108750,38.332863946986954,0.5675,0.565,31850987,32039653,https://www.infogreffe.com/recherche-entreprise-dirigeants/resultats-entreprise-dirigeants.html?ga_cat=globale&ga_q=B.O.N#phrase=B.O.N,https://www.infogreffe.com/recherche-entreprise-dirigeants/resultats-entreprise-dirigeants.html?ga_cat=globale&ga_q=B.O.N#phrase=B.O.N
0,2018-01-31,BON.PA,,2018-01-31,Q1,694160250,506133750,188026500,3.69182136560538,0.0,0.0,0.0,0.0,4568500.0,663255000,5751500.0,22128500,52500750,13.221911115555493,30905250,22.460916834518407,0.0,23431750,29.624771944050273,5349750.0,18108750,38.332863946986954,0.5675,0.565,31850987,32039653,https://www.infogreffe.com/recherche-entreprise-dirigeants/resultats-entreprise-dirigeants.html?ga_cat=globale&ga_q=B.O.N#phrase=B.O.N,https://www.infogreffe.com/recherche-entreprise-dirigeants/resultats-entreprise-dirigeants.html?ga_cat=globale&ga_q=B.O.N#phrase=B.O.N
0,2017-09-31,BON.PA,,2017-09-31,Q3,572031000,415596250,156434750,3.656674747778227,0.0,0.0,0.0,0.0,7867250.0,544957500,4877000.0,19727750,46949500,12.18396362048584,27073500,21.128816000886477,0.0,20529000,27.864533099517754,5577000.0,14967000,38.219482862297056,0.475,0.47,31526820,31763973,https://www.infogreffe.com/recherche-entreprise-dirigeants/resultats-entreprise-dirigeants.html?ga_cat=globale&ga_q=B.O.N#phrase=B.O.N,https://www.infogreffe.com/recherche-entreprise-dirigeants/resultats-entreprise-dirigeants.html?ga_cat=globale&ga_q=B.O.N#phrase=B.O.N
0,2017-06-31,BON.PA,,2017-06-31,Q2,572031000,415596250,156434750,3.656674747778227,0.0,0.0,0.0,0.0,7867250.0,544957500,4877000.0,19727750,46949500,12.18396362048584,27073500,21.128816000886477,0.0,20529000,27.864533099517754,5577000.0,14967000,38.219482862297056,0.475,0.47,31526820,31763973,https://www.infogreffe.com/recherche-entreprise-dirigeants/resultats-entreprise-dirigeants.html?ga_cat=globale&ga_q=B.O.N#phrase=B.O.N,https://www.infogreffe.com/recherche-entreprise-dirigeants/resultats-entreprise-dirigeants.html?ga_cat=globale&ga_q=B.O.N#phrase=B.O.N
0,2017-03-31,BON.PA,,2017-03-31,Q1,572031000,415596250,156434750,3.656674747778227,0.0,0.0,0.0,0.0,7867250.0,544957500,4877000.0,19727750,46949500,12.18396362048584,27073500,21.128816000886477,0.0,20529000,27.864533099517754,5577000.0,14967000,38.219482862297056,0.475,0.47,31526820,31763973,https://www.infogreffe.com/recherche-entreprise-dirigeants/resultats-entreprise-dirigeants.html?ga_cat=globale&ga_q=B.O.N#phrase=B.O.N,https://www.infogreffe.com/recherche-entreprise-dirigeants/resultats-entreprise-dirigeants.html?ga_cat=globale&ga_q=B.O.N#phrase=B.O.N
0,2017-01-31,BON.PA,,2017-01-31,Q1,572031000,415596250,156434750,3.656674747778227,0.0,0.0,0.0,0.0,7867250.0,544957500,4877000.0,19727750,46949500,12.18396362048584,27073500,21.128816000886477,0.0,20529000,27.864533099517754,5577000.0,14967000,38.219482862297056,0.475,0.47,31526820,31763973,https://www.infogreffe.com/recherche-entreprise-dirigeants/resultats-entreprise-dirigeants.html?ga_cat=globale&ga_q=B.O.N#phrase=B.O.N,https://www.infogreffe.com/recherche-entreprise-dirigeants/resultats-entreprise-dirigeants.html?ga_cat=globale&ga_q=B.O.N#phrase=B.O.N
0,2016-09-31,BON.PA,,2016-09-31,Q3,491913750,355322750,136591000,3.6013628277119283,0.0,0.0,0.0,0.0,8530250.0,466031250,5382500.0,18675500,47132250,10.436882389446716,25882500,19.005650536076498,0.0,18552500,26.514688047432962,5134500.0,13418000,36.660735579072885,0.4275,0.4225,31478244,31695280,https://www.infogreffe.com/recherche-entreprise-dirigeants/resultats-entreprise-dirigeants.html?ga_cat=globale&ga_q=B.O.N#phrase=B.O.N,https://www.infogreffe.com/recherche-entreprise-dirigeants/resultats-entreprise-dirigeants.html?ga_cat=globale&ga_q=B.O.N#phrase=B.O.N
0,2016-06-31,BON.PA,,2016-06-31,Q2,491913750,355322750,136591000,3.6013628277119283,0.0,0.0,0.0,0.0,8530250.0,466031250,5382500.0,18675500,47132250,10.436882389446716,25882500,19.005650536076498,0.0,18552500,26.514688047432962,5134500.0,13418000,36.660735579072885,0.4275,0.4225,31478244,31695280,https://www.infogreffe.com/recherche-entreprise-dirigeants/resultats-entreprise-dirigeants.html?ga_cat=globale&ga_q=B.O.N#phrase=B.O.N,https://www.infogreffe.com/recherche-entreprise-dirigeants/resultats-entreprise-dirigeants.html?ga_cat=globale&ga_q=B.O.N#phrase=B.O.N
0,2016-03-31,BON.PA,,2016-03-31,Q1,491913750,355322750,136591000,3.6013628277119283,0.0,0.0,0.0,0.0,8530250.0,466031250,5382500.0,18675500,47132250,10.436882389446716,25882500,19.005650536076498,0.0,18552500,26.514688047432962,5134500.0,13418000,36.660735579072885,0.4275,0.4225,31478244,31695280,https://www.infogreffe.com/recherche-entreprise-dirigeants/resultats-entreprise-dirigeants.html?ga_cat=globale&ga_q=B.O.N#phrase=B.O.N,https://www.infogreffe.com/recherche-entreprise-dirigeants/resultats-entreprise-dirigeants.html?ga_cat=globale&ga_q=B.O.N#phrase=B.O.N
0,2016-01-31,BON.PA,,2016-01-31,Q1,491913750,355322750,136591000,3.6013628277119283,0.0,0.0,0.0,0.0,8530250.0,466031250,5382500.0,18675500,47132250,10.436882389446716,25882500,19.005650536076498,0.0,18552500,26.514688047432962,5134500.0,13418000,36.660735579072885,0.4275,0.4225,31478244,31695280,https://www.infogreffe.com/recherche-entreprise-dirigeants/resultats-entreprise-dirigeants.html?ga_cat=globale&ga_q=B.O.N#phrase=B.O.N,https://www.infogreffe.com/recherche-entreprise-dirigeants/resultats-entreprise-dirigeants.html?ga_cat=globale&ga_q=B.O.N#phrase=B.O.N
0,2015-09-31,BON.PA,,2015-09-31,Q3,495461750,360205750,135256000,3.6631406370142545,0.0,0.0,0.0,0.0,6946500.0,467584250,5907000.0,19052250,49144750,10.08168217357907,27877500,17.77281858129316,0.0,22250250,22.267693621419983,4939750.0,17307500,28.626996966632962,0.57,0.5475,30417782,31600637,https://www.infogreffe.com/recherche-entreprise-dirigeants/resultats-entreprise-dirigeants.html?ga_cat=globale&ga_q=B.O.N#phrase=B.O.N,https://www.infogreffe.com/recherche-entreprise-dirigeants/resultats-entreprise-dirigeants.html?ga_cat=globale&ga_q=B.O.N#phrase=B.O.N
0,2015-06-31,BON.PA,,2015-06-31,Q2,495461750,360205750,135256000,3.6631406370142545,0.0,0.0,0.0,0.0,6946500.0,467584250,5907000.0,19052250,49144750,10.08168217357907,27877500,17.77281858129316,0.0,22250250,22.267693621419983,4939750.0,17307500,28.626996966632962,0.57,0.5475,30417782,31600637,https://www.infogreffe.com/recherche-entreprise-dirigeants/resultats-entreprise-dirigeants.html?ga_cat=globale&ga_q=B.O.N#phrase=B.O.N,https://www.infogreffe.com/recherche-entreprise-dirigeants/resultats-entreprise-dirigeants.html?ga_cat=globale&ga_q=B.O.N#phrase=B.O.N
0,2015-03-31,BON.PA,,2015-03-31,Q1,495461750,360205750,135256000,3.6631406370142545,0.0,0.0,0.0,0.0,6946500.0,467584250,5907000.0,19052250,49144750,10.08168217357907,27877500,17.77281858129316,0.0,22250250,22.267693621419983,4939750.0,17307500,28.626996966632962,0.57,0.5475,30417782,31600637,https://www.infogreffe.com/recherche-entreprise-dirigeants/resultats-entreprise-dirigeants.html?ga_cat=globale&ga_q=B.O.N#phrase=B.O.N,https://www.infogreffe.com/recherche-entreprise-dirigeants/resultats-entreprise-dirigeants.html?ga_cat=globale&ga_q=B.O.N#phrase=B.O.N
0,2015-01-31,BON.PA,,2015-01-31,Q1,495461750,360205750,135256000,3.6631406370142545,0.0,0.0,0.0,0.0,6946500.0,467584250,5907000.0,19052250,49144750,10.08168217357907,27877500,17.77281858129316,0.0,22250250,22.267693621419983,4939750.0,17307500,28.626996966632962,0.57,0.5475,30417782,31600637,https://www.infogreffe.com/recherche-entreprise-dirigeants/resultats-entreprise-dirigeants.html?ga_cat=globale&ga_q=B.O.N#phrase=B.O.N,https://www.infogreffe.com/recherche-entreprise-dirigeants/resultats-entreprise-dirigeants.html?ga_cat=globale&ga_q=B.O.N#phrase=B.O.N
0,2014-09-31,BON.PA,,2014-09-31,Q3,480266000,350753500,129512500,3.7082598204806487,0.0,0.0,0.0,0.0,7770250.0,454592250,6786750.0,18725750,44327750,10.834432155929413,25673750,18.70649982959248,0.0,9441250.0,50.86889977492387,5638750.0,3804750.0,126.22800446809909,0.125,0.125,30236786,30236786,https://www.infogreffe.com/recherche-entreprise-dirigeants/resultats-entreprise-dirigeants.html?ga_cat=globale&ga_q=B.O.N#phrase=B.O.N,https://www.infogreffe.com/recherche-entreprise-dirigeants/resultats-entreprise-dirigeants.html?ga_cat=globale&ga_q=B.O.N#phrase=B.O.N
0,2014-06-31,BON.PA,,2014-06-31,Q2,480266000,350753500,129512500,3.7082598204806487,0.0,0.0,0.0,0.0,7770250.0,454592250,6786750.0,18725750,44327750,10.834432155929413,25673750,18.70649982959248,0.0,9441250.0,50.86889977492387,5638750.0,3804750.0,126.22800446809909,0.125,0.125,30236786,30236786,https://www.infogreffe.com/recherche-entreprise-dirigeants/resultats-entreprise-dirigeants.html?ga_cat=globale&ga_q=B.O.N#phrase=B.O.N,https://www.infogreffe.com/recherche-entreprise-dirigeants/resultats-entreprise-dirigeants.html?ga_cat=globale&ga_q=B.O.N#phrase=B.O.N
0,2014-03-31,BON.PA,,2014-03-31,Q1,480266000,350753500,129512500,3.7082598204806487,0.0,0.0,0.0,0.0,7770250.0,454592250,6786750.0,18725750,44327750,10.834432155929413,25673750,18.70649982959248,0.0,9441250.0,50.86889977492387,5638750.0,3804750.0,126.22800446809909,0.125,0.125,30236786,30236786,https://www.infogreffe.com/recherche-entreprise-dirigeants/resultats-entreprise-dirigeants.html?ga_cat=globale&ga_q=B.O.N#phrase=B.O.N,https://www.infogreffe.com/recherche-entreprise-dirigeants/resultats-entreprise-dirigeants.html?ga_cat=globale&ga_q=B.O.N#phrase=B.O.N
0,2014-01-31,BON.PA,,2014-01-31,Q1,480266000,350753500,129512500,3.7082598204806487,0.0,0.0,0.0,0.0,7770250.0,454592250,6786750.0,18725750,44327750,10.834432155929413,25673750,18.70649982959248,0.0,9441250.0,50.86889977492387,5638750.0,3804750.0,126.22800446809909,0.125,0.125,30236786,30236786,https://www.infogreffe.com/recherche-entreprise-dirigeants/resultats-entreprise-dirigeants.html?ga_cat=globale&ga_q=B.O.N#phrase=B.O.N,https://www.infogreffe.com/recherche-entreprise-dirigeants/resultats-entreprise-dirigeants.html?ga_cat=globale&ga_q=B.O.N#phrase=B.O.N
0,2013-09-31,BON.PA,,2013-09-31,Q3,474037000,343479000,130558000,3.6308537201856645,0.0,0.0,0.0,0.0,5050750.0,447799250,7790750.0,18881000,44297000,10.70133417612931,26237750,18.066983639984375,0.0,18082250,26.21559816947559,5100500.0,13023500,36.39858716934772,0.435,0.435,30000688,30000688,https://www.infogreffe.com/recherche-entreprise-dirigeants/resultats-entreprise-dirigeants.html?ga_cat=globale&ga_q=B.O.N#phrase=B.O.N,https://www.infogreffe.com/recherche-entreprise-dirigeants/resultats-entreprise-dirigeants.html?ga_cat=globale&ga_q=B.O.N#phrase=B.O.N
0,2013-06-31,BON.PA,,2013-06-31,Q2,474037000,343479000,130558000,3.6308537201856645,0.0,0.0,0.0,0.0,5050750.0,447799250,7790750.0,18881000,44297000,10.70133417612931,26237750,18.066983639984375,0.0,18082250,26.21559816947559,5100500.0,13023500,36.39858716934772,0.435,0.435,30000688,30000688,https://www.infogreffe.com/recherche-entreprise-dirigeants/resultats-entreprise-dirigeants.html?ga_cat=globale&ga_q=B.O.N#phrase=B.O.N,https://www.infogreffe.com/recherche-entreprise-dirigeants/resultats-entreprise-dirigeants.html?ga_cat=globale&ga_q=B.O.N#phrase=B.O.N
0,2013-03-31,BON.PA,,2013-03-31,Q1,474037000,343479000,130558000,3.6308537201856645,0.0,0.0,0.0,0.0,5050750.0,447799250,7790750.0,18881000,44297000,10.70133417612931,26237750,18.066983639984375,0.0,18082250,26.21559816947559,5100500.0,13023500,36.39858716934772,0.435,0.435,30000688,30000688,https://www.infogreffe.com/recherche-entreprise-dirigeants/resultats-entreprise-dirigeants.html?ga_cat=globale&ga_q=B.O.N#phrase=B.O.N,https://www.infogreffe.com/recherche-entreprise-dirigeants/resultats-entreprise-dirigeants.html?ga_cat=globale&ga_q=B.O.N#phrase=B.O.N
0,2013-01-31,BON.PA,,2013-01-31,Q1,474037000,343479000,130558000,3.6308537201856645,0.0,0.0,0.0,0.0,5050750.0,447799250,7790750.0,18881000,44297000,10.70133417612931,26237750,18.066983639984375,0.0,18082250,26.21559816947559,5100500.0,13023500,36.39858716934772,0.435,0.435,30000688,30000688,https://www.infogreffe.com/recherche-entreprise-dirigeants/resultats-entreprise-dirigeants.html?ga_cat=globale&ga_q=B.O.N#phrase=B.O.N,https://www.infogreffe.com/recherche-entreprise-dirigeants/resultats-entreprise-dirigeants.html?ga_cat=globale&ga_q=B.O.N#phrase=B.O.N
0,2012-09-31,BON.PA,,2012-09-31,Q3,441737750,318550750,123187000,3.585912068643607,0.0,0.0,0.0,0.0,11548750,416506500,6773000.0,17984250,41956250,10.528532697750633,25231250,17.507565023532326,0.0,16511750,26.752933517040894,4581250.0,11676250,37.83215929771973,0.390625,0.390625,29912760,29912760,https://www.infogreffe.com/recherche-entreprise-dirigeants/resultats-entreprise-dirigeants.html?ga_cat=globale&ga_q=B.O.N#phrase=B.O.N,https://www.infogreffe.com/recherche-entreprise-dirigeants/resultats-entreprise-dirigeants.html?ga_cat=globale&ga_q=B.O.N#phrase=B.O.N
0,2012-06-31,BON.PA,,2012-06-31,Q2,441737750,318550750,123187000,3.585912068643607,0.0,0.0,0.0,0.0,11548750,416506500,6773000.0,17984250,41956250,10.528532697750633,25231250,17.507565023532326,0.0,16511750,26.752933517040894,4581250.0,11676250,37.83215929771973,0.390625,0.390625,29912760,29912760,https://www.infogreffe.com/recherche-entreprise-dirigeants/resultats-entreprise-dirigeants.html?ga_cat=globale&ga_q=B.O.N#phrase=B.O.N,https://www.infogreffe.com/recherche-entreprise-dirigeants/resultats-entreprise-dirigeants.html?ga_cat=globale&ga_q=B.O.N#phrase=B.O.N
0,2012-03-31,BON.PA,,2012-03-31,Q1,441737750,318550750,123187000,3.585912068643607,0.0,0.0,0.0,0.0,11548750,416506500,6773000.0,17984250,41956250,10.528532697750633,25231250,17.507565023532326,0.0,16511750,26.752933517040894,4581250.0,11676250,37.83215929771973,0.390625,0.390625,29912760,29912760,https://www.infogreffe.com/recherche-entreprise-dirigeants/resultats-entreprise-dirigeants.html?ga_cat=globale&ga_q=B.O.N#phrase=B.O.N,https://www.infogreffe.com/recherche-entreprise-dirigeants/resultats-entreprise-dirigeants.html?ga_cat=globale&ga_q=B.O.N#phrase=B.O.N
0,2012-01-31,BON.PA,,2012-01-31,Q1,441737750,318550750,123187000,3.585912068643607,0.0,0.0,0.0,0.0,11548750,416506500,6773000.0,17984250,41956250,10.528532697750633,25231250,17.507565023532326,0.0,16511750,26.752933517040894,4581250.0,11676250,37.83215929771973,0.390625,0.390625,29912760,29912760,https://www.infogreffe.com/recherche-entreprise-dirigeants/resultats-entreprise-dirigeants.html?ga_cat=globale&ga_q=B.O.N#phrase=B.O.N,https://www.infogreffe.com/recherche-entreprise-dirigeants/resultats-entreprise-dirigeants.html?ga_cat=globale&ga_q=B.O.N#phrase=B.O.N
0,2011-09-31,BON.PA,,2011-09-31,Q3,389897250,272318500,117578750,3.316052007696969,0.0,0.0,0.0,0.0,1898000.0,364439750,5221000.0,16271750,42358750,9.20464484905716,25457500,15.315614259059217,0.0,20866000,18.68576871465542,6438500.0,14427500,27.024588459539075,0.469375,0.469375,31055684,31055684,https://www.infogreffe.com/recherche-entreprise-dirigeants/resultats-entreprise-dirigeants.html?ga_cat=globale&ga_q=B.O.N#phrase=B.O.N,https://www.infogreffe.com/recherche-entreprise-dirigeants/resultats-entreprise-dirigeants.html?ga_cat=globale&ga_q=B.O.N#phrase=B.O.N
0,2011-06-31,BON.PA,,2011-06-31,Q2,389897250,272318500,117578750,3.316052007696969,0.0,0.0,0.0,0.0,1898000.0,364439750,5221000.0,16271750,42358750,9.20464484905716,25457500,15.315614259059217,0.0,20866000,18.68576871465542,6438500.0,14427500,27.024588459539075,0.469375,0.469375,31055684,31055684,https://www.infogreffe.com/recherche-entreprise-dirigeants/resultats-entreprise-dirigeants.html?ga_cat=globale&ga_q=B.O.N#phrase=B.O.N,https://www.infogreffe.com/recherche-entreprise-dirigeants/resultats-entreprise-dirigeants.html?ga_cat=globale&ga_q=B.O.N#phrase=B.O.N
0,2011-03-31,BON.PA,,2011-03-31,Q1,389897250,272318500,117578750,3.316052007696969,0.0,0.0,0.0,0.0,1898000.0,364439750,5221000.0,16271750,42358750,9.20464484905716,25457500,15.315614259059217,0.0,20866000,18.68576871465542,6438500.0,14427500,27.024588459539075,0.469375,0.469375,31055684,31055684,https://www.infogreffe.com/recherche-entreprise-dirigeants/resultats-entreprise-dirigeants.html?ga_cat=globale&ga_q=B.O.N#phrase=B.O.N,https://www.infogreffe.com/recherche-entreprise-dirigeants/resultats-entreprise-dirigeants.html?ga_cat=globale&ga_q=B.O.N#phrase=B.O.N
0,2011-01-31,BON.PA,,2011-01-31,Q1,389897250,272318500,117578750,3.316052007696969,0.0,0.0,0.0,0.0,1898000.0,364439750,5221000.0,16271750,42358750,9.20464484905716,25457500,15.315614259059217,0.0,20866000,18.68576871465542,6438500.0,14427500,27.024588459539075,0.469375,0.469375,31055684,31055684,https://www.infogreffe.com/recherche-entreprise-dirigeants/resultats-entreprise-dirigeants.html?ga_cat=globale&ga_q=B.O.N#phrase=B.O.N,https://www.infogreffe.com/recherche-entreprise-dirigeants/resultats-entreprise-dirigeants.html?ga_cat=globale&ga_q=B.O.N#phrase=B.O.N
0,2010-09-31,BON.PA,,2010-09-31,Q3,389897250,272318500,117578750,3.316052007696969,0.0,0.0,0.0,0.0,1241250.0,363783000,5221000.0,16271750,43015250,9.064163290925892,26114250,14.930440276860335,0.0,20866000,18.68576871465542,6438500.0,14427500,27.024588459539075,0.469375,0.469375,31055684,31055684,https://www.infogreffe.com/recherche-entreprise-dirigeants/resultats-entreprise-dirigeants.html?ga_cat=globale&ga_q=B.O.N#phrase=B.O.N,https://www.infogreffe.com/recherche-entreprise-dirigeants/resultats-entreprise-dirigeants.html?ga_cat=globale&ga_q=B.O.N#phrase=B.O.N
0,2010-06-31,BON.PA,,2010-06-31,Q2,389897250,272318500,117578750,3.316052007696969,0.0,0.0,0.0,0.0,1241250.0,363783000,5221000.0,16271750,43015250,9.064163290925892,26114250,14.930440276860335,0.0,20866000,18.68576871465542,6438500.0,14427500,27.024588459539075,0.469375,0.469375,31055684,31055684,https://www.infogreffe.com/recherche-entreprise-dirigeants/resultats-entreprise-dirigeants.html?ga_cat=globale&ga_q=B.O.N#phrase=B.O.N,https://www.infogreffe.com/recherche-entreprise-dirigeants/resultats-entreprise-dirigeants.html?ga_cat=globale&ga_q=B.O.N#phrase=B.O.N
0,2010-03-31,BON.PA,,2010-03-31,Q1,389897250,272318500,117578750,3.316052007696969,0.0,0.0,0.0,0.0,1241250.0,363783000,5221000.0,16271750,43015250,9.064163290925892,26114250,14.930440276860335,0.0,20866000,18.68576871465542,6438500.0,14427500,27.024588459539075,0.469375,0.469375,31055684,31055684,https://www.infogreffe.com/recherche-entreprise-dirigeants/resultats-entreprise-dirigeants.html?ga_cat=globale&ga_q=B.O.N#phrase=B.O.N,https://www.infogreffe.com/recherche-entreprise-dirigeants/resultats-entreprise-dirigeants.html?ga_cat=globale&ga_q=B.O.N#phrase=B.O.N
0,2010-01-31,BON.PA,,2010-01-31,Q1,389897250,272318500,117578750,3.316052007696969,0.0,0.0,0.0,0.0,1241250.0,363783000,5221000.0,16271750,43015250,9.064163290925892,26114250,14.930440276860335,0.0,20866000,18.68576871465542,6438500.0,14427500,27.024588459539075,0.469375,0.469375,31055684,31055684,https://www.infogreffe.com/recherche-entreprise-dirigeants/resultats-entreprise-dirigeants.html?ga_cat=globale&ga_q=B.O.N#phrase=B.O.N,https://www.infogreffe.com/recherche-entreprise-dirigeants/resultats-entreprise-dirigeants.html?ga_cat=globale&ga_q=B.O.N#phrase=B.O.N
0,2009-09-31,BON.PA,,2009-09-31,Q3,380987250,259999250,120988000,3.148967252950706,0.0,75353750,0.0,0.0,3395250.0,355550500,0.0,16802250,44873500,8.49025037048592,25436750,14.977827356089122,0.0,9555250.0,39.87203369875199,2893500.0,6662000.0,57.1881191834284,0.218125,0.218125,30436188,30436188,https://www.infogreffe.com/recherche-entreprise-dirigeants/resultats-entreprise-dirigeants.html?ga_cat=globale&ga_q=B.O.N#phrase=B.O.N,https://www.infogreffe.com/recherche-entreprise-dirigeants/resultats-entreprise-dirigeants.html?ga_cat=globale&ga_q=B.O.N#phrase=B.O.N
0,2009-06-31,BON.PA,,2009-06-31,Q2,380987250,259999250,120988000,3.148967252950706,0.0,75353750,0.0,0.0,3395250.0,355550500,0.0,16802250,44873500,8.49025037048592,25436750,14.977827356089122,0.0,9555250.0,39.87203369875199,2893500.0,6662000.0,57.1881191834284,0.218125,0.218125,30436188,30436188,https://www.infogreffe.com/recherche-entreprise-dirigeants/resultats-entreprise-dirigeants.html?ga_cat=globale&ga_q=B.O.N#phrase=B.O.N,https://www.infogreffe.com/recherche-entreprise-dirigeants/resultats-entreprise-dirigeants.html?ga_cat=globale&ga_q=B.O.N#phrase=B.O.N
0,2009-03-31,BON.PA,,2009-03-31,Q1,380987250,259999250,120988000,3.148967252950706,0.0,75353750,0.0,0.0,3395250.0,355550500,0.0,16802250,44873500,8.49025037048592,25436750,14.977827356089122,0.0,9555250.0,39.87203369875199,2893500.0,6662000.0,57.1881191834284,0.218125,0.218125,30436188,30436188,https://www.infogreffe.com/recherche-entreprise-dirigeants/resultats-entreprise-dirigeants.html?ga_cat=globale&ga_q=B.O.N#phrase=B.O.N,https://www.infogreffe.com/recherche-entreprise-dirigeants/resultats-entreprise-dirigeants.html?ga_cat=globale&ga_q=B.O.N#phrase=B.O.N
0,2009-01-31,BON.PA,,2009-01-31,Q1,380987250,259999250,120988000,3.148967252950706,0.0,75353750,0.0,0.0,3395250.0,355550500,0.0,16802250,44873500,8.49025037048592,25436750,14.977827356089122,0.0,9555250.0,39.87203369875199,2893500.0,6662000.0,57.1881191834284,0.218125,0.218125,30436188,30436188,https://www.infogreffe.com/recherche-entreprise-dirigeants/resultats-entreprise-dirigeants.html?ga_cat=globale&ga_q=B.O.N#phrase=B.O.N,https://www.infogreffe.com/recherche-entreprise-dirigeants/resultats-entreprise-dirigeants.html?ga_cat=globale&ga_q=B.O.N#phrase=B.O.N
0,2008-09-31,BON.PA,,2008-09-31,Q3,372536750,259082250,113454500,3.2835784389336693,0.0,0.0,0.0,0.0,-92285250,257119250,0.0,16608250,132025750,2.8216976612516875,115417500,3.2277319297333595,0.0,18432500,20.21086396310864,5472250.0,12960250,28.744565112555698,0.418125,0.4175,30580288,30621068,https://www.infogreffe.com/recherche-entreprise-dirigeants/resultats-entreprise-dirigeants.html?ga_cat=globale&ga_q=B.O.N#phrase=B.O.N,https://www.infogreffe.com/recherche-entreprise-dirigeants/resultats-entreprise-dirigeants.html?ga_cat=globale&ga_q=B.O.N#phrase=B.O.N
0,2008-06-31,BON.PA,,2008-06-31,Q2,372536750,259082250,113454500,3.2835784389336693,0.0,0.0,0.0,0.0,-92285250,257119250,0.0,16608250,132025750,2.8216976612516875,115417500,3.2277319297333595,0.0,18432500,20.21086396310864,5472250.0,12960250,28.744565112555698,0.418125,0.4175,30580288,30621068,https://www.infogreffe.com/recherche-entreprise-dirigeants/resultats-entreprise-dirigeants.html?ga_cat=globale&ga_q=B.O.N#phrase=B.O.N,https://www.infogreffe.com/recherche-entreprise-dirigeants/resultats-entreprise-dirigeants.html?ga_cat=globale&ga_q=B.O.N#phrase=B.O.N
0,2008-03-31,BON.PA,,2008-03-31,Q1,372536750,259082250,113454500,3.2835784389336693,0.0,0.0,0.0,0.0,-92285250,257119250,0.0,16608250,132025750,2.8216976612516875,115417500,3.2277319297333595,0.0,18432500,20.21086396310864,5472250.0,12960250,28.744565112555698,0.418125,0.4175,30580288,30621068,https://www.infogreffe.com/recherche-entreprise-dirigeants/resultats-entreprise-dirigeants.html?ga_cat=globale&ga_q=B.O.N#phrase=B.O.N,https://www.infogreffe.com/recherche-entreprise-dirigeants/resultats-entreprise-dirigeants.html?ga_cat=globale&ga_q=B.O.N#phrase=B.O.N
0,2008-01-31,BON.PA,,2008-01-31,Q1,372536750,259082250,113454500,3.2835784389336693,0.0,0.0,0.0,0.0,-92285250,257119250,0.0,16608250,132025750,2.8216976612516875,115417500,3.2277319297333595,0.0,18432500,20.21086396310864,5472250.0,12960250,28.744565112555698,0.418125,0.4175,30580288,30621068,https://www.infogreffe.com/recherche-entreprise-dirigeants/resultats-entreprise-dirigeants.html?ga_cat=globale&ga_q=B.O.N#phrase=B.O.N,https://www.infogreffe.com/recherche-entreprise-dirigeants/resultats-entreprise-dirigeants.html?ga_cat=globale&ga_q=B.O.N#phrase=B.O.N
0,2007-09-31,BON.PA,,2007-09-31,Q3,313247250,216242750,97004500,3.229203284383714,0.0,0.0,0.0,0.0,3669250.0,295263500,10547000,12900250,39368750,7.956748690268297,17983750,17.41834989921457,0.0,18902500,16.571736542785345,5973500.0,12929000,24.22826591383711,0.41125,0.41,31491185,31587195,https://www.infogreffe.com/recherche-entreprise-dirigeants/resultats-entreprise-dirigeants.html?ga_cat=globale&ga_q=B.O.N#phrase=B.O.N,https://www.infogreffe.com/recherche-entreprise-dirigeants/resultats-entreprise-dirigeants.html?ga_cat=globale&ga_q=B.O.N#phrase=B.O.N
0,2007-06-31,BON.PA,,2007-06-31,Q2,313247250,216242750,97004500,3.229203284383714,0.0,0.0,0.0,0.0,3669250.0,295263500,10547000,12900250,39368750,7.956748690268297,17983750,17.41834989921457,0.0,18902500,16.571736542785345,5973500.0,12929000,24.22826591383711,0.41125,0.41,31491185,31587195,https://www.infogreffe.com/recherche-entreprise-dirigeants/resultats-entreprise-dirigeants.html?ga_cat=globale&ga_q=B.O.N#phrase=B.O.N,https://www.infogreffe.com/recherche-entreprise-dirigeants/resultats-entreprise-dirigeants.html?ga_cat=globale&ga_q=B.O.N#phrase=B.O.N
0,2007-03-31,BON.PA,,2007-03-31,Q1,313247250,216242750,97004500,3.229203284383714,0.0,0.0,0.0,0.0,3669250.0,295263500,10547000,12900250,39368750,7.956748690268297,17983750,17.41834989921457,0.0,18902500,16.571736542785345,5973500.0,12929000,24.22826591383711,0.41125,0.41,31491185,31587195,https://www.infogreffe.com/recherche-entreprise-dirigeants/resultats-entreprise-dirigeants.html?ga_cat=globale&ga_q=B.O.N#phrase=B.O.N,https://www.infogreffe.com/recherche-entreprise-dirigeants/resultats-entreprise-dirigeants.html?ga_cat=globale&ga_q=B.O.N#phrase=B.O.N
0,2007-01-31,BON.PA,,2007-01-31,Q1,313247250,216242750,97004500,3.229203284383714,0.0,0.0,0.0,0.0,3669250.0,295263500,10547000,12900250,39368750,7.956748690268297,17983750,17.41834989921457,0.0,18902500,16.571736542785345,5973500.0,12929000,24.22826591383711,0.41125,0.41,31491185,31587195,https://www.infogreffe.com/recherche-entreprise-dirigeants/resultats-entreprise-dirigeants.html?ga_cat=globale&ga_q=B.O.N#phrase=B.O.N,https://www.infogreffe.com/recherche-entreprise-dirigeants/resultats-entreprise-dirigeants.html?ga_cat=globale&ga_q=B.O.N#phrase=B.O.N
0,2006-09-31,BON.PA,,2006-09-31,Q3,299011500,208887500,90124000,3.31777883804536,0.0,0.0,0.0,-18250.0,717500.0,282191250,0.0,12238500,26634000,11.226683937823834,16820250,17.776876086859588,0.0,14532750,20.5750116117046,4442500.0,9807000.0,30.489599265830527,31.1875,31.1875,31443324,31443324,https://www.infogreffe.com/recherche-entreprise-dirigeants/resultats-entreprise-dirigeants.html?ga_cat=globale&ga_q=B.O.N#phrase=B.O.N,https://www.infogreffe.com/recherche-entreprise-dirigeants/resultats-entreprise-dirigeants.html?ga_cat=globale&ga_q=B.O.N#phrase=B.O.N
0,2006-06-31,BON.PA,,2006-06-31,Q2,299011500,208887500,90124000,3.31777883804536,0.0,0.0,0.0,-18250.0,717500.0,282191250,0.0,12238500,26634000,11.226683937823834,16820250,17.776876086859588,0.0,14532750,20.5750116117046,4442500.0,9807000.0,30.489599265830527,31.1875,31.1875,31443324,31443324,https://www.infogreffe.com/recherche-entreprise-dirigeants/resultats-entreprise-dirigeants.html?ga_cat=globale&ga_q=B.O.N#phrase=B.O.N,https://www.infogreffe.com/recherche-entreprise-dirigeants/resultats-entreprise-dirigeants.html?ga_cat=globale&ga_q=B.O.N#phrase=B.O.N
0,2006-03-31,BON.PA,,2006-03-31,Q1,299011500,208887500,90124000,3.31777883804536,0.0,0.0,0.0,-18250.0,717500.0,282191250,0.0,12238500,26634000,11.226683937823834,16820250,17.776876086859588,0.0,14532750,20.5750116117046,4442500.0,9807000.0,30.489599265830527,31.1875,31.1875,31443324,31443324,https://www.infogreffe.com/recherche-entreprise-dirigeants/resultats-entreprise-dirigeants.html?ga_cat=globale&ga_q=B.O.N#phrase=B.O.N,https://www.infogreffe.com/recherche-entreprise-dirigeants/resultats-entreprise-dirigeants.html?ga_cat=globale&ga_q=B.O.N#phrase=B.O.N
0,2006-01-31,BON.PA,,2006-01-31,Q1,299011500,208887500,90124000,3.31777883804536,0.0,0.0,0.0,-18250.0,717500.0,282191250,0.0,12238500,26634000,11.226683937823834,16820250,17.776876086859588,0.0,14532750,20.5750116117046,4442500.0,9807000.0,30.489599265830527,31.1875,31.1875,31443324,31443324,https://www.infogreffe.com/recherche-entreprise-dirigeants/resultats-entreprise-dirigeants.html?ga_cat=globale&ga_q=B.O.N#phrase=B.O.N,https://www.infogreffe.com/recherche-entreprise-dirigeants/resultats-entreprise-dirigeants.html?ga_cat=globale&ga_q=B.O.N#phrase=B.O.N
0,2005-09-31,BON.PA,,2005-09-31,Q3,300220000,209524750,90695250,3.3102064330822176,0.0,0.0,0.0,-5500.0,-288250.0,282981750,0.0,13255750,27985750,10.727602440527768,17238250,17.41592098965962,0.0,14822500,20.254343059537863,5556000.0,9511500.0,31.5638963360143,30.25,30.25,31412360,31412360,https://www.infogreffe.com/recherche-entreprise-dirigeants/resultats-entreprise-dirigeants.html?ga_cat=globale&ga_q=B.O.N#phrase=B.O.N,https://www.infogreffe.com/recherche-entreprise-dirigeants/resultats-entreprise-dirigeants.html?ga_cat=globale&ga_q=B.O.N#phrase=B.O.N
0,2005-06-31,BON.PA,,2005-06-31,Q2,300220000,209524750,90695250,3.3102064330822176,0.0,0.0,0.0,-5500.0,-288250.0,282981750,0.0,13255750,27985750,10.727602440527768,17238250,17.41592098965962,0.0,14822500,20.254343059537863,5556000.0,9511500.0,31.5638963360143,30.25,30.25,31412360,31412360,https://www.infogreffe.com/recherche-entreprise-dirigeants/resultats-entreprise-dirigeants.html?ga_cat=globale&ga_q=B.O.N#phrase=B.O.N,https://www.infogreffe.com/recherche-entreprise-dirigeants/resultats-entreprise-dirigeants.html?ga_cat=globale&ga_q=B.O.N#phrase=B.O.N
0,2005-03-31,BON.PA,,2005-03-31,Q1,300220000,209524750,90695250,3.3102064330822176,0.0,0.0,0.0,-5500.0,-288250.0,282981750,0.0,13255750,27985750,10.727602440527768,17238250,17.41592098965962,0.0,14822500,20.254343059537863,5556000.0,9511500.0,31.5638963360143,30.25,30.25,31412360,31412360,https://www.infogreffe.com/recherche-entreprise-dirigeants/resultats-entreprise-dirigeants.html?ga_cat=globale&ga_q=B.O.N#phrase=B.O.N,https://www.infogreffe.com/recherche-entreprise-dirigeants/resultats-entreprise-dirigeants.html?ga_cat=globale&ga_q=B.O.N#phrase=B.O.N
0,2005-01-31,BON.PA,,2005-01-31,Q1,300220000,209524750,90695250,3.3102064330822176,0.0,0.0,0.0,-5500.0,-288250.0,282981750,0.0,13255750,27985750,10.727602440527768,17238250,17.41592098965962,0.0,14822500,20.254343059537863,5556000.0,9511500.0,31.5638963360143,30.25,30.25,31412360,31412360,https://www.infogreffe.com/recherche-entreprise-dirigeants/resultats-entreprise-dirigeants.html?ga_cat=globale&ga_q=B.O.N#phrase=B.O.N,https://www.infogreffe.com/recherche-entreprise-dirigeants/resultats-entreprise-dirigeants.html?ga_cat=globale&ga_q=B.O.N#phrase=B.O.N
0,2004-09-31,BON.PA,,2004-09-31,Q3,348317000,261042250,87274750,3.991039791004844,0.0,0.0,0.0,20500.0,655250.0,329963750,0.0,13427750,27916500,12.47710135582899,18353250,18.978491547818507,0.0,14647750,23.77955658718916,5216000.0,9571000.0,36.39295789363703,30.0,30.0,32000000,32000000,https://www.infogreffe.com/recherche-entreprise-dirigeants/resultats-entreprise-dirigeants.html?ga_cat=globale&ga_q=B.O.N#phrase=B.O.N,https://www.infogreffe.com/recherche-entreprise-dirigeants/resultats-entreprise-dirigeants.html?ga_cat=globale&ga_q=B.O.N#phrase=B.O.N
0,2004-06-31,BON.PA,,2004-06-31,Q2,348317000,261042250,87274750,3.991039791004844,0.0,0.0,0.0,20500.0,655250.0,329963750,0.0,13427750,27916500,12.47710135582899,18353250,18.978491547818507,0.0,14647750,23.77955658718916,5216000.0,9571000.0,36.39295789363703,30.0,30.0,32000000,32000000,https://www.infogreffe.com/recherche-entreprise-dirigeants/resultats-entreprise-dirigeants.html?ga_cat=globale&ga_q=B.O.N#phrase=B.O.N,https://www.infogreffe.com/recherche-entreprise-dirigeants/resultats-entreprise-dirigeants.html?ga_cat=globale&ga_q=B.O.N#phrase=B.O.N
0,2004-03-31,BON.PA,,2004-03-31,Q1,348317000,261042250,87274750,3.991039791004844,0.0,0.0,0.0,20500.0,655250.0,329963750,0.0,13427750,27916500,12.47710135582899,18353250,18.978491547818507,0.0,14647750,23.77955658718916,5216000.0,9571000.0,36.39295789363703,30.0,30.0,32000000,32000000,https://www.infogreffe.com/recherche-entreprise-dirigeants/resultats-entreprise-dirigeants.html?ga_cat=globale&ga_q=B.O.N#phrase=B.O.N,https://www.infogreffe.com/recherche-entreprise-dirigeants/resultats-entreprise-dirigeants.html?ga_cat=globale&ga_q=B.O.N#phrase=B.O.N
0,2004-01-31,BON.PA,,2004-01-31,Q1,348317000,261042250,87274750,3.991039791004844,0.0,0.0,0.0,20500.0,655250.0,329963750,0.0,13427750,27916500,12.47710135582899,18353250,18.978491547818507,0.0,14647750,23.77955658718916,5216000.0,9571000.0,36.39295789363703,30.0,30.0,32000000,32000000,https://www.infogreffe.com/recherche-entreprise-dirigeants/resultats-entreprise-dirigeants.html?ga_cat=globale&ga_q=B.O.N#phrase=B.O.N,https://www.infogreffe.com/recherche-entreprise-dirigeants/resultats-entreprise-dirigeants.html?ga_cat=globale&ga_q=B.O.N#phrase=B.O.N
0,2003-09-31,BON.PA,,2003-09-31,Q3,329539250,257959000,71580250,4.603773387212255,0.0,50430250,0.0,0.0,-11546000,310809250,0.0,13966000,32696000,10.078885796427697,18730000,17.594193806727176,0.0,16119250,20.443832684523162,-5360000.0,9942250.0,33.14533933465765,0.313125,0.313125,31874651,31874651,https://www.infogreffe.com/recherche-entreprise-dirigeants/resultats-entreprise-dirigeants.html?ga_cat=globale&ga_q=B.O.N#phrase=B.O.N,https://www.infogreffe.com/recherche-entreprise-dirigeants/resultats-entreprise-dirigeants.html?ga_cat=globale&ga_q=B.O.N#phrase=B.O.N
0,2003-06-31,BON.PA,,2003-06-31,Q2,329539250,257959000,71580250,4.603773387212255,0.0,50430250,0.0,0.0,-11546000,310809250,0.0,13966000,32696000,10.078885796427697,18730000,17.594193806727176,0.0,16119250,20.443832684523162,-5360000.0,9942250.0,33.14533933465765,0.313125,0.313125,31874651,31874651,https://www.infogreffe.com/recherche-entreprise-dirigeants/resultats-entreprise-dirigeants.html?ga_cat=globale&ga_q=B.O.N#phrase=B.O.N,https://www.infogreffe.com/recherche-entreprise-dirigeants/resultats-entreprise-dirigeants.html?ga_cat=globale&ga_q=B.O.N#phrase=B.O.N
0,2003-03-31,BON.PA,,2003-03-31,Q1,329539250,257959000,71580250,4.603773387212255,0.0,50430250,0.0,0.0,-11546000,310809250,0.0,13966000,32696000,10.078885796427697,18730000,17.594193806727176,0.0,16119250,20.443832684523162,-5360000.0,9942250.0,33.14533933465765,0.313125,0.313125,31874651,31874651,https://www.infogreffe.com/recherche-entreprise-dirigeants/resultats-entreprise-dirigeants.html?ga_cat=globale&ga_q=B.O.N#phrase=B.O.N,https://www.infogreffe.com/recherche-entreprise-dirigeants/resultats-entreprise-dirigeants.html?ga_cat=globale&ga_q=B.O.N#phrase=B.O.N
0,2003-01-31,BON.PA,,2003-01-31,Q1,329539250,257959000,71580250,4.603773387212255,0.0,50430250,0.0,0.0,-11546000,310809250,0.0,13966000,32696000,10.078885796427697,18730000,17.594193806727176,0.0,16119250,20.443832684523162,-5360000.0,9942250.0,33.14533933465765,0.313125,0.313125,31874651,31874651,https://www.infogreffe.com/recherche-entreprise-dirigeants/resultats-entreprise-dirigeants.html?ga_cat=globale&ga_q=B.O.N#phrase=B.O.N,https://www.infogreffe.com/recherche-entreprise-dirigeants/resultats-entreprise-dirigeants.html?ga_cat=globale&ga_q=B.O.N#phrase=B.O.N
0,2002-09-31,BON.PA,,2002-09-31,Q3,312579500,238196750,74382750,4.202311691890929,0.0,45663750,0.0,0.0,-4312500.0,296004000,0.0,16456000,33031500,9.463073127166492,16575500,18.857922837923443,0.0,13535750,23.092883659937574,-4286000.0,11331000,27.586223634277644,0.355,0.355,31847183,31847183,https://www.infogreffe.com/recherche-entreprise-dirigeants/resultats-entreprise-dirigeants.html?ga_cat=globale&ga_q=B.O.N#phrase=B.O.N,https://www.infogreffe.com/recherche-entreprise-dirigeants/resultats-entreprise-dirigeants.html?ga_cat=globale&ga_q=B.O.N#phrase=B.O.N
0,2002-06-31,BON.PA,,2002-06-31,Q2,312579500,238196750,74382750,4.202311691890929,0.0,45663750,0.0,0.0,-4312500.0,296004000,0.0,16456000,33031500,9.463073127166492,16575500,18.857922837923443,0.0,13535750,23.092883659937574,-4286000.0,11331000,27.586223634277644,0.355,0.355,31847183,31847183,https://www.infogreffe.com/recherche-entreprise-dirigeants/resultats-entreprise-dirigeants.html?ga_cat=globale&ga_q=B.O.N#phrase=B.O.N,https://www.infogreffe.com/recherche-entreprise-dirigeants/resultats-entreprise-dirigeants.html?ga_cat=globale&ga_q=B.O.N#phrase=B.O.N
0,2002-03-31,BON.PA,,2002-03-31,Q1,312579500,238196750,74382750,4.202311691890929,0.0,45663750,0.0,0.0,-4312500.0,296004000,0.0,16456000,33031500,9.463073127166492,16575500,18.857922837923443,0.0,13535750,23.092883659937574,-4286000.0,11331000,27.586223634277644,0.355,0.355,31847183,31847183,https://www.infogreffe.com/recherche-entreprise-dirigeants/resultats-entreprise-dirigeants.html?ga_cat=globale&ga_q=B.O.N#phrase=B.O.N,https://www.infogreffe.com/recherche-entreprise-dirigeants/resultats-entreprise-dirigeants.html?ga_cat=globale&ga_q=B.O.N#phrase=B.O.N
0,2002-01-31,BON.PA,,2002-01-31,Q1,312579500,238196750,74382750,4.202311691890929,0.0,45663750,0.0,0.0,-4312500.0,296004000,0.0,16456000,33031500,9.463073127166492,16575500,18.857922837923443,0.0,13535750,23.092883659937574,-4286000.0,11331000,27.586223634277644,0.355,0.355,31847183,31847183,https://www.infogreffe.com/recherche-entreprise-dirigeants/resultats-entreprise-dirigeants.html?ga_cat=globale&ga_q=B.O.N#phrase=B.O.N,https://www.infogreffe.com/recherche-entreprise-dirigeants/resultats-entreprise-dirigeants.html?ga_cat=globale&ga_q=B.O.N#phrase=B.O.N
