,date,symbol,fillingDate,acceptedDate,period,revenue,costOfRevenue,grossProfit,grossProfitRatio,researchAndDevelopmentExpenses,generalAndAdministrativeExpenses,sellingAndMarketingExpenses,otherExpenses,operatingExpenses,costAndExpenses,interestExpense,depreciationAndAmortization,ebitda,ebitdaratio,operatingIncome,operatingIncomeRatio,totalOtherIncomeExpensesNet,incomeBeforeTax,incomeBeforeTaxRatio,incomeTaxExpense,netIncome,netIncomeRatio,eps,epsdiluted,weightedAverageShsOut,weightedAverageShsOutDil,link,finalLink
0,2020-09-30,WVVIP,2020-11-12,2020-11-12 16:30:39,Q3,6918131.0,2696934.0,4221197.0,0.6101643637566273,0.0,1040908.0,1876455.0,37097.0,2917363.0,5614297.0,103283.0,466102.0,1769936.0,0.25584019730184354,1303834.0,0.18846622013951456,37097.0,1240263.0,0.17927717760765155,-343464.0,896799.0,0.12963024261899636,0.18064130554983163,0.18064130554983163,4964529.0,4964529.0,https://www.sec.gov/Archives/edgar/data/838875/000119983520000305/0001199835-20-000305-index.htm,https://www.sec.gov/Archives/edgar/data/838875/000119983520000305/form-10q.htm
0,2020-06-30,WVVIP,2020-08-12,2020-08-12 17:03:11,Q2,5568654.0,2067122.0,3501532.0,0.6287932415984185,0.0,941960.0,1613998.0,0.0,2555958.0,4623080.0,105133.0,451671.0,1397245.0,0.250912518537,945574.0,0.169802972137,100802.0,851954.0,0.152991010036,231533.0,620421.0,0.111413099108,0.12497,0.12497,4964529.0,4964529.0,https://www.sec.gov/Archives/edgar/data/838875/000119983520000197/0001199835-20-000197-index.htm,https://www.sec.gov/Archives/edgar/data/838875/000119983520000197/form10-q.htm
0,2020-03-31,WVVIP,,,Q1,6521895.0,2609853.0,3912042.0,0.599832104013,0.0,1081464.0,1748040.0,0.0,2829504.0,5439357.0,105742.0,424983.0,1507521.0,0.23114769557,1082538.0,0.165985192954,0.0,1081315.0,0.165797670769,294233.0,787082.0,0.120683022342,0.15854,0.15854,4964529.0,4964529.0,,
0,2019-12-31,WVVIP,2020-03-11,,Q4,7201273.0,2749707.0,4451566.0,0.6181637607684086,0.0,1252273.0,1906965.0,0.0,3159238.0,5908945.0,108950.0,515307.0,1807635.0,0.251016035637,1292328.0,0.179458270781,105711.0,1221283.0,0.169592653965,348969.0,872314.0,0.121133305181,0.17571,0.17571,4964529.0,4964529.0,https://www.sec.gov/Archives/edgar/data/838875/000119983520000018/0001199835-20-000018-index.htm,https://www.sec.gov/Archives/edgar/data/838875/000119983520000018/form-10k.htm
0,2019-09-30,WVVIP,,,Q3,6758367.0,2694345.0,4064022.0,0.601331948975,0.0,929158.0,1860537.0,0.0,2789695.0,5484040.0,110547.0,391042.0,1665369.0,0.246415887151,1274327.0,0.188555460217,0.0,1170988.0,0.173264932194,318788.0,852200.0,0.126095549413,0.17166,0.17166,4964529.0,4964529.0,,
0,2019-06-30,WVVIP,,,Q2,5790837.0,2292479.0,3498358.0,0.604119577187,0.0,995341.0,1906586.0,0.0,2901927.0,5194406.0,111088.0,408585.0,1005016.0,0.173552804197,596431.0,0.102995646398,0.0,494274.0,0.085354500567,134363.0,359911.0,0.0621518098334,0.0725,0.0725,4964529.0,4964529.0,,
0,2019-03-31,WVVIP,,,Q1,4998786.0,1718150.0,3280636.0,0.656286546373,0.0,941198.0,1775000.0,0.0,2716198.0,4434348.0,110414.0,484281.0,1048719.0,0.209794738162,564438.0,0.112915015766,0.0,576479.0,0.115323800619,150003.0,426476.0,0.0853159147041,0.0859,0.0859,4964529.0,4964529.0,,
0,2018-12-31,WVVIP,,,Q4,7264789.0,2637811.0,4626978.0,0.636904664403,0.0,-3633383.0,6701837.0,0.0,3068454.0,5706265.0,103417.0,500146.0,2058670.0,0.28337643392,1558524.0,0.214531213501,0.0,1494690.0,0.205744447636,411457.0,1083233.0,0.149107289971,0.21819,0.21819,4964529.0,4964529.0,,
0,2018-09-30,WVVIP,,,Q3,5461039.0,1918868.0,3542171.0,0.648625838416,0.0,2569229.0,0.0,0.0,2569229.0,4488097.0,119270.0,404418.0,1377360.0,0.252215741364,972942.0,0.178160602772,0.0,881603.0,0.161435030953,239966.0,641637.0,0.117493575856,0.12924,0.12924,4964529.0,4964529.0,,
0,2018-06-30,WVVIP,,,Q2,5821292.0,2099186.0,3722106.0,0.639395172068,0.0,2543201.0,0.0,0.0,2543201.0,4642387.0,116284.0,403027.0,1581932.0,0.271749295517,1178905.0,0.202516039395,0.0,1110095.0,0.190695639387,306839.0,803256.0,0.137985862932,0.1618,0.1618,4964529.0,4964529.0,,
0,2018-03-31,WVVIP,,,Q1,4532619.0,1642375.0,2890244.0,0.637654300968,0.0,2417900.0,0.0,0.0,2417900.0,4060275.0,118718.0,398120.0,870464.0,0.192044378758,472344.0,0.104209950141,0.0,453198.0,0.0999859021903,122744.0,330454.0,0.0729057527227,0.06656,0.06656,4964529.0,4964529.0,,
0,2017-12-31,WVVIP,,,Q4,5945610.0,2376932.0,3568678.0,0.600220667013,0.0,2593133.0,0.0,0.0,2593133.0,4970065.0,126611.0,412100.0,1387645.0,0.233389845617,975545.0,0.164078202237,0.0,934945.0,0.157249634604,-525620.0,1460565.0,0.245654356744,0.29298,0.29298,4985219.0,4985219.0,,
0,2017-09-30,WVVIP,,,Q3,5143588.0,1762214.0,3381374.0,0.657395965618,0.0,2283142.0,0.0,0.0,2283142.0,4045356.0,127431.0,392819.0,1491051.0,0.289885387399,1098232.0,0.21351476829,0.0,1023222.0,0.198931562948,398638.0,624584.0,0.121429632389,0.12511,0.12511,4992189.0,4992189.0,,
0,2017-06-30,WVVIP,,,Q2,5313784.0,2124850.0,3188934.0,0.600124882758,0.0,2129794.0,0.0,0.0,2129794.0,4254644.0,122866.0,372703.0,1431843.0,0.269458261758,1059140.0,0.199319355096,0.0,991453.0,0.186581351444,397953.0,593500.0,0.111690652085,0.1187,0.1187,5000046.0,5000046.0,,
0,2017-03-31,WVVIP,,,Q1,4450545.0,1707680.0,2742865.0,0.616298678027,0.0,2239738.0,0.0,0.0,2239738.0,3947418.0,96700.0,367113.0,870240.0,0.195535602943,503127.0,0.113048401937,0.0,496885.0,0.111645877078,181755.0,315130.0,0.0708070584614,0.0629,0.0629,5005749.0,5010173.0,,
0,2016-12-31,WVVIP,,,Q4,5860904.0,2204976.0,3655928.0,0.623782269766,0.0,2053110.0,0.0,0.0,2053110.0,4258086.0,74941.0,345147.0,1947965.0,0.332365962657,1602818.0,0.27347624189,0.0,1589516.0,0.271206626145,525414.0,1064102.0,0.181559363538,0.21302,0.21302,4991065.0,4995343.0,,
0,2016-09-30,WVVIP,,,Q3,4741711.0,1700460.0,3041251.0,0.641382614841,0.0,2046948.0,0.0,0.0,2046948.0,3747408.0,71264.0,335227.0,1329530.0,0.280390348547,994303.0,0.209692872467,0.0,961353.0,0.202743904046,361542.0,599811.0,0.126496743475,0.12002,0.12002,4993571.0,4997737.0,,
0,2016-06-30,WVVIP,,,Q2,4639028.0,1714727.0,2924301.0,0.63036933599,0.0,2096097.0,0.0,0.0,2096097.0,3810824.0,72154.0,327775.0,1155979.0,0.24918560526,828204.0,0.178529640261,0.0,794569.0,0.171279199005,317397.0,477172.0,0.102860340571,0.09549,0.09549,4993324.0,4997304.0,,
0,2016-03-31,WVVIP,,,Q1,4183769.0,1584721.0,2599048.0,0.621221678348,0.0,1856972.0,0.0,0.0,1856972.0,3441693.0,73011.0,327105.0,1069181.0,0.255554501216,742076.0,0.177370213317,0.0,761847.0,0.182095856631,273957.0,487890.0,0.116614946953,0.09751,0.09751,4987133.0,5003741.0,,
0,2015-12-31,WVVIP,,,Q4,5060698.0,1913575.0,3147123.0,0.621875282817,0.0,1968842.0,0.0,0.0,1968842.0,3882417.0,75261.0,323802.0,1502083.0,0.296813404001,1178281.0,0.232829740087,0.0,1162991.0,0.229808417732,539884.0,623107.0,0.123126691219,0.12553,0.12553,4928712.0,4963999.0,,
0,2015-09-30,WVVIP,,,Q3,4244519.0,1608568.0,2635951.0,0.621024667342,0.0,1889206.0,0.0,0.0,1889206.0,3497774.0,76535.0,317438.0,1064183.0,0.250719339459,746745.0,0.175931595547,0.0,707786.0,0.166752934785,253530.0,454256.0,0.107021785036,0.0915,0.0915,4916467.0,4964520.0,,
0,2015-06-30,WVVIP,,,Q2,4721154.0,1961501.0,2759653.0,0.584529333294,0.0,1914769.0,0.0,0.0,1914769.0,3876270.0,77975.0,325847.0,1170731.0,0.247975600881,844884.0,0.178957093965,0.0,802628.0,0.170006739878,292397.0,510231.0,0.108073365114,0.10275,0.10275,4896289.0,4965954.0,,
0,2015-03-31,WVVIP,,,Q1,3912501.0,1608467.0,2304034.0,0.588890328718,0.0,1805367.0,0.0,0.0,1805367.0,3413834.0,77034.0,307156.0,805823.0,0.205961097518,498667.0,0.127454791705,0.0,503843.0,0.128777730664,189605.0,314238.0,0.0803164011971,0.06339,0.06339,4884503.0,4957041.0,,
0,2014-12-31,WVVIP,,,Q4,4444667.0,1890427.0,2554240.0,0.574675223138,0.0,1728980.0,0.0,0.0,1728980.0,3619407.0,80306.0,295331.0,1120591.0,0.252120350073,825260.0,0.185674202364,0.0,834277.0,0.187702925776,-31667.0,865944.0,0.194827644006,0.17563,0.17563,4849614.0,4930494.0,,
0,2014-09-30,WVVIP,,,Q3,4046201.0,1546588.0,2499613.0,0.617767876583,0.0,1526956.0,0.0,0.0,1526956.0,3073544.0,81242.0,284996.0,1257653.0,0.310823164741,972657.0,0.240387711831,0.0,931721.0,0.230270567379,357775.0,573946.0,0.141848118766,0.11632,0.11632,4844821.0,4934107.0,,
0,2014-06-30,WVVIP,,,Q2,3693412.0,1452648.0,2240764.0,0.606692131828,0.0,1481194.0,0.0,0.0,1481194.0,2933842.0,61476.0,258932.0,1018502.0,0.275761815904,759570.0,0.205655366907,0.0,889794.0,0.240913821691,343259.0,546535.0,0.147975638786,0.11075,0.11075,4843300.0,4934903.0,,
0,2014-03-31,WVVIP,,,Q1,2971879.0,1249890.0,1721989.0,0.579427695408,0.0,1473254.0,0.0,0.0,1473254.0,2723144.0,65996.0,235478.0,484213.0,0.16293159984,248735.0,0.0836962070125,0.0,281547.0,0.0947370333718,106632.0,174915.0,0.0588567031161,0.03541,0.03541,4839149.0,4939412.0,,
0,2013-12-31,WVVIP,,,Q4,3577550.0,1553489.0,2024061.0,0.565767354754,0.0,1442541.0,0.0,0.0,1442541.0,2996030.0,60588.0,197066.0,778586.0,0.217631060363,581520.0,0.162546994452,0.0,558660.0,0.156157146651,184952.0,373708.0,0.104459196936,0.07695,0.07695,4804801.0,4856321.0,,
0,2013-09-30,WVVIP,,,Q3,3043546.0,1284688.0,1758858.0,0.577897623364,0.0,1339735.0,0.0,0.0,1339735.0,2624423.0,61635.0,180573.0,599696.0,0.197038585913,419123.0,0.137708777853,0.0,410965.0,0.135028351798,178899.0,232066.0,0.0762485600678,0.04794,0.04794,4796150.0,4840927.0,,
0,2013-06-30,WVVIP,,,Q2,6650818.0,2750262.0,3900556.0,0.586477633278,0.0,2526655.0,0.0,0.0,2526655.0,5276917.0,123208.0,371193.0,1745094.0,0.262387874695,1373901.0,0.206576243704,0.0,1358576.0,0.204272015863,540858.0,817718.0,0.122949989009,0.16901,0.16901,4798429.0,4838232.0,,
0,2013-03-31,WVVIP,,,Q1,0.0,0.0,0.0,0.0,0.0,0.0,0.0,0.0,0.0,0.0,0.0,0.0,0.0,0.0,0.0,0.0,0.0,0.0,0.0,0.0,0.0,0.0,0.0,0.0,0.0,0.0,,
0,2012-12-31,WVVIP,,,Q4,0.0,0.0,0.0,0.0,0.0,0.0,0.0,0.0,0.0,0.0,0.0,0.0,0.0,0.0,0.0,0.0,0.0,0.0,0.0,0.0,0.0,0.0,0.0,0.0,0.0,0.0,,
0,2012-09-30,WVVIP,,,Q3,0.0,0.0,0.0,0.0,0.0,0.0,0.0,0.0,0.0,0.0,0.0,0.0,0.0,0.0,0.0,0.0,0.0,0.0,0.0,0.0,0.0,0.0,0.0,0.0,0.0,0.0,,
0,2012-06-30,WVVIP,,,Q2,0.0,0.0,0.0,0.0,0.0,0.0,0.0,0.0,0.0,0.0,0.0,0.0,0.0,0.0,0.0,0.0,0.0,0.0,0.0,0.0,0.0,0.0,0.0,0.0,0.0,0.0,,
0,2012-03-31,WVVIP,,,Q1,0.0,0.0,0.0,0.0,0.0,0.0,0.0,0.0,0.0,0.0,0.0,0.0,0.0,0.0,0.0,0.0,0.0,0.0,0.0,0.0,0.0,0.0,0.0,0.0,0.0,0.0,,
0,2011-12-31,WVVIP,,,Q4,0.0,0.0,0.0,0.0,0.0,0.0,0.0,0.0,0.0,0.0,0.0,0.0,0.0,0.0,0.0,0.0,0.0,0.0,0.0,0.0,0.0,0.0,0.0,0.0,0.0,0.0,,
0,2011-09-30,WVVIP,,,Q3,0.0,0.0,0.0,0.0,0.0,0.0,0.0,0.0,0.0,0.0,0.0,0.0,0.0,0.0,0.0,0.0,0.0,0.0,0.0,0.0,0.0,0.0,0.0,0.0,0.0,0.0,,
0,2011-06-30,WVVIP,,,Q2,0.0,0.0,0.0,0.0,0.0,0.0,0.0,0.0,0.0,0.0,0.0,0.0,0.0,0.0,0.0,0.0,0.0,0.0,0.0,0.0,0.0,0.0,0.0,0.0,0.0,0.0,,
0,2007-12-31,WVVIP,2008-05-19,,Q4,5138984.0,2409279.0,2729705.0,0.53117600677488,0.0,1630408.0,0.0,0.0,1630408.0,4039687.0,25425.0,179882.0,1279179.0,0.2489167119415044,1099297.0,0.21391329492366584,10055.0,1117437.0,0.21744317553819978,1034170.0,664484.0,0.12930260144806832,0.35,0.35,4819031.0,4819031.0,https://www.sec.gov/Archives/edgar/data/838875/000110465908034128/0001104659-08-034128-index.htm,https://www.sec.gov/Archives/edgar/data/838875/000110465908034128/a08-9638_210ksb.htm
