,date,symbol,fillingDate,acceptedDate,period,revenue,costOfRevenue,grossProfit,grossProfitRatio,researchAndDevelopmentExpenses,generalAndAdministrativeExpenses,sellingAndMarketingExpenses,otherExpenses,operatingExpenses,costAndExpenses,interestExpense,depreciationAndAmortization,ebitda,ebitdaratio,operatingIncome,operatingIncomeRatio,totalOtherIncomeExpensesNet,incomeBeforeTax,incomeBeforeTaxRatio,incomeTaxExpense,netIncome,netIncomeRatio,eps,epsdiluted,weightedAverageShsOut,weightedAverageShsOutDil,link,finalLink
0,2020-08-31,STZ,2020-10-01 00:00:00,2020-10-01 14:33:23,Q2,2260400000,1044600000,1215800000,0.537869,0.0,389200000,0.0,2900000.0,377700000.00000006,1422300000,-180900000,71699999.99999999,538300000,0.238144,838100000,0.370775,0.0,657200000,0.290745,135400000,512100000,0.226553,2.3445,2.3445,218426000,218426000,https://www.sec.gov/Archives/edgar/data/16918/000001691820000237/0000016918-20-000237-index.htm,https://www.sec.gov/Archives/edgar/data/16918/000001691820000237/stz-20200831.htm
0,2020-05-31,STZ,2020-07-01 00:00:00,2020-07-01 13:58:37,Q1,1963400000,975100000,988300000,0.503362,0.0,324400000,0.0,-7400000.0,385300000.00000006,1360400000,-671200000,71000000,-673700000,-0.343129,603000000,0.30712,0.0,-68200000,-0.034736,104400000,-177900000,-0.090608,-0.92225,-0.92225,192897000,192897000,https://www.sec.gov/Archives/edgar/data/16918/000001691820000173/0000016918-20-000173-index.htm,https://www.sec.gov/Archives/edgar/data/16918/000001691820000173/stz-20200531.htm
0,2020-02-29,STZ,2020-04-21 00:00:00,2020-04-21 10:23:53,Q4,1902900000,953100000,949800000,0.499133,0.0,373000000,0.0,-5200000.0,404699999.99999994,1357800000,87000.0,79000000,557387000,0.292914,545100000,0.286458,0.0,488900000,0.256924,79900000,398400000,0.209365,2.07667,2.07667,191846000,191846000,https://www.sec.gov/Archives/edgar/data/16918/000001691820000078/0000016918-20-000078-index.html,https://www.sec.gov/Archives/edgar/data/16918/000001691820000078/stz229202010k.htm
0,2019-11-30,STZ,2020-01-08 00:00:00,2020-01-08 12:21:11,Q3,1999400000,1011900000,987500000,0.493898,0.0,401900000,0.0,800000.0,720300000.0000001,1732200000,107700000,81200000.00000001,-109599999.99999999,-0.054816,267200000,0.13364,0.0,-292400000,-0.146244,-658900000,360400000,0.180254,1.84957,1.84957,194856000,194856000,https://www.sec.gov/Archives/edgar/data/16918/000001691820000007/0000016918-20-000007-index.html,https://www.sec.gov/Archives/edgar/data/16918/000001691820000007/stz1130201910q.htm
0,2019-08-31,STZ,2019-10-03 00:00:00,2019-10-03 13:29:52,Q2,2344000000,1158100000,1185900000,0.50593,0.0,413400000,0.0,12300000,468800000.0000002,1626900000.0000002,116500000,85400000,-525500000,-0.224189,717100000,0.30593,0.0,-719200000,-0.306826,-202200000,-525200000,-0.224061,-2.74076,-2.74076,191626000,191626000,https://www.sec.gov/Archives/edgar/data/16918/000001691819000100/0000016918-19-000100-index.html,https://www.sec.gov/Archives/edgar/data/16918/000001691819000100/stz831201910q.htm
0,2019-05-31,STZ,2019-06-28 00:00:00,2019-06-28 12:04:27,Q1,2097200000,1068500000,1028700000,0.490511,0.0,393500000,0.0,-13400000,406000000,1474500000,118900000,86600000,-225300000,-0.107429,622700000,0.29692,0.0,-422500000,-0.201459,-185400000,-245400000,-0.117013,-1.2819,-1.2819,191435000,191435000,https://www.sec.gov/Archives/edgar/data/16918/000001691819000056/0000016918-19-000056-index.html,https://www.sec.gov/Archives/edgar/data/16918/000001691819000056/stz531201910q.htm
0,2019-02-28,STZ,2019-04-23 00:00:00,2019-04-23 14:51:36,Q4,1797200000,903700000,893500000,0.497162,0.0,283900000,0.0,800000.0,428200000.00000006,1331900000,122600000,83000000.00000003,1763500000,0.981249,465300000,0.258903,0.0,1530200000,0.851436,318400000,1239500000,0.689684,6.37718,6.37718,194365000,194365000,https://www.sec.gov/Archives/edgar/data/16918/000001691819000024/0000016918-19-000024-index.html,https://www.sec.gov/Archives/edgar/data/16918/000001691819000024/stz228201910k.htm
0,2018-11-30,STZ,2019-01-09 00:00:00,2019-01-09 14:15:29,Q3,1972600000,1002600000,970000000,0.491737,0.0,380000000,0.0,-2400000.0,415199999.99999994,1417800000,77200000,81299999.99999999,496900000,0.251901,554800000,0.281253,0.0,347400000,0.176113,35300000,303100000,0.153655,1.5558,1.5558,194820000,194820000,https://www.sec.gov/Archives/edgar/data/16918/000001691819000007/0000016918-19-000007-index.html,https://www.sec.gov/Archives/edgar/data/16918/000001691819000007/stz1130201810q.htm
0,2018-08-31,STZ,2018-10-04 00:00:00,2018-10-04 16:36:13,Q2,2299100000,1130900000,1168200000,0.508112,0.0,401200000,0.0,0.0,403199999.9999998,1534099999.9999998,91100000,84600000.00000001,1539300000,0.669523,765000000,0.332739,0.0,1365400000,0.593885,214100000,1149500000,0.499978,5.23929,5.23929,219400000,219400000,https://www.sec.gov/Archives/edgar/data/16918/000001691818000074/0000016918-18-000074-index.html,https://www.sec.gov/Archives/edgar/data/16918/000001691818000074/stz831201810q.htm
0,2018-05-31,STZ,2018-06-29 00:00:00,2018-06-29 12:14:06,Q1,2047100000,998500000,1048600000,0.512237,0.0,417000000,0.0,0.0,423200000.00000006,1421700000,88200000,84200000,1071900000,0.523619,625400000,0.305505,0.0,902000000,0.440623,155700000,743800000,0.363343,3.37477,3.37477,220400000,220400000,https://www.sec.gov/Archives/edgar/data/16918/000001691818000046/0000016918-18-000046-index.html,https://www.sec.gov/Archives/edgar/data/16918/000001691818000046/stz531201810q.htm
0,2018-02-28,STZ,2018-04-23 00:00:00,2018-04-23 15:43:32,Q4,1762000000,916800000,845200000,0.479682,0.0,330600000,0.0,1000000.0,411299999.99999994,1328100000,88800000,79400000,1112400000,0.631328,433900000,0.246254,1000000.0,584500000,0.331725,33700000,910500000,0.516742,4.08662,4.08662,222800000,222800000,https://www.sec.gov/Archives/edgar/data/16918/000001691818000033/0000016918-18-000033-index.html,https://www.sec.gov/Archives/edgar/data/16918/000001691818000033/stz228201810k.htm
0,2017-11-30,STZ,2018-01-05 00:00:00,2018-01-05 11:59:48,Q3,1801900000,891600000,910300000,0.505189,0.0,420200000,0.0,-8100000.0,430999999.9999999,1322600000,81600000,73500000,798500000,0.443143,479300000,0.265997,-8100000.0,647000000,0.359065,150600000,492800000,0.273489,2.1951,2.1951,224500000,224500000,https://www.sec.gov/Archives/edgar/data/16918/000001691818000008/0000016918-18-000008-index.html,https://www.sec.gov/Archives/edgar/data/16918/000001691818000008/stz1130201710q.htm
0,2017-08-31,STZ,2017-10-05 00:00:00,2017-10-05 11:55:32,Q2,2087900000,1019200000,1068700000,0.511854,0.0,353800000,0.0,-3400000.0,353500000,1372700000,81400000,70800000.00000001,783800000,0.375401,715200000,0.342545,-3400000.0,634100000,0.303702,130000000,501600000,0.240241,2.2343,2.2343,224500000,224500000,https://www.sec.gov/Archives/edgar/data/16918/000001691817000054/0000016918-17-000054-index.html,https://www.sec.gov/Archives/edgar/data/16918/000001691817000054/stz831201710q.htm
0,2017-05-31,STZ,2017-06-29 00:00:00,2017-06-29 16:14:36,Q1,1928500000,940200000,988300000,0.512471,0.0,342100000,0.0,0.0,433899999.9999999,1374099999.9999998,82500000,70100000,622500000,0.32279,554400000,0.287477,0.0,472400000,0.244957,71400000,398500000,0.206637,1.77585,1.77585,224400000,224400000,https://www.sec.gov/Archives/edgar/data/16918/000001691817000038/0000016918-17-000038-index.html,https://www.sec.gov/Archives/edgar/data/16918/000001691817000038/stz531201710q.htm
0,2017-02-28,STZ,2017-04-27 00:00:00,2017-04-27 10:48:48,Q4,1617600000,840300000,777300000,0.480527,0.0,339400000,0.0,0.0,85900000.00000009,926200000.0000001,77500000,62199999.99999999,743300000,0.459508,691400000,0.427423,0.0,613500000,0.379266,158100000,445500000,0.275408,1.99507,1.99507,223300000,223300000,https://www.sec.gov/Archives/edgar/data/16918/000001691817000029/0000016918-17-000029-index.html,https://www.sec.gov/Archives/edgar/data/16918/000001691817000029/stz_228201710k.htm
0,2016-11-30,STZ,2017-01-05 00:00:00,2017-01-05 10:30:49,Q3,1810500000,919100000,891400000,0.49235,0.0,343100000,0.0,2600000.0,357400000,1276500000,77900000,61400000.00000001,624100000,0.344711,534000000,0.294946,2600000.0,483900000,0.267274,78900000,405900000,0.224192,1.77404,1.77404,228800000,228800000,https://www.sec.gov/Archives/edgar/data/16918/000001691817000006/0000016918-17-000006-index.html,https://www.sec.gov/Archives/edgar/data/16918/000001691817000006/stz1130201610q.htm
0,2016-08-31,STZ,2016-10-05 00:00:00,2016-10-05 10:27:28,Q2,2021200000,1052200000,969000000,0.479418,0.0,351400000,0.0,0.0,358099999.9999999,1410300000,94700000,58100000.00000001,675300000,0.334108,610900000,0.302246,0.0,516800000,0.25569,163600000,358900000,0.177568,1.56725,1.56725,229000000,229000000,https://www.sec.gov/Archives/edgar/data/16918/000001691816000101/0000016918-16-000101-index.html,https://www.sec.gov/Archives/edgar/data/16918/000001691816000101/stz831201610q.htm
0,2016-05-31,STZ,2016-06-30 00:00:00,2016-06-30 12:05:26,Q1,1871800000,990500000,881300000,0.47083,0.0,314700000,0.0,0.0,328599999.9999999,1319100000,85000000,55800000,608800000,0.325248,552700000,0.295277,0.0,468800000,0.250454,149700000,318300000,0.17005,1.39178,1.39178,228700000,228700000,https://www.sec.gov/Archives/edgar/data/16918/000001691816000089/0000016918-16-000089-index.html,https://www.sec.gov/Archives/edgar/data/16918/000001691816000089/stz531201610q.htm
0,2016-02-29,STZ,2016-04-25 00:00:00,2016-04-25 13:27:38,Q4,1543200000,827600000,715600000,0.463712,0.0,278700000,0.0,0.0,304499999.9999999,1132100000,83800000,49800000.00000001,481900000,0.312273,411100000,0.266395,0.0,350200000,0.226931,104900000,243400000,0.157724,1.06474,1.06474,228600000,228600000,https://www.sec.gov/Archives/edgar/data/16918/000001691816000075/0000016918-16-000075-index.html,https://www.sec.gov/Archives/edgar/data/16918/000001691816000075/stz229201610k.htm
0,2015-11-30,STZ,2016-01-07 00:00:00,2016-01-07 15:27:08,Q3,1640500000,881100000,759400000,0.462908,0.0,279700000,0.0,0.0,312100000,1193200000,75700000,41800000,516000000,0.314538,447300000,0.272661,0.0,399000000,0.243219,128000000,270500000,0.164889,1.18901,1.18901,227500000,227500000,https://www.sec.gov/Archives/edgar/data/16918/000001691816000058/0000016918-16-000058-index.html,https://www.sec.gov/Archives/edgar/data/16918/000001691816000058/stz1130201510q.htm
0,2015-08-31,STZ,2015-10-07 00:00:00,2015-10-07 13:01:40,Q2,1733400000,943100000,790300000,0.455925,0.0,278400000,0.0,0.0,311999999.9999999,1255100000,77400000,45700000,522600000,0.301488,478300000,0.275932,0.0,401200000,0.231453,97100000,302400000,0.174455,1.3351,1.3351,226500000,226500000,https://www.sec.gov/Archives/edgar/data/16918/000001691815000044/0000016918-15-000044-index.html,https://www.sec.gov/Archives/edgar/data/16918/000001691815000044/stz831201510q.htm
0,2015-05-31,STZ,2015-07-09 00:00:00,2015-07-09 10:58:41,Q1,1631300000,885600000,745700000,0.45712,0.0,287300000,0.0,0.0,318400000,1204000000,77800000,43000000,470000000,0.288114,427300000,0.261938,0.0,350800000,0.215043,110600000,238600000,0.146264,1.05482,1.05482,226200000,226200000,https://www.sec.gov/Archives/edgar/data/16918/000001691815000033/0000016918-15-000033-index.html,https://www.sec.gov/Archives/edgar/data/16918/000001691815000033/stz531201510q.htm
0,2015-02-28,STZ,2015-04-28 00:00:00,2015-04-28 14:17:43,Q4,1356200000,761000000,595200000,0.438873,0.0,243800000,0.0,0.0,241500000,1002500000,80700000,43599999.99999999,401200000,0.295827,353700000,0.260802,0.0,273800000,0.201888,62300000,214600000,0.158236,0.9504,0.9504,225800000,225800000,https://www.sec.gov/Archives/edgar/data/16918/000001691815000016/0000016918-15-000016-index.html,https://www.sec.gov/Archives/edgar/data/16918/000001691815000016/stz228201510k.htm
0,2014-11-30,STZ,2015-01-08,2015-01-08 13:20:44,Q3,1541700000,871100000,670600000,0.434974,0.0,258000000,0.0,0.0,294999999.9999999,1166100000,86400000,40100000.00000001,437300000,0.283648,375600000,0.243627,0.0,310800000,0.201596,88600000,222200000,0.144127,0.98887,0.98887,224700000,224700000,https://www.sec.gov/Archives/edgar/data/16918/000001691815000006/stz1130201410q.htm,https://www.sec.gov/Archives/edgar/data/16918/000001691815000006/stz1130201410q.htm
0,2014-08-31,STZ,2014-10-09 00:00:00,2014-10-09 10:13:21,Q2,1604100000,909800000,694300000,0.432828,0.0,283200000,0.0,0.0,320000000,1229800000,85100000,39300000,413100000,0.257528,374300000,0.23334,0.0,288700000,0.179976,92900000,195800000,0.122062,0.87333,0.87333,224200000,224200000,https://www.sec.gov/Archives/edgar/data/16918/000001691814000029/0000016918-14-000029-index.html,https://www.sec.gov/Archives/edgar/data/16918/000001691814000029/stz831201410q.htm
0,2014-05-31,STZ,2014-07-10 00:00:00,2014-07-10 10:43:47,Q1,1526000000,848000000,678000000,0.444299,0.0,267600000,0.0,0.0,285799999.99999994,1133800000,86900000,39000000,432200000,0.283224,392200000,0.257012,0.0,306300000,0.200721,99600000,206700000,0.135452,0.92359,0.92359,223800000,223800000,https://www.sec.gov/Archives/edgar/data/16918/000001691814000019/0000016918-14-000019-index.html,https://www.sec.gov/Archives/edgar/data/16918/000001691814000019/stz531201410q.htm
0,2014-02-28,STZ,2014-04-29 00:00:00,2014-04-29 11:20:49,Q4,1291200000,741600000,549600000,0.425651,0.0,211800000,0.0,0.0,220199999.99999994,961799999.9999999,90300000,37700000.00000002,368400000,0.285316,329400000,0.255112,0.0,240400000,0.186183,83200000,157200000,0.121747,0.70462,0.70462,223100000,223100000,https://www.sec.gov/Archives/edgar/data/16918/000001691814000011/0000016918-14-000011-index.html,https://www.sec.gov/Archives/edgar/data/16918/000001691814000011/stz228201410k.htm
0,2013-11-30,STZ,2014-01-09,2014-01-09 14:26:23,Q3,1443300000,831400000,611900000,0.423959,0.0,236900000,0.0,0.0,248100000.00000003,1079500000,91600000,38000000,421800000,0.292247,363800000,0.252061,0.0,292200000,0.202453,81200000,211000000,0.146193,0.9526,0.9526,221500000,221500000,https://www.sec.gov/Archives/edgar/data/16918/000001691814000006/stz1130201310q.htm,https://www.sec.gov/Archives/edgar/data/16918/000001691814000006/stz1130201310q.htm
0,2013-08-31,STZ,2013-10-10 00:00:00,2013-10-10 13:35:27,Q2,1459800000,871200000,588600000,0.403206,0.0,236700000,0.0,0.0,-1085400000,-214200000,92300000,36599999.99999999,1716300000,1.175709,1674000000,1.146732,0.0,1587400000,1.087409,65400000,1522000000,1.042609,6.9119,6.9119,220200000,220200000,https://www.sec.gov/Archives/edgar/data/16918/000001691813000021/0000016918-13-000021-index.html,https://www.sec.gov/Archives/edgar/data/16918/000001691813000021/stz831201310q.htm
0,2013-05-31,STZ,2013-07-10 00:00:00,2013-07-10 17:21:07,Q1,673400000,415800000,257600000,0.382536,0.0,154000000,0.0,0.0,187099999.99999997,602900000,56700000,27500000,166500000,0.247253,70500000,0.104693,0.0,82300000,0.122216,29400000,52900000,0.078557,0.24222,0.24222,218400000,218400000,https://www.sec.gov/Archives/edgar/data/16918/000001691813000010/0000016918-13-000010-index.html,https://www.sec.gov/Archives/edgar/data/16918/000001691813000010/stz531201310q.htm
0,2013-02-28,STZ,2013-04-29 00:00:00,2013-04-29 10:37:44,Q4,695900000,439800000,256100000,0.368013,0.0,125900000,0.0,0.0,141200000,581000000,67200000,28200000.000000004,202200000,0.290559,114900000,0.16511,0.0,106800000,0.15347,25100000,81700000,0.117402,0.37119,0.37119,220100000,220100000,https://www.sec.gov/Archives/edgar/data/16918/000001691813000008/0000016918-13-000008-index.html,https://www.sec.gov/Archives/edgar/data/16918/000001691813000008/stz228201310k.htm
0,2012-11-30,STZ,2013-01-09 00:00:00,2013-01-09 16:20:54,Q3,766900000,452700000,314200000,0.409701,0.0,141300000,0.0,0.0,155400000.00000003,608100000,61400000,27600000,238900000,0.311514,158800000,0.207067,0.0,149900000,0.195462,40400000,109500000,0.142783,0.5136,0.5136,213200000,213200000,https://www.sec.gov/Archives/edgar/data/16918/000001691813000004/0000016918-13-000004-index.html,https://www.sec.gov/Archives/edgar/data/16918/000001691813000004/stz1130201210q.htm
0,2012-08-31,STZ,2012-10-10 00:00:00,2012-10-10 13:49:28,Q2,698500000,411900000,286600000,0.410308,0.0,146000000,0.0,0.0,156000000,567900000,54600000,26099999.999999996,227200000,0.325268,130600000,0.186972,0.0,146500000,0.209735,21900000,124600000,0.178382,0.59846,0.59846,208200000,208200000,https://www.sec.gov/Archives/edgar/data/16918/000001691812000012/0000016918-12-000012-index.html,https://www.sec.gov/Archives/edgar/data/16918/000001691812000012/stz831201210q.htm
0,2012-05-31,STZ,2012-07-10 00:00:00,2012-07-10 16:35:10,Q1,634800000,383400000,251400000,0.39603,0.0,141800000,0.0,0.0,148100000.00000003,531500000,50700000,26300000,190200000,0.299622,103300000,0.162728,0.0,113200000,0.178324,41200000,72000000,0.113422,0.33676,0.33676,213800000,213800000,https://www.sec.gov/Archives/edgar/data/16918/000001691812000004/0000016918-12-000004-index.html,https://www.sec.gov/Archives/edgar/data/16918/000001691812000004/stz531201210q.htm
0,2012-02-29,STZ,2012-04-30,2012-04-30 14:27:40,Q4,628100000,384000000,244100000,0.388632,0.0,126600000,0.0,0.0,164700000.00000006,548700000,47900000,26800000.00000001,155200000,0.247094,79400000,0.126413,0.0,80500000,0.128164,-22500000,103000000,0.163987,0.45434,0.45434,226700000,226700000,https://www.sec.gov/Archives/edgar/data/16918/000119312512195350/d285276d10k.htm,https://www.sec.gov/Archives/edgar/data/16918/000119312512195350/d285276d10k.htm
0,2011-11-30,STZ,2012-01-09 00:00:00,2012-01-09 15:40:07,Q3,700700000,417000000,283700000,0.404881,0.0,130900000,0.0,-2500000.0,123399999.99999999,540400000,133100000,25599999.999999993,326000000,0.465249,160300000,0.228771,-2500000.0,167300000,0.238761,62500000,104800000,0.149565,0.46269,0.46269,226500000,226500000,https://www.sec.gov/Archives/edgar/data/16918/000119312512006519/0001193125-12-006519-index.html,https://www.sec.gov/Archives/edgar/data/16918/000119312512006519/d260184d10q.htm
0,2011-08-31,STZ,2011-10-11 00:00:00,2011-10-11 13:51:32,Q2,690200000,407100000,283100000,0.410171,0.0,134500000,0.0,0.0,138000000,545100000,21500000,22800000,210900000,0.305564,145100000,0.210229,0.0,166600000,0.241379,3900000.0,162700000,0.235729,0.68592,0.68592,237200000,237200000,https://www.sec.gov/Archives/edgar/data/16918/000095012311089455/0000950123-11-089455-index.html,https://www.sec.gov/Archives/edgar/data/16918/000095012311089455/l43145e10vq.htm
0,2011-05-31,STZ,2011-07-11 00:00:00,2011-07-11 14:51:47,Q1,635300000,384100000,251200000,0.395404,0.0,135700000,0.0,0.0,149500000,533600000,17900000,23200000,160700000,0.252951,101700000,0.160082,0.0,119600000,0.188258,45100000,74500000,0.117267,0.31237,0.31237,238500000,238500000,https://www.sec.gov/Archives/edgar/data/16918/000095012311064906/0000950123-11-064906-index.html,https://www.sec.gov/Archives/edgar/data/16918/000095012311064906/l43003e10vq.htm
0,2011-02-28,STZ,2011-04-29 00:00:00,2011-04-29 15:07:59,Q4,715300000,461300000,254000000,0.355096,0.0,128700000,0.0,0.0,151099999.99999997,612400000,4100000.0,27299999.999999996,138400000,0.193485,102900000,0.143856,0.0,107000000,0.149588,-172800000,279800000,0.391165,1.18559,1.18559,236000000,236000000,https://www.sec.gov/Archives/edgar/data/16918/000095012311041878/0000950123-11-041878-index.html,https://www.sec.gov/Archives/edgar/data/16918/000095012311041878/l41071e10vk.htm
0,2010-11-30,STZ,2011-01-10,2011-01-10 16:51:19,Q3,966400000,614500000,351900000,0.364135,0.0,176100000,0.0,0.0,181799999.99999994,796300000,22300000,30900000.000000007,245600000,0.254139,170100000,0.176014,0.0,192400000,0.199089,53100000,139300000,0.144143,0.58826,0.58826,236800000,236800000,https://www.sec.gov/Archives/edgar/data/16918/000095012311001834/l41360e10vq.htm,https://www.sec.gov/Archives/edgar/data/16918/000095012311001834/l41360e10vq.htm
0,2010-08-31,STZ,2010-10-12 00:00:00,2010-10-12 12:30:53,Q2,862800000,548600000,314200000,0.364163,0.0,167300000,0.0,0.0,181000000,729600000,16100000,30100000,195500000,0.226588,133200000,0.154381,0.0,149300000,0.173041,58000000,91300000,0.105818,0.38868,0.38868,234900000,234900000,https://www.sec.gov/Archives/edgar/data/16918/000095012310092653/0000950123-10-092653-index.html,https://www.sec.gov/Archives/edgar/data/16918/000095012310092653/l40668e10vq.htm
0,2010-05-31,STZ,2010-07-12 00:00:00,2010-07-12 16:08:21,Q1,787500000,517500000,270000000,0.342857,0.0,168800000,0.0,0.0,173700000.00000006,691200000,48000000,30900000,181200000,0.230095,96300000,0.122286,0.0,102300000,0.129905,53200000,49100000,0.062349,0.20239,0.20239,242600000,242600000,https://www.sec.gov/Archives/edgar/data/16918/000095012310064866/0000950123-10-064866-index.html,https://www.sec.gov/Archives/edgar/data/16918/000095012310064866/l40141e10vq.htm
0,2010-02-28,STZ,2010-04-29 00:00:00,2010-04-29 16:24:11,Q4,708700000,486300000,222400000,0.313814,0.0,148200000,0.0,0.0,272499999.99999994,758799999.9999999,62000000,32300000.00000001,24100000.00000001,0.034006,-50100000,-0.070693,0.0,-70200000,-0.099055,-19200000,-51000000,-0.071963,-0.23129,-0.23129,220500000,220500000,https://www.sec.gov/Archives/edgar/data/16918/000095012310040629/0000950123-10-040629-index.html,https://www.sec.gov/Archives/edgar/data/16918/000095012310040629/l39498e10vk.htm
0,2009-11-30,STZ,2010-01-11 00:00:00,2010-01-11 15:36:41,Q3,987700000,643600000,344100000,0.348385,0.0,202900000,0.0,0.0,208000000,851600000,61000000,34400000.00000001,200600000,0.203098,136100000,0.137795,0.0,105200000,0.10651,61100000,44100000,0.044649,0.17934,0.17934,245900000,245900000,https://www.sec.gov/Archives/edgar/data/16918/000095012310001649/0000950123-10-001649-index.html,https://www.sec.gov/Archives/edgar/data/16918/000095012310001649/l38473e10vq.htm
0,2009-08-31,STZ,2009-10-13 00:00:00,2009-10-13 17:01:05,Q2,876800000,567200000,309600000,0.353102,0.0,166300000,0.0,0.0,169500000,736700000,118000000,42999999.99999999,306200000,0.349224,140100000,0.159786,0.0,145200000,0.165602,45500000,99700000,0.113709,0.40777,0.40777,244500000,244500000,https://www.sec.gov/Archives/edgar/data/16918/000095012309050030/0000950123-09-050030-index.html,https://www.sec.gov/Archives/edgar/data/16918/000095012309050030/l37765e10vq.htm
0,2009-05-31,STZ,2009-07-10 00:00:00,2009-07-10 11:47:47,Q1,791600000,522900000,268700000,0.339439,0.0,165100000,0.0,129000000,184000000,706900000,58000000,34100000,171200000,0.216271,84700000,0.106998,0.0,79100000,0.099924,72600000,6500000.0,0.008211,0.02668,0.02668,243600000,243600000,https://www.sec.gov/Archives/edgar/data/16918/000095012309021447/0000950123-09-021447-index.html,https://www.sec.gov/Archives/edgar/data/16918/000095012309021447/l36980ae10vq.htm
0,2009-02-28,STZ,2009-04-29 00:00:00,2009-04-29 15:36:27,Q4,735100000,543900000,191200000,0.260101,0.0,169400000,0.0,0.0,476300000.00000006,1020200000.0000001,71000000,34399999.99999999,-284100000,-0.386478,-285100000,-0.387838,0.0,-389500000,-0.52986,17300000,-406800000,-0.553394,-1.86264,-1.86264,218400000,218400000,https://www.sec.gov/Archives/edgar/data/16918/000095015209004335/0000950152-09-004335-index.html,https://www.sec.gov/Archives/edgar/data/16918/000095015209004335/l36231ae10vk.htm
0,2008-11-30,STZ,2009-01-09 00:00:00,2009-01-09 12:29:30,Q3,1031200000,627200000,404000000,0.391777,0.0,195700000,0.0,0.0,201500000,828700000,68000000,29900000.000000007,293500000,0.28462,202500000,0.196373,0.0,195600000,0.189682,112100000,83500000,0.080974,0.3832,0.3832,217900000,217900000,https://www.sec.gov/Archives/edgar/data/16918/000095015209000173/0000950152-09-000173-index.html,https://www.sec.gov/Archives/edgar/data/16918/000095015209000173/l35050ae10vq.htm
0,2008-08-31,STZ,2008-10-10 00:00:00,2008-10-10 13:45:04,Q2,956500000,650700000,305800000,0.319707,0.0,225200000,0.0,-197000000,284299999.99999994,935000000,60000000,38099999.99999999,109000000,0.113957,21500000,0.022478,0.0,10900000,0.011396,33600000,-22700000,-0.023732,-0.10437,-0.10437,217500000,217500000,https://www.sec.gov/Archives/edgar/data/16918/000095015208007834/0000950152-08-007834-index.html,https://www.sec.gov/Archives/edgar/data/16918/000095015208007834/l34029ae10vq.htm
0,2008-05-31,STZ,2008-07-10 00:00:00,2008-07-10 13:39:29,Q1,931800000,602800000,329000000,0.35308,0.0,233500000,0.0,197000000,238300000.00000006,841100000.0000001,58000000,41200000,175400000,0.188238,90700000,0.097338,0.0,76200000,0.081777,31600000,44600000,0.047864,0.20347,0.20347,219200000,219200000,https://www.sec.gov/Archives/edgar/data/16918/000095015208005314/0000950152-08-005314-index.html,https://www.sec.gov/Archives/edgar/data/16918/000095015208005314/l32352ae10vq.htm
0,2008-02-29,STZ,2008-04-29 00:00:00,2008-04-29 14:26:50,Q4,884400000,572700000,311700000,0.352442,0.0,227100000,0.0,0.0,1052100000,1624800000,257000000,45399999.99999999,-503200000,-0.568973,-740400000,-0.837178,0.0,-805600000,-0.9109,29200000,-834800000,-0.943917,-3.87019,-3.87019,215700000,215700000,https://www.sec.gov/Archives/edgar/data/16918/000095015208003169/0000950152-08-003169-index.html,https://www.sec.gov/Archives/edgar/data/16918/000095015208003169/l30627ae10vk.htm
0,2007-11-30,STZ,2008-01-09,2008-01-09 13:25:56,Q3,1094800000,702900000,391900000,0.357965,0.0,192100000,0.0,0.0,193600000.00000003,896500000,127000000,37700000,354800000,0.324077,198300000,0.181129,0.0,190100000,0.173639,70500000,119600000,0.109244,0.54512,0.54512,219400000,219400000,https://www.sec.gov/Archives/edgar/data/16918/000001691808000015/q10form.htm,https://www.sec.gov/Archives/edgar/data/16918/000001691808000015/q10form.htm
0,2007-08-31,STZ,2007-10-10 00:00:00,2007-10-10 10:20:07,Q2,892600000,582900000,309700000,0.346964,0.0,190500000,0.0,0.0,192500000,775400000,121000000,35499999.99999999,267100000,0.299238,117200000,0.131302,0.0,110600000,0.123908,38500000,72100000,0.080775,0.32877,0.32877,219300000,219300000,https://www.sec.gov/Archives/edgar/data/16918/000001691807000086/0000016918-07-000086-index.html,https://www.sec.gov/Archives/edgar/data/16918/000001691807000086/form10q101007.htm
0,2007-05-31,STZ,2007-07-10 00:00:00,2007-07-10 18:02:58,Q1,901200000,633000000,268200000,0.297603,0.0,197600000,0.0,0.0,200000000,833000000,79000000,36100000,179400000,0.199068,68200000,0.075677,0.0,64300000,0.071349,34500000,29800000,0.033067,0.12768,0.12768,233400000,233400000,https://www.sec.gov/Archives/edgar/data/16918/000001691807000061/0000016918-07-000061-index.html,https://www.sec.gov/Archives/edgar/data/16918/000001691807000061/q1-071007.htm
0,2007-02-28,STZ,2007-04-30 00:00:00,2007-04-30 16:33:41,Q4,1142200000,796900000,345300000,0.302311,0.0,194000000,0.0,0.0,206399999.99999997,1003300000,151000000,39499999.999999985,294200000,0.257573,138900000,0.121607,0.0,103700000,0.09079,33500000,70200000,0.06146,0.29299,0.29299,239600000,239600000,https://www.sec.gov/Archives/edgar/data/16918/000001691807000041/0000016918-07-000041-index.html,https://www.sec.gov/Archives/edgar/data/16918/000001691807000041/form10k-022807.htm
0,2006-11-30,STZ,2007-01-09,2007-01-09 16:34:09,Q3,1500800000,1055600000,445200000,0.296642,0.0,197800000,0.0,0.0,209400000.0000001,1265000000,73000000,33700000,279800000,0.186434,235800000,0.157116,0.0,173100000,0.115338,65300000,107800000,0.071828,0.40957,0.40957,263200000,263200000,https://www.sec.gov/Archives/edgar/data/16918/000001691807000002/form10q-113006.htm,https://www.sec.gov/Archives/edgar/data/16918/000001691807000002/form10q-113006.htm
0,2006-08-31,STZ,2006-10-10,2006-10-10 16:49:03,Q2,1417500000,1002700000,414800000,0.292628,0.0,204400000,0.0,0.0,233500000,1236200000,73000000,31800000,216400000,0.152663,181300000,0.127901,0.0,111600000,0.07873,43200000,68400000,0.048254,0.28464,0.28464,240300000,240300000,https://www.sec.gov/Archives/edgar/data/16918/000001691806000056/form10q-083106.htm,https://www.sec.gov/Archives/edgar/data/16918/000001691806000056/form10q-083106.htm
0,2006-05-31,STZ,2006-07-10,2006-07-10 17:15:23,Q1,1155900000,837300000,318600000,0.275629,0.0,172600000,0.0,0.0,175600000.00000003,1012900000,48000000,26700000,221600000,0.191712,143000000,0.123713,0.0,146900000,0.127087,61400000,85500000,0.073968,0.3561,0.3561,240100000,240100000,https://www.sec.gov/Archives/edgar/data/16918/000001691806000036/q1-071006.htm,https://www.sec.gov/Archives/edgar/data/16918/000001691806000036/q1-071006.htm
0,2006-02-28,STZ,2006-05-02,2006-05-01 18:55:00,Q4,1047900000,761500000,286400000,0.273309,0.0,133800000,0.0,0.0,155600000.00000003,917100000,-31353000,33600000.00000001,80647000.00000001,0.076961,130700000,0.124726,0.0,78400000,0.074816,20200000,58200000,0.05554,0.2429,0.2429,239600000,239600000,https://www.sec.gov/Archives/edgar/data/16918/000001691806000033/form10k-022806.htm,https://www.sec.gov/Archives/edgar/data/16918/000001691806000033/form10k-022806.htm
0,2005-11-30,STZ,2006-01-09,2006-01-09 17:15:02,Q3,1267100000,882900000,384200000,0.303212,0.0,157000000,0.0,0.0,162800000.00000006,1045700000.0000001,59817000,32199999.999999996,271817000,0.214519,221400000,0.17473,0.0,179800000,0.141899,70800000,109000000,0.086023,0.45683,0.45683,238600000,238600000,https://www.sec.gov/Archives/edgar/data/16918/000001691806000004/form10q-010906.htm,https://www.sec.gov/Archives/edgar/data/16918/000001691806000004/form10q-010906.htm
0,2005-08-31,STZ,2005-10-11,2005-10-11 16:12:59,Q2,1192000000,844000000,348000000,0.291946,0.0,163700000,0.0,0.0,173799999.99999994,1017800000,46885000,26600000,200485000,0.168192,174200000,0.146141,0.0,127100000,0.106628,44600000,82400000,0.069128,0.34463,0.34463,239100000,239100000,https://www.sec.gov/Archives/edgar/data/16918/000001691805000061/form10q.htm,https://www.sec.gov/Archives/edgar/data/16918/000001691805000061/form10q.htm
0,2005-05-31,STZ,2005-07-11,2005-07-11 16:20:04,Q1,1096500000,790500000,306000000,0.27907,0.0,157900000,0.0,0.0,166200000.00000006,956700000,47295000,27500000,166795000,0.152116,139800000,0.127497,0.0,92000000,0.083903,16300000,75700000,0.069038,0.3178,0.3178,238200000,238200000,https://www.sec.gov/Archives/edgar/data/16918/000001691805000047/form10q.htm,https://www.sec.gov/Archives/edgar/data/16918/000001691805000047/form10q.htm
0,2005-02-28,STZ,2005-05-16,2005-05-16 17:17:17,Q4,1037700000,750900000,286800000,0.27638,0.0,154600000,0.0,0.0,167200000.00000006,918100000,-15945000,28000000,86455000,0.083314,119600000,0.115255,0.0,74400000,0.071697,26800000,47600000,0.045871,0.20152,0.20152,236200000,236200000,https://www.sec.gov/Archives/edgar/data/16918/000001691805000031/form10k-022805.htm,https://www.sec.gov/Archives/edgar/data/16918/000001691805000031/form10k-022805.htm
0,2004-11-30,STZ,2005-01-10,2005-01-10 17:09:31,Q3,1085700000,772000000,313700000,0.288938,0.0,130300000,0.0,0.0,132000000,904000000,30651000,21799999.999999996,203851000,0.18776,181700000,0.167357,0.0,151400000,0.139449,54500000,96900000,0.089251,0.41499,0.41499,233500000,233500000,https://www.sec.gov/Archives/edgar/data/16918/000001691805000003/body10-q.htm,https://www.sec.gov/Archives/edgar/data/16918/000001691805000003/body10-q.htm
0,2004-08-31,STZ,,,Q2,1036900000,747300000,289700000,0.27939,0.0,132400000,0.0,0.0,133500000,880800000,-30200000,22099999.999999996,117800000,0.113608,156200000,0.150641,0.0,126000000,0.121516,45300000,80600000,0.077732,0.34697,0.34697,232300000,232300000,,
0,2004-05-31,STZ,,,Q1,927300000,676800000,250500000,0.270139,0.0,138400000,0.0,0.0,140100000.00000003,816900000,-30200000,21200000,71200000,0.076782,110400000,0.119055,0.0,80200000,0.086488,28900000,51300000,0.055322,0.22295,0.22295,230100000,230100000,,
0,2004-02-29,STZ,,,Q4,881300000,637800000,243600000,0.27641,0.0,108800000,0.0,0.0,112500000,750300000,-32900000,21399999.99999999,86599999.99999999,0.098264,131000000,0.148644,0.0,98200000,0.111426,35300000,62800000,0.071258,0.27388,0.27388,229300000,229300000,,
0,2003-11-30,STZ,,,Q3,987200000,704600000,282600000,0.286264,0.0,113300000,0.0,0.0,121500000,826100000,-31800000,19800000.000000004,117400000,0.118922,161200000,0.16329,0.0,129400000,0.131078,46600000,82800000,0.083874,0.36252,0.36252,228400000,228400000,,
0,2003-08-31,STZ,,,Q2,911100000,670500000,240500000,0.263967,0.0,127300000,0.0,0.0,144399999.99999997,814900000,-40600000,21099999.999999996,36100000,0.039622,96200000,0.105587,0.0,55600000,0.061025,20000000,35600000,0.039074,0.17091,0.17091,208300000,208300000,,
0,2003-05-31,STZ,2003-07-15 00:00:00,2003-07-15 17:28:55,Q1,772800000,563700000,209100000,0.270575,0.0,107800000,0.0,0.0,110099999.99999991,673799999.9999999,-37700000,17800000,41300000,0.053442,99000000,0.128106,0.0,61200000,0.079193,22000000,39200000,0.050725,0.20491,0.20491,191300000,191300000,https://www.sec.gov/Archives/edgar/data/16918/000001691803000017/0000016918-03-000017-index.html,https://www.sec.gov/Archives/edgar/data/16918/000001691803000017/doc1.txt
0,2003-02-28,STZ,,,Q4,653000000,475800000,177200000,0.271363,0.0,87100000,0.0,0.0,91900000.00000003,567700000,400000.0,12899999.999999998,99000000,0.151608,85300000,0.130628,0.0,85700000,0.13124,33700000,52000000,0.079632,0.28017,0.28017,185600000,185600000,,
0,2002-11-30,STZ,,,Q3,738400000,524900000,213500000,0.289139,0.0,85500000,0.0,0.0,85500000,610400000,-22000000,13100000.000000002,97100000,0.131501,128000000,0.173348,0.0,106000000,0.143554,41700000,64300000,0.08708,0.34533,0.34533,186200000,186200000,,
0,2002-08-31,STZ,2002-10-15 00:00:00,2002-10-15 16:37:59,Q2,689800000,496500000,193300000,0.280226,0.0,87600000,0.0,0.0,87700000.00000004,584200000,-24000000,13700000.000000002,71400000,0.103508,105600000,0.153088,0.0,81700000,0.11844,32100000,49600000,0.071905,0.26652,0.26652,186100000,186100000,https://www.sec.gov/Archives/edgar/data/16918/000001691802000017/0000016918-02-000017-index.html,https://www.sec.gov/Archives/edgar/data/16918/000001691802000017/doc1.txt
0,2002-05-31,STZ,2002-07-15 00:00:00,2002-07-15 17:09:22,Q1,650400000,473700000,176700000,0.271679,0.0,90800000,0.0,0.0,90699999.99999999,564400000,-24400000,14400000,51600000,0.079336,86000000,0.132226,0.0,61600000,0.094711,24200000,37400000,0.057503,0.20249,0.20249,184700000,184700000,https://www.sec.gov/Archives/edgar/data/16918/000001691802000014/0000016918-02-000014-index.html,https://www.sec.gov/Archives/edgar/data/16918/000001691802000014/q1-2003.txt
0,2002-02-28,STZ,2002-05-21 00:00:00,2002-05-20 21:08:09,Q4,617300000,454500000,162900000,0.263891,0.0,88100000,0.0,0.0,88100000.00000001,542600000,-27100000,12000000,30900000,0.050057,74700000,0.121011,0.0,47600000,0.07711,19000000,27000000,0.043739,0.14876,0.14876,181500000,181500000,https://www.sec.gov/Archives/edgar/data/16918/000001691802000009/0000016918-02-000009-index.html,https://www.sec.gov/Archives/edgar/data/16918/000001691802000009/doc1.txt
0,2001-11-30,STZ,2002-01-14 00:00:00,2002-01-14 00:00:00,Q3,701900000,508700000,193100000,0.27511,0.0,84300000,0.0,0.0,84300000.00000001,593000000,-26100000,12599999.999999998,69200000,0.09859,108800000,0.155008,0.0,82700000,0.117823,33100000,49600000,0.070665,0.27709,0.27709,179000000,179000000,https://www.sec.gov/Archives/edgar/data/16918/000001691802000003/0000016918-02-000003-index.html,https://www.sec.gov/Archives/edgar/data/16918/000001691802000003/q3definitive.txt
0,2001-08-31,STZ,2001-10-15 00:00:00,2001-10-15 00:00:00,Q2,689100000,505800000,183300000,0.265999,0.0,94300000,0.0,0.0,94300000.00000001,600100000,-29100000,13300000,44100000,0.063997,89000000,0.129154,0.0,59900000,0.086925,24000000,35900000,0.052097,0.20433,0.20433,175700000,175700000,https://www.sec.gov/Archives/edgar/data/16918/000001691801500025/0000016918-01-500025-index.html,https://www.sec.gov/Archives/edgar/data/16918/000001691801500025/q2document.txt
0,2001-05-31,STZ,2001-07-16 00:00:00,2001-07-16 00:00:00,Q1,598400000,442500000,155900000,0.260528,0.0,86000000,0.0,0.0,86000000,528500000,-30200000,14000000,23500000,0.039271,69900000,0.116811,0.0,39700000,0.066344,15900000,23800000,0.039773,0.14058,0.14058,169300000,169300000,https://www.sec.gov/Archives/edgar/data/1051701/000001691801500010/0000016918-01-500010-index.html,https://www.sec.gov/Archives/edgar/data/16918/000001691801500010/q1-2002.txt
0,2001-02-28,STZ,,,Q4,544000000,379100000,164900000,0.303125,0.0,107400000,0.0,0.0,107500000,486600000,-26800000,8800000.000000004,12700000.000000004,0.023346,57500000,0.105699,0.0,30600000,0.05625,12300000,18400000,0.033824,0.12089,0.12089,152200000,152200000,,
0,2000-11-30,STZ,2001-01-16 00:00:00,2001-01-16 00:00:00,Q3,629600000,421500000,208100000,0.330527,0.0,122800000,0.0,0.0,122799999.99999996,544300000,-27000000,12599999.999999998,43900000,0.069727,85200000,0.135324,0.0,58300000,0.092598,23300000,35000000,0.055591,0.23349,0.23349,149900000,149900000,https://www.sec.gov/Archives/edgar/data/1051701/000001691801000002/0000016918-01-000002-index.html,https://www.sec.gov/Archives/edgar/data/16918/000001691801000002/0000016918-01-000002-0001.txt
0,2000-08-31,STZ,2000-10-13 00:00:00,2000-10-13 00:00:00,Q2,637500000,436900000,200600000,0.314667,0.0,129900000,0.0,0.0,129899999.99999999,566800000,-27200000,11399999.999999998,27700000,0.043451,70700000,0.110902,0.0,43500000,0.068235,17400000,26100000,0.040941,0.17482,0.17482,149300000,149300000,https://www.sec.gov/Archives/edgar/data/1051701/000001691800000016/0000016918-00-000016-index.html,https://www.sec.gov/Archives/edgar/data/16918/000001691800000016/0000016918-00-000016-0001.txt
0,2000-05-31,STZ,2000-07-14 00:00:00,2000-07-14 00:00:00,Q1,585600000,401700000,183900000,0.314037,0.0,126400000,0.0,0.0,126400000.00000003,528100000.00000006,-27600000,11800000,14000000,0.023907,57500000,0.09819,0.0,29800000,0.050888,11900000,17900000,0.030567,0.1203,0.1203,148800000,148800000,https://www.sec.gov/Archives/edgar/data/1051701/000001691800000012/0000016918-00-000012-index.html,https://www.sec.gov/Archives/edgar/data/16918/000001691800000012/0000016918-00-000012-0001.txt
0,2000-02-29,STZ,,,Q4,535800000,368200000,167500000,0.312617,0.0,113800000,0.0,0.0,113800000.00000001,482000000,-27900000,7000000.0,5000000.0,0.009332,53700000,0.100224,0.0,25900000,0.048339,10400000,15500000,0.028929,0.10438,0.10438,148500000,148500000,,
0,1999-11-30,STZ,,,Q3,653000000,443300000,209700000,0.321133,0.0,132300000,0.0,0.0,132300000,575600000,-27500000,10200000,32500000,0.04977,77400000,0.11853,0.0,49800000,0.076263,19900000,29900000,0.045789,0.2004,0.2004,149200000,149200000,,
0,1999-08-31,STZ,1999-10-15 00:00:00,1999-10-15 00:00:00,Q2,621600000,432500000,189100000,0.304215,0.0,125300000,0.0,0.0,125299999.99999996,557800000,-28600000,14299999.999999998,20900000,0.033623,63800000,0.102638,0.0,35200000,0.056628,14100000,21100000,0.033945,0.14257,0.14257,148000000,148000000,https://www.sec.gov/Archives/edgar/data/16918/000001691899000016/0000016918-99-000016-index.html,https://www.sec.gov/Archives/edgar/data/16918/0000016918-99-000016.txt
0,1999-05-31,STZ,1999-06-01 00:00:00,1999-06-01 00:00:00,Q1,530200000,374000000,156100000,0.294417,0.0,110500000,0.0,0.0,116100000.00000001,490100000,-22000000,9400000.0,5400000.0,0.010185,40100000,0.075632,0.0,18100000,0.034138,7200000.0,10800000,0.02037,0.07317,0.07317,147600000,147600000,https://www.sec.gov/Archives/edgar/data/16918/000001691899000008/0000016918-99-000008-index.html,https://www.sec.gov/Archives/edgar/data/16918/0000016918-99-000008.txt
0,1999-02-28,STZ,,,Q4,459400000,322400000,137000000,0.298215,0.0,97000000,0.0,0.0,99600000.00000001,422000000,-17800000,9100000.000000002,-399999.999999999,-0.000871,37500000,0.081628,0.0,19700000,0.042882,7800000.0,500000.0,0.001088,0.00341,0.00341,146500000,146500000,,
0,1998-11-30,STZ,1998-12-22 00:00:00,1998-12-22 00:00:00,Q3,375600000,259900000,115700000,0.30804,0.0,73800000,0.0,0.0,73800000.00000001,333700000,-7700000.0,6199999.999999999,32700000,0.087061,41900000,0.111555,0.0,34200000,0.091054,14000000,20200000,0.053781,0.13779,0.13779,146600000,146600000,https://www.sec.gov/Archives/edgar/data/16918/000001691898000011/0000016918-98-000011-index.html,https://www.sec.gov/Archives/edgar/data/16918/0000016918-98-000011.txt
0,1998-08-31,STZ,1998-09-29 00:00:00,1998-09-29 00:00:00,Q2,349400000,246200000,103200000,0.295363,0.0,67500000,0.0,0.0,67400000.00000003,313600000.00000006,-7400000.0,6000000.0,26900000,0.076989,35800000,0.102461,0.0,28400000,0.081282,11600000,16700000,0.047796,0.10958,0.10958,152400000,152400000,https://www.sec.gov/Archives/edgar/data/16918/000001691898000005/0000016918-98-000005-index.html,https://www.sec.gov/Archives/edgar/data/16918/0000016918-98-000005.txt
0,1998-05-31,STZ,1998-06-23 00:00:00,1998-06-23 00:00:00,Q1,312900000,220900000,92100000,0.294343,0.0,61300000,0.0,0.0,61299999.99999998,282200000,-8500000.0,6000000.0,19700000,0.062959,30700000,0.098114,0.0,22200000,0.070949,9100000.0,13100000,0.041866,0.08473,0.08473,154600000,154600000,https://www.sec.gov/Archives/edgar/data/16918/000001691898000004/0000016918-98-000004-index.html,https://www.sec.gov/Archives/edgar/data/16918/0000016918-98-000004.txt
0,1998-02-28,STZ,,,Q4,282600000,197300000,85200000,0.301486,0.0,59900000,0.0,0.0,59899999.99999998,257199999.99999997,-8300000.0,5000000.0,13700000,0.048478,25300000,0.089526,0.0,17000000,0.060156,7000000.0,10000000,0.035386,0.06631,0.06631,150800000,150800000,,
0,1997-11-30,STZ,1997-12-23 00:00:00,1997-12-23 00:00:00,Q3,322700000,224700000,98000000,0.303688,0.0,60300000,0.0,0.0,60300000.00000001,285000000,-7900000.0,6200000.000000001,28100000,0.087078,37700000,0.116827,0.0,29900000,0.092656,12200000,17600000,0.05454,0.11473,0.11473,153400000,153400000,https://www.sec.gov/Archives/edgar/data/16918/000001691897000011/0000016918-97-000011-index.html,https://www.sec.gov/Archives/edgar/data/16918/0000016918-97-000011.txt
0,1997-08-31,STZ,1997-09-30 00:00:00,1997-09-30 00:00:00,Q2,301500000,216800000,84800000,0.28126,0.0,56300000,0.0,0.0,56199999.99999999,273000000,-7500000.0,6199999.999999999,19700000,0.06534,28500000,0.094527,0.0,21000000,0.069652,8600000.0,12400000,0.041128,0.08174,0.08174,151700000,151700000,https://www.sec.gov/Archives/edgar/data/16918/000001691897000010/0000016918-97-000010-index.html,https://www.sec.gov/Archives/edgar/data/16918/0000016918-97-000010.txt
0,1997-05-31,STZ,1997-07-15 00:00:00,1997-07-15 00:00:00,Q1,306000000,225300000,80700000,0.263725,0.0,55200000,0.0,0.0,55199999.99999999,280500000,-8500000.0,6400000.0,14900000,0.048693,25500000,0.083333,0.0,17000000,0.055556,7000000.0,10000000,0.03268,0.06562,0.06562,152400000,152400000,https://www.sec.gov/Archives/edgar/data/16918/000001691897000007/0000016918-97-000007-index.html,https://www.sec.gov/Archives/edgar/data/16918/0000016918-97-000007.txt
0,1997-02-28,STZ,,,Q4,261600000,195200000,66400000,0.253823,0.0,47900000,0.0,0.0,47800000.00000001,243000000,-8600000.0,3699999.999999999,5099999.999999999,0.019495,18600000,0.071101,0.0,10000000,0.038226,4100000.0,5900000.0,0.022554,0.03782,0.03782,156000000,156000000,,
0,1996-11-30,STZ,1997-01-14 00:00:00,1997-01-14 00:00:00,Q3,317700000,236100000,81700000,0.257161,0.0,58300000,0.0,0.0,58200000.00000002,294300000,-8700000.0,6299999.999999999,12299999.999999998,0.038716,23400000,0.073654,0.0,14700000,0.04627,6400000.0,8300000.0,0.026125,0.05247,0.05247,158200000,158200000,https://www.sec.gov/Archives/edgar/data/16918/000001691897000002/0000016918-97-000002-index.html,https://www.sec.gov/Archives/edgar/data/16918/0000016918-97-000002.txt
0,1996-08-31,STZ,1996-10-11 00:00:00,1996-10-11 00:00:00,Q2,279200000,209400000,69800000,0.25,0.0,52900000,0.0,0.0,52900000.00000001,262300000,-8000000.0,6200000.0,7100000.0,0.02543,16900000,0.06053,0.0,8900000.0,0.031877,4000000.0,4900000.0,0.01755,0.03117,0.03117,157200000,157200000,https://www.sec.gov/Archives/edgar/data/16918/000001691896000016/0000016918-96-000016-index.html,https://www.sec.gov/Archives/edgar/data/16918/0000016918-96-000016.txt
0,1996-05-31,STZ,1996-07-12 00:00:00,1996-07-12 00:00:00,Q1,276500000,203600000,72900000,0.263653,0.0,49900000,0.0,0.0,49900000.00000001,253500000,-8800000.0,6200000.0,11600000,0.041953,23000000,0.083183,0.0,14200000,0.051356,5700000.0,8500000.0,0.030741,0.05339,0.05339,159200000,159200000,https://www.sec.gov/Archives/edgar/data/16918/000001691896000010/0000016918-96-000010-index.html,https://www.sec.gov/Archives/edgar/data/16918/0000016918-96-000010.txt
0,1996-02-29,STZ,,,Q4,249400000,187900000,61600000,0.246993,0.0,62300000,0.0,0.0,62900000.00000001,250800000,-9300000.0,4300000.0,-15700000,-0.062951,-1400000.0,-0.005613,0.0,-10700000,-0.042903,-3600000.0,-7100000.0,-0.028468,-0.04457,-0.04457,159300000,159300000,,
0,1995-11-30,STZ,1996-01-16 00:00:00,1996-01-16 00:00:00,Q3,285600000,208300000,77300000,0.270658,0.0,50100000,0.0,0.0,51899999.99999998,260199999.99999997,-8000000.0,5200000.0,14500000,0.05077,25400000,0.088936,0.0,17400000,0.060924,6900000.0,10400000,0.036415,0.06468,0.06468,160800000,160800000,https://www.sec.gov/Archives/edgar/data/16918/000089183996000007/0000891839-96-000007-index.html,https://www.sec.gov/Archives/edgar/data/16918/0000891839-96-000007.txt
0,1995-08-31,STZ,,,Q2,229300000,166600000,62700000,0.273441,0.0,40400000,0.0,0.0,41000000,207600000,-5300000.0,2299999.999999999,13399999.999999998,0.058439,21700000,0.094636,0.0,16400000,0.071522,6300000.0,10100000,0.044047,0.06281,0.06281,160800000,160800000,,
0,1995-05-31,STZ,1995-07-10 00:00:00,1995-07-10 00:00:00,Q1,222800000,159500000,63300000,0.284111,0.0,38800000,0.0,0.0,39800000.00000001,199300000,-6200000.0,3500000.0,14600000,0.06553,23500000,0.105476,0.0,17300000,0.077648,6700000.0,10600000,0.047576,0.06621,0.06621,160100000,160100000,https://www.sec.gov/Archives/edgar/data/16918/000089183995000016/0000891839-95-000016-index.html,https://www.sec.gov/Archives/edgar/data/16918/0000891839-95-000016.txt
0,1995-02-28,STZ,1995-04-04 00:00:00,1995-04-04 00:00:00,Q4,210900000,153300000,57600000,0.273115,0.0,34900000,0.0,0.0,35199999.99999999,188500000,-6200000.0,4700000.000000001,14800000.000000002,0.070175,22400000,0.106211,0.0,16200000,0.076814,6300000.0,10000000,0.047416,0.06293,0.06293,158900000,158900000,https://www.sec.gov/Archives/edgar/data/16918/000089183995000013/0000891839-95-000013-index.html,https://www.sec.gov/Archives/edgar/data/16918/0000891839-95-000013.txt
0,1994-11-30,STZ,1995-01-12 00:00:00,1995-01-12 00:00:00,Q3,243500000,174400000,69200000,0.284189,0.0,45100000,0.0,0.0,45400000.00000001,219800000,-7000000.0,5100000.0,14900000,0.061191,23800000,0.097741,0.0,16800000,0.068994,6500000.0,10300000,0.0423,0.07574,0.07574,136000000,136000000,https://www.sec.gov/Archives/edgar/data/16918/000089183995000008/0000891839-95-000008-index.html,https://www.sec.gov/Archives/edgar/data/16918/0000891839-95-000008.txt
0,1994-08-31,STZ,,,Q2,180800000,127600000,53300000,0.294801,0.0,34300000,0.0,0.0,58300000.00000001,185900000,-5200000.0,3000000.0,-12400000,-0.068584,-5000000.0,-0.027655,0.0,-10200000,-0.056416,-3900000.0,-6300000.0,-0.034845,-0.04907,-0.04907,128400000,128400000,,
0,1994-05-31,STZ,1994-07-08 00:00:00,1994-07-08 00:00:00,Q1,154200000,111400000,42800000,0.277562,0.0,27400000,0.0,0.0,27500000,138900000,-4600000.0,2800000.0,9000000.0,0.058366,15300000,0.099222,0.0,10800000,0.070039,4100000.0,6700000.0,0.04345,0.0493,0.0493,135900000,135900000,https://www.sec.gov/Archives/edgar/data/914183/000089183994000029/0000891839-94-000029-index.html,https://www.sec.gov/Archives/edgar/data/914183/0000891839-94-000029.txt
0,1994-02-28,STZ,1994-04-12 00:00:00,1994-04-12 00:00:00,Q4,140000000,98400000,41700000,0.297857,0.0,28000000,0.0,0.0,28000000,126400000,-4500000.0,2400000.0000000005,7000000.0,0.05,13700000,0.097857,0.0,9200000.0,0.065714,3400000.0,5700000.0,0.040714,0.04351,0.04351,131000000,131000000,https://www.sec.gov/Archives/edgar/data/914183/000089183994000010/0000891839-94-000010-index.html,https://www.sec.gov/Archives/edgar/data/914183/0000891839-94-000010.txt
