,date,symbol,fillingDate,acceptedDate,period,revenue,costOfRevenue,grossProfit,grossProfitRatio,researchAndDevelopmentExpenses,generalAndAdministrativeExpenses,sellingAndMarketingExpenses,otherExpenses,operatingExpenses,costAndExpenses,interestExpense,depreciationAndAmortization,ebitda,ebitdaratio,operatingIncome,operatingIncomeRatio,totalOtherIncomeExpensesNet,incomeBeforeTax,incomeBeforeTaxRatio,incomeTaxExpense,netIncome,netIncomeRatio,eps,epsdiluted,weightedAverageShsOut,weightedAverageShsOutDil,link,finalLink
0,2020-02-29,ALEO2.PA,2020-02-29,2020-02-29,FY,24451000,18006000,6445000.0,0.2635884012923807,0.0,0.0,0.0,0.0,198000.0,23073000,310000.0,1929000.0,3346000.0,0.13684511880904668,1378000.0,0.05999754611263343,0.0,1467000.0,0.05999754611263343,182000.0,1199000.0,0.04903684920862132,0.49750459330762964,0.49750459330762964,2410028.0,2410028.0,https://www.infogreffe.com/recherche-entreprise-dirigeants/resultats-entreprise-dirigeants.html?ga_cat=globale&ga_q=A.L.E.O.2#phrase=A.L.E.O.2,https://www.infogreffe.com/recherche-entreprise-dirigeants/resultats-entreprise-dirigeants.html?ga_cat=globale&ga_q=A.L.E.O.2#phrase=A.L.E.O.2
0,2019-02-28,ALEO2.PA,2019-02-28,2019-02-28,FY,25477000,20059000,5418000.0,0.21266240138163833,0.0,3005000.0,79000.0,0.0,285000.0,24454000,244000.0,1430000.0,2477000.0,0.09722494799230678,1023000.0,0.03705302822153315,0.0,944000.0,0.03705302822153315,184000.0,699000.0,0.02743651136319033,0.29,0.29,2410028.0,2410028.0,https://www.infogreffe.com/recherche-entreprise-dirigeants/resultats-entreprise-dirigeants.html?ga_cat=globale&ga_q=A.L.E.O.2#phrase=A.L.E.O.2,https://www.infogreffe.com/recherche-entreprise-dirigeants/resultats-entreprise-dirigeants.html?ga_cat=globale&ga_q=A.L.E.O.2#phrase=A.L.E.O.2
0,2018-02-28,ALEO2.PA,2018-02-28,2018-02-28,FY,19470000,14740000,4730000.0,0.24293785310734464,0.0,2660000.0,75000.0,0.0,-14000.0,18792000,235000.0,1483000.0,2187000.0,0.11232665639445301,678000.0,0.0312788906009245,0.0,609000.0,0.0312788906009245,56000.0,692000.0,0.03554185927067283,0.28,0.28,2459370.0,2459370.0,https://www.infogreffe.com/recherche-entreprise-dirigeants/resultats-entreprise-dirigeants.html?ga_cat=globale&ga_q=A.L.E.O.2#phrase=A.L.E.O.2,https://www.infogreffe.com/recherche-entreprise-dirigeants/resultats-entreprise-dirigeants.html?ga_cat=globale&ga_q=A.L.E.O.2#phrase=A.L.E.O.2
0,2017-02-28,ALEO2.PA,2017-02-28,2017-02-28,FY,23556000,19848000,3708000.0,0.15741212429954152,0.0,2962000.0,47000.0,0.0,77000.0,23612000,307000.0,1348000.0,1362000.0,0.05781966377992868,-56000.0,-0.0046272711835625745,0.0,-109000.0,-0.0046272711835625745,-466000.0,562000.0,0.023858040414331805,0.23,0.23,2455614.0,2455614.0,https://www.infogreffe.com/recherche-entreprise-dirigeants/resultats-entreprise-dirigeants.html?ga_cat=globale&ga_q=A.L.E.O.2#phrase=A.L.E.O.2,https://www.infogreffe.com/recherche-entreprise-dirigeants/resultats-entreprise-dirigeants.html?ga_cat=globale&ga_q=A.L.E.O.2#phrase=A.L.E.O.2
0,2016-02-29,ALEO2.PA,2016-02-29,2016-02-29,FY,19827000,14326000,5501000.0,0.27744994199828515,0.0,372000.0,41000.0,0.0,556000.0,19255000,323000.0,1452000.0,2057000.0,0.10374741514096938,572000.0,0.015383063499268674,0.0,305000.0,0.015383063499268674,0.0,266000.0,0.013416048822313007,0.11,0.11,2437765.0,2437765.0,https://www.infogreffe.com/recherche-entreprise-dirigeants/resultats-entreprise-dirigeants.html?ga_cat=globale&ga_q=A.L.E.O.2#phrase=A.L.E.O.2,https://www.infogreffe.com/recherche-entreprise-dirigeants/resultats-entreprise-dirigeants.html?ga_cat=globale&ga_q=A.L.E.O.2#phrase=A.L.E.O.2
0,2015-02-28,ALEO2.PA,2015-02-28,2015-02-28,FY,20326000,14782000,5544000.0,0.2727541080389649,0.0,342000.0,51000.0,0.0,756000.0,19636000,358000.0,1234000.0,2099000.0,0.10326675194332383,690000.0,0.029322050575617434,0.0,596000.0,0.029322050575617434,6000.0,560000.0,0.027550920003935844,0.21,0.21,2632000.0,2632000.0,https://www.infogreffe.com/recherche-entreprise-dirigeants/resultats-entreprise-dirigeants.html?ga_cat=globale&ga_q=A.L.E.O.2#phrase=A.L.E.O.2,https://www.infogreffe.com/recherche-entreprise-dirigeants/resultats-entreprise-dirigeants.html?ga_cat=globale&ga_q=A.L.E.O.2#phrase=A.L.E.O.2
0,2014-02-28,ALEO2.PA,2014-02-28,2014-02-28,FY,19859644,15365745,4493899.0,0.22628295854648753,0.0,0.0,0.0,66653.0,913747.0,18484773,0.0,866886.0,2241757.0,0.11288001940014634,1374871.0,0.059836520735215594,0.0,1188332.0,0.059836520735215594,1148.0,1187862.0,0.0598128546513724,0.45137,0.45137,2424053.0,2424053.0,https://www.infogreffe.com/recherche-entreprise-dirigeants/resultats-entreprise-dirigeants.html?ga_cat=globale&ga_q=A.L.E.O.2#phrase=A.L.E.O.2,https://www.infogreffe.com/recherche-entreprise-dirigeants/resultats-entreprise-dirigeants.html?ga_cat=globale&ga_q=A.L.E.O.2#phrase=A.L.E.O.2
0,2013-02-28,ALEO2.PA,2013-02-28,2013-02-28,FY,14607115,11716111,2891004.0,0.19791752170089713,0.0,0.0,0.0,-4199.0,687651.0,14121244,0.0,471325.0,1346144.0,0.09215673320843985,485871.0,0.023195956217227014,0.0,338826.0,0.023195956217227014,864.0,412432.0,0.02823500739194564,0.15672,0.15672,2631705.0,2631705.0,https://www.infogreffe.com/recherche-entreprise-dirigeants/resultats-entreprise-dirigeants.html?ga_cat=globale&ga_q=A.L.E.O.2#phrase=A.L.E.O.2,https://www.infogreffe.com/recherche-entreprise-dirigeants/resultats-entreprise-dirigeants.html?ga_cat=globale&ga_q=A.L.E.O.2#phrase=A.L.E.O.2
