,date,symbol,fillingDate,acceptedDate,period,revenue,costOfRevenue,grossProfit,grossProfitRatio,researchAndDevelopmentExpenses,generalAndAdministrativeExpenses,sellingAndMarketingExpenses,otherExpenses,operatingExpenses,costAndExpenses,interestExpense,depreciationAndAmortization,ebitda,ebitdaratio,operatingIncome,operatingIncomeRatio,totalOtherIncomeExpensesNet,incomeBeforeTax,incomeBeforeTaxRatio,incomeTaxExpense,netIncome,netIncomeRatio,eps,epsdiluted,weightedAverageShsOut,weightedAverageShsOutDil,link,finalLink
0,2020-05-31,WOR,2020-07-30,2020-07-30 20:56:10,FY,3059119000,2615782000,443337000,0.144923097140059,0.0,328110000,0.0,10048000,424882000,3040664000,31616000,92678000,229432000,0.074999,18455000,0.006033,9099000.0,110786000,0.036215,26342000,78796000,0.025758,1.4075,1.4075,79116000,79116000,https://www.sec.gov/Archives/edgar/data/108516/000156459020034955/0001564590-20-034955-index.htm,https://www.sec.gov/Archives/edgar/data/108516/000156459020034955/wor-10k_20200531.htm
0,2019-05-31,WOR,2019-07-30,2019-07-30 17:20:41,FY,3759556000,3279601000,479955000,0.127662681444298,0.0,338392000,0.0,-11018000,335191000,3614792000,38063000,95602000,330303000,0.087857,144764000,0.038506,6320000.0,206456000,0.054915,43183000,153455000,0.040817,2.60876,2.60876,79116000,79116000,https://www.sec.gov/Archives/edgar/data/108516/000156459019027053/0001564590-19-027053-index.htm,https://www.sec.gov/Archives/edgar/data/108516/000156459019027053/wor-10k_20190531.htm
0,2018-05-31,WOR,2018-07-30,2018-07-30 16:19:26,FY,3581620000,3018763000,562857000,0.15715151244409,0.0,367460000,0.0,-7421000.0,421247000,3440010000,38675000,103359000,345048000,0.096339,141610000,0.039538,3260000.0,209070000,0.058373,8220000.0,194794000,0.054387,3.08991,3.08991,79116000,79116000,https://www.sec.gov/Archives/edgar/data/108516/000156459018017896/0001564590-18-017896-index.htm,https://www.sec.gov/Archives/edgar/data/108516/000156459018017896/wor-10k_20180531.htm
0,2017-05-31,WOR,2017-07-24,2017-07-24 17:25:39,FY,3014108000,2478203000,535905000,0.177798871175154,0.0,316373000,0.0,6411000.0,322784000,2800987000,29796000,86793000,400294000,0.132807,213121000,0.070708,4317000.0,297127000,0.098579,79190000,204515000,0.067853,3.1525,3.1525,79116000,79116000,https://www.sec.gov/Archives/edgar/data/108516/000119312517234020/0001193125-17-234020-index.htm,https://www.sec.gov/Archives/edgar/data/108516/000119312517234020/d410625d10k.htm
0,2016-05-31,WOR,2016-08-01,2016-08-01 16:28:52,FY,2819714000,2367121000,452593000,0.160510250330353,0.0,297402000,0.0,7177000.0,323664000,2690785000,31670000,84699000,319071000,0.113157,128929000,0.045724,4242000.0,216615000,0.076822,58987000,143715000,0.050968,2.21937,2.21937,79116000,79116000,https://www.sec.gov/Archives/edgar/data/108516/000119312516666636/0001193125-16-666636-index.htm,https://www.sec.gov/Archives/edgar/data/108516/000119312516666636/d174336d10k.htm
0,2015-05-31,WOR,2015-07-30,2015-07-30 17:26:57,FY,3384234000,2920701000,463533000,0.136968365662658,0.0,295920000,0.0,6514000.0,402976000,3323677000,35800000,85089000,223446000,0.066026,60557000,0.017894,795000.0,113028000,0.033398,25772000,76785000,0.022689,1.12123,1.12123,79116000,79116000,https://www.sec.gov/Archives/edgar/data/108516/000119312515271107/0001193125-15-271107-index.htm,https://www.sec.gov/Archives/edgar/data/108516/000119312515271107/d943911d10k.htm
0,2014-05-31,WOR,2014-07-30,2014-07-30 17:16:29,FY,3126400000,2633900000,492500000,0.157529426816786,0.0,300400000,0.0,-2912000.0,356800000,2990700000,26671000,79700000,315020000,0.100761,135800000,0.043437,16900000,217500000,0.069569,57349000,151300000,0.048394,2.11018,2.11018,79116000,79116000,https://www.sec.gov/Archives/edgar/data/108516/000119312514287164/0001193125-14-287164-index.htm,https://www.sec.gov/Archives/edgar/data/108516/000119312514287164/d745471d10k.htm
0,2013-05-31,WOR,2013-07-30,2013-07-30 17:13:50,FY,2612200000,2215600000,396600000,0.151826047010183,0.0,258300000,0.0,3293000.0,267500000,2483100000,23918000,66500000,291283000,0.111509,129100000,0.049422,1500000.0,201300000,0.077061,64465000,136400000,0.052217,1.91304,1.91304,79116000,79116000,https://www.sec.gov/Archives/edgar/data/108516/000119312513310489/0001193125-13-310489-index.htm,https://www.sec.gov/Archives/edgar/data/108516/000119312513310489/d548609d10k.htm
0,2012-05-31,WOR,2012-07-30,2012-07-30 16:07:21,FY,2534700000,2201800000,332900000,0.131337041858997,0.0,225100000,0.0,5984000.0,231300000,2433100000,19497000,55900000,242901000,0.09583,101600000,0.040084,2300000.0,177300000,0.069949,51904000,115600000,0.045607,1.64438,1.64438,79116000,79116000,https://www.sec.gov/Archives/edgar/data/108516/000119312512322427/0001193125-12-322427-index.htm,https://www.sec.gov/Archives/edgar/data/108516/000119312512322427/d353906d10k.htm
0,2011-05-31,WOR,2011-08-01,2011-08-01 16:29:45,FY,2442600000,2086500000,356100000,0.145787275853599,0.0,235200000,0.0,2653000.0,231800000,2318300000,18756000,61100000,253452000,0.103763,124400000,0.050929,600000.0,182500000,0.074715,58496000,115100000,0.047122,1.52653,1.52653,79116000,79116000,https://www.sec.gov/Archives/edgar/data/108516/000119312511204674/0001193125-11-204674-index.htm,https://www.sec.gov/Archives/edgar/data/108516/000119312511204674/d10k.htm
0,2010-05-31,WOR,2010-07-30,2010-07-30 11:40:51,FY,1943000000,1663100000,279900000,0.144055584148224,0.0,218300000,0.0,4243000.0,258000000,1921100000,9534000.0,64700000,146084000,0.075185,22000000,0.011323,1100000.0,78200000,0.040247,26650000,45200000,0.023263,0.57143,0.57143,79116000,79116000,https://www.sec.gov/Archives/edgar/data/108516/000119312510171815/0001193125-10-171815-index.htm,https://www.sec.gov/Archives/edgar/data/108516/000119312510171815/d10k.htm
0,2009-05-31,WOR,2009-07-30,2009-07-30 16:12:03,FY,2631300000,2456500000,174800000,0.0664310416904192,0.0,210000000,0.0,0.0,350100000,2806600000,20734000,64100000,-61120000,-0.023228,-175300000,-0.066621,-2300000.0,-141400000,-0.053738,-37754000,-108200000,-0.04112,-1.37136,-1.37136,78903000,78903000,https://www.sec.gov/Archives/edgar/data/108516/000119312509159541/0001193125-09-159541-index.htm,https://www.sec.gov/Archives/edgar/data/108516/000119312509159541/d10k.htm
0,2008-05-31,WOR,2008-07-30,2008-07-30 16:23:41,FY,3067200000,2711400000,355800000,0.116001564945227,0.0,231600000,0.0,0.0,249700000,2961100000,21452000,63400000,230568000,0.075172,106000000,0.034559,600000.0,152700000,0.049785,38616000,107100000,0.034918,1.30769,1.30769,81898000,81898000,https://www.sec.gov/Archives/edgar/data/108516/000119312508161395/0001193125-08-161395-index.htm,https://www.sec.gov/Archives/edgar/data/108516/000119312508161395/d10k.htm
0,2007-05-31,WOR,2007-07-30,2007-07-30 16:55:23,FY,2971800000,2610200000,361600000,0.121677098055051,0.0,232500000,0.0,0.0,232500000,2842700000,21895000,61500000,249407000,0.083925,129100000,0.043442,1000000.0,171400000,0.057675,52112000,113900000,0.038327,1.3092,1.3092,87002000,87002000,https://www.sec.gov/Archives/edgar/data/108516/000119312507165466/0001193125-07-165466-index.htm,https://www.sec.gov/Archives/edgar/data/108516/000119312507165466/d10k.htm
0,2006-05-31,WOR,2006-08-11,2006-08-11 16:13:23,FY,2897200000,2525500000,371700000,0.128296286069308,0.0,214000000,0.0,0.0,214100000,2739600000,26279000,59100000,298138000,0.102906,157600000,0.054397,4600000.0,218800000,0.075521,66759000,146000000,0.050393,1.64045,1.64045,88976000,88976000,https://www.sec.gov/Archives/edgar/data/108516/000119312506170895/0001193125-06-170895-index.htm,https://www.sec.gov/Archives/edgar/data/108516/000119312506170895/d10k.htm
0,2005-05-31,WOR,2005-08-15,2005-08-15 11:23:23,FY,3078900000,2580000000,498900000,0.16203839033421,0.0,225900000,0.0,0.0,231500000,2811500000,24761000,57900000,371118000,0.120536,267400000,0.086849,-8000000.0,288500000,0.093702,109057000,179400000,0.058268,2.02712,2.02712,88503000,88503000,https://www.sec.gov/Archives/edgar/data/108516/000119312505167952/0001193125-05-167952-index.htm,https://www.sec.gov/Archives/edgar/data/108516/000119312505167952/d10k.htm
0,2004-05-31,WOR,2004-08-16,2004-08-16 16:47:39,FY,2379100000,2003700000,375400000,0.157790761212223,0.0,195800000,0.0,0.0,265200000,2268900000,22198000,67300000,217010000,0.091215,110200000,0.04632,-1600000.0,127500000,0.053592,40712000,86800000,0.036484,0.9977,0.9977,86950000,86950000,https://www.sec.gov/Archives/edgar/data/108516/000095015204006330/0000950152-04-006330-index.htm,https://www.sec.gov/Archives/edgar/data/108516/000095015204006330/l09070ae10vk.htm
0,2003-05-31,WOR,2003-08-22,2003-08-22 14:20:12,FY,2219900000,1917000000,302900000,0.136447587729177,0.0,182700000,0.0,0.0,177100000,2094100000,24766000,69400000,212581000,0.095762,125800000,0.056669,-12600000,118400000,0.053336,43215000,75200000,0.033875,0.86936,0.86936,86537000,86537000,https://www.sec.gov/Archives/edgar/data/108516/000095015203007882/0000950152-03-007882-index.htm,https://www.sec.gov/Archives/edgar/data/108516/000095015203007882/l02541ae10vk.htm
0,2002-05-31,WOR,2002-08-21 00:00:00,2002-08-21 16:52:22,FY,1745000000,1480200000,264800000,0.151748,0.0,165900000,0.0,0.0,230399999.99999985,1710599999.9999998,400000.0,68900000,79500000,0.045559,34300000,0.019656,-24400000,10200000,0.005845,3700000.0,6500000.0,0.003725,0.07567,0.07567,85900000,85900000,https://www.sec.gov/Archives/edgar/data/108516/000095015202006581/0000950152-02-006581-index.html,https://www.sec.gov/Archives/edgar/data/108516/000095015202006581/l95946ae10vk.txt
0,2001-05-31,WOR,,,FY,1826100000,1581200000,244900000,0.134111,0.0,173300000,0.0,0.0,179700000.00000006,1760900000,-8200000.0,70600000,118400000,0.064838,65200000,0.035705,-900000.0,56000000,0.030666,20400000,35600000,0.019495,0.41589,0.41589,85600000,85600000,,
0,2000-05-31,WOR,,,FY,1962600000,1629500000,333200000,0.169775,0.0,163700000,0.0,0.0,163599999.9999999,1793100000,-21500000,71000000,200200000,0.102008,169500000,0.086365,2700000.0,150600000,0.076735,56500000,94200000,0.047998,1.06321,1.06321,88600000,88600000,,
0,1999-05-31,WOR,1999-08-27 00:00:00,1999-08-27 00:00:00,FY,1763100000,1468900000,294200000,0.166865,0.0,148000000,0.0,0.0,148000000,1616900000,-18700000,78500000,163800000,0.092905,146200000,0.082922,5200000.0,132800000,0.075322,49100000,54900000,0.031138,0.58969,0.58969,93100000,93100000,https://www.sec.gov/Archives/edgar/data/108516/000095015299007196/0000950152-99-007196-index.html,https://www.sec.gov/Archives/edgar/data/108516/0000950152-99-007196.txt
0,1998-05-31,WOR,,,FY,1624400000,1371800000,252600000,0.155504,0.0,117100000,0.0,0.0,117100000.00000013,1488900000.0000002,-6300000.0,61500000,221900000,0.136604,135500000,0.083415,1400000.0,130600000,0.080399,48300000,118400000,0.072888,1.22188,1.22188,96900000,96900000,,
0,1997-05-31,WOR,1997-08-28 00:00:00,1997-08-28 00:00:00,FY,1911700000,1634200000,277500000,0.145159,0.0,123300000,0.0,0.0,123299999.99999996,1757500000,-4700000.0,51400000,197200000,0.103154,154200000,0.080661,900000.0,150500000,0.078726,57200000,93300000,0.048805,0.96584,0.96584,96600000,96600000,https://www.sec.gov/Archives/edgar/data/108516/000095015297006301/0000950152-97-006301-index.html,https://www.sec.gov/Archives/edgar/data/108516/0000950152-97-006301.txt
0,1996-05-31,WOR,1996-08-29 00:00:00,1996-08-29 00:00:00,FY,1477800000,1256600000,221300000,0.14975,0.0,95100000,0.0,0.0,95100000.00000013,1351700000.0000002,20700000,39200000,207700000,0.140547,126100000,0.08533,1000000.0,147800000,0.100014,56500000,91300000,0.061781,1.00551,1.00551,90800000,90800000,https://www.sec.gov/Archives/edgar/data/108516/000089646396000136/0000896463-96-000136-index.html,https://www.sec.gov/Archives/edgar/data/108516/0000896463-96-000136.txt
0,1995-05-31,WOR,1995-08-28 00:00:00,1995-08-28 00:00:00,FY,1483600000,1244600000,238900000,0.161027,0.0,85100000,0.0,0.0,85100000.00000013,1329700000.0000002,32300000,34100000,253100000,0.170599,153800000,0.103667,600000.0,186700000,0.125843,70000000,116700000,0.07866,1.28666,1.28666,90700000,90700000,https://www.sec.gov/Archives/edgar/data/108516/000089646395000121/0000896463-95-000121-index.html,https://www.sec.gov/Archives/edgar/data/108516/0000896463-95-000121.txt
0,1994-05-31,WOR,1994-08-29 00:00:00,1994-08-29 00:00:00,FY,1285100000,1093400000,191800000,0.149249,0.0,72400000,0.0,0.0,72299999.99999996,1165700000,15800000,32400000,183900000,0.143102,119400000,0.092911,400000.0,135600000,0.105517,50800000,84900000,0.066065,0.93916,0.93916,90400000,90400000,https://www.sec.gov/Archives/edgar/data/108516/000089646394000070/0000896463-94-000070-index.html,https://www.sec.gov/Archives/edgar/data/108516/0000896463-94-000070.txt
