,date,symbol,fillingDate,acceptedDate,period,revenue,costOfRevenue,grossProfit,grossProfitRatio,researchAndDevelopmentExpenses,generalAndAdministrativeExpenses,sellingAndMarketingExpenses,otherExpenses,operatingExpenses,costAndExpenses,interestExpense,depreciationAndAmortization,ebitda,ebitdaratio,operatingIncome,operatingIncomeRatio,totalOtherIncomeExpensesNet,incomeBeforeTax,incomeBeforeTaxRatio,incomeTaxExpense,netIncome,netIncomeRatio,eps,epsdiluted,weightedAverageShsOut,weightedAverageShsOutDil,link,finalLink
0,2019-12-31,UEX.TO,2019-12-31,2019-12-31,FY,0.0,81347.0,-81347.0,0.0,11412.0,1677892.0,0.0,0.0,7733645.0,9492884.0,64211.0,0.0,-9214002.0,0.0,-9492884.0,0.0,-11236.0,-9441356.0,0.0,-317622.0,-9123734.0,0.0,-0.02,-0.02,382543071,382543071,https://www.sedar.com/ModifyCompanyDocumentSearchForm.do?lang=EN&company_search=UEX Corp&document_selection=0&industry_group=A&FromDate=13&FromMonth=05&FromYear=2000&ToDate=13&ToMonth=11&ToYear=2020&Variable=Issuer,https://www.sedar.com/ModifyCompanyDocumentSearchForm.do?lang=EN&company_search=UEX Corp&document_selection=0&industry_group=A&FromDate=13&FromMonth=05&FromYear=2000&ToDate=13&ToMonth=11&ToYear=2020&Variable=Issuer
0,2018-12-31,UEX.TO,2018-12-31,2018-12-31,FY,133976.0,35121.0,98855.0,0.7378560339165223,0.0,1973992.0,0.0,0.0,4400716.0,6409829.0,7683.0,35121.0,-6166159.0,-46.02435510837762,-6409829.0,-46.928793216695524,-3796.0,-6287332.0,-46.928793216695524,-14871.0,-6272461.0,-46.81779572460739,-0.02,-0.02,354376221,354376221,https://www.sedar.com/ModifyCompanyDocumentSearchForm.do?lang=EN&company_search=UEX Corp&document_selection=0&industry_group=A&FromDate=13&FromMonth=05&FromYear=2000&ToDate=13&ToMonth=11&ToYear=2020&Variable=Issuer,https://www.sedar.com/ModifyCompanyDocumentSearchForm.do?lang=EN&company_search=UEX Corp&document_selection=0&industry_group=A&FromDate=13&FromMonth=05&FromYear=2000&ToDate=13&ToMonth=11&ToYear=2020&Variable=Issuer
0,2017-12-31,UEX.TO,2017-12-31,2017-12-31,FY,0.0,0.0,0.0,0.0,0.0,1897819.0,134855.0,0.0,4224084.0,6151100.0,4471.0,29197.0,-5984932.0,0.0,-6151100.0,0.0,-13391.0,-6102423.0,0.0,-236680.0,-5865743.0,0.0,-0.02,-0.02,315987328,315987328,https://www.sedar.com/ModifyCompanyDocumentSearchForm.do?lang=EN&company_search=UEX Corp&document_selection=0&industry_group=A&FromDate=13&FromMonth=05&FromYear=2000&ToDate=13&ToMonth=11&ToYear=2020&Variable=Issuer,https://www.sedar.com/ModifyCompanyDocumentSearchForm.do?lang=EN&company_search=UEX Corp&document_selection=0&industry_group=A&FromDate=13&FromMonth=05&FromYear=2000&ToDate=13&ToMonth=11&ToYear=2020&Variable=Issuer
0,2016-12-31,UEX.TO,2016-12-31,2016-12-31,FY,0.0,0.0,0.0,0.0,0.0,1562563.0,119925.0,0.0,4825953.0,6418625.0,4126.0,30109.0,-6245108.0,0.0,-6418625.0,0.0,15242.0,-6315670.0,0.0,-334572.0,-5981098.0,0.0,-0.021,-0.021,284020404,284020404,https://www.sedar.com/ModifyCompanyDocumentSearchForm.do?lang=EN&company_search=UEX Corp&document_selection=0&industry_group=A&FromDate=13&FromMonth=05&FromYear=2000&ToDate=13&ToMonth=11&ToYear=2020&Variable=Issuer,https://www.sedar.com/ModifyCompanyDocumentSearchForm.do?lang=EN&company_search=UEX Corp&document_selection=0&industry_group=A&FromDate=13&FromMonth=05&FromYear=2000&ToDate=13&ToMonth=11&ToYear=2020&Variable=Issuer
0,2015-12-31,UEX.TO,2015-12-31,2015-12-31,FY,0.0,0.0,0.0,0.0,0.0,2359905.0,223198.0,0.0,0.0,2379187.0,5308.0,19282.0,-2359905.0,0.0,-2379187.0,0.0,78697.0,-2305798.0,0.0,-157228.0,-2148570.0,0.0,-0.009,-0.009,242094261,242094261,https://www.sedar.com/ModifyCompanyDocumentSearchForm.do?lang=EN&company_search=UEX Corp&document_selection=0&industry_group=A&FromDate=13&FromMonth=05&FromYear=2000&ToDate=13&ToMonth=11&ToYear=2020&Variable=Issuer,https://www.sedar.com/ModifyCompanyDocumentSearchForm.do?lang=EN&company_search=UEX Corp&document_selection=0&industry_group=A&FromDate=13&FromMonth=05&FromYear=2000&ToDate=13&ToMonth=11&ToYear=2020&Variable=Issuer
0,2014-12-31,UEX.TO,2014-12-31,2014-12-31,FY,0.0,0.0,0.0,0.0,0.0,2429936.0,198872.0,0.0,0.0,2451212.0,4330.0,21276.0,-2298537.0,0.0,-2451212.0,0.0,-10429135,-12753278,0.0,-3296297.0,-9456981.0,0.0,-0.041,-0.041,229667184,229667184,https://www.sedar.com/ModifyCompanyDocumentSearchForm.do?lang=EN&company_search=UEX Corp&document_selection=0&industry_group=A&FromDate=13&FromMonth=05&FromYear=2000&ToDate=13&ToMonth=11&ToYear=2020&Variable=Issuer,https://www.sedar.com/ModifyCompanyDocumentSearchForm.do?lang=EN&company_search=UEX Corp&document_selection=0&industry_group=A&FromDate=13&FromMonth=05&FromYear=2000&ToDate=13&ToMonth=11&ToYear=2020&Variable=Issuer
0,2013-12-31,UEX.TO,2013-12-31,2013-12-31,FY,0.0,0.0,0.0,0.0,0.0,2214593.0,112089.0,0.0,0.0,2228182.0,4295.0,13589.0,-2012519.0,0.0,-2228182.0,0.0,-6303.0,-2036706.0,0.0,311296.0,-2348002.0,0.0,-0.01,-0.01,225142014,225142014,https://www.sedar.com/ModifyCompanyDocumentSearchForm.do?lang=EN&company_search=UEX Corp&document_selection=0&industry_group=A&FromDate=13&FromMonth=05&FromYear=2000&ToDate=13&ToMonth=11&ToYear=2020&Variable=Issuer,https://www.sedar.com/ModifyCompanyDocumentSearchForm.do?lang=EN&company_search=UEX Corp&document_selection=0&industry_group=A&FromDate=13&FromMonth=05&FromYear=2000&ToDate=13&ToMonth=11&ToYear=2020&Variable=Issuer
0,2012-12-31,UEX.TO,2012-12-31,2012-12-31,FY,0.0,0.0,0.0,0.0,0.0,2618523.0,165782.0,0.0,0.0,2633298.0,4270.0,14775.0,-2397058.0,0.0,-2633298.0,0.0,-1609741.0,-4025844.0,0.0,-114593.0,-3911251.0,0.0,-0.018,-0.018,217853362,217853362,https://www.sedar.com/ModifyCompanyDocumentSearchForm.do?lang=EN&company_search=UEX Corp&document_selection=0&industry_group=A&FromDate=13&FromMonth=05&FromYear=2000&ToDate=13&ToMonth=11&ToYear=2020&Variable=Issuer,https://www.sedar.com/ModifyCompanyDocumentSearchForm.do?lang=EN&company_search=UEX Corp&document_selection=0&industry_group=A&FromDate=13&FromMonth=05&FromYear=2000&ToDate=13&ToMonth=11&ToYear=2020&Variable=Issuer
0,2011-12-31,UEX.TO,2011-12-31,2011-12-31,FY,108911.0,0.0,108911.0,1.0,0.0,2927808.0,119776.0,0.0,10893.0,2950249.0,3521.0,11548.0,-2829790.0,-25.982591290135982,-2841338.0,-43.417340764477416,-1883767.0,-4728626.0,-43.417340764477416,676591.0,-5405217.0,-49.62967009760263,-0.027,-0.027,203057364,203057364,https://www.sedar.com/ModifyCompanyDocumentSearchForm.do?lang=EN&company_search=UEX Corp&document_selection=0&industry_group=A&FromDate=13&FromMonth=05&FromYear=2000&ToDate=13&ToMonth=11&ToYear=2020&Variable=Issuer,https://www.sedar.com/ModifyCompanyDocumentSearchForm.do?lang=EN&company_search=UEX Corp&document_selection=0&industry_group=A&FromDate=13&FromMonth=05&FromYear=2000&ToDate=13&ToMonth=11&ToYear=2020&Variable=Issuer
0,2010-12-31,UEX.TO,2010-12-31,2010-12-31,FY,0.0,0.0,0.0,0.0,0.0,2099141.0,50882.0,85131.0,0.0,2109877.0,2761.0,10736.0,-2014010.0,0.0,-2109877.0,0.0,-5377715.0,-7490353.0,0.0,-1760170.0,-5730183.0,0.0,-0.03,-0.03,197721556,197721556,https://www.sedar.com/ModifyCompanyDocumentSearchForm.do?lang=EN&company_search=UEX Corp&document_selection=0&industry_group=A&FromDate=13&FromMonth=05&FromYear=2000&ToDate=13&ToMonth=11&ToYear=2020&Variable=Issuer,https://www.sedar.com/ModifyCompanyDocumentSearchForm.do?lang=EN&company_search=UEX Corp&document_selection=0&industry_group=A&FromDate=13&FromMonth=05&FromYear=2000&ToDate=13&ToMonth=11&ToYear=2020&Variable=Issuer
0,2009-12-31,UEX.TO,2009-12-31,2009-12-31,FY,0.0,0.0,0.0,0.0,0.0,8556004.0,31018.0,85704.0,0.0,8567844.0,2779.0,11840.0,-8470300.0,0.0,-8567844.0,0.0,85704.0,-8484919.0,0.0,-464703.0,-8020216.0,0.0,-0.04,-0.04,190161338,190161338,https://www.sedar.com/ModifyCompanyDocumentSearchForm.do?lang=EN&company_search=UEX Corp&document_selection=0&industry_group=A&FromDate=13&FromMonth=05&FromYear=2000&ToDate=13&ToMonth=11&ToYear=2020&Variable=Issuer,https://www.sedar.com/ModifyCompanyDocumentSearchForm.do?lang=EN&company_search=UEX Corp&document_selection=0&industry_group=A&FromDate=13&FromMonth=05&FromYear=2000&ToDate=13&ToMonth=11&ToYear=2020&Variable=Issuer
0,2008-12-31,UEX.TO,2008-12-31,2008-12-31,FY,0.0,0.0,0.0,0.0,0.0,9567192.0,74017.0,1249743.0,120000.0,9699200.0,3721.0,12008.0,-8437449.0,0.0,-9699200.0,0.0,814383.0,-8888538.0,0.0,-84544.0,-8803994.0,0.0,-0.05,-0.05,183662888,185373082,https://www.sedar.com/ModifyCompanyDocumentSearchForm.do?lang=EN&company_search=UEX Corp&document_selection=0&industry_group=A&FromDate=13&FromMonth=05&FromYear=2000&ToDate=13&ToMonth=11&ToYear=2020&Variable=Issuer,https://www.sedar.com/ModifyCompanyDocumentSearchForm.do?lang=EN&company_search=UEX Corp&document_selection=0&industry_group=A&FromDate=13&FromMonth=05&FromYear=2000&ToDate=13&ToMonth=11&ToYear=2020&Variable=Issuer
0,2007-12-31,UEX.TO,,,FY,0.0,0.0,0.0,0.0,0.0,10130006,0.0,0.0,0.0,10140549,4551.0,10543.0,-10130006,0.0,-10140549,0.0,3034219.0,-7110881.0,0.0,-1638347.0,-5472534.0,0.0,-0.03,-0.03,182368774,185939334,https://www.sedar.com/ModifyCompanyDocumentSearchForm.do?lang=EN&company_search=UEX Corp&document_selection=0&industry_group=A&FromDate=13&FromMonth=05&FromYear=2000&ToDate=13&ToMonth=11&ToYear=2020&Variable=Issuer,https://www.sedar.com/ModifyCompanyDocumentSearchForm.do?lang=EN&company_search=UEX Corp&document_selection=0&industry_group=A&FromDate=13&FromMonth=05&FromYear=2000&ToDate=13&ToMonth=11&ToYear=2020&Variable=Issuer
0,2006-12-31,UEX.TO,,,FY,0.0,0.0,0.0,0.0,0.0,9312434.0,0.0,0.0,0.0,9317748.0,1270.0,5314.0,-9312434.0,0.0,-9317748.0,0.0,3266404.0,-6052614.0,0.0,-2362448.0,-3690166.0,0.0,-0.02,-0.02,178985557,182107061,https://www.sedar.com/ModifyCompanyDocumentSearchForm.do?lang=EN&company_search=UEX Corp&document_selection=0&industry_group=A&FromDate=13&FromMonth=05&FromYear=2000&ToDate=13&ToMonth=11&ToYear=2020&Variable=Issuer,https://www.sedar.com/ModifyCompanyDocumentSearchForm.do?lang=EN&company_search=UEX Corp&document_selection=0&industry_group=A&FromDate=13&FromMonth=05&FromYear=2000&ToDate=13&ToMonth=11&ToYear=2020&Variable=Issuer
0,2005-12-31,UEX.TO,,,FY,0.0,0.0,0.0,0.0,0.0,1131366.0,0.0,895677.0,0.0,1153295.0,2243.0,21929.0,-1129694.0,0.0,-1153295.0,0.0,894005.0,-261533.0,0.0,-750454.0,488921.0,0.0,0.0,0.0,158987256,163503886,https://www.sedar.com/ModifyCompanyDocumentSearchForm.do?lang=EN&company_search=UEX Corp&document_selection=0&industry_group=A&FromDate=13&FromMonth=05&FromYear=2000&ToDate=13&ToMonth=11&ToYear=2020&Variable=Issuer,https://www.sedar.com/ModifyCompanyDocumentSearchForm.do?lang=EN&company_search=UEX Corp&document_selection=0&industry_group=A&FromDate=13&FromMonth=05&FromYear=2000&ToDate=13&ToMonth=11&ToYear=2020&Variable=Issuer
0,2004-12-31,UEX.TO,,,FY,0.0,0.0,0.0,0.0,0.0,1965892.0,0.0,254714.0,0.0,1976118.0,1364.0,10226.0,-1768978.0,0.0,-1976118.0,0.0,57800.0,-1919682.0,0.0,-77033.0,-1842649.0,0.0,-0.01,-0.01,131370640,138561927,https://www.sedar.com/ModifyCompanyDocumentSearchForm.do?lang=EN&company_search=UEX Corp&document_selection=0&industry_group=A&FromDate=13&FromMonth=05&FromYear=2000&ToDate=13&ToMonth=11&ToYear=2020&Variable=Issuer,https://www.sedar.com/ModifyCompanyDocumentSearchForm.do?lang=EN&company_search=UEX Corp&document_selection=0&industry_group=A&FromDate=13&FromMonth=05&FromYear=2000&ToDate=13&ToMonth=11&ToYear=2020&Variable=Issuer
0,2003-12-31,UEX.TO,,,FY,0.0,0.0,0.0,0.0,0.0,491430.0,0.0,0.0,0.0,491430.0,830.0,0.0,-491430.0,0.0,-491430.0,0.0,30167.0,-462093.0,0.0,-657109.0,195016.0,0.0,0.0,0.0,100939223,101214301,https://www.sedar.com/ModifyCompanyDocumentSearchForm.do?lang=EN&company_search=UEX Corp&document_selection=0&industry_group=A&FromDate=13&FromMonth=05&FromYear=2000&ToDate=13&ToMonth=11&ToYear=2020&Variable=Issuer,https://www.sedar.com/ModifyCompanyDocumentSearchForm.do?lang=EN&company_search=UEX Corp&document_selection=0&industry_group=A&FromDate=13&FromMonth=05&FromYear=2000&ToDate=13&ToMonth=11&ToYear=2020&Variable=Issuer
0,2002-12-31,UEX.TO,,,FY,0.0,0.0,0.0,0.0,0.0,274893.0,0.0,0.0,0.0,274893.0,1639.0,0.0,-274893.0,0.0,-274893.0,0.0,20136.0,0.0,0.0,0.0,-256396.0,0.0,-0.01,-0.01,93674259,93674259,https://www.sedar.com/ModifyCompanyDocumentSearchForm.do?lang=EN&company_search=UEX Corp&document_selection=0&industry_group=A&FromDate=13&FromMonth=05&FromYear=2000&ToDate=13&ToMonth=11&ToYear=2020&Variable=Issuer,https://www.sedar.com/ModifyCompanyDocumentSearchForm.do?lang=EN&company_search=UEX Corp&document_selection=0&industry_group=A&FromDate=13&FromMonth=05&FromYear=2000&ToDate=13&ToMonth=11&ToYear=2020&Variable=Issuer
