,date,symbol,fillingDate,acceptedDate,period,revenue,costOfRevenue,grossProfit,grossProfitRatio,researchAndDevelopmentExpenses,generalAndAdministrativeExpenses,sellingAndMarketingExpenses,otherExpenses,operatingExpenses,costAndExpenses,interestExpense,depreciationAndAmortization,ebitda,ebitdaratio,operatingIncome,operatingIncomeRatio,totalOtherIncomeExpensesNet,incomeBeforeTax,incomeBeforeTaxRatio,incomeTaxExpense,netIncome,netIncomeRatio,eps,epsdiluted,weightedAverageShsOut,weightedAverageShsOutDil,link,finalLink
0,2019-12-31,ICL,2020-03-05 00:00:00,2020-03-05 06:06:02,FY,5271000000,3454000000,1817000000,0.344716,50000000,1021000000,767000000,5000000.0,1061000000,4515000000,-89000000,443000000,976000000,0.185164,756000000,0.143426,-39000000,628000000,0.119142,147000000,475000000,0.090116,0.3705,0.3705,1282056000,1282056000,https://www.sec.gov/Archives/edgar/data/941221/000117891320000718/0001178913-20-000718-index.html,https://www.sec.gov/Archives/edgar/data/941221/000117891320000718/zk2024107.htm
0,2018-12-31,ICL,2019-02-27 00:00:00,2019-02-27 06:05:34,FY,5556000000,3702000000,1854000000,0.333693,55000000,1055000000,798000000,16000000,335000000,4037000000,-144000000,403000000,1628000000,0.293017,1519000000,0.273398,-11000000,1364000000,0.2455,129000000,1240000000,0.223182,0.96892,0.96892,1279781000,1279781000,https://www.sec.gov/Archives/edgar/data/941221/000117891319000693/0001178913-19-000693-index.html,https://www.sec.gov/Archives/edgar/data/941221/000117891319000693/zk1922742.htm
0,2017-12-31,ICL,2018-03-07 00:00:00,2018-03-07 06:05:32,FY,5418000000,3746000000,1672000000,0.308601,55000000,1007000000,746000000,-22000000,1043000000,4789000000,-70000000,390000000,842000000,0.155408,629000000,0.116094,-54000000,505000000,0.093208,158000000,364000000,0.067183,0.28504,0.28504,1276997000,1276997000,https://www.sec.gov/Archives/edgar/data/941221/000095010318003092/0000950103-18-003092-index.html,https://www.sec.gov/Archives/edgar/data/941221/000095010318003092/dp87466_20f.htm
0,2016-12-31,ICL,2017-03-16 00:00:00,2017-03-15 21:58:57,FY,5363000000,3703000000,1660000000,0.309528,73000000,1043000000,653000000,50000000,1663000000,5366000000,-93000000,401000000,241000000,0.044938,-3000000.0,-0.000559,-21000000,-117000000,-0.021816,55000000,-122000000,-0.022748,-0.09581,-0.09581,1273295000,1273295000,https://www.sec.gov/Archives/edgar/data/941221/000095010317002509/0000950103-17-002509-index.html,https://www.sec.gov/Archives/edgar/data/941221/000095010317002509/dp73837_20f.htm
0,2015-12-31,ICL,2016-03-16 00:00:00,2016-03-16 06:00:49,FY,5405000000,3602000000,1803000000,0.33358,74000000,968000000,653000000,-137000000,1038000000,4640000000,-74000000,430000000,1027000000,0.190009,765000000,0.141536,-23000000,668000000,0.123589,162000000,509000000,0.094172,0.40028,0.40028,1271624000,1271624000,https://www.sec.gov/Archives/edgar/data/941221/000095010316011887/0000950103-16-011887-index.html,https://www.sec.gov/Archives/edgar/data/941221/000095010316011887/dp64071_20f.htm
0,2014-12-31,ICL,,,FY,6110710000,3914573000,2196137000,0.359391,86943000,1144733000,0.0,141303000,1438467000,5353040000,-126449000,427478000,930736000,0.152312,757670000,0.123991,1033000.0,632254000,0.103467,166152000,463555000,0.075859,0.36488,0.36488,1270426000,1270426000,,
0,2013-12-31,ICL,,,FY,6271500000,3861600000,2410000000,0.384278,82900000,1131800000,0.0,85900000,1308600000,5170200000,45300000,347700000,1491600000,0.237838,1101400000,0.17562,-46500000,1100200000,0.175429,280000000,818600000,0.130527,0.64436,0.64436,1270400000,1270400000,,
0,2012-12-31,ICL,,,FY,6672200000,3915100000,2757200000,0.413237,77200000,1066200000,0.0,37200000,1180600000,5095700000,-16100000,287100000,1792500000,0.268652,1576500000,0.236279,-34200000,1526200000,0.22874,221000000,1300500000,0.194913,1.02394,1.02394,1270100000,1270100000,,
0,2011-12-31,ICL,,,FY,7067800000,3912200000,3155700000,0.44649,72200000,1147200000,0.0,10400000,1229699999.9999998,5141900000,-42800000,267400000,2085100000,0.295014,1926000000,0.272503,-11400000,1871700000,0.264821,348700000,1511800000,0.2139,1.18768,1.18768,1272900000,1272900000,,
0,2010-12-31,ICL,,,FY,5691500000,3259500000,2432100000,0.427321,64100000,1025400000,0.0,-3500000.0,1085899999.9999995,4345400000,-12600000,217400000,1496300000,0.262901,1346100000,0.236511,-38100000,1295400000,0.227603,266800000,1024700000,0.18004,0.80584,0.80584,1271600000,1271600000,,
0,2009-12-31,ICL,,,FY,4554300000,2717800000,1836500000,0.403245,53800000,754000000,0.0,90500000,898299999.9999996,3616099999.9999995,30400000,204600000,1173900000,0.257756,938200000,0.206003,-25700000,942800000,0.207013,168500000,770400000,0.169159,0.60834,0.60834,1266400000,1266400000,,
0,2008-12-31,ICL,,,FY,6904000000,3448800000,3455300000,0.500478,57300000,968700000,0.0,93800000,1119800000.0000002,4568600000,-75300000,182200000,2344300000,0.339557,2335500000,0.338282,-32900000,2227200000,0.322596,233200000,2004200000,0.290295,1.55908,1.55908,1285500000,1285500000,,
0,2007-12-31,ICL,,,FY,4100300000,2585200000,1515000000,0.369485,39200000,761200000,0.0,0.0,800400000.0000001,3385600000,-29500000,195400000,814600000,0.198668,714700000,0.174304,-43900000,641200000,0.156379,113100000,535600000,0.130625,0.41606,0.41606,1287300000,1287300000,,
0,2006-12-31,ICL,,,FY,3258200000,2086500000,1171700000,0.359616,35100000,600100000,0.0,0.0,635199999.9999998,2721700000,-33100000,169200000,646700000,0.198484,536400000,0.164631,-8400000.0,494900000,0.151894,136700000,373900000,0.114757,0.29106,0.29106,1284600000,1284600000,,
0,2005-12-31,ICL,,,FY,2986000000,1845300000,1140700000,0.382016,30300000,549000000,0.0,0.0,579399999.9999999,2424700000,-18300000,166000000,671700000,0.22495,561300000,0.187977,-28800000,514300000,0.172237,101800000,422200000,0.141393,0.33049,0.33049,1277500000,1277500000,,
0,2004-12-31,ICL,,,FY,2715000000,1777900000,937100000,0.345157,32100000,550600000,0.0,0.0,582699999.9999998,2360600000,-28800000,166300000,447200000,0.164715,354400000,0.130534,-16100000,309500000,0.113996,59200000,250500000,0.092265,0.20215,0.20215,1239200000,1239200000,,
0,2003-12-31,ICL,,,FY,2270900000,1558100000,712800000,0.313884,29100000,472900000,0.0,0.0,502099999.9999999,2060200000,-24400000,169400000,274600000,0.120921,210700000,0.092783,-59300000,127000000,0.055925,26500000,103100000,0.045401,0.08175,0.08175,1261200000,1261200000,,
0,2002-12-31,ICL,,,FY,1980900000,1352500000,628400000,0.31723,28500000,401300000,0.0,0.0,429799999.99999994,1782300000,-44800000,160600000,249800000,0.126104,198600000,0.100257,-22500000,131300000,0.066283,41700000,92300000,0.046595,0.07692,0.07692,1200000000,1200000000,,
0,2001-12-31,ICL,,,FY,1858800000,1271700000,587100000,0.315849,32500000,394300000,0.0,0.0,626700000,1898400000,-78500000,173200000,19300000,0.010383,-39600000,-0.021304,-20100000,-138200000,-0.074349,-33000000,-42400000,-0.02281,-0.03533,-0.03533,1200000000,1200000000,,
