,date,symbol,fillingDate,acceptedDate,period,revenue,costOfRevenue,grossProfit,grossProfitRatio,researchAndDevelopmentExpenses,generalAndAdministrativeExpenses,sellingAndMarketingExpenses,otherExpenses,operatingExpenses,costAndExpenses,interestExpense,depreciationAndAmortization,ebitda,ebitdaratio,operatingIncome,operatingIncomeRatio,totalOtherIncomeExpensesNet,incomeBeforeTax,incomeBeforeTaxRatio,incomeTaxExpense,netIncome,netIncomeRatio,eps,epsdiluted,weightedAverageShsOut,weightedAverageShsOutDil,link,finalLink
0,2019-12-31,MEOH,2020-03-25 00:00:00,2020-03-24 21:51:47,FY,3283514000,2503677000,779837000,0.237501,0.0,184171000,0.0,112089000,590386999.9999996,3094063999.9999995,-68610000,344127000,367758000,0.112001,189450000,0.057697,0.0,120840000,0.036802,4474000.0,87767000,0.02673,1.1444,1.1444,76692490,76692490,https://www.sec.gov/Archives/edgar/data/886977/000119312520084155/0001193125-20-084155-index.html,https://www.sec.gov/Archives/edgar/data/886977/000119312520084155/d850917d40f.htm
0,2018-12-31,MEOH,2019-03-12 00:00:00,2019-03-12 17:12:20,FY,4482702000,3141663000,1341039000,0.299159,0.0,182519000,0.0,83593000,511414999.99999994,3653078000,-18149000,245303000,949627000,0.211843,829624000,0.185072,0.0,811475000,0.181024,153491000,568982000,0.126928,7.03406,7.03406,80889530,80889530,https://www.sec.gov/Archives/edgar/data/886977/000119312519072068/0001193125-19-072068-index.html,https://www.sec.gov/Archives/edgar/data/886977/000119312519072068/d671237d40f.htm
0,2017-12-31,MEOH,2018-03-06 00:00:00,2018-03-06 17:16:41,FY,3060642000,2011802000,1048840000,0.342686,0.0,243707000,0.0,96440000,572372000.0000001,2584174000,-5583000.0,232225000,638565000,0.208638,476468000,0.155676,0.0,470885000,0.153852,95788000,316135000,0.10329,3.64106,3.64106,86824950,86824950,https://www.sec.gov/Archives/edgar/data/886977/000119312518072269/0001193125-18-072269-index.html,https://www.sec.gov/Archives/edgar/data/886977/000119312518072269/d531971d40f.htm
0,2016-12-31,MEOH,2017-03-07 00:00:00,2017-03-07 14:50:58,FY,1998429000,1492160000,506269000,0.253333,0.0,204762000,0.0,77507000,477822999.9999999,1969982999.9999998,-65950000,228054000,140280000,0.070195,28446000,0.014234,0.0,-37504000,-0.018767,-9279000.0,-12545000,-0.006277,-0.13972,-0.13972,89783880,89783880,https://www.sec.gov/Archives/edgar/data/886977/000119312517073095/0001193125-17-073095-index.html,https://www.sec.gov/Archives/edgar/data/886977/000119312517073095/d335831d40f.htm
0,2015-12-31,MEOH,2016-03-08 00:00:00,2016-03-08 16:47:42,FY,2225602000,1646426000,579176000,0.260233,0.0,113627000,0.0,97846000,341322000.0000001,1987748000,-24504000,194849000,381959000,0.171621,237854000,0.106872,0.0,213350000,0.095862,10997000,200617000,0.090141,2.19624,2.19624,91345720,91345720,https://www.sec.gov/Archives/edgar/data/886977/000119312516496893/0001193125-16-496893-index.html,https://www.sec.gov/Archives/edgar/data/886977/000119312516496893/d133419d40f.htm
0,2014-12-31,MEOH,2015-03-10,Not found...,FY,3223400000,2134500000,1088900000,0.337811,0.0,124100000,0.0,167200000,392099999.9999999,2526600000,-35200000,142700000,717400000,0.22256,696800000,0.216169,0.0,661600000,0.205249,155300000,454600000,0.141031,4.72557,4.72557,96200000,96200000,https://www.sec.gov/Archives/edgar/data/886977/000119312515085050/d863252dex993.htm,https://www.sec.gov/Archives/edgar/data/886977/000119312515085050/d863252dex993.htm
0,2013-12-31,MEOH,2014-03-11,Not found...,FY,3024000000,1930300000,1093800000,0.361706,0.0,274500000,0.0,173500000,629899999.9999999,2560200000,-21200000,123300000,497000000,0.164352,463800000,0.153373,0.0,442700000,0.146396,65700000,329200000,0.108862,3.41494,3.41494,96400000,96400000,https://www.sec.gov/Archives/edgar/data/886977/000119312514093906/d687688dex993.htm,https://www.sec.gov/Archives/edgar/data/886977/000119312514093906/d687688dex993.htm
0,2012-12-31,MEOH,2013-03-14 00:00:00,2013-03-14 14:41:36,FY,2673000000,1902800000,770100000,0.288103,0.0,184800000,0.0,99600000,817600000.0000001,2720400000,-70800000,171600000,-51000000,-0.01908,-47500000,-0.01777,0.0,-118300000,-0.044257,-83700000,-68100000,-0.025477,-0.72601,-0.72601,93800000,93800000,https://www.sec.gov/Archives/edgar/data/886977/000119312513107115/0001193125-13-107115-index.html,https://www.sec.gov/Archives/edgar/data/886977/000119312513107115/d501645d40f.htm
0,2011-12-31,MEOH,2012-03-16 00:00:00,2012-03-16 13:38:18,FY,2608000000,1903100000,705000000,0.270322,0.0,130500000,0.0,73700000,360900000.0000001,2264000000,-60100000,156700000,353800000,0.13566,344100000,0.13194,0.0,283900000,0.108857,55900000,201300000,0.077186,2.13242,2.13242,94400000,94400000,https://www.sec.gov/Archives/edgar/data/886977/000119312512119261/0001193125-12-119261-index.html,https://www.sec.gov/Archives/edgar/data/886977/000119312512119261/d313811d40f.htm
0,2010-12-31,MEOH,2011-03-25,Not found...,FY,1966600000,1699800000,266700000,0.135615,0.0,0.0,0.0,2779000.0,109200000.00000004,1809000000,24238000,131400000,291738000,0.148346,157600000,0.080138,0.0,136100000,0.069206,34400000,101700000,0.051714,1.0877,1.0877,93500000,93500000,https://www.sec.gov/Archives/edgar/data/886977/000119312511077811/dex993.htm,https://www.sec.gov/Archives/edgar/data/886977/000119312511077811/dex993.htm
0,2009-12-31,MEOH,2010-03-26 00:00:00,2010-03-26 12:00:45,FY,1198200000,1056300000,141800000,0.118344,0.0,0.0,0.0,1056342000,117600000.00000013,1173900000.0000002,27370000,117600000,141370000,0.117985,24200000,0.020197,0.0,-3500000.0,-0.002921,-4300000.0,700000.0,0.000584,0.00755,0.00755,92700000,92700000,https://www.sec.gov/Archives/edgar/data/886977/000095012310028633/0000950123-10-028633-index.html,https://www.sec.gov/Archives/edgar/data/886977/000095012310028633/c98245e40vf.htm
0,2008-12-31,MEOH,2009-03-27 00:00:00,2009-03-27 14:19:56,FY,2314200000,1946900000,367300000,0.158716,0.0,0.0,0.0,1946871000,140500000,2087400000,38439000,107100000,344539000,0.14888,226800000,0.098004,0.0,199000000,0.085991,26700000,172300000,0.074453,1.8156,1.8156,94900000,94900000,https://www.sec.gov/Archives/edgar/data/886977/000136231009004447/0001362310-09-004447-index.html,https://www.sec.gov/Archives/edgar/data/886977/000136231009004447/c83080e40vf.htm
0,2007-12-31,MEOH,2008-03-28,Not found...,FY,2266500000,1614200000,652300000,0.287801,0.0,0.0,0.0,1614179000,112399999.99999987,1726599999.9999998,43911000,112400000,679211000,0.299674,539900000,0.238209,0.0,522900000,0.230708,147200000,375700000,0.165762,3.67973,3.67973,102100000,102100000,https://www.sec.gov/Archives/edgar/data/886977/000094523408000134/o38546exv3.htm,https://www.sec.gov/Archives/edgar/data/886977/000094523408000134/o38546exv3.htm
0,2006-12-31,MEOH,2007-04-02 00:00:00,2007-04-02 16:50:05,FY,2108300000,1308200000,800100000,0.3795,0.0,0.0,0.0,1308175000,106799999.99999996,1415000000,44586000,106800000,809586000,0.383999,693200000,0.328796,0.0,658300000,0.312242,175300000,482900000,0.229047,4.41408,4.41408,109400000,109400000,https://www.sec.gov/Archives/edgar/data/886977/000094523407000207/0000945234-07-000207-index.html,https://www.sec.gov/Archives/edgar/data/886977/000094523407000207/o33587e40vf.htm
0,2005-12-31,MEOH,2006-03-27,Not found...,FY,1658100000,1206400000,451700000,0.27242,0.0,0.0,0.0,1206425000,132399999.99999987,1338799999.9999998,41489000,91200000,420889000,0.253838,319300000,0.19257,0.0,288200000,0.173813,122400000,165800000,0.099994,1.40034,1.40034,118400000,118400000,https://www.sec.gov/Archives/edgar/data/886977/000094523406000255/o30192exv3.htm,https://www.sec.gov/Archives/edgar/data/886977/000094523406000255/o30192exv3.htm
0,2004-12-31,MEOH,2005-03-29,Not found...,FY,1719500000,1285100000,434400000,0.252632,0.0,0.0,0.0,1285097000,78700000.00000004,1363800000,30641000,78700000,440941000,0.256436,355700000,0.206862,0.0,331700000,0.192905,95200000,236400000,0.137482,1.92195,1.92195,123000000,123000000,https://www.sec.gov/Archives/edgar/data/886977/000094523405000212/o15578exv3.htm,https://www.sec.gov/Archives/edgar/data/886977/000094523405000212/o15578exv3.htm
0,2003-12-31,MEOH,2004-03-26,Not found...,FY,1394500000,1002900000,391600000,0.280817,0.0,0.0,0.0,1002853000,274199999.99999994,1277100000,38815000,95100000,226215000,0.162219,117300000,0.084116,0.0,92300000,0.066189,84800000,7500000.0,0.005378,0.05971,0.05971,125600000,125600000,https://www.sec.gov/Archives/edgar/data/886977/000094523404000200/o11929aexv3.htm,https://www.sec.gov/Archives/edgar/data/886977/000094523404000200/o11929aexv3.htm
0,2002-12-31,MEOH,2003-03-28,Not found...,FY,1008800000,739200000,269600000,0.267248,0.0,0.0,0.0,739156000,226599999.9999999,965799999.9999999,28972000,111300000,191583000,0.189912,43000000,0.042625,27000000,51300000,0.050852,24911000,26400000,0.02617,0.20497,0.20497,128800000,128800000,https://www.sec.gov/Archives/edgar/data/886977/000094523403000154/o09336exv3.htm,https://www.sec.gov/Archives/edgar/data/886977/000094523403000154/o09336exv3.htm
0,2001-12-31,MEOH,,,FY,1149000000,910600000,238400000,0.207485,0.0,0.0,0.0,0.0,124800000.00000007,1035400000.0000001,-12800000,113700000,201600000,0.175457,113600000,0.098869,0.0,100800000,0.087728,29300000,71400000,0.062141,0.46244,0.46244,154400000,154400000,,
0,2000-12-31,MEOH,,,FY,1061300000,756200000,305000000,0.287383,0.0,0.0,0.0,0.0,110000000,866200000,-16100000,110000000,272900000,0.257137,195100000,0.183831,0.0,179000000,0.168661,34100000,144900000,0.136531,0.83037,0.83037,174500000,174500000,,
0,1999-12-31,MEOH,,,FY,694900000,689200000,5800000.0,0.008347,0.0,0.0,0.0,0.0,181199999.99999994,870399999.9999999,-10700000,111500000,-85300000,-0.122751,-175400000,-0.25241,0.0,-186100000,-0.267808,-36200000,-149900000,-0.215714,-0.86547,-0.86547,173200000,173200000,,
0,1998-12-31,MEOH,,,FY,720900000,703900000,17000000,0.023582,0.0,0.0,0.0,0.0,106800000.00000007,810700000.0000001,3900000.0,106800000,24800000,0.034401,-89800000,-0.124567,0.0,-85900000,-0.119157,-17500000,-68400000,-0.094881,-0.39153,-0.39153,174700000,174700000,,
0,1997-12-31,MEOH,,,FY,1299400000,930900000,368500000,0.283592,0.0,0.0,0.0,0.0,117000000.0000001,1047900000.0000001,-2300000.0,117100000,368000000,0.283208,251500000,0.193551,4100000.0,253200000,0.194859,51200000,202000000,0.155456,1.09902,1.09902,183800000,183800000,,
0,1996-12-31,MEOH,,,FY,945700000,734100000,211600000,0.22375,0.0,0.0,0.0,0.0,134399999.99999997,868500000,23000000,114100000,132200000,0.139791,77200000,0.081633,-105000000,-4800000.0,-0.005076,3000000.0,-7900000.0,-0.008354,-0.0418,-0.0418,189000000,189000000,,
0,1995-12-31,MEOH,,,FY,1249200000,848300000,400900000,0.320925,0.0,0.0,0.0,0.0,129600000.00000001,977900000,22300000,97600000,374300000,0.299632,271300000,0.217179,-39100000,254500000,0.20373,62700000,191700000,0.153458,1.00736,1.00736,190300000,190300000,,
