,date,symbol,fillingDate,acceptedDate,period,revenue,costOfRevenue,grossProfit,grossProfitRatio,researchAndDevelopmentExpenses,generalAndAdministrativeExpenses,sellingAndMarketingExpenses,otherExpenses,operatingExpenses,costAndExpenses,interestExpense,depreciationAndAmortization,ebitda,ebitdaratio,operatingIncome,operatingIncomeRatio,totalOtherIncomeExpensesNet,incomeBeforeTax,incomeBeforeTaxRatio,incomeTaxExpense,netIncome,netIncomeRatio,eps,epsdiluted,weightedAverageShsOut,weightedAverageShsOutDil,link,finalLink
0,2019-12-31,GEVO,2020-03-17,2020-03-17 17:31:57,FY,24487000,36733000,-12246000,-0.5001020949891779,4020000.0,9585000.0,0.0,15000.0,14105000.000000004,50838000.00000001,-2324000.0,6656000.0,-24328000,-0.993507,-26351000,-1.076122,15000.0,-28660000,-1.170417,0.0,-28660000,-1.170417,-2.35344,-2.35344,11679530000,11679530000,https://www.sec.gov/Archives/edgar/data/1392380/000143774920005495/0001437749-20-005495-index.htm,https://www.sec.gov/Archives/edgar/data/1392380/000143774920005495/gevo20191231_10k.htm
0,2018-12-31,GEVO,2019-03-28,2019-03-28 07:40:48,FY,32863000,41568000,-8705000.0,-0.26488756352128534,5374000.0,7922000.0,0.0,-5775000.0,15698000,57266000,-3576000.0,6520000.0,-25032000,-0.761708,-24403000,-0.742568,3000.0,-27976000,-0.851292,0.0,-27976000,-0.851292,-5.73643,-5.73643,3629370000,3629370000,https://www.sec.gov/Archives/edgar/data/1392380/000143774919005839/0001437749-19-005839-index.htm,https://www.sec.gov/Archives/edgar/data/1392380/000143774919005839/gevo20181231_10k.htm
0,2017-12-31,GEVO,2018-03-28,2018-03-28 17:01:40,FY,27536000,38165000,-10629000,-0.3860037768739105,5182000.0,7471000.0,0.0,-1348000.0,17925000.000000004,56090000.00000001,2951000.0,6641000.0,-15038000,-0.546121,-28554000,-1.03697,23000.0,-24630000,-0.894465,0.0,-24630000,-0.894465,-30.22828,-30.22828,14506448000,14506448000,https://www.sec.gov/Archives/edgar/data/1392380/000156459018006978/0001564590-18-006978-index.htm,https://www.sec.gov/Archives/edgar/data/1392380/000156459018006978/gevo-10k_20171231.htm
0,2016-12-31,GEVO,2017-03-31,2017-03-30 20:14:21,FY,27213000,37017000,-9804000.0,-0.36026898908609856,5216000.0,8965000.0,0.0,-13243000,19147999.999999996,56164999.99999999,-8491000.0,6747000.0,-38972000,-1.43211,-28952000,-1.063903,215000.0,-37228000,-1.368023,0.0,-37228000,-1.368023,-193.5229,-193.5229,56285311000,56285311000,https://www.sec.gov/Archives/edgar/data/1392380/000156459017005692/0001564590-17-005692-index.htm,https://www.sec.gov/Archives/edgar/data/1392380/000156459017005692/gevo-10k_20161231.htm
0,2015-12-31,GEVO,2016-03-30,2016-03-30 13:24:14,FY,30137000,38762000,-8625000.0,-0.286193051730431,6610000.0,16692000,0.0,-4267000.0,19174999.999999996,57937000,-8414000.0,6573000.0,-38035000,-1.26207,-27800000,-0.922454,20000.0,-36194000,-1.200982,0.0,-36194000,-1.200982,-1032.34455,-1032.34455,14025048000,14025048000,https://www.sec.gov/Archives/edgar/data/1392380/000156459016015604/0001564590-16-015604-index.htm,https://www.sec.gov/Archives/edgar/data/1392380/000156459016015604/gevo-10k_20151231.htm
0,2014-12-31,GEVO,2015-03-30,2015-03-30 06:16:33,FY,28266000,35582000,-7316000.0,-0.25882685912403597,14120000,18341000,0.0,-1368000.0,31812999.999999996,67395000,1745000.0,4880000.0,-34520000,-1.221255,-39129000,-1.384313,-3761000.0,-41145000,-1.455636,0.0,-41145000,-1.455636,-3065.94635,-3065.94635,80492432000,80492432000,https://www.sec.gov/Archives/edgar/data/1392380/000156459015002081/0001564590-15-002081-index.htm,https://www.sec.gov/Archives/edgar/data/1392380/000156459015002081/gevo-10k_20141231.htm
0,2013-12-31,GEVO,2014-04-15,2014-04-14 18:53:19,FY,8220000.0,17910000,-9690000.0,-1.1788321167883211,20180000,25550000,0.0,100000.0,47870000.00000001,65780000.00000001,9301000.0,3390000.0,-54119000,-6.58382,-57550000,-7.001217,130000.0,-66810000,-8.127737,0.0,-66810000,-8.127737,-6681.0,-6681.0,45071618000,45071618000,https://www.sec.gov/Archives/edgar/data/1392380/000156459014001500/0001564590-14-001500-index.htm,https://www.sec.gov/Archives/edgar/data/1392380/000156459014001500/gevo-10k_20131231.htm
0,2012-12-31,GEVO,2013-03-26,2013-03-25 21:05:42,FY,24390000,32410000,-8020000.0,-0.3288232882328823,19430000,43980000,0.0,18957000,63410000,95820000,6338000.0,3310000.0,-51062000,-2.093563,-71440000,-2.929069,60000.0,-60710000,-2.489135,0.0,-60710000,-2.489135,-6071.0,-6071.0,30374378000,30374378000,https://www.sec.gov/Archives/edgar/data/1392380/000119312513124921/0001193125-13-124921-index.htm,https://www.sec.gov/Archives/edgar/data/1392380/000119312513124921/d445599d10k.htm
0,2011-12-31,GEVO,2012-02-28,2012-02-28 16:37:06,FY,64550000,60590000,3960000.0,0.06134779240898528,19750000,28890000,0.0,10000.0,48649999.99999999,109239999.99999999,3577000.0,4600000.0,-40033000,-0.620186,-44690000,-0.692332,90000.0,-48210000,-0.746863,0.0,-48210000,-0.746863,-12914.83,-12914.83,21866633,21866633,https://www.sec.gov/Archives/edgar/data/1392380/000119312512085423/0001193125-12-085423-index.htm,https://www.sec.gov/Archives/edgar/data/1392380/000119312512085423/d279705d10k.htm
