,date,symbol,fillingDate,acceptedDate,period,revenue,costOfRevenue,grossProfit,grossProfitRatio,researchAndDevelopmentExpenses,generalAndAdministrativeExpenses,sellingAndMarketingExpenses,otherExpenses,operatingExpenses,costAndExpenses,interestExpense,depreciationAndAmortization,ebitda,ebitdaratio,operatingIncome,operatingIncomeRatio,totalOtherIncomeExpensesNet,incomeBeforeTax,incomeBeforeTaxRatio,incomeTaxExpense,netIncome,netIncomeRatio,eps,epsdiluted,weightedAverageShsOut,weightedAverageShsOutDil,link,finalLink
0,2019-12-31,BOS.TO,2019-12-31,2019-12-31,FY,328126000,279372000,48754000,0.14858316622273152,1907000.0,30310000,5294000.0,0.0,-1829000.0,309760000,3831000.0,0.0,31716000,0.09665799113755082,18366000,0.04429700785673796,0.0,14535000,0.04429700785673796,4316000.0,10219000,0.03114352413402169,0.44,0.44,23392000,23445000,https://www.sedar.com/ModifyCompanyDocumentSearchForm.do?lang=EN&company_search=AirBoss of America Corp&document_selection=0&industry_group=A&FromDate=13&FromMonth=05&FromYear=2000&ToDate=13&ToMonth=11&ToYear=2020&Variable=Issuer,https://www.sedar.com/ModifyCompanyDocumentSearchForm.do?lang=EN&company_search=AirBoss of America Corp&document_selection=0&industry_group=A&FromDate=13&FromMonth=05&FromYear=2000&ToDate=13&ToMonth=11&ToYear=2020&Variable=Issuer
0,2018-12-31,BOS.TO,2018-12-31,2018-12-31,FY,316603000,271612000,44991000,0.14210541277246266,1555000.0,27573000,5343000.0,0.0,1154000.0,301894000,2921000.0,0.0,25675000,0.08109525178220042,14709000,0.03723274890004201,0.0,11788000,0.03723274890004201,3252000.0,8536000.0,0.02696121009592455,0.37,0.37,23345000,23383000,https://www.sedar.com/ModifyCompanyDocumentSearchForm.do?lang=EN&company_search=AirBoss of America Corp&document_selection=0&industry_group=A&FromDate=13&FromMonth=05&FromYear=2000&ToDate=13&ToMonth=11&ToYear=2020&Variable=Issuer,https://www.sedar.com/ModifyCompanyDocumentSearchForm.do?lang=EN&company_search=AirBoss of America Corp&document_selection=0&industry_group=A&FromDate=13&FromMonth=05&FromYear=2000&ToDate=13&ToMonth=11&ToYear=2020&Variable=Issuer
0,2017-12-31,BOS.TO,2017-12-31,2017-12-31,FY,289855000,245335000,44520000,0.1535940383985096,2153000.0,25793000,5149000.0,0.0,-395000.0,272886000,2567000.0,0.0,27653000,0.09540287385071847,16969000,0.049686912421728104,0.0,14402000,0.049686912421728104,1770000.0,12632000,0.04358041089510272,0.55,0.54,23082000,23473000,https://www.sedar.com/ModifyCompanyDocumentSearchForm.do?lang=EN&company_search=AirBoss of America Corp&document_selection=0&industry_group=A&FromDate=13&FromMonth=05&FromYear=2000&ToDate=13&ToMonth=11&ToYear=2020&Variable=Issuer,https://www.sedar.com/ModifyCompanyDocumentSearchForm.do?lang=EN&company_search=AirBoss of America Corp&document_selection=0&industry_group=A&FromDate=13&FromMonth=05&FromYear=2000&ToDate=13&ToMonth=11&ToYear=2020&Variable=Issuer
0,2016-12-31,BOS.TO,2016-12-31,2016-12-31,FY,267628000,221032000,46596000,0.17410734302838268,2676000.0,24741000,5801000.0,0.0,-123000.0,248326000,2830000.0,0.0,29687000,0.11092636047050383,19302000,0.061548119030893626,0.0,16472000,0.061548119030893626,2650000.0,13822000,0.051646315034301345,0.6,0.59,23062000,23556000,https://www.sedar.com/ModifyCompanyDocumentSearchForm.do?lang=EN&company_search=AirBoss of America Corp&document_selection=0&industry_group=A&FromDate=13&FromMonth=05&FromYear=2000&ToDate=13&ToMonth=11&ToYear=2020&Variable=Issuer,https://www.sedar.com/ModifyCompanyDocumentSearchForm.do?lang=EN&company_search=AirBoss of America Corp&document_selection=0&industry_group=A&FromDate=13&FromMonth=05&FromYear=2000&ToDate=13&ToMonth=11&ToYear=2020&Variable=Issuer
0,2015-12-31,BOS.TO,2015-12-31,2015-12-31,FY,304909000,249575000,55334000,0.18147709644516888,2057000.0,31706000,5501000.0,0.0,1174000.0,284512000,2296000.0,0.0,29977000,0.09831457910392936,20397000,0.05936525323949113,0.0,18101000,0.05936525323949113,4776000.0,13325000,0.043701563417281875,0.58,0.57,23019000,23545000,https://www.sedar.com/ModifyCompanyDocumentSearchForm.do?lang=EN&company_search=AirBoss of America Corp&document_selection=0&industry_group=A&FromDate=13&FromMonth=05&FromYear=2000&ToDate=13&ToMonth=11&ToYear=2020&Variable=Issuer,https://www.sedar.com/ModifyCompanyDocumentSearchForm.do?lang=EN&company_search=AirBoss of America Corp&document_selection=0&industry_group=A&FromDate=13&FromMonth=05&FromYear=2000&ToDate=13&ToMonth=11&ToYear=2020&Variable=Issuer
0,2014-12-31,BOS.TO,2014-12-31,2014-12-31,FY,303151000,257984000,45167000,0.14899175658335284,1563000.0,24946000,5131000.0,0.0,-1664000.0,282829000,2278000.0,0.0,28927000,0.09542109377834808,20322000,0.0595214925895016,0.0,18044000,0.0595214925895016,4319000.0,13725000,0.04527446717972232,0.6,0.6,22860000,22935000,https://www.sedar.com/ModifyCompanyDocumentSearchForm.do?lang=EN&company_search=AirBoss of America Corp&document_selection=0&industry_group=A&FromDate=13&FromMonth=05&FromYear=2000&ToDate=13&ToMonth=11&ToYear=2020&Variable=Issuer,https://www.sedar.com/ModifyCompanyDocumentSearchForm.do?lang=EN&company_search=AirBoss of America Corp&document_selection=0&industry_group=A&FromDate=13&FromMonth=05&FromYear=2000&ToDate=13&ToMonth=11&ToYear=2020&Variable=Issuer
0,2013-12-31,BOS.TO,2013-12-31,2013-12-31,FY,236325000,207619000,28706000,0.1214683169364223,1290000.0,18361000,4251000.0,0.0,-973000.0,226297000,1196000.0,0.0,16584000,0.07017454776261504,10028000,0.03737226277372263,973000.0,8832000.0,0.03737226277372263,2481000.0,6351000.0,0.026874008251348776,0.28,0.28,22711000,22804000,https://www.sedar.com/ModifyCompanyDocumentSearchForm.do?lang=EN&company_search=AirBoss of America Corp&document_selection=0&industry_group=A&FromDate=13&FromMonth=05&FromYear=2000&ToDate=13&ToMonth=11&ToYear=2020&Variable=Issuer,https://www.sedar.com/ModifyCompanyDocumentSearchForm.do?lang=EN&company_search=AirBoss of America Corp&document_selection=0&industry_group=A&FromDate=13&FromMonth=05&FromYear=2000&ToDate=13&ToMonth=11&ToYear=2020&Variable=Issuer
0,2012-12-31,BOS.TO,2012-12-31,2012-12-31,FY,248698000,222637000,26061000,0.10478974499191791,1389000.0,13789000,4013000.0,0.0,364000.0,238179000,1019000.0,0.0,16186000,0.06508295201408938,10519000,0.03819894007993631,0.0,9500000.0,0.03819894007993631,2330000.0,7170000.0,0.0288301474076993,0.31,0.31,22954000,23167000,https://www.sedar.com/ModifyCompanyDocumentSearchForm.do?lang=EN&company_search=AirBoss of America Corp&document_selection=0&industry_group=A&FromDate=13&FromMonth=05&FromYear=2000&ToDate=13&ToMonth=11&ToYear=2020&Variable=Issuer,https://www.sedar.com/ModifyCompanyDocumentSearchForm.do?lang=EN&company_search=AirBoss of America Corp&document_selection=0&industry_group=A&FromDate=13&FromMonth=05&FromYear=2000&ToDate=13&ToMonth=11&ToYear=2020&Variable=Issuer
0,2011-12-31,BOS.TO,2011-12-31,2011-12-31,FY,282520000,247667000,34853000,0.12336471754212092,399000.0,14014000,3805000.0,0.0,-376000.0,261704000,1452000.0,0.0,25580000,0.09054226249469065,20816000,0.06854028033413563,0.0,19364000,0.06854028033413563,6360000.0,13004000,0.046028599745150785,0.55,0.54,23605000,24053000,https://www.sedar.com/ModifyCompanyDocumentSearchForm.do?lang=EN&company_search=AirBoss of America Corp&document_selection=0&industry_group=A&FromDate=13&FromMonth=05&FromYear=2000&ToDate=13&ToMonth=11&ToYear=2020&Variable=Issuer,https://www.sedar.com/ModifyCompanyDocumentSearchForm.do?lang=EN&company_search=AirBoss of America Corp&document_selection=0&industry_group=A&FromDate=13&FromMonth=05&FromYear=2000&ToDate=13&ToMonth=11&ToYear=2020&Variable=Issuer
0,2010-12-31,BOS.TO,2010-12-31,2010-12-31,FY,240408534.634458,204889217.725164,35519316.909295,0.14774565704708548,378939.369701,13400855.863062,4717245.240761,-120980.643097,0.0,218669012.957927,1489761.638138,0.0,26972684.370501,0.11219520310089265,21739521.676532,0.08372739106747136,-120980.643097,20128779.395297,0.08372739106747136,7079867.221245,13048912.174052,0.054278073754298765,0.549912,0.539914,23913000,24227000,https://www.sedar.com/ModifyCompanyDocumentSearchForm.do?lang=EN&company_search=AirBoss of America Corp&document_selection=0&industry_group=A&FromDate=13&FromMonth=05&FromYear=2000&ToDate=13&ToMonth=11&ToYear=2020&Variable=Issuer,https://www.sedar.com/ModifyCompanyDocumentSearchForm.do?lang=EN&company_search=AirBoss of America Corp&document_selection=0&industry_group=A&FromDate=13&FromMonth=05&FromYear=2000&ToDate=13&ToMonth=11&ToYear=2020&Variable=Issuer
0,2009-12-31,BOS.TO,2009-12-31,2009-12-31,FY,200478464.330054,180003820.074491,20474644.255563,0.10212889610853637,942603.380766,12246203.800974,3801929.137618,2962467.768121,0.0,193192627.256231,1657912.32929,0.0,15579218.794766,0.07771018621290636,7285837.073823,0.04284945288942042,2962467.768121,8590392.512654,0.04284945288942042,2596695.635565,5993696.877089,0.029896961237798534,0.248305,0.248305,23716000,23716000,https://www.sedar.com/ModifyCompanyDocumentSearchForm.do?lang=EN&company_search=AirBoss of America Corp&document_selection=0&industry_group=A&FromDate=13&FromMonth=05&FromYear=2000&ToDate=13&ToMonth=11&ToYear=2020&Variable=Issuer,https://www.sedar.com/ModifyCompanyDocumentSearchForm.do?lang=EN&company_search=AirBoss of America Corp&document_selection=0&industry_group=A&FromDate=13&FromMonth=05&FromYear=2000&ToDate=13&ToMonth=11&ToYear=2020&Variable=Issuer
0,2008-12-31,BOS.TO,2008-12-31,2008-12-31,FY,213158586.688578,188202136.400986,24956450.287592,0.11707926326258232,948233.360723,11295809.367297,0.0,0.0,0.0,200446179.129006,0.0,0.0,16831552.999178,0.07896258490289526,12712407.559573,0.005045988265860628,-9421528.348398,1075595.727198,0.005045988265860628,2296631.059984,-892358.258012,-0.004186358484895211,-0.041085,-0.041085,23805000,23805000,https://www.sedar.com/ModifyCompanyDocumentSearchForm.do?lang=EN&company_search=AirBoss of America Corp&document_selection=0&industry_group=A&FromDate=13&FromMonth=05&FromYear=2000&ToDate=13&ToMonth=11&ToYear=2020&Variable=Issuer,https://www.sedar.com/ModifyCompanyDocumentSearchForm.do?lang=EN&company_search=AirBoss of America Corp&document_selection=0&industry_group=A&FromDate=13&FromMonth=05&FromYear=2000&ToDate=13&ToMonth=11&ToYear=2020&Variable=Issuer
0,2007-12-31,BOS.TO,2007-12-31,2007-12-31,FY,229316368.777138,205361001.716652,23955367.060487,0.10446426998749538,860345.349894,16254670.301929,0.0,0.0,0.0,222476017.368474,0.0,0.0,11740886.60002,0.05119951385341544,6840351.408664,0.020013915065257907,985559.931334,4589518.327779,0.020013915065257907,435221.650005,4154296.677774,0.018116005847848435,0.171665,0.171665,24200000,24200000,https://www.sedar.com/ModifyCompanyDocumentSearchForm.do?lang=EN&company_search=AirBoss of America Corp&document_selection=0&industry_group=A&FromDate=13&FromMonth=05&FromYear=2000&ToDate=13&ToMonth=11&ToYear=2020&Variable=Issuer,https://www.sedar.com/ModifyCompanyDocumentSearchForm.do?lang=EN&company_search=AirBoss of America Corp&document_selection=0&industry_group=A&FromDate=13&FromMonth=05&FromYear=2000&ToDate=13&ToMonth=11&ToYear=2020&Variable=Issuer
0,2006-12-31,BOS.TO,2006-12-31,2006-12-31,FY,197862903.225806,171947494.852437,25915408.37337,0.13097659010792287,1123026.76733,14674845.573095,0.0,0.0,0.0,187745367.192862,2674159.231297,0.0,14160947.151682,0.07156949039366506,10117536.032944,0.03618365426724541,-283973.919012,7159402.882636,0.03618365426724541,1398421.413864,5567947.838023,0.028140433336655946,0.24022,0.23164,23178571,24037037,https://www.sedar.com/ModifyCompanyDocumentSearchForm.do?lang=EN&company_search=AirBoss of America Corp&document_selection=0&industry_group=A&FromDate=13&FromMonth=05&FromYear=2000&ToDate=13&ToMonth=11&ToYear=2020&Variable=Issuer,https://www.sedar.com/ModifyCompanyDocumentSearchForm.do?lang=EN&company_search=AirBoss of America Corp&document_selection=0&industry_group=A&FromDate=13&FromMonth=05&FromYear=2000&ToDate=13&ToMonth=11&ToYear=2020&Variable=Issuer
0,2005-12-31,BOS.TO,2005-12-31,2005-12-31,FY,194801102.118133,172157740.657827,22643361.460307,0.116238364229456,1435336.662649,13059238.849664,0.0,0.0,0.0,186652316.170139,2458240.055106,0.0,12295505.424488,0.06311825390511215,8148785.947994,0.010130744954518916,-3717065.61047,1973480.282418,0.010130744954518916,637162.045807,1378508.696401,0.007076493312471264,0.060272,0.060272,22871429,22871429,https://www.sedar.com/ModifyCompanyDocumentSearchForm.do?lang=EN&company_search=AirBoss of America Corp&document_selection=0&industry_group=A&FromDate=13&FromMonth=05&FromYear=2000&ToDate=13&ToMonth=11&ToYear=2020&Variable=Issuer,https://www.sedar.com/ModifyCompanyDocumentSearchForm.do?lang=EN&company_search=AirBoss of America Corp&document_selection=0&industry_group=A&FromDate=13&FromMonth=05&FromYear=2000&ToDate=13&ToMonth=11&ToYear=2020&Variable=Issuer
0,2004-12-31,BOS.TO,2004-12-31,2004-12-31,FY,160210125.27659,137287670.32126,22922454.95533,0.1430774423012042,1202854.908746,13453507.910892,0.0,0.0,0.0,151944033.140899,0.0,0.0,13797061.906267,0.08611853890287817,8266092.135691,0.03952335211194197,379323.539688,6332041.193205,0.03952335211194197,2006421.880979,1440763.970919,0.008992964511023483,0.066548,0.066548,21650000,21650000,https://www.sedar.com/ModifyCompanyDocumentSearchForm.do?lang=EN&company_search=AirBoss of America Corp&document_selection=0&industry_group=A&FromDate=13&FromMonth=05&FromYear=2000&ToDate=13&ToMonth=11&ToYear=2020&Variable=Issuer,https://www.sedar.com/ModifyCompanyDocumentSearchForm.do?lang=EN&company_search=AirBoss of America Corp&document_selection=0&industry_group=A&FromDate=13&FromMonth=05&FromYear=2000&ToDate=13&ToMonth=11&ToYear=2020&Variable=Issuer
0,2003-12-31,BOS.TO,2003-12-31,2003-12-31,FY,135621582.855865,119183818.256129,16437764.599736,0.12120316142605132,1061097.958774,14710395.829638,0.0,-421046.137711,0.0,134955312.044541,2153041.788444,0.0,7288108.145623,0.05373855688860826,666270.811324,-0.03133564564735661,-2763018.885384,-4249789.862505,-0.03133564564735661,-926147.273611,-3323642.588894,-0.024506737931427023,-0.146518,-0.146518,22684211,22684211,https://www.sedar.com/ModifyCompanyDocumentSearchForm.do?lang=EN&company_search=AirBoss of America Corp&document_selection=0&industry_group=A&FromDate=13&FromMonth=05&FromYear=2000&ToDate=13&ToMonth=11&ToYear=2020&Variable=Issuer,https://www.sedar.com/ModifyCompanyDocumentSearchForm.do?lang=EN&company_search=AirBoss of America Corp&document_selection=0&industry_group=A&FromDate=13&FromMonth=05&FromYear=2000&ToDate=13&ToMonth=11&ToYear=2020&Variable=Issuer
0,2002-12-31,BOS.TO,2002-12-31,2002-12-31,FY,116041313.337272,96428276.514791,19613036.822481,0.16901770807674382,760333.09831,12951705.82668,0.0,-53991.907566,257255.559578,110397570.999358,0.0,0.0,8832440.878861,0.07611462353230758,5643742.337913,0.030922078988418963,-168962.910735,3588238.656935,0.030922078988418963,1328836.125033,2259402.531903,0.019470673563785745,0.101632,0.101632,22231250,22231250,https://www.sedar.com/ModifyCompanyDocumentSearchForm.do?lang=EN&company_search=AirBoss of America Corp&document_selection=0&industry_group=A&FromDate=13&FromMonth=05&FromYear=2000&ToDate=13&ToMonth=11&ToYear=2020&Variable=Issuer,https://www.sedar.com/ModifyCompanyDocumentSearchForm.do?lang=EN&company_search=AirBoss of America Corp&document_selection=0&industry_group=A&FromDate=13&FromMonth=05&FromYear=2000&ToDate=13&ToMonth=11&ToYear=2020&Variable=Issuer
0,2001-12-31,BOS.TO,2001-12-31,2001-12-31,FY,106283370.3941,87502983.705825,18780386.688275,0.1767010833269316,826643.550798,12669757.157753,0.0,0.0,-452266.988279,100999384.414377,0.0,452266.988279,8430382.291235,0.07931986217575752,5283985.979723,0.035590806200910485,587318.936168,3782710.838076,0.035590806200910485,1309061.671629,2021382.178168,0.01901880012529421,0.087941,0.087941,22985714,22985714,https://www.sedar.com/ModifyCompanyDocumentSearchForm.do?lang=EN&company_search=AirBoss of America Corp&document_selection=0&industry_group=A&FromDate=13&FromMonth=05&FromYear=2000&ToDate=13&ToMonth=11&ToYear=2020&Variable=Issuer,https://www.sedar.com/ModifyCompanyDocumentSearchForm.do?lang=EN&company_search=AirBoss of America Corp&document_selection=0&industry_group=A&FromDate=13&FromMonth=05&FromYear=2000&ToDate=13&ToMonth=11&ToYear=2020&Variable=Issuer
0,2000-12-31,BOS.TO,2000-12-31,2000-12-31,FY,92056018.672891,69534511.503835,22521507.169056,0.24465002390645657,803601.2004,11665888.629543,0.0,0.0,0.0,85561187.062354,2534844.948316,3557185.728576,10052017.339113,0.10919456961126602,6494831.610537,0.031672438024311474,-1044348.116039,2915638.546182,0.031672438024311474,1084361.453818,1831277.092364,0.0198930729219477,0.080027,0.080027,22883333,22883333,https://www.sedar.com/ModifyCompanyDocumentSearchForm.do?lang=EN&company_search=AirBoss of America Corp&document_selection=0&industry_group=A&FromDate=13&FromMonth=05&FromYear=2000&ToDate=13&ToMonth=11&ToYear=2020&Variable=Issuer,https://www.sedar.com/ModifyCompanyDocumentSearchForm.do?lang=EN&company_search=AirBoss of America Corp&document_selection=0&industry_group=A&FromDate=13&FromMonth=05&FromYear=2000&ToDate=13&ToMonth=11&ToYear=2020&Variable=Issuer
0,1999-12-31,BOS.TO,1999-12-31,1999-12-31,FY,82923090.732085,62209579.308583,20713511.423502,0.2497918401332263,345225.190392,8630629.759792,0.0,0.0,0.0,73394875.477274,0.0,2209441.218507,11737656.473318,0.14154870940883066,9528215.254811,0.09492089925062891,138090.076157,7871134.340931,0.09492089925062891,2761801.523134,5109332.817797,0.0616153205661939,0.241658,0.234753,21142857,21764706,https://www.sedar.com/ModifyCompanyDocumentSearchForm.do?lang=EN&company_search=AirBoss of America Corp&document_selection=0&industry_group=A&FromDate=13&FromMonth=05&FromYear=2000&ToDate=13&ToMonth=11&ToYear=2020&Variable=Issuer,https://www.sedar.com/ModifyCompanyDocumentSearchForm.do?lang=EN&company_search=AirBoss of America Corp&document_selection=0&industry_group=A&FromDate=13&FromMonth=05&FromYear=2000&ToDate=13&ToMonth=11&ToYear=2020&Variable=Issuer
0,1998-12-31,BOS.TO,1998-12-31,1998-12-31,FY,51602001.689738,42113472.411776,9488529.277962,0.1838790931989944,194969.779684,3444466.107753,0.0,0.0,0.0,46792747.124196,0.0,1039838.824982,5849093.390524,0.1133501259445755,4809254.565542,0.08564231738035197,194969.779684,4419315.006174,0.08564231738035197,1429778.38435,2989536.621824,0.057934508816128424,0.175473,0.168974,17037037,17692308,https://www.sedar.com/ModifyCompanyDocumentSearchForm.do?lang=EN&company_search=AirBoss of America Corp&document_selection=0&industry_group=A&FromDate=13&FromMonth=05&FromYear=2000&ToDate=13&ToMonth=11&ToYear=2020&Variable=Issuer,https://www.sedar.com/ModifyCompanyDocumentSearchForm.do?lang=EN&company_search=AirBoss of America Corp&document_selection=0&industry_group=A&FromDate=13&FromMonth=05&FromYear=2000&ToDate=13&ToMonth=11&ToYear=2020&Variable=Issuer
0,1997-12-31,BOS.TO,1997-12-31,1997-12-31,FY,39273235.499651,33053808.525507,6219426.974144,0.1583629893238429,139762.403913,2935010.48218,0.0,0.0,0.0,37037037.037037,0.0,908455.625437,3144654.08805,0.08007117437721537,2236198.462614,0.016014234875443074,-838574.42348,628930.81761,0.016014234875443074,-1677148.84696,2306079.66457,0.05871886120995794,0.139762,0.139762,16500000,16500000,https://www.sedar.com/ModifyCompanyDocumentSearchForm.do?lang=EN&company_search=AirBoss of America Corp&document_selection=0&industry_group=A&FromDate=13&FromMonth=05&FromYear=2000&ToDate=13&ToMonth=11&ToYear=2020&Variable=Issuer,https://www.sedar.com/ModifyCompanyDocumentSearchForm.do?lang=EN&company_search=AirBoss of America Corp&document_selection=0&industry_group=A&FromDate=13&FromMonth=05&FromYear=2000&ToDate=13&ToMonth=11&ToYear=2020&Variable=Issuer
0,1996-12-31,BOS.TO,1996-12-31,1996-12-31,FY,11894337.419731,8318739.054291,3575598.365441,0.30061349693254835,145942.790426,2043199.065966,0.0,0.0,0.0,11018680.677175,0.0,510799.766492,1386456.509048,0.11656441717788057,875656.742557,0.0,-145942.790426,0.0,0.0,0.0,510799.766492,0.04294478527611437,0.058377,0.058377,8750000.0,8750000.0,https://www.sedar.com/ModifyCompanyDocumentSearchForm.do?lang=EN&company_search=AirBoss of America Corp&document_selection=0&industry_group=A&FromDate=13&FromMonth=05&FromYear=2000&ToDate=13&ToMonth=11&ToYear=2020&Variable=Issuer,https://www.sedar.com/ModifyCompanyDocumentSearchForm.do?lang=EN&company_search=AirBoss of America Corp&document_selection=0&industry_group=A&FromDate=13&FromMonth=05&FromYear=2000&ToDate=13&ToMonth=11&ToYear=2020&Variable=Issuer
0,1995-12-31,BOS.TO,1995-12-31,1995-12-31,FY,7038639.196422,5865532.663685,1173106.532737,0.16666666666666666,366595.79148,1979617.273994,0.0,0.0,0.0,8505022.362343,0.0,293276.633184,-1173106.532737,-0.16666666666666666,-1466383.165921,0.0,-219957.474888,0.0,0.0,0.0,-1832978.957402,-0.2604166666667288,-0.175966,-0.175966,10416667,10416667,https://www.sedar.com/ModifyCompanyDocumentSearchForm.do?lang=EN&company_search=AirBoss of America Corp&document_selection=0&industry_group=A&FromDate=13&FromMonth=05&FromYear=2000&ToDate=13&ToMonth=11&ToYear=2020&Variable=Issuer,https://www.sedar.com/ModifyCompanyDocumentSearchForm.do?lang=EN&company_search=AirBoss of America Corp&document_selection=0&industry_group=A&FromDate=13&FromMonth=05&FromYear=2000&ToDate=13&ToMonth=11&ToYear=2020&Variable=Issuer
0,1994-12-31,BOS.TO,1994-12-31,1994-12-31,FY,1068832.834545,712555.22303,356277.611515,0.3333333333333333,142511.044606,427533.133818,0.0,0.0,0.0,1353854.923757,0.0,71255.522303,-213766.566909,-0.19999999999999998,-285022.089212,0.0,0.0,0.0,0.0,0.0,-356277.611515,-0.3333333333333333,-0.035628,-0.035628,10000000,10000000,https://www.sedar.com/ModifyCompanyDocumentSearchForm.do?lang=EN&company_search=AirBoss of America Corp&document_selection=0&industry_group=A&FromDate=13&FromMonth=05&FromYear=2000&ToDate=13&ToMonth=11&ToYear=2020&Variable=Issuer,https://www.sedar.com/ModifyCompanyDocumentSearchForm.do?lang=EN&company_search=AirBoss of America Corp&document_selection=0&industry_group=A&FromDate=13&FromMonth=05&FromYear=2000&ToDate=13&ToMonth=11&ToYear=2020&Variable=Issuer
0,1994-09-30,BOS.TO,1994-09-30,1994-09-30,FY,4695535.514646,3652083.178058,1043452.336588,0.2222222222222222,521726.168294,1788775.434151,0.0,0.0,0.0,6111649.400015,0.0,149064.619513,-1267049.265857,-0.26984126984130025,-1416113.885369,0.0,0.0,0.0,0.0,0.0,-1416113.885369,-0.3015873015872103,-0.178878,-0.178878,7916667.0,7916667.0,https://www.sedar.com/ModifyCompanyDocumentSearchForm.do?lang=EN&company_search=AirBoss of America Corp&document_selection=0&industry_group=A&FromDate=13&FromMonth=05&FromYear=2000&ToDate=13&ToMonth=11&ToYear=2020&Variable=Issuer,https://www.sedar.com/ModifyCompanyDocumentSearchForm.do?lang=EN&company_search=AirBoss of America Corp&document_selection=0&industry_group=A&FromDate=13&FromMonth=05&FromYear=2000&ToDate=13&ToMonth=11&ToYear=2020&Variable=Issuer
0,1993-09-30,BOS.TO,1993-09-30,1993-09-30,FY,3223388.305847,2398800.5997,824587.706147,0.25581395348840097,599700.149925,1574212.893553,0.0,0.0,0.0,4722638.68066,0.0,149925.037481,-1349325.337331,-0.4186046511626969,-1499250.374813,0.0,149925.037481,0.0,0.0,0.0,-1349325.337331,-0.4186046511626969,-0.209895,-0.209895,6428571.0,6428571.0,https://www.sedar.com/ModifyCompanyDocumentSearchForm.do?lang=EN&company_search=AirBoss of America Corp&document_selection=0&industry_group=A&FromDate=13&FromMonth=05&FromYear=2000&ToDate=13&ToMonth=11&ToYear=2020&Variable=Issuer,https://www.sedar.com/ModifyCompanyDocumentSearchForm.do?lang=EN&company_search=AirBoss of America Corp&document_selection=0&industry_group=A&FromDate=13&FromMonth=05&FromYear=2000&ToDate=13&ToMonth=11&ToYear=2020&Variable=Issuer
