,date,symbol,fillingDate,acceptedDate,period,revenue,costOfRevenue,grossProfit,grossProfitRatio,researchAndDevelopmentExpenses,generalAndAdministrativeExpenses,sellingAndMarketingExpenses,otherExpenses,operatingExpenses,costAndExpenses,interestExpense,depreciationAndAmortization,ebitda,ebitdaratio,operatingIncome,operatingIncomeRatio,totalOtherIncomeExpensesNet,incomeBeforeTax,incomeBeforeTaxRatio,incomeTaxExpense,netIncome,netIncomeRatio,eps,epsdiluted,weightedAverageShsOut,weightedAverageShsOutDil,link,finalLink
0,2019-12-31,PCA.PA,2019-12-31,2019-12-31,FY,200913000,66209000,134704000,0.6704593530533116,0.0,53021000,0.0,0.0,8465000.0,208257000,2218000.0,14859000,10085000,0.05019585591773554,-7344000.0,-0.053709814695913155,0.0,-10791000,-0.053709814695913155,2902000.0,-13693000,-0.06815387754898887,-1.0,-1.0,13741673,13741673,https://www.infogreffe.com/recherche-entreprise-dirigeants/resultats-entreprise-dirigeants.html?ga_cat=globale&ga_q=P.C.A#phrase=P.C.A,https://www.infogreffe.com/recherche-entreprise-dirigeants/resultats-entreprise-dirigeants.html?ga_cat=globale&ga_q=P.C.A#phrase=P.C.A
0,2018-12-31,PCA.PA,2018-12-31,2018-12-31,FY,206710000,66833000,139877000,0.6766823085482077,0.0,49398000,0.0,0.0,5122000.0,197502000,2306000.0,11494000,20188000,0.09766339315949882,9208000.0,-0.0029896957089642494,0.0,-618000.0,-0.0029896957089642494,1737000.0,-358000.0,-0.0017318949252576072,-0.025748,-0.025748,13903858,13903858,https://www.infogreffe.com/recherche-entreprise-dirigeants/resultats-entreprise-dirigeants.html?ga_cat=globale&ga_q=P.C.A#phrase=P.C.A,https://www.infogreffe.com/recherche-entreprise-dirigeants/resultats-entreprise-dirigeants.html?ga_cat=globale&ga_q=P.C.A#phrase=P.C.A
0,2017-12-31,PCA.PA,2017-12-31,2017-12-31,FY,218270000,75097000,143173000,0.6559444724423878,0.0,44551000,0.0,0.0,8668000.0,203895000,4226000.0,10985000,25190000,0.11540752279287121,14375000,0.043734823842030514,0.0,9546000.0,0.043734823842030514,3790000.0,6153000.0,0.028189856599624318,0.41,0.41,13981675,14139741,https://www.infogreffe.com/recherche-entreprise-dirigeants/resultats-entreprise-dirigeants.html?ga_cat=globale&ga_q=P.C.A#phrase=P.C.A,https://www.infogreffe.com/recherche-entreprise-dirigeants/resultats-entreprise-dirigeants.html?ga_cat=globale&ga_q=P.C.A#phrase=P.C.A
0,2016-12-31,PCA.PA,2016-12-31,2016-12-31,FY,191994000,64990000,127004000,0.661499838536621,0.0,39718000,0.0,0.0,6914000.0,178580000,3292000.0,9948000.0,20290000,0.105680385845391,13414000,0.03891788285050574,0.0,7472000.0,0.03891788285050574,882000.0,6831000.0,0.0355792368511516,0.48,0.47,13820363,14166613,https://www.infogreffe.com/recherche-entreprise-dirigeants/resultats-entreprise-dirigeants.html?ga_cat=globale&ga_q=P.C.A#phrase=P.C.A,https://www.infogreffe.com/recherche-entreprise-dirigeants/resultats-entreprise-dirigeants.html?ga_cat=globale&ga_q=P.C.A#phrase=P.C.A
0,2015-12-31,PCA.PA,2015-12-31,2015-12-31,FY,179085000,62153000,116932000,0.6529413407041349,0.0,34362000,0.0,0.0,4886000.0,161282000,3455000.0,9717000.0,25834000,0.14425552112125528,17803000,0.06058017142697602,0.0,10849000,0.06058017142697602,2069000.0,8992000.0,0.050210793757154426,0.66,0.63,13657357,14030143,https://www.infogreffe.com/recherche-entreprise-dirigeants/resultats-entreprise-dirigeants.html?ga_cat=globale&ga_q=P.C.A#phrase=P.C.A,https://www.infogreffe.com/recherche-entreprise-dirigeants/resultats-entreprise-dirigeants.html?ga_cat=globale&ga_q=P.C.A#phrase=P.C.A
0,2014-12-31,PCA.PA,2014-12-31,2014-12-31,FY,166348000,64785000,101563000,0.6105453627335465,0.0,30724000,0.0,0.0,4014000.0,159176000,2623000.0,9619000.0,16267000,0.09778897251544955,7172000.0,0.015016711953254623,0.0,2498000.0,0.015016711953254623,134000.0,2510000.0,0.01508884988097242,0.18,0.17,13648390,14028186,https://www.infogreffe.com/recherche-entreprise-dirigeants/resultats-entreprise-dirigeants.html?ga_cat=globale&ga_q=P.C.A#phrase=P.C.A,https://www.infogreffe.com/recherche-entreprise-dirigeants/resultats-entreprise-dirigeants.html?ga_cat=globale&ga_q=P.C.A#phrase=P.C.A
0,2013-12-31,PCA.PA,2013-12-31,2013-12-31,FY,164900000,63107000,101793000,0.617301394784718,0.0,31358000,0.0,0.0,4597000.0,157827000,2322000.0,8934000.0,15895000,0.09639175257731959,7073000.0,0.025197089144936326,0.0,4155000.0,0.025197089144936326,724000.0,3482000.0,0.021115827774408732,0.27,0.26,12962169,12984169,https://www.infogreffe.com/recherche-entreprise-dirigeants/resultats-entreprise-dirigeants.html?ga_cat=globale&ga_q=P.C.A#phrase=P.C.A,https://www.infogreffe.com/recherche-entreprise-dirigeants/resultats-entreprise-dirigeants.html?ga_cat=globale&ga_q=P.C.A#phrase=P.C.A
0,2012-12-31,PCA.PA,2012-12-31,2012-12-31,FY,171128000,63777000,107351000,0.6273140573138236,0.0,31540000,0.0,0.0,4206000.0,159741000,2756000.0,9472000.0,20674000,0.12081015380300127,11387000,0.041086204478519,0.0,7031000.0,0.041086204478519,974000.0,2959000.0,0.01729115048384835,0.22,0.22,13501771,13561085,https://www.infogreffe.com/recherche-entreprise-dirigeants/resultats-entreprise-dirigeants.html?ga_cat=globale&ga_q=P.C.A#phrase=P.C.A,https://www.infogreffe.com/recherche-entreprise-dirigeants/resultats-entreprise-dirigeants.html?ga_cat=globale&ga_q=P.C.A#phrase=P.C.A
0,2011-12-31,PCA.PA,2011-12-31,2011-12-31,FY,164544000,60960000,103584000,0.6295215869311552,0.0,33143000,33143000,-2935000.0,2101000.0,160819000,640000.0,9836000.0,10818000,0.0657453325554259,3725000.0,0.0020784714119019836,0.0,342000.0,0.0020784714119019836,3099000.0,-2757000.0,-0.016755396732788797,-0.2,-0.2,13491502,13581249,https://www.infogreffe.com/recherche-entreprise-dirigeants/resultats-entreprise-dirigeants.html?ga_cat=globale&ga_q=P.C.A#phrase=P.C.A,https://www.infogreffe.com/recherche-entreprise-dirigeants/resultats-entreprise-dirigeants.html?ga_cat=globale&ga_q=P.C.A#phrase=P.C.A
0,2010-12-31,PCA.PA,2010-12-31,2010-12-31,FY,158511000,58912000,99599000,0.6283412507649312,0.0,31861000,31861000,-2761000.0,3022000.0,157327000,1463000.0,11237000,10840000,0.06838642113165648,1184000.0,-0.019380358460927,0.0,-3072000.0,-0.019380358460927,932000.0,-4004000.0,-0.0252600765877447,-0.3,-0.3,13290667,13322667,https://www.infogreffe.com/recherche-entreprise-dirigeants/resultats-entreprise-dirigeants.html?ga_cat=globale&ga_q=P.C.A#phrase=P.C.A,https://www.infogreffe.com/recherche-entreprise-dirigeants/resultats-entreprise-dirigeants.html?ga_cat=globale&ga_q=P.C.A#phrase=P.C.A
0,2009-12-31,PCA.PA,2009-12-31,2009-12-31,FY,152528000,53089000,99439000,0.6519393160600021,0.0,29499000,29499000,-3333000.0,7108000.0,152375000,1022000.0,11772000,9601000.0,0.06294581978390852,153000.0,-0.027280237071226267,0.0,-4161000.0,-0.027280237071226267,-3107000.0,-1054000.0,-0.006910206650582188,-0.08,-0.08,13124274,13132274,https://www.infogreffe.com/recherche-entreprise-dirigeants/resultats-entreprise-dirigeants.html?ga_cat=globale&ga_q=P.C.A#phrase=P.C.A,https://www.infogreffe.com/recherche-entreprise-dirigeants/resultats-entreprise-dirigeants.html?ga_cat=globale&ga_q=P.C.A#phrase=P.C.A
