,date,symbol,fillingDate,acceptedDate,period,revenue,costOfRevenue,grossProfit,grossProfitRatio,researchAndDevelopmentExpenses,generalAndAdministrativeExpenses,sellingAndMarketingExpenses,otherExpenses,operatingExpenses,costAndExpenses,interestExpense,depreciationAndAmortization,ebitda,ebitdaratio,operatingIncome,operatingIncomeRatio,totalOtherIncomeExpensesNet,incomeBeforeTax,incomeBeforeTaxRatio,incomeTaxExpense,netIncome,netIncomeRatio,eps,epsdiluted,weightedAverageShsOut,weightedAverageShsOutDil,link,finalLink
0,2019-12-31,AXTA,2020-02-19,2020-02-19 16:45:25,FY,4482200000,2917900000,1564300000,0.34900272187764936,70200000,822100000,0.0,12900000,70700000,3994000000,162600000,113100000,854100000,0.19055374592833876,488200000,0.07362455936816742,4400000.0,330000000,0.07362455936816742,77400000,249000000,0.055553076614162686,1.06,1.06,233900000,235800000,https://www.sec.gov/Archives/edgar/data/1616862/000161686220000012/0001616862-20-000012-index.htm,https://www.sec.gov/Archives/edgar/data/1616862/000161686220000012/a12201910-kdocument.htm
0,2018-12-31,AXTA,2019-02-26,2019-02-26 17:29:46,FY,4696000000,3106300000,1589700000,0.3385221465076661,73100000,959100000,0.0,3700000.0,0.0,4253900000,159600000,115400000,814900000,0.17353066439523,442100000,0.0569633730834753,-15000000,267500000,0.0569633730834753,54200000,207100000,0.04410136286201022,0.87,0.85,239000000,242900000,https://www.sec.gov/Archives/edgar/data/1616862/000161686219000012/0001616862-19-000012-index.htm,https://www.sec.gov/Archives/edgar/data/1616862/000161686219000012/a2018123110-kdocument.htm
0,2017-12-31,AXTA,2018-02-22,2018-02-22 16:05:53,FY,4377000000,2779600000,1597400000,0.3649531642677633,65300000,997700000,0.0,2700000.0,0.0,3943800000,147000000,101200000,783400000,0.1789810372401188,433200000,0.043317340644276905,-96600000,189600000,0.043317340644276905,141900000,36700000,0.008384738405300435,0.15,0.15,240400000,246100000,https://www.sec.gov/Archives/edgar/data/1616862/000161686218000010/0001616862-18-000010-index.htm,https://www.sec.gov/Archives/edgar/data/1616862/000161686218000010/a2017123110-k.htm
0,2016-12-31,AXTA,2017-02-28,2017-02-28 16:33:05,FY,4097400000,2527600000,1569800000,0.3831210035632352,57700000,962500000,0.0,-4700000.0,0.0,3631200000,178200000,83400000,783600000,0.1912432274125055,466200000,0.021330599892614828,-200600000,87400000,0.021330599892614828,39800000,41800000,0.010201591252989702,0.18,0.17,238100000,244400000,https://www.sec.gov/Archives/edgar/data/1616862/000161686217000013/0001616862-17-000013-index.htm,https://www.sec.gov/Archives/edgar/data/1616862/000161686217000013/a2016123110-k.htm
0,2015-12-31,AXTA,2016-02-29,2016-02-29 07:00:23,FY,4113300000,2597300000,1516000000,0.368560523180901,51600000,914800000,0.0,14600000,0.0,3644400000,196500000,80700000,791200000,0.1923516398025916,468900000,0.039189944813167045,-111200000,161200000,0.039189944813167045,63300000,93700000,0.022779763207157272,0.4,0.39,233800000,239700000,https://www.sec.gov/Archives/edgar/data/1616862/000161686216000044/0001616862-16-000044-index.htm,https://www.sec.gov/Archives/edgar/data/1616862/000161686216000044/a2015123110-k.htm
0,2014-12-31,AXTA,2015-03-13,2015-03-13 08:17:41,FY,4391500000,2897200000,1494300000,0.34027097802573153,49500000,991500000,0.0,-17200000,0.0,4022000000,217700000,83800000,661000000,0.15051804622566323,369500000,0.008379824661277468,-115000000,36800000,0.008379824661277468,2100000.0,27400000,0.006239325970625071,0.12,0.12,229300000,230300000,https://www.sec.gov/Archives/edgar/data/1616862/000161686215000003/0001616862-15-000003-index.htm,https://www.sec.gov/Archives/edgar/data/1616862/000161686215000003/a2014123110-k.htm
