,date,symbol,fillingDate,acceptedDate,period,revenue,costOfRevenue,grossProfit,grossProfitRatio,researchAndDevelopmentExpenses,generalAndAdministrativeExpenses,sellingAndMarketingExpenses,otherExpenses,operatingExpenses,costAndExpenses,interestExpense,depreciationAndAmortization,ebitda,ebitdaratio,operatingIncome,operatingIncomeRatio,totalOtherIncomeExpensesNet,incomeBeforeTax,incomeBeforeTaxRatio,incomeTaxExpense,netIncome,netIncomeRatio,eps,epsdiluted,weightedAverageShsOut,weightedAverageShsOutDil,link,finalLink
0,2019-12-31,BCC,2020-02-24 00:00:00,2020-02-24 17:02:01,FY,4643404000,3965776000,677628000,0.1459334574376901,0.0,461811000,390739000,-2474000.0,-783000.0,4506945000,26051000,80141000,219173000,0.04720093276398091,136459000,0.023308546919458224,-4988000.0,108231000,0.023308546919458224,27306000,80925000,0.017427947255935515,2.07,2.06,39039000,39242000,https://www.sec.gov/Archives/edgar/data/1328581/000132858120000024/0001328581-20-000024-index.html,https://www.sec.gov/Archives/edgar/data/1328581/000132858120000024/bcc1231201910-k.htm
0,2018-12-31,BCC,2019-02-26 00:00:00,2019-02-25 18:39:09,FY,4995290000,4307594000,687696000,0.13766888408881167,0.0,431949000,363138000,-24999000,-1442000.0,4884938000,26193000,146837000,235939000,0.047232292819836284,110352000,0.004424567943002308,-63706000,22102000,0.004424567943002308,1625000.0,20477000,0.004099261504337086,0.53,0.52,38932000,39387000,https://www.sec.gov/Archives/edgar/data/1328581/000132858119000025/0001328581-19-000025-index.html,https://www.sec.gov/Archives/edgar/data/1328581/000132858119000025/bcc1231201810-k.htm
0,2017-12-31,BCC,2018-02-26 00:00:00,2018-02-23 17:51:52,FY,4431991000,3819659000,612332000,0.13816183290985926,0.0,390423000,327355000,0.0,377000.0,4290838000,25370000,80379000,224021000,0.05054635715641119,141153000,0.02653164232508595,1258000.0,117588000,0.02653164232508595,34631000,82957000,0.01871777266695713,2.15,2.12,38623000,39074000,https://www.sec.gov/Archives/edgar/data/1328581/000132858118000012/0001328581-18-000012-index.html,https://www.sec.gov/Archives/edgar/data/1328581/000132858118000012/bcc1231201710-k.htm
0,2016-12-31,BCC,2017-02-24 00:00:00,2017-02-23 18:42:32,FY,3911215000,3398433000,512782000,0.13110555159969473,0.0,361382000,300797000,0.0,-1025000.0,3831637000,26692000,72847000,154895000,0.039602783278341894,79578000,0.011070984336069482,-9975000.0,43301000,0.011070984336069482,5047000.0,38254000,0.009780592475739636,0.99,0.98,38761000,38925000,https://www.sec.gov/Archives/edgar/data/1328581/000132858117000012/0001328581-17-000012-index.html,https://www.sec.gov/Archives/edgar/data/1328581/000132858117000012/bcc1231201610-k.htm
0,2015-12-31,BCC,2016-02-25 00:00:00,2016-02-24 17:55:27,FY,3633415000,3153520000,479895000,0.1320782239298291,0.0,322733000,273308000,0.0,-1605000.0,3530226000,22532000,55578000,160709000,0.044230840682938775,103189000,0.022205555930164874,-298000.0,80682000,0.022205555930164874,28500000,52182000,0.014361695539870893,1.33,1.33,39239000,39355000,https://www.sec.gov/Archives/edgar/data/1328581/000132858116000155/0001328581-16-000155-index.html,https://www.sec.gov/Archives/edgar/data/1328581/000132858116000155/bcc1231201510-k.htm
0,2014-12-31,BCC,2015-02-25,2015-02-25 16:23:13,FY,3573732000,3065671000,508061000,0.14216538901070366,0.0,312662000,264173000,0.0,-1589000.0,3428183000,22049000,51439000,198838000,0.05563875522842787,145549000,0.03450314685040736,-432000.0,123305000,0.03450314685040736,43296000,80009000,0.022388080583546837,2.03,2.03,39412000,39492000,https://www.sec.gov/Archives/edgar/data/1328581/000132858115000032/bcc1231201410-k.htm,https://www.sec.gov/Archives/edgar/data/1328581/000132858115000032/bcc1231201410-k.htm
0,2013-12-31,BCC,2014-02-28,2014-02-28 10:39:57,FY,3273496000,2846614000,426882000,0.13040553585524467,0.0,290772000,245283000,0.0,-685000.0,3174739000,20426000,38038000,138808000,0.042403595422141956,98757000,0.02387294806530999,-424000.0,78148000,0.02387294806530999,-38788000,116936000,0.035722053730934754,2.91,2.91,40203000,40226000,https://www.sec.gov/Archives/edgar/data/1328581/000132858114000010/bcc1231201310-k.htm,https://www.sec.gov/Archives/edgar/data/1328581/000132858114000010/bcc1231201310-k.htm
