,date,symbol,fillingDate,acceptedDate,period,revenue,costOfRevenue,grossProfit,grossProfitRatio,researchAndDevelopmentExpenses,generalAndAdministrativeExpenses,sellingAndMarketingExpenses,otherExpenses,operatingExpenses,costAndExpenses,interestExpense,depreciationAndAmortization,ebitda,ebitdaratio,operatingIncome,operatingIncomeRatio,totalOtherIncomeExpensesNet,incomeBeforeTax,incomeBeforeTaxRatio,incomeTaxExpense,netIncome,netIncomeRatio,eps,epsdiluted,weightedAverageShsOut,weightedAverageShsOutDil,link,finalLink
0,2019-12-31,ORA.TO,2019-12-31,2019-12-31,FY,226202000,178069000,48133000,0.21278768534318884,0.0,11732000,0.0,-696000.0,5858000.0,197182000,4602000.0,0.0,49827000,0.22027656696227266,29020000,0.06783317565715599,-8207000.0,15344000,0.06783317565715599,-9543000.0,24887000,0.11002113155498183,0.381333,0.377333,65294715,65915910,https://www.sedar.com/ModifyCompanyDocumentSearchForm.do?lang=EN&company_search=Aura Minerals Inc&document_selection=0&industry_group=A&FromDate=13&FromMonth=05&FromYear=2000&ToDate=13&ToMonth=11&ToYear=2020&Variable=Issuer,https://www.sedar.com/ModifyCompanyDocumentSearchForm.do?lang=EN&company_search=Aura Minerals Inc&document_selection=0&industry_group=A&FromDate=13&FromMonth=05&FromYear=2000&ToDate=13&ToMonth=11&ToYear=2020&Variable=Issuer
0,2018-12-31,ORA.TO,2018-12-31,2018-12-31,FY,157702000,140460000,17242000,0.1093327922283801,0.0,11082000,311000.0,104000.0,4605000.0,161303000,2287000.0,0.0,11278000,0.07151462885695806,-3601000.0,0.3638000786293135,63820000,57372000,0.3638000786293135,5406000.0,51966000,0.32952023436608285,0.836,0.824,62176365,63058935,https://www.sedar.com/ModifyCompanyDocumentSearchForm.do?lang=EN&company_search=Aura Minerals Inc&document_selection=0&industry_group=A&FromDate=13&FromMonth=05&FromYear=2000&ToDate=13&ToMonth=11&ToYear=2020&Variable=Issuer,https://www.sedar.com/ModifyCompanyDocumentSearchForm.do?lang=EN&company_search=Aura Minerals Inc&document_selection=0&industry_group=A&FromDate=13&FromMonth=05&FromYear=2000&ToDate=13&ToMonth=11&ToYear=2020&Variable=Issuer
0,2017-12-31,ORA.TO,2017-12-31,2017-12-31,FY,157711000,131301000,26410000,0.16745819885740373,0.0,12398000,288000.0,-2364000.0,3596000.0,143685000,2191000.0,0.0,27517000,0.17447736682920026,14026000,0.09975841888010348,3958000.0,15733000,0.09975841888010348,5552000.0,10181000,0.06455478692037968,0.2,0.2,50245195,51142389,https://www.sedar.com/ModifyCompanyDocumentSearchForm.do?lang=EN&company_search=Aura Minerals Inc&document_selection=0&industry_group=A&FromDate=13&FromMonth=05&FromYear=2000&ToDate=13&ToMonth=11&ToYear=2020&Variable=Issuer,https://www.sedar.com/ModifyCompanyDocumentSearchForm.do?lang=EN&company_search=Aura Minerals Inc&document_selection=0&industry_group=A&FromDate=13&FromMonth=05&FromYear=2000&ToDate=13&ToMonth=11&ToYear=2020&Variable=Issuer
0,2016-12-31,ORA.TO,2016-12-31,2016-12-31,FY,146209000,115196000,31013000,0.21211416533865904,0.0,7885000.0,279000.0,-1200000.0,-909000.0,130171000,1086000.0,0.0,23783000,0.16266440506398375,16038000,0.19624646909560972,14192000,28693000,0.19624646909560972,9673000.0,19020000,0.13008775109603377,0.426667,0.413333,44767588,45964782,https://www.sedar.com/ModifyCompanyDocumentSearchForm.do?lang=EN&company_search=Aura Minerals Inc&document_selection=0&industry_group=A&FromDate=13&FromMonth=05&FromYear=2000&ToDate=13&ToMonth=11&ToYear=2020&Variable=Issuer,https://www.sedar.com/ModifyCompanyDocumentSearchForm.do?lang=EN&company_search=Aura Minerals Inc&document_selection=0&industry_group=A&FromDate=13&FromMonth=05&FromYear=2000&ToDate=13&ToMonth=11&ToYear=2020&Variable=Issuer
0,2015-12-31,ORA.TO,2015-12-31,2015-12-31,FY,165763000,151887000,13876000,0.08370987494193517,0.0,8118000.0,0.0,-4544000.0,2063000.0,162859000,2533000.0,0.0,4736000.0,0.028570911482055705,2904000.0,-0.022489940457158714,-3638000.0,-3728000.0,-0.022489940457158714,10751000,-14479000,-0.0873475986800432,-0.4,-0.4,39116073,39116073,https://www.sedar.com/ModifyCompanyDocumentSearchForm.do?lang=EN&company_search=Aura Minerals Inc&document_selection=0&industry_group=A&FromDate=13&FromMonth=05&FromYear=2000&ToDate=13&ToMonth=11&ToYear=2020&Variable=Issuer,https://www.sedar.com/ModifyCompanyDocumentSearchForm.do?lang=EN&company_search=Aura Minerals Inc&document_selection=0&industry_group=A&FromDate=13&FromMonth=05&FromYear=2000&ToDate=13&ToMonth=11&ToYear=2020&Variable=Issuer
0,2014-12-31,ORA.TO,2014-12-31,2014-12-31,FY,265389000,255068000,10321000,0.038890082105889845,0.0,12696000,0.0,-1705000.0,2316000.0,270080000,3143000.0,0.0,17457000,0.06577891321795552,-4691000.0,-0.5456895349844945,-136342000,-144820000,-0.5456895349844945,-1938000.0,-142882000,-0.5383870469386448,-4.2,-4.2,34269724,34269724,https://www.sedar.com/ModifyCompanyDocumentSearchForm.do?lang=EN&company_search=Aura Minerals Inc&document_selection=0&industry_group=A&FromDate=13&FromMonth=05&FromYear=2000&ToDate=13&ToMonth=11&ToYear=2020&Variable=Issuer,https://www.sedar.com/ModifyCompanyDocumentSearchForm.do?lang=EN&company_search=Aura Minerals Inc&document_selection=0&industry_group=A&FromDate=13&FromMonth=05&FromYear=2000&ToDate=13&ToMonth=11&ToYear=2020&Variable=Issuer
0,2013-12-31,ORA.TO,2013-12-31,2013-12-31,FY,330877000,336853000,-5976000.0,-0.018061092188335848,0.0,16310000,0.0,-2020000.0,-6000.0,353157000,3123000.0,0.0,30557000,0.09235153848711153,-22280000,-0.24743333625486208,-56467000,-81870000,-0.24743333625486208,-7677000.0,-74193000,-0.22423136089846077,-2.133333,-2.133333,34254201,34254201,https://www.sedar.com/ModifyCompanyDocumentSearchForm.do?lang=EN&company_search=Aura Minerals Inc&document_selection=0&industry_group=A&FromDate=13&FromMonth=05&FromYear=2000&ToDate=13&ToMonth=11&ToYear=2020&Variable=Issuer,https://www.sedar.com/ModifyCompanyDocumentSearchForm.do?lang=EN&company_search=Aura Minerals Inc&document_selection=0&industry_group=A&FromDate=13&FromMonth=05&FromYear=2000&ToDate=13&ToMonth=11&ToYear=2020&Variable=Issuer
0,2012-12-31,ORA.TO,2012-12-31,2012-12-31,FY,307412000,325253000,-17841000,-0.058036120906145496,0.0,17686000,0.0,-2057000.0,10931000,353870000,1782000.0,0.0,9765000.0,0.03176518808634666,-46458000,-0.175809662602631,-5868000.0,-54046000,-0.175809662602631,2763000.0,-56809000,-0.1847976006141595,-1.666667,-1.666667,34229046,34229046,https://www.sedar.com/ModifyCompanyDocumentSearchForm.do?lang=EN&company_search=Aura Minerals Inc&document_selection=0&industry_group=A&FromDate=13&FromMonth=05&FromYear=2000&ToDate=13&ToMonth=11&ToYear=2020&Variable=Issuer,https://www.sedar.com/ModifyCompanyDocumentSearchForm.do?lang=EN&company_search=Aura Minerals Inc&document_selection=0&industry_group=A&FromDate=13&FromMonth=05&FromYear=2000&ToDate=13&ToMonth=11&ToYear=2020&Variable=Issuer
0,2011-12-31,ORA.TO,2011-12-31,2011-12-31,FY,288440000,264210000,24230000,0.08400360560255166,0.0,24551000,0.0,0.0,13203000,302931000,4818000.0,967000.0,45438000,0.15753016225211483,-14491000,-0.14307308279018166,-21959000,-41268000,-0.14307308279018166,508000.0,-41776000,-0.14483428095964498,-1.266667,-1.266667,33543060,33543060,https://www.sedar.com/ModifyCompanyDocumentSearchForm.do?lang=EN&company_search=Aura Minerals Inc&document_selection=0&industry_group=A&FromDate=13&FromMonth=05&FromYear=2000&ToDate=13&ToMonth=11&ToYear=2020&Variable=Issuer,https://www.sedar.com/ModifyCompanyDocumentSearchForm.do?lang=EN&company_search=Aura Minerals Inc&document_selection=0&industry_group=A&FromDate=13&FromMonth=05&FromYear=2000&ToDate=13&ToMonth=11&ToYear=2020&Variable=Issuer
0,2010-12-31,ORA.TO,2010-12-31,2010-12-31,FY,163652000,140270000,23382000,0.14287634737125118,0.0,28428000,0.0,6780000.0,24157000,194906000,1898000.0,2051000.0,-90000.0,-0.0005499474494659399,-31254000,-0.3136472514848581,-18177000,-51329000,-0.3136472514848581,5719000.0,-57048000,-0.34859335663481045,-1.866667,-1.866667,30037433,30037433,https://www.sedar.com/ModifyCompanyDocumentSearchForm.do?lang=EN&company_search=Aura Minerals Inc&document_selection=0&industry_group=A&FromDate=13&FromMonth=05&FromYear=2000&ToDate=13&ToMonth=11&ToYear=2020&Variable=Issuer,https://www.sedar.com/ModifyCompanyDocumentSearchForm.do?lang=EN&company_search=Aura Minerals Inc&document_selection=0&industry_group=A&FromDate=13&FromMonth=05&FromYear=2000&ToDate=13&ToMonth=11&ToYear=2020&Variable=Issuer
0,2009-12-31,ORA.TO,2009-12-31,2009-12-31,FY,26491000,21359000,5132000.0,0.19372617115246688,0.0,12339000,0.0,-2952000.0,10699000,46428000,319000.0,367000.0,-18340000,-0.6923105960514891,-19937000,-1.154882790381639,-11119000,-30594000,-1.154882790381639,743000.0,-31337000,-1.1829300517156771,-1.533333,-1.533333,20650893,20650893,https://www.sedar.com/ModifyCompanyDocumentSearchForm.do?lang=EN&company_search=Aura Minerals Inc&document_selection=0&industry_group=A&FromDate=13&FromMonth=05&FromYear=2000&ToDate=13&ToMonth=11&ToYear=2020&Variable=Issuer,https://www.sedar.com/ModifyCompanyDocumentSearchForm.do?lang=EN&company_search=Aura Minerals Inc&document_selection=0&industry_group=A&FromDate=13&FromMonth=05&FromYear=2000&ToDate=13&ToMonth=11&ToYear=2020&Variable=Issuer
0,2008-12-31,ORA.TO,2008-12-31,2008-12-31,FY,2695152.013147,5447000.821693,-2751848.808546,-1.021036585366032,0.0,19428101.889893,0.0,0.0,22631881.676253,49033689.400164,0.0,1526705.012325,-44811832.374692,-16.626829268293243,-46338537.387017,-18.496646341464075,-5202136.400986,-49851273.623665,-18.496646341464075,-4157764.995892,-45693508.627773,-16.95396341463459,-2.738976,-2.738976,16911348,16911348,https://www.sedar.com/ModifyCompanyDocumentSearchForm.do?lang=EN&company_search=Aura Minerals Inc&document_selection=0&industry_group=A&FromDate=13&FromMonth=05&FromYear=2000&ToDate=13&ToMonth=11&ToYear=2020&Variable=Issuer,https://www.sedar.com/ModifyCompanyDocumentSearchForm.do?lang=EN&company_search=Aura Minerals Inc&document_selection=0&industry_group=A&FromDate=13&FromMonth=05&FromYear=2000&ToDate=13&ToMonth=11&ToYear=2020&Variable=Issuer
0,2007-12-31,ORA.TO,,,FY,0.0,0.0,0.0,0.0,0.0,11234007.876401,0.0,0.0,28367.161466,11266161.769161,0.0,3786.731294,-11262375.037867,0.0,-11266161.769161,0.0,-34041665.151974,-43467223.063718,0.0,-11545502.373018,-31921720.6907,0.0,-2.356188,-2.356188,12669758,12669758,https://www.sedar.com/ModifyCompanyDocumentSearchForm.do?lang=EN&company_search=Aura Minerals Inc&document_selection=0&industry_group=A&FromDate=13&FromMonth=05&FromYear=2000&ToDate=13&ToMonth=11&ToYear=2020&Variable=Issuer,https://www.sedar.com/ModifyCompanyDocumentSearchForm.do?lang=EN&company_search=Aura Minerals Inc&document_selection=0&industry_group=A&FromDate=13&FromMonth=05&FromYear=2000&ToDate=13&ToMonth=11&ToYear=2020&Variable=Issuer
0,2006-12-31,ORA.TO,,,FY,0.0,0.0,0.0,0.0,0.0,2997419.354839,0.0,-5170.727522,216666.094715,3226588.023336,0.0,12502.573782,-3109657.687028,0.0,-3226588.023336,0.0,-109598.490048,0.0,0.0,0.0,-3208440.288264,0.0,-2.287806,-2.287806,1325469.0,1325469.0,https://www.sedar.com/ModifyCompanyDocumentSearchForm.do?lang=EN&company_search=Aura Minerals Inc&document_selection=0&industry_group=A&FromDate=13&FromMonth=05&FromYear=2000&ToDate=13&ToMonth=11&ToYear=2020&Variable=Issuer,https://www.sedar.com/ModifyCompanyDocumentSearchForm.do?lang=EN&company_search=Aura Minerals Inc&document_selection=0&industry_group=A&FromDate=13&FromMonth=05&FromYear=2000&ToDate=13&ToMonth=11&ToYear=2020&Variable=Issuer
0,2005-12-31,ORA.TO,,,FY,0.0,0.0,0.0,0.0,0.0,25620.80248,0.0,0.0,0.0,25620.80248,0.0,0.0,-25620.80248,0.0,-25620.80248,0.0,0.0,0.0,0.0,0.0,-25620.80248,0.0,-0.965002,-0.965002,26550.0,26550.0,https://www.sedar.com/ModifyCompanyDocumentSearchForm.do?lang=EN&company_search=Aura Minerals Inc&document_selection=0&industry_group=A&FromDate=13&FromMonth=05&FromYear=2000&ToDate=13&ToMonth=11&ToYear=2020&Variable=Issuer,https://www.sedar.com/ModifyCompanyDocumentSearchForm.do?lang=EN&company_search=Aura Minerals Inc&document_selection=0&industry_group=A&FromDate=13&FromMonth=05&FromYear=2000&ToDate=13&ToMonth=11&ToYear=2020&Variable=Issuer
0,2004-12-31,ORA.TO,,,FY,0.0,0.0,0.0,0.0,0.0,3118.605154,0.0,0.0,0.0,3118.605154,0.0,0.0,-3118.605154,0.0,-3118.605154,0.0,0.0,0.0,0.0,0.0,-3118.605154,0.0,-0.108837,-0.108837,28654.0,28654.0,https://www.sedar.com/ModifyCompanyDocumentSearchForm.do?lang=EN&company_search=Aura Minerals Inc&document_selection=0&industry_group=A&FromDate=13&FromMonth=05&FromYear=2000&ToDate=13&ToMonth=11&ToYear=2020&Variable=Issuer,https://www.sedar.com/ModifyCompanyDocumentSearchForm.do?lang=EN&company_search=Aura Minerals Inc&document_selection=0&industry_group=A&FromDate=13&FromMonth=05&FromYear=2000&ToDate=13&ToMonth=11&ToYear=2020&Variable=Issuer
0,2003-12-31,ORA.TO,,,FY,0.0,0.0,0.0,0.0,0.0,1696.522899,0.0,0.0,0.0,1696.522899,0.0,0.0,-1696.522899,0.0,-1696.522899,0.0,0.0,0.0,0.0,0.0,-1696.522899,0.0,-0.257049,-0.257049,28654.0,28654.0,https://www.sedar.com/ModifyCompanyDocumentSearchForm.do?lang=EN&company_search=Aura Minerals Inc&document_selection=0&industry_group=A&FromDate=13&FromMonth=05&FromYear=2000&ToDate=13&ToMonth=11&ToYear=2020&Variable=Issuer,https://www.sedar.com/ModifyCompanyDocumentSearchForm.do?lang=EN&company_search=Aura Minerals Inc&document_selection=0&industry_group=A&FromDate=13&FromMonth=05&FromYear=2000&ToDate=13&ToMonth=11&ToYear=2020&Variable=Issuer
0,2002-12-31,ORA.TO,,,FY,0.0,0.0,0.0,0.0,0.0,0.0,0.0,0.0,0.0,635.198913,0.0,0.0,-635.198913,0.0,-635.198913,0.0,0.0,0.0,0.0,0.0,-635.198913,0.0,-0.211733,-0.211733,28654.0,28654.0,https://www.sedar.com/ModifyCompanyDocumentSearchForm.do?lang=EN&company_search=Aura Minerals Inc&document_selection=0&industry_group=A&FromDate=13&FromMonth=05&FromYear=2000&ToDate=13&ToMonth=11&ToYear=2020&Variable=Issuer,https://www.sedar.com/ModifyCompanyDocumentSearchForm.do?lang=EN&company_search=Aura Minerals Inc&document_selection=0&industry_group=A&FromDate=13&FromMonth=05&FromYear=2000&ToDate=13&ToMonth=11&ToYear=2020&Variable=Issuer
0,2001-12-31,ORA.TO,,,FY,0.0,0.0,0.0,0.0,0.0,0.0,0.0,0.0,0.0,628.148595,0.0,0.0,-628.148595,0.0,-628.148595,0.0,0.0,0.0,0.0,0.0,-628.148595,0.0,-0.209383,-0.209383,28654.0,28654.0,https://www.sedar.com/ModifyCompanyDocumentSearchForm.do?lang=EN&company_search=Aura Minerals Inc&document_selection=0&industry_group=A&FromDate=13&FromMonth=05&FromYear=2000&ToDate=13&ToMonth=11&ToYear=2020&Variable=Issuer,https://www.sedar.com/ModifyCompanyDocumentSearchForm.do?lang=EN&company_search=Aura Minerals Inc&document_selection=0&industry_group=A&FromDate=13&FromMonth=05&FromYear=2000&ToDate=13&ToMonth=11&ToYear=2020&Variable=Issuer
0,2000-12-31,ORA.TO,,,FY,0.0,0.0,0.0,0.0,0.0,0.0,0.0,0.0,0.0,666.888963,0.0,0.0,-666.888963,0.0,-666.888963,0.0,0.0,0.0,0.0,0.0,-666.888963,0.0,-0.222296,-0.222296,28654.0,28654.0,https://www.sedar.com/ModifyCompanyDocumentSearchForm.do?lang=EN&company_search=Aura Minerals Inc&document_selection=0&industry_group=A&FromDate=13&FromMonth=05&FromYear=2000&ToDate=13&ToMonth=11&ToYear=2020&Variable=Issuer,https://www.sedar.com/ModifyCompanyDocumentSearchForm.do?lang=EN&company_search=Aura Minerals Inc&document_selection=0&industry_group=A&FromDate=13&FromMonth=05&FromYear=2000&ToDate=13&ToMonth=11&ToYear=2020&Variable=Issuer
