,date,symbol,fillingDate,acceptedDate,period,revenue,costOfRevenue,grossProfit,grossProfitRatio,researchAndDevelopmentExpenses,generalAndAdministrativeExpenses,sellingAndMarketingExpenses,otherExpenses,operatingExpenses,costAndExpenses,interestExpense,depreciationAndAmortization,ebitda,ebitdaratio,operatingIncome,operatingIncomeRatio,totalOtherIncomeExpensesNet,incomeBeforeTax,incomeBeforeTaxRatio,incomeTaxExpense,netIncome,netIncomeRatio,eps,epsdiluted,weightedAverageShsOut,weightedAverageShsOutDil,link,finalLink
0,2019-12-31,TG,2020-03-16 00:00:00,2020-03-16 08:47:29,FY,972355000,800900000,171455000,0.17633,19636000,93448000,0.0,9642000.0,134135999.99999997,935036000,4051000.0,44284000,106507000,0.109535,37319000,0.03838,0.0,58172000,0.059826,9913000.0,48259000,0.049631,1.45104,1.45104,33258140,33258140,https://www.sec.gov/Archives/edgar/data/850429/000085042920000014/0000850429-20-000014-index.html,https://www.sec.gov/Archives/edgar/data/850429/000085042920000014/tg-20191231x10k.htm
0,2018-12-31,TG,2019-03-18 00:00:00,2019-03-18 16:41:28,FY,1065516000,877083000,188433000,0.176847,19207000,84783000,0.0,10406000,176776999.99999994,1053859999.9999999,5702000.0,33804000,75874000,0.071209,11656000,0.010939,0.0,36368000,0.034132,11526000,24842000,0.023315,0.75068,0.75068,33092470,33092470,https://www.sec.gov/Archives/edgar/data/850429/000085042919000008/0000850429-19-000008-index.html,https://www.sec.gov/Archives/edgar/data/850429/000085042919000008/tg-20181231x10k.htm
0,2017-12-31,TG,2018-02-22 00:00:00,2018-02-21 20:33:53,FY,962126000,801211000,160915000,0.167249,20687000,81401000,0.0,1019213000,203457000,1004668000,6170000.0,40277000,31535000,0.032776,-42542000,-0.044217,0.0,-14912000,-0.015499,-53163000,38251000,0.039757,1.16083,1.16083,32951290,32951290,https://www.sec.gov/Archives/edgar/data/850429/000085042918000014/0000850429-18-000014-index.html,https://www.sec.gov/Archives/edgar/data/850429/000085042918000014/tg-20171231x10k.htm
0,2016-12-31,TG,2017-02-22 00:00:00,2017-02-22 16:51:00,FY,828341000,697695000,130646000,0.15772,19122000,75754000,0.0,-2381000.0,99156999.99999993,796851999.9999999,3806000.0,32472000,63961000,0.077216,31489000,0.038015,0.0,27683000,0.03342,3217000.0,24466000,0.029536,0.74648,0.74648,32775070,32775070,https://www.sec.gov/Archives/edgar/data/850429/000085042917000018/0000850429-17-000018-index.html,https://www.sec.gov/Archives/edgar/data/850429/000085042917000018/tg-20161231x10k.htm
0,2015-12-31,TG,2016-02-29 00:00:00,2016-02-29 10:02:06,FY,896177000,755297000,140880000,0.157201,16173000,71911000,0.0,20113000,160584999.9999999,915881999.9999999,3502000.0,34982000,15277000,0.017047,-19705000,-0.021988,0.0,-23207000,-0.025896,8928000.0,-32135000,-0.035858,-0.9864,-0.9864,32578120,32578120,https://www.sec.gov/Archives/edgar/data/850429/000085042916000109/0000850429-16-000109-index.html,https://www.sec.gov/Archives/edgar/data/850429/000085042916000109/tg-20151231x10k.htm
0,2014-12-31,TG,2015-03-02,2015-03-02 16:45:22,FY,951826000,806906000,144920000,0.152255,12147000,69526000,0.0,-1776000.0,96791000.00000004,903697000,2713000.0,40818000,89797000,0.094342,48129000,0.050565,0.0,45416000,0.047715,9387000.0,36879000,0.038746,1.13286,1.13286,32553850,32553850,https://www.sec.gov/Archives/edgar/data/850429/000085042915000015/tg-20141231x10k.htm,https://www.sec.gov/Archives/edgar/data/850429/000085042915000015/tg-20141231x10k.htm
0,2013-12-31,TG,2014-02-28,2014-02-28 09:47:27,FY,959300000,813300000,146000000,0.152194,12700000,71200000,0.0,-1800000.0,90200000.00000004,903500000,2870000.0,44600000,86365000,0.090029,55800000,0.058167,-1800000.0,52900000,0.055144,16995000,21900000,0.022829,0.67178,0.67178,32600000,32600000,https://www.sec.gov/Archives/edgar/data/850429/000085042914000024/tg-20131231x10k.htm,https://www.sec.gov/Archives/edgar/data/850429/000085042914000024/tg-20131231x10k.htm
0,2012-12-31,TG,2013-03-01 00:00:00,2013-03-01 10:55:08,FY,900300000,733700000,166600000,0.185049,13200000,70600000,0.0,903897000,101500000,835200000,3590000.0,49300000,99509000,0.110529,65100000,0.072309,0.0,61500000,0.068311,18319000,28300000,0.031434,0.87888,0.87888,32200000,32200000,https://www.sec.gov/Archives/edgar/data/850429/000119312513086552/0001193125-13-086552-index.html,https://www.sec.gov/Archives/edgar/data/850429/000119312513086552/d493141d10k.htm
0,2011-12-31,TG,2012-03-02 00:00:00,2012-03-02 13:43:55,FY,800800000,672900000,127900000,0.159715,13200000,63700000,0.0,1926000.0,86100000.00000001,759000000,1926000.0,44699999.99999999,82174000,0.102615,41800000,0.052198,0.0,39900000,0.049825,10648000,24900000,0.031094,0.77329,0.77329,32200000,32200000,https://www.sec.gov/Archives/edgar/data/850429/000119312512094064/0001193125-12-094064-index.html,https://www.sec.gov/Archives/edgar/data/850429/000119312512094064/d307830d10k.htm
0,2010-12-31,TG,2011-03-04,2011-03-04 13:12:47,FY,739500000,613700000,125800000,0.170115,13600000,68600000,0.0,-940000.0,83899999.99999999,697600000,-1136000.0,43600000,83264000,0.112595,41900000,0.05666,0.0,40800000,0.055172,13800000,27000000,0.036511,0.82822,0.82822,32600000,32600000,https://www.sec.gov/Archives/edgar/data/850429/000119312511055974/d10k.htm,https://www.sec.gov/Archives/edgar/data/850429/000119312511055974/d10k.htm
0,2009-12-31,TG,2010-03-04 00:00:00,2010-03-04 16:49:22,FY,657100000,464000000,193100000,0.293867,11900000,60500000,0.0,8464000.0,175000000,639000000,-783000.0,40000000,56517000,0.08601,18100000,0.027545,0.0,17300000,0.026328,18700000,-1400000.0,-0.002131,-0.0413,-0.0413,33900000,33900000,https://www.sec.gov/Archives/edgar/data/850429/000114036110010058/0001140361-10-010058-index.html,https://www.sec.gov/Archives/edgar/data/850429/000114036110010058/form10-k.htm
0,2008-12-31,TG,2009-03-06 00:00:00,2009-03-05 17:39:25,FY,894200000,760300000,133900000,0.149743,11000000,58700000,0.0,10341000,82400000.00000009,842700000.0000001,-2393000.0,43200000,89207000,0.099762,51500000,0.057593,0.0,49100000,0.054909,19500000,28900000,0.032319,0.84503,0.84503,34200000,34200000,https://www.sec.gov/Archives/edgar/data/850429/000116923209001322/0001169232-09-001322-index.html,https://www.sec.gov/Archives/edgar/data/850429/000116923209001322/d76356_10-k.htm
0,2007-12-31,TG,2008-03-05,2008-03-05 17:11:48,FY,924400000,781300000,143100000,0.154803,8400000.0,68500000,0.0,1782000.0,81000000,862300000,-2721000.0,46000000,82879000,0.089657,62000000,0.067071,0.0,59300000,0.06415,24400000,15200000,0.016443,0.39276,0.39276,38700000,38700000,https://www.sec.gov/Archives/edgar/data/850429/000116923208001244/d73812_10-k.htm,https://www.sec.gov/Archives/edgar/data/850429/000116923208001244/d73812_10-k.htm
0,2006-12-31,TG,2007-03-02,2007-03-02 16:28:35,FY,1118000000,972900000,145000000,0.129696,8100000.0,68400000,0.0,1444000.0,80699999.99999993,1053599999.9999999,-5500000.0,44200000,97500000,0.087209,64400000,0.057603,0.0,58800000,0.052594,20600000,38200000,0.034168,0.98201,0.98201,38900000,38900000,https://www.sec.gov/Archives/edgar/data/850429/000114036107004885/form10k.htm,https://www.sec.gov/Archives/edgar/data/850429/000114036107004885/form10k.htm
0,2005-12-31,TG,2006-03-02,2006-03-02 14:15:03,FY,956400000,835300000,121100000,0.126621,9000000.0,64700000,0.0,-544000.0,90400000.00000009,925700000.0000001,-4600000.0,38800000,60400000,0.063153,30800000,0.032204,0.0,26200000,0.027394,10000000,16200000,0.016939,0.41969,0.41969,38600000,38600000,https://www.sec.gov/Archives/edgar/data/850429/000085042906000026/d67223_10-k.htm,https://www.sec.gov/Archives/edgar/data/850429/000085042906000026/d67223_10-k.htm
0,2004-12-31,TG,2005-03-16,2005-03-16 11:31:46,FY,876800000,739500000,137300000,0.156592,15300000,60000000,0.0,15604000,98600000.00000001,838100000,-3200000.0,34400000,69600000,0.07938,38700000,0.044138,0.0,35500000,0.040488,9200000.0,29200000,0.033303,0.75844,0.75844,38500000,38500000,https://www.sec.gov/Archives/edgar/data/850429/000116923205001684/d62922_10-k.htm,https://www.sec.gov/Archives/edgar/data/850429/000116923205001684/d62922_10-k.htm
0,2003-12-31,TG,2004-02-19,2004-02-19 14:32:02,FY,746500000,624800000,121700000,0.163027,18800000,53300000,0.0,7853000.0,84900000.00000009,709700000.0000001,-6800000.0,32699999.999999996,10199999.999999996,0.013664,36800000,0.049297,0.0,30000000,0.040188,10700000,-26400000,-0.035365,-0.6875,-0.6875,38400000,38400000,https://www.sec.gov/Archives/edgar/data/850429/000085042904000020/d58455_10k.htm,https://www.sec.gov/Archives/edgar/data/850429/000085042904000020/d58455_10k.htm
0,2002-12-31,TG,2003-02-19,2003-02-19 09:47:20,FY,677300000,582700000,94600000,0.139672,20300000,57800000,0.0,-60154000,76000000,658700000,-9400000.0,31900000.000000004,23000000.000000004,0.033958,18600000,0.027462,0.0,9200000.0,0.013583,3000000.0,-2500000.0,-0.003691,-0.06427,-0.06427,38900000,38900000,https://www.sec.gov/Archives/edgar/data/850429/000085042903000008/form10k2002.htm,https://www.sec.gov/Archives/edgar/data/850429/000085042903000008/form10k2002.htm
0,2001-12-31,TG,,,FY,749200000,620800000,128400000,0.171383,32900000,52100000,0.0,0.0,105900000.00000009,726700000.0000001,-12700000,37900000,36500000,0.048719,22500000,0.030032,0.0,9800000.0,0.013081,1500000.0,9800000.0,0.013081,0.25258,0.25258,38800000,38800000,,
0,2000-12-31,TG,,,FY,1007500000,706800000,300600000,0.298362,27600000,52900000,0.0,0.0,108800000.00000007,815600000.0000001,-17300000,37000000,194300000,0.192854,191900000,0.190471,0.0,174500000,0.173201,63200000,111400000,0.110571,2.86375,2.86375,38900000,38900000,,
0,1999-12-31,TG,,,FY,816000000,648300000,167800000,0.205637,22300000,47400000,0.0,0.0,77100000.00000001,725400000,-9100000.0,31700000,104100000,0.127574,90600000,0.111029,0.0,81500000,0.099877,28900000,52600000,0.064461,1.35917,1.35917,38700000,38700000,,
0,1998-12-31,TG,,,FY,703800000,553400000,150400000,0.213697,14500000,39500000,0.0,0.0,53899999.99999998,607300000,-1300000.0,22500000,121200000,0.172208,96500000,0.137113,0.0,95200000,0.135266,31100000,68900000,0.097897,1.78036,1.78036,38700000,38700000,,
0,1997-12-31,TG,,,FY,598000000,457900000,140100000,0.234281,13200000,37000000,0.0,0.0,48000000,505900000,-2000000.0,18500000,106600000,0.178261,92100000,0.154013,0.0,90200000,0.150836,31700000,58400000,0.097659,1.47848,1.47848,39500000,39500000,,
0,1996-12-31,TG,,,FY,527800000,417300000,110500000,0.20936,11100000,39700000,0.0,0.0,39300000.00000001,456600000,-2200000.0,20400000.000000004,87200000,0.165214,71200000,0.1349,0.0,69000000,0.130731,24000000,45000000,0.08526,1.14504,1.14504,39300000,39300000,,
0,1995-12-31,TG,1996-03-25 00:00:00,1996-03-25 00:00:00,FY,588800000,490500000,98300000,0.16695,8800000.0,48200000,0.0,0.0,56899999.99999998,547400000,-3000000.0,23900000.000000004,59300000,0.100713,41400000,0.070313,0.0,38300000,0.065048,14300000,24100000,0.040931,0.601,0.601,40100000,40100000,https://www.sec.gov/Archives/edgar/data/850429/000091664196000185/0000916641-96-000185-index.html,https://www.sec.gov/Archives/edgar/data/850429/0000916641-96-000185.txt
0,1994-12-31,TG,,,FY,501900000,419800000,82100000,0.163578,8300000.0,48000000,0.0,0.0,72800000.00000001,492600000,-4000000.0,24900000,63400000,0.12632,9300000.0,0.01853,0.0,5300000.0,0.01056,3900000.0,38600000,0.076908,0.82479,0.82479,46800000,46800000,,
