,date,symbol,fillingDate,acceptedDate,period,revenue,costOfRevenue,grossProfit,grossProfitRatio,researchAndDevelopmentExpenses,generalAndAdministrativeExpenses,sellingAndMarketingExpenses,otherExpenses,operatingExpenses,costAndExpenses,interestExpense,depreciationAndAmortization,ebitda,ebitdaratio,operatingIncome,operatingIncomeRatio,totalOtherIncomeExpensesNet,incomeBeforeTax,incomeBeforeTaxRatio,incomeTaxExpense,netIncome,netIncomeRatio,eps,epsdiluted,weightedAverageShsOut,weightedAverageShsOutDil,link,finalLink
0,2019-12-31,MBII,2020-03-16,2020-03-16 17:22:31,FY,29373000,13260000,16113000,0.5485650086814421,14026000,30072000,0.0,1102000.0,44098000,57358000,1474000.0,2349000.0,-33352000,-1.135465,-27985000,-0.952746,-7716000.0,-37175000,-1.265618,0.0,-37175000,-1.265618,-0.31509,-0.31509,0.0,0.0,https://www.sec.gov/Archives/edgar/data/1441693/000149315220004083/0001493152-20-004083-index.htm,https://www.sec.gov/Archives/edgar/data/1441693/000149315220004083/form10-k.htm
0,2018-12-31,MBII,2019-03-29,2019-03-29 06:16:20,FY,21220000,10907000,10313000,0.4860037700282752,10662000,19155000,0.0,981000.0,22830000.000000004,33737000,2057000.0,1890000.0,-16266000,-0.766541,-12517000,-0.589868,-11000.0,-20213000,-0.952545,0.0,-20213000,-0.952545,-0.19964,-0.19964,0.0,0.0,https://www.sec.gov/Archives/edgar/data/1441693/000149315219004161/0001493152-19-004161-index.htm,https://www.sec.gov/Archives/edgar/data/1441693/000149315219004161/form10-k.htm
0,2017-12-31,MBII,2018-04-05,2018-04-04 21:52:20,FY,18167000,10528000,7639000.0,0.42048769747344084,10820000,19814000,0.0,1109000.0,30634000,41162000,3374000.0,2044000.0,-25507000,-1.404029,-22995000,-1.265757,-106000.0,-30925000,-1.702262,0.0,-30925000,-1.702262,-1.05781,-1.05781,29235000,29235000,https://www.sec.gov/Archives/edgar/data/1441693/000149315218004788/0001493152-18-004788-index.htm,https://www.sec.gov/Archives/edgar/data/1441693/000149315218004788/form10-k.htm
0,2016-12-31,MBII,2017-04-03,2017-03-31 21:32:41,FY,14042000,9522000.0,4520000.0,0.3218914684517875,9670000.0,18510000,0.0,1016000.0,28180000,37702000,2941000.0,2235000.0,-25895000,-1.844111,-23660000,-1.684945,-146000.0,-31071000,-2.212719,0.0,-31071000,-2.212719,-1.26218,-1.26218,24617000,24617000,https://www.sec.gov/Archives/edgar/data/1441693/000156459017005870/0001564590-17-005870-index.htm,https://www.sec.gov/Archives/edgar/data/1441693/000156459017005870/mbii-10k_20161231.htm
0,2015-12-31,MBII,2016-03-30,2016-03-30 16:14:03,FY,9801000.0,9256000.0,545000.0,0.05560657075808591,13500000,26502000,0.0,1108000.0,40002000,49258000,2764000.0,3510000.0,-37454000,-3.821447,-39457000,-4.025814,41000.0,-43728000,-4.461586,0.0,-43728000,-4.461586,-1.78708,-1.78708,24469000,24469000,https://www.sec.gov/Archives/edgar/data/1441693/000119312516523740/0001193125-16-523740-index.htm,https://www.sec.gov/Archives/edgar/data/1441693/000119312516523740/d28094d10k.htm
0,2014-12-31,MBII,2015-11-10,2015-11-10 09:04:55,FY,9136000.0,9438000.0,-302000.0,-0.033056042031523646,19281000,28950000,0.0,-278000.0,48230999.99999999,57668999.99999999,2907000.0,2581000.0,-46171000,-5.053743,-48533000,-5.312281,-278000.0,-51659000,-5.654444,0.0,-51659000,-5.654444,-2.31509,-2.31509,22314000,22314000,https://www.sec.gov/Archives/edgar/data/1441693/000119312515372823/0001193125-15-372823-index.htm,https://www.sec.gov/Archives/edgar/data/1441693/000119312515372823/d90912d10k.htm
0,2013-12-31,MBII,2014-03-25,2014-03-25 16:40:18,FY,14543000,10736000,3807000.0,0.26177542460290176,16827000,15018000,0.0,987000.0,32832000,43568000,5997000.0,976000.0,-28049000,-1.92869421715,-29025000,-1.99580554219,536000.0,-28489000,-1.9589493227,0.0,-29867000,-2.05370281235,-3.3517,-3.3517,8731000.0,8911000.0,https://www.sec.gov/Archives/edgar/data/1441693/000119312514114512/0001193125-14-114512-index.htm,https://www.sec.gov/Archives/edgar/data/1441693/000119312514114512/d652207d10k.htm
