,date,symbol,fillingDate,acceptedDate,period,revenue,costOfRevenue,grossProfit,grossProfitRatio,researchAndDevelopmentExpenses,generalAndAdministrativeExpenses,sellingAndMarketingExpenses,otherExpenses,operatingExpenses,costAndExpenses,interestExpense,depreciationAndAmortization,ebitda,ebitdaratio,operatingIncome,operatingIncomeRatio,totalOtherIncomeExpensesNet,incomeBeforeTax,incomeBeforeTaxRatio,incomeTaxExpense,netIncome,netIncomeRatio,eps,epsdiluted,weightedAverageShsOut,weightedAverageShsOutDil,link,finalLink
0,2020-09-30,SMG,2020-11-24,2020-11-24 17:06:25,FY,4131600000,2784600000,1347000000,0.3260238164391519,39700000,686600000,147400000,16900000,0.0,3546300000,79600000,31500000,681800000,0.16502081518055958,585300000,0.12358408364798142,20000000,510600000,0.12358408364798142,123700000,387400000,0.09376512731145319,0.0,0.0,0.0,0.0,https://www.sec.gov/Archives/edgar/data/825542/000154638020000045/0001546380-20-000045-index.htm,https://www.sec.gov/Archives/edgar/data/825542/000154638020000045/smg-20200930.htm
0,2019-09-30,SMG,2019-11-27 00:00:00,2019-11-27 09:17:39,FY,3156000000,2136400000,1019600000,0.32306717363751586,39600000,528800000,120300000,270500000,0.0,2739000000,101800000,32900000,780100000,0.24717997465145755,417000000,0.18428390367553865,266400000,581600000,0.18428390367553865,144900000,460700000,0.14597591888466413,8.3,8.18,55500000,56300000,https://www.sec.gov/Archives/edgar/data/825542/000154638019000034/0001546380-19-000034-index.html,https://www.sec.gov/Archives/edgar/data/825542/000154638019000034/smg930201910k.htm
0,2018-09-30,SMG,2018-11-29 00:00:00,2018-11-29 08:21:16,FY,2663400000,1798800000,864600000,0.3246226627618833,42500000,468700000,104200000,-1700000.0,0.0,2331300000,86400000,28900000,418700000,0.1572050762183675,332100000,0.04344071487572276,-130000000,115700000,0.04344071487572276,-11900000,63700000,0.023916798077645116,1.13,1.12,56200000,57100000,https://www.sec.gov/Archives/edgar/data/825542/000154638018000030/0001546380-18-000030-index.html,https://www.sec.gov/Archives/edgar/data/825542/000154638018000030/smg930201810k.htm
0,2017-09-30,SMG,2017-11-28 00:00:00,2017-11-28 17:27:24,FY,2642100000,1669500000,972600000,0.3681162711479505,39900000,489100000,123000000,-13400000,0.0,2213000000,76100000,21900000,476800000,0.18046251088149579,429100000,0.11918549638545096,-48100000,314900000,0.11918549638545096,116600000,218300000,0.08262367056508081,3.68,3.63,59400000,60200000,https://www.sec.gov/Archives/edgar/data/825542/000154638017000042/0001546380-17-000042-index.html,https://www.sec.gov/Archives/edgar/data/825542/000154638017000042/smg930201710k.htm
0,2016-09-30,SMG,2016-11-28 00:00:00,2016-11-28 09:10:39,FY,2836100000,1840700000,995400000,0.35097493036211697,45500000,535100000,132200000,13800000,0.0,2427200000,65600000,16500000,485300000,0.17111526391876167,408900000,0.13846479320193222,54300000,392700000,0.13846479320193222,139400000,315300000,0.1111737950001763,5.24,5.17,61100000,62000000,https://www.sec.gov/Archives/edgar/data/825542/000154638016000078/0001546380-16-000078-index.html,https://www.sec.gov/Archives/edgar/data/825542/000154638016000078/smg930201610k.htm
0,2015-09-30,SMG,2015-11-24 00:00:00,2015-11-24 16:15:21,FY,3016500000,1951600000,1064900000,0.35302502900712746,0.0,698400000,0.0,6100000.0,0.0,2650000000,50500000,0.0,441600000,0.14639482844356042,366500000,0.08092159787833582,-71900000,244100000,0.08092159787833582,85400000,159800000,0.052975302502900716,2.62,2.57,61100000,62200000,https://www.sec.gov/Archives/edgar/data/825542/000154638015000033/0001546380-15-000033-index.html,https://www.sec.gov/Archives/edgar/data/825542/000154638015000033/smg930201510k.htm
0,2014-09-30,SMG,2014-11-25 00:00:00,2014-11-25 16:45:35,FY,2841300000,1809900000,1031400000,0.36300285080772887,48400000,621900000,143600000,14700000,0.0,2480400000,47300000,10200000,420300000,0.1479252454862211,360900000,0.0903107732376025,-46300000,256600000,0.0903107732376025,91200000,166500000,0.058599936648717134,2.7,2.65,61600000,62700000,https://www.sec.gov/Archives/edgar/data/825542/000154638014000035/0001546380-14-000035-index.html,https://www.sec.gov/Archives/edgar/data/825542/000154638014000035/smg930201410k.htm
0,2013-09-30,SMG,2013-11-20 00:00:00,2013-11-20 17:07:41,FY,2816500000,1834100000,982400000,0.3488017042428546,0.0,661100000,0.0,10000000,0.0,2495200000,59200000,0.0,397400000,0.14109710633765313,321300000,0.09018285105627552,-8100000.0,254000000,0.09018285105627552,92800000,161100000,0.0571986508077401,2.61,2.57,61700000,62600000,https://www.sec.gov/Archives/edgar/data/825542/000154638013000032/0001546380-13-000032-index.html,https://www.sec.gov/Archives/edgar/data/825542/000154638013000032/smg-0930201310kf13.htm
0,2012-09-30,SMG,2012-11-20 00:00:00,2012-11-20 09:13:44,FY,2826100000,1864800000,961300000,0.3401507377658257,0.0,705700000,0.0,2900000.0,0.0,2576100000,61800000,0.0,312400000,0.11054102827217721,250000000,0.06432893386645908,-6400000.0,181800000,0.06432893386645908,68600000,106500000,0.03768444145642405,1.75,1.71,61000000,62100000,https://www.sec.gov/Archives/edgar/data/825542/000154638012000025/0001546380-12-000025-index.html,https://www.sec.gov/Archives/edgar/data/825542/000154638012000025/smg930201210k.htm
0,2011-09-30,SMG,2011-11-23 00:00:00,2011-11-23 09:03:03,FY,2835700000,1832700000,1003000000,0.3537045526677716,0.0,699900000,0.0,0.0,0.0,2532600000,51000000,0.0,363600000,0.1282223084247276,303100000,0.06869556017914448,-56100000,194800000,0.06869556017914448,72900000,167900000,0.059209366294036746,2.6,2.54,64700000,66200000,https://www.sec.gov/Archives/edgar/data/825542/000119312511320616/0001193125-11-320616-index.html,https://www.sec.gov/Archives/edgar/data/825542/000119312511320616/d235241d10k.htm
0,2010-09-30,SMG,2010-11-24 00:00:00,2010-11-24 17:07:21,FY,3139900000,1992600000,1147300000,0.3653938023503933,0.0,752400000,0.0,0.0,0.0,2736800000,46800000,0.0,462500000,0.14729768463963822,403100000,0.10758304404598873,-18500000,337800000,0.10758304404598873,125400000,204100000,0.06500207012962196,3.08,3.02,66300000,67600000,https://www.sec.gov/Archives/edgar/data/825542/000095012310108803/0000950123-10-108803-index.html,https://www.sec.gov/Archives/edgar/data/825542/000095012310108803/l40692e10vk.htm
0,2009-09-30,SMG,2009-11-24 00:00:00,2009-11-24 17:14:05,FY,3141500000,2052500000,1089000000,0.3466496896387076,0.0,816000000,0.0,0.0,0.0,2866300000,56400000,0.0,335600000,0.10682794843227758,275200000,0.06706987108069394,-8100000.0,210700000,0.06706987108069394,57400000,153300000,0.04879834473977399,2.36,2.32,64957627,66077586,https://www.sec.gov/Archives/edgar/data/825542/000095012309065759/0000950123-09-065759-index.html,https://www.sec.gov/Archives/edgar/data/825542/000095012309065759/l38095e10vk.htm
0,2008-09-30,SMG,2008-11-25 00:00:00,2008-11-25 17:29:35,FY,2981800000,2042200000,939600000,0.3151116775102287,0.0,717600000,0.0,0.0,0.0,2883800000,0.0,0.0,292300000,0.09802803675632168,98000000,0.00529881279763901,-124000000,15800000,0.00529881279763901,26700000,-10900000,-0.0036555100945737475,-0.17,-0.17,64500000,64500000,https://www.sec.gov/Archives/edgar/data/825542/000095015208009725/0000950152-08-009725-index.html,https://www.sec.gov/Archives/edgar/data/825542/000095015208009725/l34070ae10vk.htm
0,2007-09-30,SMG,2007-11-29 00:00:00,2007-11-29 17:12:09,FY,2871800000,1867300000,1004500000,0.3497806253917404,0.0,700900000,0.0,0.0,0.0,2591900000,0.0,0.0,392200000,0.1365693989832161,279900000,0.06549899018037468,-44800000,188100000,0.06549899018037468,74700000,113400000,0.03948742948673306,1.74,1.69,65172414,67100592,https://www.sec.gov/Archives/edgar/data/825542/000095015207009349/0000950152-07-009349-index.html,https://www.sec.gov/Archives/edgar/data/825542/000095015207009349/l28885ae10vk.htm
0,2006-09-30,SMG,2006-12-14,2006-12-14 15:37:54,FY,2697100000,1741200000,955900000,0.3544177079084943,0.0,636900000,0.0,0.0,0.0,2435300000,0.0,0.0,395300000,0.14656482889028957,261800000,0.07893663564569352,-66500000,212900000,0.07893663564569352,80200000,132700000,0.04920099365985688,1.97,1.91,67360406,69476440,https://www.sec.gov/Archives/edgar/data/825542/000095015206010156/l23626ae10vk.htm,https://www.sec.gov/Archives/edgar/data/825542/000095015206010156/l23626ae10vk.htm
0,2005-09-30,SMG,2005-12-15,2005-12-14 17:34:40,FY,2369300000,1509200000,860100000,0.3630186130924746,0.0,633800000,0.0,0.0,0.0,2169000000,0.0,0.0,292900000,0.12362301101591187,200300000,0.0667285696197189,-25400000,158100000,0.0667285696197189,57700000,100600000,0.042459798252648465,1.51,1.47,66622517,68435374,https://www.sec.gov/Archives/edgar/data/825542/000095015205009969/l17406ae10vk.htm,https://www.sec.gov/Archives/edgar/data/825542/000095015205009969/l17406ae10vk.htm
0,2004-09-30,SMG,,,FY,2037900000,1267600000,770300000,0.37798714362824476,0.0,564600000,105000000,0.0,0.0,1774800000,0.0,11600000,307600000,0.15093969282104128,263100000,0.07777614210707101,13200000,158500000,0.07777614210707101,58000000,100900000,0.04951175229402817,1.56,1.515,64600000,66600000,,
0,2003-09-30,SMG,,,FY,1910100000,1210200000,699900000,0.3664206062509816,0.0,470100000,97700000,0.0,0.0,1651400000,0.0,8600000.0,299600000,0.15685042667923146,258700000,0.008533584629077011,11300000,16300000,0.008533584629077011,59500000,103800000,0.05434270457044134,1.68,1.615,61800000,64200000,,
0,2002-09-30,SMG,,,FY,1760600000,1124000000,636600000,0.3615812791093945,0.0,411800000,82200000,0.0,0.0,1511600000,0.0,5700000.0,272400000,0.15471998182437804,249000000,0.09252527547427014,20100000,162900000,0.09252527547427014,61900000,82500000,0.04685902533227309,1.405,1.305,58600000,63400000,,
0,2001-09-30,SMG,2001-12-14 00:00:00,2001-12-14 00:00:00,FY,1747700000,1089000000,658700000,0.376895348171883,0.0,468200000,151000000,0.0,0.0,1548300000,0.0,27700000,309400000,0.17703267151112892,199400000,0.016421582651484808,-46400000,28700000,0.016421582651484808,13200000,15500000,0.008868798992962178,0.275,0.255,56800000,60800000,https://www.sec.gov/Archives/edgar/data/825542/000095015201506415/0000950152-01-506415-index.html,https://www.sec.gov/Archives/edgar/data/825542/000095015201506415/l90295ae10-k.txt
0,2000-09-30,SMG,2000-12-28 00:00:00,2000-12-28 00:00:00,FY,1764300000,1011300000,753000000,0.42679816357762285,0.0,511800000,0.0,0.0,0.0,1589400000,0.0,66300000,205900000,0.1167035084736156,174900000,0.06591849458708836,35300000,116300000,0.06591849458708836,43200000,73100000,0.04143286289179845,1.195,1.125,55800000,59200000,https://www.sec.gov/Archives/edgar/data/825542/000095015200008701/0000950152-00-008701-index.html,https://www.sec.gov/Archives/edgar/data/825542/000095015200008701/l84098ae10-k.txt
0,1999-09-30,SMG,,,FY,1648300000,954300000,694000000,0.4210398592489231,0.0,470200000,0.0,0.0,0.0,1484700000,0.0,60200000,191300000,0.11605896984772189,163600000,0.07098222410968877,32500000,117000000,0.07098222410968877,47900000,63200000,0.03834253473275496,1.465,1.04,36600000,61000000,,
0,1998-09-30,SMG,,,FY,1113000000,690100000,422900000,0.37996406109613656,0.0,271600000,0.0,0.0,0.0,999500000,0.0,37800000,170700000,0.15336927223719676,113500000,0.05561545372866127,-19400000,61900000,0.05561545372866127,24900000,36300000,0.03261455525606469,0.71,0.6,37400000,60600000,,
0,1997-09-30,SMG,,,FY,900800000,553400000,347400000,0.38565719360568385,0.0,214400000,0.0,0.0,0.0,798200000,0.0,30400000,139300000,0.15464031971580816,102600000,0.07726465364120781,-6300000.0,69600000,0.07726465364120781,30100000,39500000,0.043849911190053284,0.675,0.675,58600000,58600000,,
0,1996-09-30,SMG,,,FY,751900000,393600000,358300000,0.4765261337943876,0.0,281000000,0.0,0.0,0.0,703900000,0.0,29300000,97500000,0.12967149886953053,48000000,0.001728953318260407,-20200000,1300000.0,0.001728953318260407,3800000.0,-2500000.0,-0.0033249102274238596,-0.325,-0.325,37572000,38000000,,
0,1995-09-30,SMG,1995-12-29 00:00:00,1995-12-29 00:00:00,FY,732800000,368700000,364100000,0.4968613537117904,0.0,271600000,0.0,0.0,0.0,666000000,0.0,25700000,92500000,0.12622816593886463,66800000,0.05554039301310044,0.0,40700000,0.05554039301310044,15600000,25100000,0.03425218340611354,0.555,0.555,45234000,45234000,https://www.sec.gov/Archives/edgar/data/825542/000089646395000153/0000896463-95-000153-index.html,https://www.sec.gov/Archives/edgar/data/825542/0000896463-95-000153.txt
0,1994-09-30,SMG,1994-12-29 00:00:00,1994-12-29 00:00:00,FY,606300000,297700000,308600000,0.5089889493650008,0.0,227400000,0.0,0.0,0.0,547100000,0.0,22000000,81200000,0.13392709879597559,59200000,0.06894276760679531,0.0,41800000,0.06894276760679531,17900000,22900000,0.03777008081807686,0.61,0.61,37570000,37657658,https://www.sec.gov/Archives/edgar/data/825542/000089646394000118/0000896463-94-000118-index.html,https://www.sec.gov/Archives/edgar/data/825542/0000896463-94-000118.txt
