,date,symbol,fillingDate,acceptedDate,period,revenue,costOfRevenue,grossProfit,grossProfitRatio,researchAndDevelopmentExpenses,generalAndAdministrativeExpenses,sellingAndMarketingExpenses,otherExpenses,operatingExpenses,costAndExpenses,interestExpense,depreciationAndAmortization,ebitda,ebitdaratio,operatingIncome,operatingIncomeRatio,totalOtherIncomeExpensesNet,incomeBeforeTax,incomeBeforeTaxRatio,incomeTaxExpense,netIncome,netIncomeRatio,eps,epsdiluted,weightedAverageShsOut,weightedAverageShsOutDil,link,finalLink
0,2019-12-31,EDR.TO,2019-12-31,2019-12-31,FY,121724000,139085000,-17361000,-0.14262594065262396,0.0,9663000.0,0.0,0.0,12209000,161274000,394000.0,0.0,-7500000.0,-0.06161480069665801,-39550000,-0.3615063586474319,-4060000.0,-44004000,-0.3615063586474319,4062000.0,-48066000,-0.3948769347047419,-0.36,-0.36,133516667,133516667,https://www.sedar.com/ModifyCompanyDocumentSearchForm.do?lang=EN&company_search=Endeavour Silver Corp&document_selection=0&industry_group=A&FromDate=13&FromMonth=05&FromYear=2000&ToDate=13&ToMonth=11&ToYear=2020&Variable=Issuer,https://www.sedar.com/ModifyCompanyDocumentSearchForm.do?lang=EN&company_search=Endeavour Silver Corp&document_selection=0&industry_group=A&FromDate=13&FromMonth=05&FromYear=2000&ToDate=13&ToMonth=11&ToYear=2020&Variable=Issuer
0,2018-12-31,EDR.TO,2018-12-31,2018-12-31,FY,150509000,147001000,3508000.0,0.023307576291118803,0.0,8372000.0,0.0,0.0,12533000,168160000,211000.0,0.0,21125000,0.14035705505983032,-17651000,-0.11767402613797182,1000.0,-17711000,-0.11767402613797182,-5272000.0,-12439000,-0.08264622049179783,-0.1,-0.1,128600421,128600421,https://www.sedar.com/ModifyCompanyDocumentSearchForm.do?lang=EN&company_search=Endeavour Silver Corp&document_selection=0&industry_group=A&FromDate=13&FromMonth=05&FromYear=2000&ToDate=13&ToMonth=11&ToYear=2020&Variable=Issuer,https://www.sedar.com/ModifyCompanyDocumentSearchForm.do?lang=EN&company_search=Endeavour Silver Corp&document_selection=0&industry_group=A&FromDate=13&FromMonth=05&FromYear=2000&ToDate=13&ToMonth=11&ToYear=2020&Variable=Issuer
0,2017-12-31,EDR.TO,2017-12-31,2017-12-31,FY,150499000,122020000,28479000,0.1892304932258686,0.0,7632000.0,0.0,0.0,12984000,142918000,0.0,0.0,23942000,0.15908411351570442,7581000.0,0.0524056638250088,935000.0,7887000.0,0.0524056638250088,-1797000.0,9684000.0,0.0643459424979568,0.08,0.08,127340834,127957573,https://www.sedar.com/ModifyCompanyDocumentSearchForm.do?lang=EN&company_search=Endeavour Silver Corp&document_selection=0&industry_group=A&FromDate=13&FromMonth=05&FromYear=2000&ToDate=13&ToMonth=11&ToYear=2020&Variable=Issuer,https://www.sedar.com/ModifyCompanyDocumentSearchForm.do?lang=EN&company_search=Endeavour Silver Corp&document_selection=0&industry_group=A&FromDate=13&FromMonth=05&FromYear=2000&ToDate=13&ToMonth=11&ToYear=2020&Variable=Issuer
0,2016-12-31,EDR.TO,2016-12-31,2016-12-31,FY,156767000,117874000,38893000,0.24809430556175727,0.0,9036000.0,0.0,0.0,10462000,137620000,65000.0,0.0,32385000,0.20658046655227183,19147000,0.07858158923753086,-5740000.0,12319000,0.07858158923753086,8409000.0,3910000.0,0.024941473651980326,0.03,0.03,117505811,119030666,https://www.sedar.com/ModifyCompanyDocumentSearchForm.do?lang=EN&company_search=Endeavour Silver Corp&document_selection=0&industry_group=A&FromDate=13&FromMonth=05&FromYear=2000&ToDate=13&ToMonth=11&ToYear=2020&Variable=Issuer,https://www.sedar.com/ModifyCompanyDocumentSearchForm.do?lang=EN&company_search=Endeavour Silver Corp&document_selection=0&industry_group=A&FromDate=13&FromMonth=05&FromYear=2000&ToDate=13&ToMonth=11&ToYear=2020&Variable=Issuer
0,2015-12-31,EDR.TO,2015-12-31,2015-12-31,FY,183556000,166816000,16740000,0.09119832639630412,0.0,7481000.0,0.0,0.0,6433000.0,180970000,56000.0,0.0,41979000,0.228698598792739,2586000.0,-0.7731373531783216,-143238000,-141914000,-0.7731373531783216,8027000.0,-149941000,-0.816867876833228,-1.47,-1.47,101996503,101996503,https://www.sedar.com/ModifyCompanyDocumentSearchForm.do?lang=EN&company_search=Endeavour Silver Corp&document_selection=0&industry_group=A&FromDate=13&FromMonth=05&FromYear=2000&ToDate=13&ToMonth=11&ToYear=2020&Variable=Issuer,https://www.sedar.com/ModifyCompanyDocumentSearchForm.do?lang=EN&company_search=Endeavour Silver Corp&document_selection=0&industry_group=A&FromDate=13&FromMonth=05&FromYear=2000&ToDate=13&ToMonth=11&ToYear=2020&Variable=Issuer
0,2014-12-31,EDR.TO,2014-12-31,2014-12-31,FY,196928000,182559000,14369000,0.07296575398115047,0.0,9470000.0,0.0,0.0,12587000,204838000,0.0,0.0,133970000,0.6802993987650309,-7910000.0,-0.489894783880403,-87221000,-96474000,-0.489894783880403,-21941000,-74533000,-0.3784784286642834,-0.74,-0.74,101314393,101314393,https://www.sedar.com/ModifyCompanyDocumentSearchForm.do?lang=EN&company_search=Endeavour Silver Corp&document_selection=0&industry_group=A&FromDate=13&FromMonth=05&FromYear=2000&ToDate=13&ToMonth=11&ToYear=2020&Variable=Issuer,https://www.sedar.com/ModifyCompanyDocumentSearchForm.do?lang=EN&company_search=Endeavour Silver Corp&document_selection=0&industry_group=A&FromDate=13&FromMonth=05&FromYear=2000&ToDate=13&ToMonth=11&ToYear=2020&Variable=Issuer
0,2013-12-31,EDR.TO,2013-12-31,2013-12-31,FY,276783000,219868000,56915000,0.20563040360137724,0.0,11414000,0.0,0.0,13207000,244680000,0.0,0.0,212589000,0.7680710159222206,32103000,-0.3466939804829054,-126588000,-95959000,-0.3466939804829054,-6494000.0,-89465000,-0.3232315568513962,-0.9,-0.9,99720704,99720704,https://www.sedar.com/ModifyCompanyDocumentSearchForm.do?lang=EN&company_search=Endeavour Silver Corp&document_selection=0&industry_group=A&FromDate=13&FromMonth=05&FromYear=2000&ToDate=13&ToMonth=11&ToYear=2020&Variable=Issuer,https://www.sedar.com/ModifyCompanyDocumentSearchForm.do?lang=EN&company_search=Endeavour Silver Corp&document_selection=0&industry_group=A&FromDate=13&FromMonth=05&FromYear=2000&ToDate=13&ToMonth=11&ToYear=2020&Variable=Issuer
0,2012-12-31,EDR.TO,2012-12-31,2012-12-31,FY,208079000,130126000,77953000,0.37463175044093827,0.0,12998000,0.0,0.0,11217000,154479000,0.0,0.0,83100000,0.39936754790247936,53600000,0.288765324708404,6938000.0,60086000,0.288765324708404,17969000,42117000,0.20240870054162122,0.45,0.42,93266038,95728031,https://www.sedar.com/ModifyCompanyDocumentSearchForm.do?lang=EN&company_search=Endeavour Silver Corp&document_selection=0&industry_group=A&FromDate=13&FromMonth=05&FromYear=2000&ToDate=13&ToMonth=11&ToYear=2020&Variable=Issuer,https://www.sedar.com/ModifyCompanyDocumentSearchForm.do?lang=EN&company_search=Endeavour Silver Corp&document_selection=0&industry_group=A&FromDate=13&FromMonth=05&FromYear=2000&ToDate=13&ToMonth=11&ToYear=2020&Variable=Issuer
0,2011-12-31,EDR.TO,2011-12-31,2011-12-31,FY,127997000,59197000,68800000,0.5375125979515145,10207000,10959000,0.0,0.0,10207000,80454000,4000.0,0.0,64815000,0.5063790557591193,47543000,0.27795963967905496,-11961000,35578000,0.27795963967905496,16823000,18755000,0.14652687172355602,0.22,0.22,84326682,86364543,https://www.sedar.com/ModifyCompanyDocumentSearchForm.do?lang=EN&company_search=Endeavour Silver Corp&document_selection=0&industry_group=A&FromDate=13&FromMonth=05&FromYear=2000&ToDate=13&ToMonth=11&ToYear=2020&Variable=Issuer,https://www.sedar.com/ModifyCompanyDocumentSearchForm.do?lang=EN&company_search=Endeavour Silver Corp&document_selection=0&industry_group=A&FromDate=13&FromMonth=05&FromYear=2000&ToDate=13&ToMonth=11&ToYear=2020&Variable=Issuer
0,2010-12-31,EDR.TO,2010-12-31,2010-12-31,FY,86510000,41514000,44996000,0.5201248410588372,0.0,10164000,0.0,0.0,4283000.0,71408000,0.0,15447000,29105000,0.336435094208762,15102000,0.19126112588140098,1444000.0,16546000,0.19126112588140098,9467000.0,7079000.0,0.08182869032481795,0.11,0.1,65646786,69122226,https://www.sedar.com/ModifyCompanyDocumentSearchForm.do?lang=EN&company_search=Endeavour Silver Corp&document_selection=0&industry_group=A&FromDate=13&FromMonth=05&FromYear=2000&ToDate=13&ToMonth=11&ToYear=2020&Variable=Issuer,https://www.sedar.com/ModifyCompanyDocumentSearchForm.do?lang=EN&company_search=Endeavour Silver Corp&document_selection=0&industry_group=A&FromDate=13&FromMonth=05&FromYear=2000&ToDate=13&ToMonth=11&ToYear=2020&Variable=Issuer
0,2009-12-31,EDR.TO,2009-12-31,2009-12-31,FY,50769000,29478000,21291000,0.41937008804585474,0.0,6157000.0,0.0,0.0,2394000.0,49293000,0.0,11264000,12049000,0.23732986665090902,1476000.0,0.04268352734936674,691000.0,2167000.0,0.04268352734936674,4093000.0,-1926000.0,-0.03793653607516398,-0.04,-0.04,53212960,53212960,https://www.sedar.com/ModifyCompanyDocumentSearchForm.do?lang=EN&company_search=Endeavour Silver Corp&document_selection=0&industry_group=A&FromDate=13&FromMonth=05&FromYear=2000&ToDate=13&ToMonth=11&ToYear=2020&Variable=Issuer,https://www.sedar.com/ModifyCompanyDocumentSearchForm.do?lang=EN&company_search=Endeavour Silver Corp&document_selection=0&industry_group=A&FromDate=13&FromMonth=05&FromYear=2000&ToDate=13&ToMonth=11&ToYear=2020&Variable=Issuer
0,2008-12-31,EDR.TO,2008-12-31,2008-12-31,FY,39302000,27802000,11500000,0.29260597425067425,0.0,7427000.0,0.0,0.0,8570000.0,52182000,0.0,8383000.0,-374000.0,-0.009516055162587146,-12880000,-0.43262429392906215,-4123000.0,-17003000,-0.43262429392906215,1001000.0,-18004000,-0.45809373568775125,-0.37,-0.37,49032192,49032192,https://www.sedar.com/ModifyCompanyDocumentSearchForm.do?lang=EN&company_search=Endeavour Silver Corp&document_selection=0&industry_group=A&FromDate=13&FromMonth=05&FromYear=2000&ToDate=13&ToMonth=11&ToYear=2020&Variable=Issuer,https://www.sedar.com/ModifyCompanyDocumentSearchForm.do?lang=EN&company_search=Endeavour Silver Corp&document_selection=0&industry_group=A&FromDate=13&FromMonth=05&FromYear=2000&ToDate=13&ToMonth=11&ToYear=2020&Variable=Issuer
0,2007-12-31,EDR.TO,2007-12-31,2007-12-31,FY,32319000,24335000,7984000.0,0.24703734645255113,0.0,9517000.0,0.0,0.0,5967000.0,44501000,0.0,4682000.0,-10132000,-0.31349979887991586,-12182000,-0.3413781366997741,2632000.0,-11033000,-0.3413781366997741,1169000.0,-12202000,-0.3775488102973483,-0.27,-0.27,45441128,45441128,https://www.sedar.com/ModifyCompanyDocumentSearchForm.do?lang=EN&company_search=Endeavour Silver Corp&document_selection=0&industry_group=A&FromDate=13&FromMonth=05&FromYear=2000&ToDate=13&ToMonth=11&ToYear=2020&Variable=Issuer,https://www.sedar.com/ModifyCompanyDocumentSearchForm.do?lang=EN&company_search=Endeavour Silver Corp&document_selection=0&industry_group=A&FromDate=13&FromMonth=05&FromYear=2000&ToDate=13&ToMonth=11&ToYear=2020&Variable=Issuer
0,2006-12-31,EDR.TO,2006-12-31,2006-12-31,FY,15243599.862732,0.0,15243599.862732,1.0,0.0,6353498.627316,0.0,0.0,8923083.390528,17843167.467399,0.0,2566585.449554,-631652.367879,-0.04143721782039702,-2599567.604667,-0.1435222091024434,598670.212766,-2187795.126973,-0.1435222091024434,1371243.994509,-3559039.121482,-0.23347760066723106,-0.094372,-0.094372,37713913,37713913,https://www.sedar.com/ModifyCompanyDocumentSearchForm.do?lang=EN&company_search=Endeavour Silver Corp&document_selection=0&industry_group=A&FromDate=13&FromMonth=05&FromYear=2000&ToDate=13&ToMonth=11&ToYear=2020&Variable=Issuer,https://www.sedar.com/ModifyCompanyDocumentSearchForm.do?lang=EN&company_search=Endeavour Silver Corp&document_selection=0&industry_group=A&FromDate=13&FromMonth=05&FromYear=2000&ToDate=13&ToMonth=11&ToYear=2020&Variable=Issuer
0,2005-12-31,EDR.TO,,,FY,0.0,0.0,0.0,0.0,0.0,0.0,0.0,0.0,0.0,0.0,0.0,0.0,0.0,0.0,0.0,0.0,0.0,0.0,0.0,0.0,0.0,0.0,0.0,0.0,133516667,133516667,https://www.sedar.com/ModifyCompanyDocumentSearchForm.do?lang=EN&company_search=Endeavour Silver Corp&document_selection=0&industry_group=A&FromDate=13&FromMonth=05&FromYear=2000&ToDate=13&ToMonth=11&ToYear=2020&Variable=Issuer,https://www.sedar.com/ModifyCompanyDocumentSearchForm.do?lang=EN&company_search=Endeavour Silver Corp&document_selection=0&industry_group=A&FromDate=13&FromMonth=05&FromYear=2000&ToDate=13&ToMonth=11&ToYear=2020&Variable=Issuer
0,2005-02-28,EDR.TO,2005-02-28,2005-02-28,FY,0.0,0.0,0.0,0.0,0.0,2119787.175414,0.0,0.0,245454.177067,2369135.572341,0.0,3894.219859,-2570112.976951,0.0,-2369135.572341,0.0,204871.624469,0.0,0.0,0.0,-2079198.949655,0.0,-0.121568,-0.121568,17103213,17103213,https://www.sedar.com/ModifyCompanyDocumentSearchForm.do?lang=EN&company_search=Endeavour Silver Corp&document_selection=0&industry_group=A&FromDate=13&FromMonth=05&FromYear=2000&ToDate=13&ToMonth=11&ToYear=2020&Variable=Issuer,https://www.sedar.com/ModifyCompanyDocumentSearchForm.do?lang=EN&company_search=Endeavour Silver Corp&document_selection=0&industry_group=A&FromDate=13&FromMonth=05&FromYear=2000&ToDate=13&ToMonth=11&ToYear=2020&Variable=Issuer
0,2004-02-29,EDR.TO,,,FY,0.0,0.0,0.0,0.0,0.0,308438.881811,0.0,0.0,0.0,308675.71011,0.0,236.828299,-37285.468036,0.0,-308675.71011,0.0,-271153.413775,0.0,0.0,0.0,-583602.638087,0.0,-0.08244,-0.08244,6994323.0,7084700.0,https://www.sedar.com/ModifyCompanyDocumentSearchForm.do?lang=EN&company_search=Endeavour Silver Corp&document_selection=0&industry_group=A&FromDate=13&FromMonth=05&FromYear=2000&ToDate=13&ToMonth=11&ToYear=2020&Variable=Issuer,https://www.sedar.com/ModifyCompanyDocumentSearchForm.do?lang=EN&company_search=Endeavour Silver Corp&document_selection=0&industry_group=A&FromDate=13&FromMonth=05&FromYear=2000&ToDate=13&ToMonth=11&ToYear=2020&Variable=Issuer
0,2003-02-28,EDR.TO,,,FY,0.0,0.0,0.0,0.0,0.0,119966.978907,0.0,0.0,0.0,120257.429746,0.0,290.450839,-123371.520992,0.0,-120257.429746,0.0,3404.542085,0.0,0.0,0.0,-125242.266999,0.0,-0.040434,-0.040434,3263684.0,3263684.0,https://www.sedar.com/ModifyCompanyDocumentSearchForm.do?lang=EN&company_search=Endeavour Silver Corp&document_selection=0&industry_group=A&FromDate=13&FromMonth=05&FromYear=2000&ToDate=13&ToMonth=11&ToYear=2020&Variable=Issuer,https://www.sedar.com/ModifyCompanyDocumentSearchForm.do?lang=EN&company_search=Endeavour Silver Corp&document_selection=0&industry_group=A&FromDate=13&FromMonth=05&FromYear=2000&ToDate=13&ToMonth=11&ToYear=2020&Variable=Issuer
0,2002-02-28,EDR.TO,,,FY,0.0,0.0,0.0,0.0,0.0,22249.468082,0.0,0.0,0.0,22776.082711,0.0,526.614629,-24949.303983,0.0,-22776.082711,0.0,2699.835901,0.0,0.0,0.0,-20824.987989,0.0,-1.125126,-1.125126,18509.0,18509.0,https://www.sedar.com/ModifyCompanyDocumentSearchForm.do?lang=EN&company_search=Endeavour Silver Corp&document_selection=0&industry_group=A&FromDate=13&FromMonth=05&FromYear=2000&ToDate=13&ToMonth=11&ToYear=2020&Variable=Issuer,https://www.sedar.com/ModifyCompanyDocumentSearchForm.do?lang=EN&company_search=Endeavour Silver Corp&document_selection=0&industry_group=A&FromDate=13&FromMonth=05&FromYear=2000&ToDate=13&ToMonth=11&ToYear=2020&Variable=Issuer
0,2001-02-28,EDR.TO,2001-02-28,2001-02-28,FY,0.6508,0.0,0.0,0.0,0.0,24057.47867,0.0,0.0,0.0,24316.497133,0.0,259.018463,-59156.432834,-90898.02217885679,-24315.846333,0.0,35099.604964,0.0,0.0,0.0,10978.347879,16869.004116472035,0.000291,0.000291,37713913,37713913,https://www.sedar.com/ModifyCompanyDocumentSearchForm.do?lang=EN&company_search=Endeavour Silver Corp&document_selection=0&industry_group=A&FromDate=13&FromMonth=05&FromYear=2000&ToDate=13&ToMonth=11&ToYear=2020&Variable=Issuer,https://www.sedar.com/ModifyCompanyDocumentSearchForm.do?lang=EN&company_search=Endeavour Silver Corp&document_selection=0&industry_group=A&FromDate=13&FromMonth=05&FromYear=2000&ToDate=13&ToMonth=11&ToYear=2020&Variable=Issuer
