,date,symbol,fillingDate,acceptedDate,period,revenue,costOfRevenue,grossProfit,grossProfitRatio,researchAndDevelopmentExpenses,generalAndAdministrativeExpenses,sellingAndMarketingExpenses,otherExpenses,operatingExpenses,costAndExpenses,interestExpense,depreciationAndAmortization,ebitda,ebitdaratio,operatingIncome,operatingIncomeRatio,totalOtherIncomeExpensesNet,incomeBeforeTax,incomeBeforeTaxRatio,incomeTaxExpense,netIncome,netIncomeRatio,eps,epsdiluted,weightedAverageShsOut,weightedAverageShsOutDil,link,finalLink
0,2019-09-31,GREV.PA,,2019-09-31,Q3,3523668.75,2146051.25,1377617.5,2.557799062511909,0.0,0.0,0.0,0.0,110041.25,3217747.25,5189.75,190428.5,498269.0,7.071820141329282,305921.5,11.518212188420886,0.0,323278.75,10.899784628590652,96017.25,227261.0,15.50494255503584,0.4525,0.4525,502234.0,502234.0,https://www.infogreffe.com/recherche-entreprise-dirigeants/resultats-entreprise-dirigeants.html?ga_cat=globale&ga_q=G.R.E.V#phrase=G.R.E.V,https://www.infogreffe.com/recherche-entreprise-dirigeants/resultats-entreprise-dirigeants.html?ga_cat=globale&ga_q=G.R.E.V#phrase=G.R.E.V
0,2019-06-31,GREV.PA,,2019-06-31,Q2,3523668.75,2146051.25,1377617.5,2.557799062511909,0.0,0.0,0.0,0.0,110041.25,3217747.25,5189.75,190428.5,498269.0,7.071820141329282,305921.5,11.518212188420886,0.0,323278.75,10.899784628590652,96017.25,227261.0,15.50494255503584,0.4525,0.4525,502234.0,502234.0,https://www.infogreffe.com/recherche-entreprise-dirigeants/resultats-entreprise-dirigeants.html?ga_cat=globale&ga_q=G.R.E.V#phrase=G.R.E.V,https://www.infogreffe.com/recherche-entreprise-dirigeants/resultats-entreprise-dirigeants.html?ga_cat=globale&ga_q=G.R.E.V#phrase=G.R.E.V
0,2019-03-31,GREV.PA,,2019-03-31,Q1,3523668.75,2146051.25,1377617.5,2.557799062511909,0.0,0.0,0.0,0.0,110041.25,3217747.25,5189.75,190428.5,498269.0,7.071820141329282,305921.5,11.518212188420886,0.0,323278.75,10.899784628590652,96017.25,227261.0,15.50494255503584,0.4525,0.4525,502234.0,502234.0,https://www.infogreffe.com/recherche-entreprise-dirigeants/resultats-entreprise-dirigeants.html?ga_cat=globale&ga_q=G.R.E.V#phrase=G.R.E.V,https://www.infogreffe.com/recherche-entreprise-dirigeants/resultats-entreprise-dirigeants.html?ga_cat=globale&ga_q=G.R.E.V#phrase=G.R.E.V
0,2019-01-31,GREV.PA,,2019-01-31,Q1,3523668.75,2146051.25,1377617.5,2.557799062511909,0.0,0.0,0.0,0.0,110041.25,3217747.25,5189.75,190428.5,498269.0,7.071820141329282,305921.5,11.518212188420886,0.0,323278.75,10.899784628590652,96017.25,227261.0,15.50494255503584,0.4525,0.4525,502234.0,502234.0,https://www.infogreffe.com/recherche-entreprise-dirigeants/resultats-entreprise-dirigeants.html?ga_cat=globale&ga_q=G.R.E.V#phrase=G.R.E.V,https://www.infogreffe.com/recherche-entreprise-dirigeants/resultats-entreprise-dirigeants.html?ga_cat=globale&ga_q=G.R.E.V#phrase=G.R.E.V
0,2018-09-31,GREV.PA,,2018-09-31,Q3,3298424.5,2053184.75,1245239.75,2.6488268624576112,0.0,0.0,0.0,0.0,91154.5,2996166.25,38.75,158549.5,460718.0,7.159313289257203,302258.25,10.91260370891448,0.0,317244.75,10.397097193885793,85736.75,231507.5,14.247592410613047,0.46,0.46,503277.0,503277.0,https://www.infogreffe.com/recherche-entreprise-dirigeants/resultats-entreprise-dirigeants.html?ga_cat=globale&ga_q=G.R.E.V#phrase=G.R.E.V,https://www.infogreffe.com/recherche-entreprise-dirigeants/resultats-entreprise-dirigeants.html?ga_cat=globale&ga_q=G.R.E.V#phrase=G.R.E.V
0,2018-06-31,GREV.PA,,2018-06-31,Q2,3298424.5,2053184.75,1245239.75,2.6488268624576112,0.0,0.0,0.0,0.0,91154.5,2996166.25,38.75,158549.5,460718.0,7.159313289257203,302258.25,10.91260370891448,0.0,317244.75,10.397097193885793,85736.75,231507.5,14.247592410613047,0.46,0.46,503277.0,503277.0,https://www.infogreffe.com/recherche-entreprise-dirigeants/resultats-entreprise-dirigeants.html?ga_cat=globale&ga_q=G.R.E.V#phrase=G.R.E.V,https://www.infogreffe.com/recherche-entreprise-dirigeants/resultats-entreprise-dirigeants.html?ga_cat=globale&ga_q=G.R.E.V#phrase=G.R.E.V
0,2018-03-31,GREV.PA,,2018-03-31,Q1,3298424.5,2053184.75,1245239.75,2.6488268624576112,0.0,0.0,0.0,0.0,91154.5,2996166.25,38.75,158549.5,460718.0,7.159313289257203,302258.25,10.91260370891448,0.0,317244.75,10.397097193885793,85736.75,231507.5,14.247592410613047,0.46,0.46,503277.0,503277.0,https://www.infogreffe.com/recherche-entreprise-dirigeants/resultats-entreprise-dirigeants.html?ga_cat=globale&ga_q=G.R.E.V#phrase=G.R.E.V,https://www.infogreffe.com/recherche-entreprise-dirigeants/resultats-entreprise-dirigeants.html?ga_cat=globale&ga_q=G.R.E.V#phrase=G.R.E.V
0,2018-01-31,GREV.PA,,2018-01-31,Q1,3298424.5,2053184.75,1245239.75,2.6488268624576112,0.0,0.0,0.0,0.0,91154.5,2996166.25,38.75,158549.5,460718.0,7.159313289257203,302258.25,10.91260370891448,0.0,317244.75,10.397097193885793,85736.75,231507.5,14.247592410613047,0.46,0.46,503277.0,503277.0,https://www.infogreffe.com/recherche-entreprise-dirigeants/resultats-entreprise-dirigeants.html?ga_cat=globale&ga_q=G.R.E.V#phrase=G.R.E.V,https://www.infogreffe.com/recherche-entreprise-dirigeants/resultats-entreprise-dirigeants.html?ga_cat=globale&ga_q=G.R.E.V#phrase=G.R.E.V
0,2017-09-31,GREV.PA,,2017-09-31,Q3,3014721.0,1935776.5,1078944.5,2.794139086857572,0.0,0.0,0.0,0.0,76624.25,2842410.25,360.5,185429.75,356817.0,8.448927601543648,172310.75,17.495838187692875,0.0,186659.75,16.15088951956702,40473.75,146186.25,20.62246620321679,0.29047625,0.29047625,503264.0,503264.0,https://www.infogreffe.com/recherche-entreprise-dirigeants/resultats-entreprise-dirigeants.html?ga_cat=globale&ga_q=G.R.E.V#phrase=G.R.E.V,https://www.infogreffe.com/recherche-entreprise-dirigeants/resultats-entreprise-dirigeants.html?ga_cat=globale&ga_q=G.R.E.V#phrase=G.R.E.V
0,2017-06-31,GREV.PA,,2017-06-31,Q2,3014721.0,1935776.5,1078944.5,2.794139086857572,0.0,0.0,0.0,0.0,76624.25,2842410.25,360.5,185429.75,356817.0,8.448927601543648,172310.75,17.495838187692875,0.0,186659.75,16.15088951956702,40473.75,146186.25,20.62246620321679,0.29047625,0.29047625,503264.0,503264.0,https://www.infogreffe.com/recherche-entreprise-dirigeants/resultats-entreprise-dirigeants.html?ga_cat=globale&ga_q=G.R.E.V#phrase=G.R.E.V,https://www.infogreffe.com/recherche-entreprise-dirigeants/resultats-entreprise-dirigeants.html?ga_cat=globale&ga_q=G.R.E.V#phrase=G.R.E.V
0,2017-03-31,GREV.PA,,2017-03-31,Q1,3014721.0,1935776.5,1078944.5,2.794139086857572,0.0,0.0,0.0,0.0,76624.25,2842410.25,360.5,185429.75,356817.0,8.448927601543648,172310.75,17.495838187692875,0.0,186659.75,16.15088951956702,40473.75,146186.25,20.62246620321679,0.29047625,0.29047625,503264.0,503264.0,https://www.infogreffe.com/recherche-entreprise-dirigeants/resultats-entreprise-dirigeants.html?ga_cat=globale&ga_q=G.R.E.V#phrase=G.R.E.V,https://www.infogreffe.com/recherche-entreprise-dirigeants/resultats-entreprise-dirigeants.html?ga_cat=globale&ga_q=G.R.E.V#phrase=G.R.E.V
0,2017-01-31,GREV.PA,,2017-01-31,Q1,3014721.0,1935776.5,1078944.5,2.794139086857572,0.0,0.0,0.0,0.0,76624.25,2842410.25,360.5,185429.75,356817.0,8.448927601543648,172310.75,17.495838187692875,0.0,186659.75,16.15088951956702,40473.75,146186.25,20.62246620321679,0.29047625,0.29047625,503264.0,503264.0,https://www.infogreffe.com/recherche-entreprise-dirigeants/resultats-entreprise-dirigeants.html?ga_cat=globale&ga_q=G.R.E.V#phrase=G.R.E.V,https://www.infogreffe.com/recherche-entreprise-dirigeants/resultats-entreprise-dirigeants.html?ga_cat=globale&ga_q=G.R.E.V#phrase=G.R.E.V
0,2016-09-31,GREV.PA,,2016-09-31,Q3,2705944.0,1859166.0,846778.0,3.19557664464594,0.0,0.0,0.0,0.0,62967.5,2601709.5,74.25,181974.5,286205.5,9.45454926617413,104234.5,25.96015714566674,0.0,123516.5,21.90755081304927,13369.5,110146.5,24.56677243489353,0.21886425,0.21886425,503264.0,503264.0,https://www.infogreffe.com/recherche-entreprise-dirigeants/resultats-entreprise-dirigeants.html?ga_cat=globale&ga_q=G.R.E.V#phrase=G.R.E.V,https://www.infogreffe.com/recherche-entreprise-dirigeants/resultats-entreprise-dirigeants.html?ga_cat=globale&ga_q=G.R.E.V#phrase=G.R.E.V
0,2016-06-31,GREV.PA,,2016-06-31,Q2,2705944.0,1859166.0,846778.0,3.19557664464594,0.0,0.0,0.0,0.0,62967.5,2601709.5,74.25,181974.5,286205.5,9.45454926617413,104234.5,25.96015714566674,0.0,123516.5,21.90755081304927,13369.5,110146.5,24.56677243489353,0.21886425,0.21886425,503264.0,503264.0,https://www.infogreffe.com/recherche-entreprise-dirigeants/resultats-entreprise-dirigeants.html?ga_cat=globale&ga_q=G.R.E.V#phrase=G.R.E.V,https://www.infogreffe.com/recherche-entreprise-dirigeants/resultats-entreprise-dirigeants.html?ga_cat=globale&ga_q=G.R.E.V#phrase=G.R.E.V
0,2016-03-31,GREV.PA,,2016-03-31,Q1,2705944.0,1859166.0,846778.0,3.19557664464594,0.0,0.0,0.0,0.0,62967.5,2601709.5,74.25,181974.5,286205.5,9.45454926617413,104234.5,25.96015714566674,0.0,123516.5,21.90755081304927,13369.5,110146.5,24.56677243489353,0.21886425,0.21886425,503264.0,503264.0,https://www.infogreffe.com/recherche-entreprise-dirigeants/resultats-entreprise-dirigeants.html?ga_cat=globale&ga_q=G.R.E.V#phrase=G.R.E.V,https://www.infogreffe.com/recherche-entreprise-dirigeants/resultats-entreprise-dirigeants.html?ga_cat=globale&ga_q=G.R.E.V#phrase=G.R.E.V
0,2016-01-31,GREV.PA,,2016-01-31,Q1,2705944.0,1859166.0,846778.0,3.19557664464594,0.0,0.0,0.0,0.0,62967.5,2601709.5,74.25,181974.5,286205.5,9.45454926617413,104234.5,25.96015714566674,0.0,123516.5,21.90755081304927,13369.5,110146.5,24.56677243489353,0.21886425,0.21886425,503264.0,503264.0,https://www.infogreffe.com/recherche-entreprise-dirigeants/resultats-entreprise-dirigeants.html?ga_cat=globale&ga_q=G.R.E.V#phrase=G.R.E.V,https://www.infogreffe.com/recherche-entreprise-dirigeants/resultats-entreprise-dirigeants.html?ga_cat=globale&ga_q=G.R.E.V#phrase=G.R.E.V
0,2015-09-31,GREV.PA,,2015-09-31,Q3,3182164.25,1694196.75,1487967.5,2.138597953248307,0.0,0.0,0.0,0.0,154748.75,2532045.25,126.25,142352.0,792384.25,4.015935766012512,650119.0,4.894741193535338,0.0,517057.25,6.154375071619246,141528.0,375529.0,8.473817601303761,0.746187,0.746187,503264.0,503264.0,https://www.infogreffe.com/recherche-entreprise-dirigeants/resultats-entreprise-dirigeants.html?ga_cat=globale&ga_q=G.R.E.V#phrase=G.R.E.V,https://www.infogreffe.com/recherche-entreprise-dirigeants/resultats-entreprise-dirigeants.html?ga_cat=globale&ga_q=G.R.E.V#phrase=G.R.E.V
0,2015-06-31,GREV.PA,,2015-06-31,Q2,3182164.25,1694196.75,1487967.5,2.138597953248307,0.0,0.0,0.0,0.0,154748.75,2532045.25,126.25,142352.0,792384.25,4.015935766012512,650119.0,4.894741193535338,0.0,517057.25,6.154375071619246,141528.0,375529.0,8.473817601303761,0.746187,0.746187,503264.0,503264.0,https://www.infogreffe.com/recherche-entreprise-dirigeants/resultats-entreprise-dirigeants.html?ga_cat=globale&ga_q=G.R.E.V#phrase=G.R.E.V,https://www.infogreffe.com/recherche-entreprise-dirigeants/resultats-entreprise-dirigeants.html?ga_cat=globale&ga_q=G.R.E.V#phrase=G.R.E.V
0,2015-03-31,GREV.PA,,2015-03-31,Q1,3182164.25,1694196.75,1487967.5,2.138597953248307,0.0,0.0,0.0,0.0,154748.75,2532045.25,126.25,142352.0,792384.25,4.015935766012512,650119.0,4.894741193535338,0.0,517057.25,6.154375071619246,141528.0,375529.0,8.473817601303761,0.746187,0.746187,503264.0,503264.0,https://www.infogreffe.com/recherche-entreprise-dirigeants/resultats-entreprise-dirigeants.html?ga_cat=globale&ga_q=G.R.E.V#phrase=G.R.E.V,https://www.infogreffe.com/recherche-entreprise-dirigeants/resultats-entreprise-dirigeants.html?ga_cat=globale&ga_q=G.R.E.V#phrase=G.R.E.V
0,2015-01-31,GREV.PA,,2015-01-31,Q1,3182164.25,1694196.75,1487967.5,2.138597953248307,0.0,0.0,0.0,0.0,154748.75,2532045.25,126.25,142352.0,792384.25,4.015935766012512,650119.0,4.894741193535338,0.0,517057.25,6.154375071619246,141528.0,375529.0,8.473817601303761,0.746187,0.746187,503264.0,503264.0,https://www.infogreffe.com/recherche-entreprise-dirigeants/resultats-entreprise-dirigeants.html?ga_cat=globale&ga_q=G.R.E.V#phrase=G.R.E.V,https://www.infogreffe.com/recherche-entreprise-dirigeants/resultats-entreprise-dirigeants.html?ga_cat=globale&ga_q=G.R.E.V#phrase=G.R.E.V
0,2014-09-31,GREV.PA,,2014-09-31,Q3,3306288.75,1577572.5,1728716.25,1.9125687920154624,0.0,0.0,0.0,0.0,78325.5,2415726.75,281.5,145949.75,1037882.75,3.18560911625133,890562.0,3.7125868271945133,0.0,888252.5,3.722239734760105,275199.75,613053.0,5.3931532020885635,1.2175,1.2175,503264.0,503264.0,https://www.infogreffe.com/recherche-entreprise-dirigeants/resultats-entreprise-dirigeants.html?ga_cat=globale&ga_q=G.R.E.V#phrase=G.R.E.V,https://www.infogreffe.com/recherche-entreprise-dirigeants/resultats-entreprise-dirigeants.html?ga_cat=globale&ga_q=G.R.E.V#phrase=G.R.E.V
0,2014-06-31,GREV.PA,,2014-06-31,Q2,3306288.75,1577572.5,1728716.25,1.9125687920154624,0.0,0.0,0.0,0.0,78325.5,2415726.75,281.5,145949.75,1037882.75,3.18560911625133,890562.0,3.7125868271945133,0.0,888252.5,3.722239734760105,275199.75,613053.0,5.3931532020885635,1.2175,1.2175,503264.0,503264.0,https://www.infogreffe.com/recherche-entreprise-dirigeants/resultats-entreprise-dirigeants.html?ga_cat=globale&ga_q=G.R.E.V#phrase=G.R.E.V,https://www.infogreffe.com/recherche-entreprise-dirigeants/resultats-entreprise-dirigeants.html?ga_cat=globale&ga_q=G.R.E.V#phrase=G.R.E.V
0,2014-03-31,GREV.PA,,2014-03-31,Q1,3306288.75,1577572.5,1728716.25,1.9125687920154624,0.0,0.0,0.0,0.0,78325.5,2415726.75,281.5,145949.75,1037882.75,3.18560911625133,890562.0,3.7125868271945133,0.0,888252.5,3.722239734760105,275199.75,613053.0,5.3931532020885635,1.2175,1.2175,503264.0,503264.0,https://www.infogreffe.com/recherche-entreprise-dirigeants/resultats-entreprise-dirigeants.html?ga_cat=globale&ga_q=G.R.E.V#phrase=G.R.E.V,https://www.infogreffe.com/recherche-entreprise-dirigeants/resultats-entreprise-dirigeants.html?ga_cat=globale&ga_q=G.R.E.V#phrase=G.R.E.V
0,2014-01-31,GREV.PA,,2014-01-31,Q1,3306288.75,1577572.5,1728716.25,1.9125687920154624,0.0,0.0,0.0,0.0,78325.5,2415726.75,281.5,145949.75,1037882.75,3.18560911625133,890562.0,3.7125868271945133,0.0,888252.5,3.722239734760105,275199.75,613053.0,5.3931532020885635,1.2175,1.2175,503264.0,503264.0,https://www.infogreffe.com/recherche-entreprise-dirigeants/resultats-entreprise-dirigeants.html?ga_cat=globale&ga_q=G.R.E.V#phrase=G.R.E.V,https://www.infogreffe.com/recherche-entreprise-dirigeants/resultats-entreprise-dirigeants.html?ga_cat=globale&ga_q=G.R.E.V#phrase=G.R.E.V
0,2013-09-31,GREV.PA,,2013-09-31,Q3,3310832.0,1532648.75,1778183.25,1.8619183371567583,0.0,0.0,0.0,0.0,109555.0,2236936.0,102.5,205689.0,1279854.25,2.5868820609846783,1073896.0,3.0830099004000386,0.0,940221.25,3.521332877766802,351793.0,588428.0,5.626571135296077,1.16922325,1.16922325,503264.0,503264.0,https://www.infogreffe.com/recherche-entreprise-dirigeants/resultats-entreprise-dirigeants.html?ga_cat=globale&ga_q=G.R.E.V#phrase=G.R.E.V,https://www.infogreffe.com/recherche-entreprise-dirigeants/resultats-entreprise-dirigeants.html?ga_cat=globale&ga_q=G.R.E.V#phrase=G.R.E.V
0,2013-06-31,GREV.PA,,2013-06-31,Q2,3310832.0,1532648.75,1778183.25,1.8619183371567583,0.0,0.0,0.0,0.0,109555.0,2236936.0,102.5,205689.0,1279854.25,2.5868820609846783,1073896.0,3.0830099004000386,0.0,940221.25,3.521332877766802,351793.0,588428.0,5.626571135296077,1.16922325,1.16922325,503264.0,503264.0,https://www.infogreffe.com/recherche-entreprise-dirigeants/resultats-entreprise-dirigeants.html?ga_cat=globale&ga_q=G.R.E.V#phrase=G.R.E.V,https://www.infogreffe.com/recherche-entreprise-dirigeants/resultats-entreprise-dirigeants.html?ga_cat=globale&ga_q=G.R.E.V#phrase=G.R.E.V
0,2013-03-31,GREV.PA,,2013-03-31,Q1,3310832.0,1532648.75,1778183.25,1.8619183371567583,0.0,0.0,0.0,0.0,109555.0,2236936.0,102.5,205689.0,1279854.25,2.5868820609846783,1073896.0,3.0830099004000386,0.0,940221.25,3.521332877766802,351793.0,588428.0,5.626571135296077,1.16922325,1.16922325,503264.0,503264.0,https://www.infogreffe.com/recherche-entreprise-dirigeants/resultats-entreprise-dirigeants.html?ga_cat=globale&ga_q=G.R.E.V#phrase=G.R.E.V,https://www.infogreffe.com/recherche-entreprise-dirigeants/resultats-entreprise-dirigeants.html?ga_cat=globale&ga_q=G.R.E.V#phrase=G.R.E.V
0,2013-01-31,GREV.PA,,2013-01-31,Q1,3310832.0,1532648.75,1778183.25,1.8619183371567583,0.0,0.0,0.0,0.0,109555.0,2236936.0,102.5,205689.0,1279854.25,2.5868820609846783,1073896.0,3.0830099004000386,0.0,940221.25,3.521332877766802,351793.0,588428.0,5.626571135296077,1.16922325,1.16922325,503264.0,503264.0,https://www.infogreffe.com/recherche-entreprise-dirigeants/resultats-entreprise-dirigeants.html?ga_cat=globale&ga_q=G.R.E.V#phrase=G.R.E.V,https://www.infogreffe.com/recherche-entreprise-dirigeants/resultats-entreprise-dirigeants.html?ga_cat=globale&ga_q=G.R.E.V#phrase=G.R.E.V
0,2012-09-31,GREV.PA,,2012-09-31,Q3,3181977.5,1410855.25,1771122.25,1.7965882931006032,0.0,0.0,0.0,0.0,550127.75,2210578.75,-147.75,0.0,971019.75,3.2769441610224717,971398.75,3.275665631647148,0.0,861208.75,3.694780736958374,306086.5,555122.75,5.732025034102818,1.1025,1.1025,503513.0,503513.0,https://www.infogreffe.com/recherche-entreprise-dirigeants/resultats-entreprise-dirigeants.html?ga_cat=globale&ga_q=G.R.E.V#phrase=G.R.E.V,https://www.infogreffe.com/recherche-entreprise-dirigeants/resultats-entreprise-dirigeants.html?ga_cat=globale&ga_q=G.R.E.V#phrase=G.R.E.V
0,2012-06-31,GREV.PA,,2012-06-31,Q2,3181977.5,1410855.25,1771122.25,1.7965882931006032,0.0,0.0,0.0,0.0,550127.75,2210578.75,-147.75,0.0,971019.75,3.2769441610224717,971398.75,3.275665631647148,0.0,861208.75,3.694780736958374,306086.5,555122.75,5.732025034102818,1.1025,1.1025,503513.0,503513.0,https://www.infogreffe.com/recherche-entreprise-dirigeants/resultats-entreprise-dirigeants.html?ga_cat=globale&ga_q=G.R.E.V#phrase=G.R.E.V,https://www.infogreffe.com/recherche-entreprise-dirigeants/resultats-entreprise-dirigeants.html?ga_cat=globale&ga_q=G.R.E.V#phrase=G.R.E.V
0,2012-03-31,GREV.PA,,2012-03-31,Q1,3181977.5,1410855.25,1771122.25,1.7965882931006032,0.0,0.0,0.0,0.0,550127.75,2210578.75,-147.75,0.0,971019.75,3.2769441610224717,971398.75,3.275665631647148,0.0,861208.75,3.694780736958374,306086.5,555122.75,5.732025034102818,1.1025,1.1025,503513.0,503513.0,https://www.infogreffe.com/recherche-entreprise-dirigeants/resultats-entreprise-dirigeants.html?ga_cat=globale&ga_q=G.R.E.V#phrase=G.R.E.V,https://www.infogreffe.com/recherche-entreprise-dirigeants/resultats-entreprise-dirigeants.html?ga_cat=globale&ga_q=G.R.E.V#phrase=G.R.E.V
0,2012-01-31,GREV.PA,,2012-01-31,Q1,3181977.5,1410855.25,1771122.25,1.7965882931006032,0.0,0.0,0.0,0.0,550127.75,2210578.75,-147.75,0.0,971019.75,3.2769441610224717,971398.75,3.275665631647148,0.0,861208.75,3.694780736958374,306086.5,555122.75,5.732025034102818,1.1025,1.1025,503513.0,503513.0,https://www.infogreffe.com/recherche-entreprise-dirigeants/resultats-entreprise-dirigeants.html?ga_cat=globale&ga_q=G.R.E.V#phrase=G.R.E.V,https://www.infogreffe.com/recherche-entreprise-dirigeants/resultats-entreprise-dirigeants.html?ga_cat=globale&ga_q=G.R.E.V#phrase=G.R.E.V
0,2011-09-31,GREV.PA,,2011-09-31,Q3,3029141.5,75354.25,2953787.25,1.0255110621118702,0.0,0.0,0.0,-49144.5,1314772.25,2089325.5,1918.0,248293.0,1140677.0,2.6555646339849055,939816.0,3.2231218664078924,0.0,889812.25,3.4042479185918153,297380.25,592432.0,5.113061921030599,1.17717925,1.17717925,502234.0,502234.0,https://www.infogreffe.com/recherche-entreprise-dirigeants/resultats-entreprise-dirigeants.html?ga_cat=globale&ga_q=G.R.E.V#phrase=G.R.E.V,https://www.infogreffe.com/recherche-entreprise-dirigeants/resultats-entreprise-dirigeants.html?ga_cat=globale&ga_q=G.R.E.V#phrase=G.R.E.V
0,2011-06-31,GREV.PA,,2011-06-31,Q2,3029141.5,75354.25,2953787.25,1.0255110621118702,0.0,0.0,0.0,-49144.5,1314772.25,2089325.5,1918.0,248293.0,1140677.0,2.6555646339849055,939816.0,3.2231218664078924,0.0,889812.25,3.4042479185918153,297380.25,592432.0,5.113061921030599,1.17717925,1.17717925,502234.0,502234.0,https://www.infogreffe.com/recherche-entreprise-dirigeants/resultats-entreprise-dirigeants.html?ga_cat=globale&ga_q=G.R.E.V#phrase=G.R.E.V,https://www.infogreffe.com/recherche-entreprise-dirigeants/resultats-entreprise-dirigeants.html?ga_cat=globale&ga_q=G.R.E.V#phrase=G.R.E.V
0,2011-03-31,GREV.PA,,2011-03-31,Q1,3029141.5,75354.25,2953787.25,1.0255110621118702,0.0,0.0,0.0,-49144.5,1314772.25,2089325.5,1918.0,248293.0,1140677.0,2.6555646339849055,939816.0,3.2231218664078924,0.0,889812.25,3.4042479185918153,297380.25,592432.0,5.113061921030599,1.17717925,1.17717925,502234.0,502234.0,https://www.infogreffe.com/recherche-entreprise-dirigeants/resultats-entreprise-dirigeants.html?ga_cat=globale&ga_q=G.R.E.V#phrase=G.R.E.V,https://www.infogreffe.com/recherche-entreprise-dirigeants/resultats-entreprise-dirigeants.html?ga_cat=globale&ga_q=G.R.E.V#phrase=G.R.E.V
0,2011-01-31,GREV.PA,,2011-01-31,Q1,3029141.5,75354.25,2953787.25,1.0255110621118702,0.0,0.0,0.0,-49144.5,1314772.25,2089325.5,1918.0,248293.0,1140677.0,2.6555646339849055,939816.0,3.2231218664078924,0.0,889812.25,3.4042479185918153,297380.25,592432.0,5.113061921030599,1.17717925,1.17717925,502234.0,502234.0,https://www.infogreffe.com/recherche-entreprise-dirigeants/resultats-entreprise-dirigeants.html?ga_cat=globale&ga_q=G.R.E.V#phrase=G.R.E.V,https://www.infogreffe.com/recherche-entreprise-dirigeants/resultats-entreprise-dirigeants.html?ga_cat=globale&ga_q=G.R.E.V#phrase=G.R.E.V
0,2010-09-31,GREV.PA,,2010-09-31,Q3,3155960.75,1147222.5,2008738.25,1.571115972924795,0.0,0.0,0.0,0.0,86132.25,1878381.75,0.0,213298.75,1539846.75,2.0495291171020753,1277579.0,2.4702666136497236,0.0,1231365.5,2.5629764273889433,419770.5,811595.0,3.8885906763841573,1.6125,1.6125,503264.0,503264.0,https://www.infogreffe.com/recherche-entreprise-dirigeants/resultats-entreprise-dirigeants.html?ga_cat=globale&ga_q=G.R.E.V#phrase=G.R.E.V,https://www.infogreffe.com/recherche-entreprise-dirigeants/resultats-entreprise-dirigeants.html?ga_cat=globale&ga_q=G.R.E.V#phrase=G.R.E.V
0,2010-06-31,GREV.PA,,2010-06-31,Q2,3155960.75,1147222.5,2008738.25,1.571115972924795,0.0,0.0,0.0,0.0,86132.25,1878381.75,0.0,213298.75,1539846.75,2.0495291171020753,1277579.0,2.4702666136497236,0.0,1231365.5,2.5629764273889433,419770.5,811595.0,3.8885906763841573,1.6125,1.6125,503264.0,503264.0,https://www.infogreffe.com/recherche-entreprise-dirigeants/resultats-entreprise-dirigeants.html?ga_cat=globale&ga_q=G.R.E.V#phrase=G.R.E.V,https://www.infogreffe.com/recherche-entreprise-dirigeants/resultats-entreprise-dirigeants.html?ga_cat=globale&ga_q=G.R.E.V#phrase=G.R.E.V
0,2010-03-31,GREV.PA,,2010-03-31,Q1,3155960.75,1147222.5,2008738.25,1.571115972924795,0.0,0.0,0.0,0.0,86132.25,1878381.75,0.0,213298.75,1539846.75,2.0495291171020753,1277579.0,2.4702666136497236,0.0,1231365.5,2.5629764273889433,419770.5,811595.0,3.8885906763841573,1.6125,1.6125,503264.0,503264.0,https://www.infogreffe.com/recherche-entreprise-dirigeants/resultats-entreprise-dirigeants.html?ga_cat=globale&ga_q=G.R.E.V#phrase=G.R.E.V,https://www.infogreffe.com/recherche-entreprise-dirigeants/resultats-entreprise-dirigeants.html?ga_cat=globale&ga_q=G.R.E.V#phrase=G.R.E.V
0,2010-01-31,GREV.PA,,2010-01-31,Q1,3155960.75,1147222.5,2008738.25,1.571115972924795,0.0,0.0,0.0,0.0,86132.25,1878381.75,0.0,213298.75,1539846.75,2.0495291171020753,1277579.0,2.4702666136497236,0.0,1231365.5,2.5629764273889433,419770.5,811595.0,3.8885906763841573,1.6125,1.6125,503264.0,503264.0,https://www.infogreffe.com/recherche-entreprise-dirigeants/resultats-entreprise-dirigeants.html?ga_cat=globale&ga_q=G.R.E.V#phrase=G.R.E.V,https://www.infogreffe.com/recherche-entreprise-dirigeants/resultats-entreprise-dirigeants.html?ga_cat=globale&ga_q=G.R.E.V#phrase=G.R.E.V
0,2009-09-31,GREV.PA,,2009-09-31,Q3,2855080.0,1092239.5,1762840.5,1.619590654968501,0.0,0.0,0.0,0.0,86145.0,1798099.75,0.0,211743.75,1346761.5,2.1199596216553562,1056980.25,2.7011668382640073,0.0,986571.0,2.8939427572876153,346541.5,640029.5,4.460856882378078,1.2725,1.2725,503264.0,503264.0,https://www.infogreffe.com/recherche-entreprise-dirigeants/resultats-entreprise-dirigeants.html?ga_cat=globale&ga_q=G.R.E.V#phrase=G.R.E.V,https://www.infogreffe.com/recherche-entreprise-dirigeants/resultats-entreprise-dirigeants.html?ga_cat=globale&ga_q=G.R.E.V#phrase=G.R.E.V
0,2009-06-31,GREV.PA,,2009-06-31,Q2,2855080.0,1092239.5,1762840.5,1.619590654968501,0.0,0.0,0.0,0.0,86145.0,1798099.75,0.0,211743.75,1346761.5,2.1199596216553562,1056980.25,2.7011668382640073,0.0,986571.0,2.8939427572876153,346541.5,640029.5,4.460856882378078,1.2725,1.2725,503264.0,503264.0,https://www.infogreffe.com/recherche-entreprise-dirigeants/resultats-entreprise-dirigeants.html?ga_cat=globale&ga_q=G.R.E.V#phrase=G.R.E.V,https://www.infogreffe.com/recherche-entreprise-dirigeants/resultats-entreprise-dirigeants.html?ga_cat=globale&ga_q=G.R.E.V#phrase=G.R.E.V
0,2009-03-31,GREV.PA,,2009-03-31,Q1,2855080.0,1092239.5,1762840.5,1.619590654968501,0.0,0.0,0.0,0.0,86145.0,1798099.75,0.0,211743.75,1346761.5,2.1199596216553562,1056980.25,2.7011668382640073,0.0,986571.0,2.8939427572876153,346541.5,640029.5,4.460856882378078,1.2725,1.2725,503264.0,503264.0,https://www.infogreffe.com/recherche-entreprise-dirigeants/resultats-entreprise-dirigeants.html?ga_cat=globale&ga_q=G.R.E.V#phrase=G.R.E.V,https://www.infogreffe.com/recherche-entreprise-dirigeants/resultats-entreprise-dirigeants.html?ga_cat=globale&ga_q=G.R.E.V#phrase=G.R.E.V
0,2009-01-31,GREV.PA,,2009-01-31,Q1,2855080.0,1092239.5,1762840.5,1.619590654968501,0.0,0.0,0.0,0.0,86145.0,1798099.75,0.0,211743.75,1346761.5,2.1199596216553562,1056980.25,2.7011668382640073,0.0,986571.0,2.8939427572876153,346541.5,640029.5,4.460856882378078,1.2725,1.2725,503264.0,503264.0,https://www.infogreffe.com/recherche-entreprise-dirigeants/resultats-entreprise-dirigeants.html?ga_cat=globale&ga_q=G.R.E.V#phrase=G.R.E.V,https://www.infogreffe.com/recherche-entreprise-dirigeants/resultats-entreprise-dirigeants.html?ga_cat=globale&ga_q=G.R.E.V#phrase=G.R.E.V
0,2008-09-31,GREV.PA,,2008-09-31,Q3,2751768.0,1016702.25,1735065.75,1.5859733269474081,0.0,0.0,0.0,0.0,82990.0,1731239.5,0.0,214499.0,1239746.25,2.2196219589290953,1020528.5,2.6964146518201106,0.0,1035123.25,2.658396475975204,350406.75,684716.75,4.018841367616609,1.36,1.36,503264.0,503264.0,https://www.infogreffe.com/recherche-entreprise-dirigeants/resultats-entreprise-dirigeants.html?ga_cat=globale&ga_q=G.R.E.V#phrase=G.R.E.V,https://www.infogreffe.com/recherche-entreprise-dirigeants/resultats-entreprise-dirigeants.html?ga_cat=globale&ga_q=G.R.E.V#phrase=G.R.E.V
0,2008-06-31,GREV.PA,,2008-06-31,Q2,2751768.0,1016702.25,1735065.75,1.5859733269474081,0.0,0.0,0.0,0.0,82990.0,1731239.5,0.0,214499.0,1239746.25,2.2196219589290953,1020528.5,2.6964146518201106,0.0,1035123.25,2.658396475975204,350406.75,684716.75,4.018841367616609,1.36,1.36,503264.0,503264.0,https://www.infogreffe.com/recherche-entreprise-dirigeants/resultats-entreprise-dirigeants.html?ga_cat=globale&ga_q=G.R.E.V#phrase=G.R.E.V,https://www.infogreffe.com/recherche-entreprise-dirigeants/resultats-entreprise-dirigeants.html?ga_cat=globale&ga_q=G.R.E.V#phrase=G.R.E.V
0,2008-03-31,GREV.PA,,2008-03-31,Q1,2751768.0,1016702.25,1735065.75,1.5859733269474081,0.0,0.0,0.0,0.0,82990.0,1731239.5,0.0,214499.0,1239746.25,2.2196219589290953,1020528.5,2.6964146518201106,0.0,1035123.25,2.658396475975204,350406.75,684716.75,4.018841367616609,1.36,1.36,503264.0,503264.0,https://www.infogreffe.com/recherche-entreprise-dirigeants/resultats-entreprise-dirigeants.html?ga_cat=globale&ga_q=G.R.E.V#phrase=G.R.E.V,https://www.infogreffe.com/recherche-entreprise-dirigeants/resultats-entreprise-dirigeants.html?ga_cat=globale&ga_q=G.R.E.V#phrase=G.R.E.V
0,2008-01-31,GREV.PA,,2008-01-31,Q1,2751768.0,1016702.25,1735065.75,1.5859733269474081,0.0,0.0,0.0,0.0,82990.0,1731239.5,0.0,214499.0,1239746.25,2.2196219589290953,1020528.5,2.6964146518201106,0.0,1035123.25,2.658396475975204,350406.75,684716.75,4.018841367616609,1.36,1.36,503264.0,503264.0,https://www.infogreffe.com/recherche-entreprise-dirigeants/resultats-entreprise-dirigeants.html?ga_cat=globale&ga_q=G.R.E.V#phrase=G.R.E.V,https://www.infogreffe.com/recherche-entreprise-dirigeants/resultats-entreprise-dirigeants.html?ga_cat=globale&ga_q=G.R.E.V#phrase=G.R.E.V
