,date,symbol,fillingDate,acceptedDate,period,revenue,costOfRevenue,grossProfit,grossProfitRatio,researchAndDevelopmentExpenses,generalAndAdministrativeExpenses,sellingAndMarketingExpenses,otherExpenses,operatingExpenses,costAndExpenses,interestExpense,depreciationAndAmortization,ebitda,ebitdaratio,operatingIncome,operatingIncomeRatio,totalOtherIncomeExpensesNet,incomeBeforeTax,incomeBeforeTaxRatio,incomeTaxExpense,netIncome,netIncomeRatio,eps,epsdiluted,weightedAverageShsOut,weightedAverageShsOutDil,link,finalLink
0,2020-06-30,RDI,2020-08-10,2020-08-10 16:49:03,Q2,3422000.0,15249000,-11827000,-3.456165984804208,0.0,5102000.0,0.0,22000.0,10368000,25617000,2008000.0,5292000.000000001,-16969000,-4.958796,-22195000,-6.485973,19000.0,-24454000,-7.146113,-1567000.0,-22702000,-6.634132,-1.04412,-1.04412,21742670,21742670,https://www.sec.gov/Archives/edgar/data/716634/000071663420000034/0000716634-20-000034-index.htm,https://www.sec.gov/Archives/edgar/data/716634/000071663420000034/rdi-20200630x10q.htm
0,2020-03-31,RDI,2020-06-25,2020-06-25 16:37:41,Q1,49228000,45052000,4176000.0,0.0848297716746567,0.0,5945000.0,0.0,-218000.0,11215000.000000004,56267000,1789000.0,5309000.0,-1790000.0,-0.036361,-7039000.0,-0.142988,-218000.0,-8968000.0,-0.182173,-3013000.0,-5875000.0,-0.119343,-0.27009,-0.27009,21752370,21752370,https://www.sec.gov/Archives/edgar/data/716634/000071663420000024/0000716634-20-000024-index.htm,https://www.sec.gov/Archives/edgar/data/716634/000071663420000003/rdi-20191231x10k.htm
0,2019-12-31,RDI,2020-03-16,2020-03-16 16:21:51,Q4,68666000,54122000,14544000,0.21180788162991873,0.0,6969000.0,0.0,135000.0,12846000.000000004,66968000.00000001,1980000.0,5920999.999999999,7934999.999999999,0.115559,1698000.0,0.024728,135000.0,63000.0,0.000917,27678000,-27644000,-0.402586,-1.2479,-1.2479,22152430,22152430,https://www.sec.gov/Archives/edgar/data/716634/000071663420000003/0000716634-20-000003-index.htm,https://www.sec.gov/Archives/edgar/data/716634/000071663420000003/rdi-20191231x10k.htm
0,2019-09-30,RDI,2019-11-12,2019-11-12 16:49:18,Q3,70456000,55934000,14522000,0.20611445441126378,0.0,5908000.0,0.0,140000.0,11612000.00000001,67546000.00000001,1870000.0,5743000.0,9062000.0,0.128619,2910000.0,0.041302,141000.0,1399000.0,0.019856,547000.0,902000.0,0.012802,0.03976,0.03976,22688230,22688230,https://www.sec.gov/Archives/edgar/data/716634/000071663419000046/0000716634-19-000046-index.htm,https://www.sec.gov/Archives/edgar/data/716634/000071663419000046/rdi-20190930x10q.htm
0,2019-06-30,RDI,2019-08-09,2019-08-09 15:17:25,Q2,76009000,58673000,17336000,0.2280782538909866,0.0,6034000.0,0.0,70000.0,11605999.999999994,70279000,2202000.0,5612999.999999999,11776000,0.154929,5730000.0,0.075386,71000.0,3924000.0,0.051625,1630000.0,2331000.0,0.030667,0.10109,0.10109,23059730,23059730,https://www.sec.gov/Archives/edgar/data/716634/000071663419000032/0000716634-19-000032-index.htm,https://www.sec.gov/Archives/edgar/data/716634/000071663419000032/rdi-20190630x10q.htm
0,2019-03-31,RDI,2019-05-10,2019-05-10 16:46:21,Q1,61492000,50774000,10718000,0.1742990958173421,0.0,6484000.0,0.0,-20000.0,12077999.999999996,62851999.99999999,1852000.0,5635000.0,4305000.0,0.070009,-1360000.0,-0.022117,-20000.0,-3198000.0,-0.052007,-1057000.0,-2125000.0,-0.034557,-0.09271,-0.09271,22920490,22920490,https://www.sec.gov/Archives/edgar/data/716634/000071663419000025/0000716634-19-000025-index.htm,https://www.sec.gov/Archives/edgar/data/716634/000071663419000007/rdi-20181231x10k.htm
0,2018-12-31,RDI,2019-03-18,2019-03-18 17:14:11,Q4,74536000,58104000,16432000,0.22045722872169154,0.0,6087000.0,0.0,63236000,11656999.999999996,69761000,6837000.0,5570000.0,22716000,0.304765,4775000.0,0.064063,17000.0,3353000.0,0.044985,5680000.0,4629000.0,0.062104,0.19883,0.19883,23280900,23280900,https://www.sec.gov/Archives/edgar/data/716634/000071663419000007/0000716634-19-000007-index.htm,https://www.sec.gov/Archives/edgar/data/716634/000071663419000007/rdi-20181231x10k.htm
0,2018-09-30,RDI,2018-11-06,2018-11-06 15:30:46,Q3,74261000,57404000,16857000,0.22699667389342992,0.0,6489000.0,0.0,55654000,12317999.99999999,69721999.99999999,-1668000.0,5804999.999999998,6915999.999999998,0.093131,4539000.0,0.061122,-130000.0,2741000.0,0.03691,1482000.0,1297000.0,0.017465,0.05591,0.05591,23197920,23197920,https://www.sec.gov/Archives/edgar/data/716634/000071663418000032/0000716634-18-000032-index.htm,https://www.sec.gov/Archives/edgar/data/716634/000071663418000032/rdi-20180930x10q.htm
0,2018-06-30,RDI,2018-08-09,2018-08-09 16:28:40,Q2,84300000,62900000,21400000,0.2538552787663108,0.0,7200000.0,0.0,59473000,12699999.999999996,75600000,-1594000.0,5600000.000000001,11006000,0.130558,8600000.0,0.102017,-100000.0,7100000.0,0.084223,2000000.0,5000000.0,0.059312,0.21645,0.21645,23100000,23100000,https://www.sec.gov/Archives/edgar/data/716634/000071663418000019/0000716634-18-000019-index.htm,https://www.sec.gov/Archives/edgar/data/716634/000071663418000019/rdi-20180630x10q.htm
0,2018-03-31,RDI,2018-05-10,2018-05-10 16:14:16,Q1,75900000,57300000,18600000,0.2450592885375494,0.0,7600000.0,0.0,57332000,12900000.000000006,70200000,1594000.0,5300000.0,11194000,0.147484,5700000.0,0.075099,-100000.0,4300000.0,0.056653,1200000.0,3100000.0,0.040843,0.1342,0.1342,23100000,23100000,https://www.sec.gov/Archives/edgar/data/716634/000071663418000010/0000716634-18-000010-index.htm,https://www.sec.gov/Archives/edgar/data/716634/000071663418000006/rdi-20171231x10k.htm
0,2017-12-31,RDI,2018-03-16,2018-03-15 17:50:57,Q4,71800000,56100000,15700000,0.21866295264623956,0.0,7200000.0,0.0,56114000,11999999.999999993,68100000,884000.0,4799999.999999999,-4816000.000000001,-0.067075,3700000.0,0.051532,-300000.0,2600000.0,0.036212,-17900000,7400000.0,0.103064,0.32174,0.32174,23000000,23000000,https://www.sec.gov/Archives/edgar/data/716634/000071663418000006/0000716634-18-000006-index.htm,https://www.sec.gov/Archives/edgar/data/716634/000071663418000006/rdi-20171231x10k.htm
0,2017-09-30,RDI,2017-11-07,2017-11-06 19:29:05,Q3,66100000,52500000,13600000,0.20574886535552195,0.0,5800000.0,0.0,52472000,9899999.999999998,62400000,1629000.0,4100000.0,8129000.0,0.12298,3700000.0,0.055976,100000.0,2200000.0,0.033283,800000.0,1600000.0,0.024206,0.06897,0.06897,23200000,23200000,https://www.sec.gov/Archives/edgar/data/716634/000071663417000034/0000716634-17-000034-index.htm,https://www.sec.gov/Archives/edgar/data/716634/000071663417000034/rdi-20170930x10q.htm
0,2017-06-30,RDI,2017-08-09,2017-08-08 20:50:06,Q2,72500000,54500000,18000000,0.2482758620689655,0.0,6100000.0,0.0,54480000,899999.9999999986,55400000,1801000.0,4100000.0,30901000,0.426221,17000000,0.234483,27000.0,25000000,0.344828,5900000.0,19100000,0.263448,0.81974,0.81974,23300000,23300000,https://www.sec.gov/Archives/edgar/data/716634/000071663417000025/0000716634-17-000025-index.htm,https://www.sec.gov/Archives/edgar/data/716634/000071663417000025/rdi-20170630x10q.htm
0,2017-03-31,RDI,2017-05-09,2017-05-09 08:35:43,Q1,69500000,53800000,15700000,0.22589928057553957,0.0,6200000.0,0.0,53818000,10100000.000000002,63900000,1880000.0,3900000.0,10480000,0.150791,5500000.0,0.079137,800000.0,4700000.0,0.067626,1700000.0,3000000.0,0.043165,0.12766,0.12766,23500000,23500000,https://www.sec.gov/Archives/edgar/data/716634/000071663417000016/0000716634-17-000016-index.htm,https://www.sec.gov/Archives/edgar/data/716634/000071663417000007/rdi-20161231x10k.htm
0,2016-12-31,RDI,2017-03-13,2017-03-13 17:13:18,Q4,67500000,52100000,15400000,0.22814814814814816,0.0,8500000.0,0.0,52075000,12399999.999999998,64500000,1604000.0,3899999.9999999986,5603999.999999998,0.083022,2900000.0,0.042963,-1400000.0,-42000.0,-0.0006226742375946984,-200000.0,300000.0,0.004444,0.01277,0.01277,23500000,23500000,https://www.sec.gov/Archives/edgar/data/716634/000071663417000007/0000716634-17-000007-index.htm,https://www.sec.gov/Archives/edgar/data/716634/000071663417000007/rdi-20161231x10k.htm
0,2016-09-30,RDI,2016-11-08,2016-11-07 21:33:26,Q3,71300000,54400000,16900000,0.2370266479663394,0.0,6200000.0,0.0,54399000,10300000.000000004,64700000.00000001,1572000.0,4200000.000000001,10972000.000000002,0.153885,6600000.0,0.092567,104000.0,5000000.0,0.070126,1300000.0,3900000.0,0.054698,0.16596,0.16596,23500000,23500000,https://www.sec.gov/Archives/edgar/data/716634/000071663416000100/0000716634-16-000100-index.htm,https://www.sec.gov/Archives/edgar/data/716634/000071663416000100/rdi-20160930x10q.htm
0,2016-06-30,RDI,2016-08-08,2016-08-08 17:05:52,Q2,66900000,51000000,15900000,0.23766816143497757,0.0,6000000.0,0.0,50995000,9799999.999999996,60800000,1780000.0,3800000.0,10280000,0.153662,6100000.0,0.091181,-104000.0,4300000.0,0.064275,1700000.0,3000000.0,0.044843,0.12766,0.12766,23500000,23500000,https://www.sec.gov/Archives/edgar/data/716634/000071663416000089/0000716634-16-000089-index.htm,https://www.sec.gov/Archives/edgar/data/716634/000071663416000089/rdi-20160630x10q.htm
0,2016-03-31,RDI,2016-05-10,2016-05-10 15:16:17,Q1,64800000,50100000,14700000,0.22685185185185186,0.0,6200000.0,0.0,50098000,10000000,60100000,1912000.0,3800000.0,9112000.0,0.140617,4700000.0,0.072531,-100000.0,3200000.0,0.049383,1200000.0,2200000.0,0.033951,0.09362,0.09362,23500000,23500000,https://www.sec.gov/Archives/edgar/data/716634/000071663416000076/0000716634-16-000076-index.htm,https://www.sec.gov/Archives/edgar/data/716634/000071663416000067/rdi-20151231x10k.htm
0,2015-12-31,RDI,2016-04-29,2016-04-29 17:26:21,Q4,66700000,53100000,13600000,0.20389805097451275,0.0,4900000.0,0.0,42357000,8699999.999999996,61799999.99999999,1495000.0,3799999.999999999,9394999.999999998,0.140855,4900000.0,0.073463,200000.0,3800000.0,0.056972,500000.0,3600000.0,0.053973,0.15319,0.15319,23500000,23500000,https://www.sec.gov/Archives/edgar/data/716634/000071663416000067/0000716634-16-000067-index.htm,https://www.sec.gov/Archives/edgar/data/716634/000071663416000067/rdi-20151231x10k.htm
0,2015-09-30,RDI,2015-11-06,2015-11-06 08:38:06,Q3,57800000,47000000,10800000,0.18685121107266436,0.0,4100000.0,0.0,50532000,7700000.000000003,54700000,2379000.0,3500000.000000001,6779000.000000001,0.117284,3100000.0,0.053633,-600000.0,600000.0,0.010381,500000.0,400000.0,0.00692,0.01702,0.01702,23500000,23500000,https://www.sec.gov/Archives/edgar/data/716634/000071663415000040/0000716634-15-000040-index.htm,https://www.sec.gov/Archives/edgar/data/716634/000071663415000040/rdi-20150930x10q.htm
0,2015-06-30,RDI,2015-08-10,2015-08-10 06:17:00,Q2,72800000,53500000,19300000,0.2651098901098901,0.0,5300000.0,0.0,57043000,8799999.999999996,62300000,1928000.0,3599999.9999999995,23128000,0.317692,10500000,0.144231,-2820000.0,17100000,0.23489,1600000.0,16000000,0.21978,0.68085,0.68085,23500000,23500000,https://www.sec.gov/Archives/edgar/data/716634/000071663415000026/0000716634-15-000026-index.htm,https://www.sec.gov/Archives/edgar/data/716634/000071663415000026/rdi-20150630x10q.htm
0,2015-03-31,RDI,2015-05-07,2015-05-07 17:04:43,Q1,60600000,47300000,13300000,0.21947194719471946,0.0,4300000.0,0.0,51023000,8100000.000000001,55400000,2770000.0,3700000.0,12070000,0.199175,5200000.0,0.085809,2700000.0,5400000.0,0.089109,2500000.0,3100000.0,0.051155,0.13191,0.13191,23500000,23500000,https://www.sec.gov/Archives/edgar/data/716634/000071663415000015/0000716634-15-000015-index.htm,https://www.sec.gov/Archives/edgar/data/716634/000156276215000083/rdi-20141231x10k.htm
0,2014-12-31,RDI,2015-03-17,2015-03-16 17:35:06,Q4,62200000,48700000,13500000,0.2170418006430868,0.0,4200000.0,0.0,52644000,8099999.999999994,56799999.99999999,2696000.0,4000000.0,9896000.0,0.1591,5400000.0,0.086817,16000.0,3000000.0,0.048232,-13700000,16900000,0.271704,0.71308,0.71308,23700000,23700000,https://www.sec.gov/Archives/edgar/data/716634/000156276215000083/0001562762-15-000083-index.htm,https://www.sec.gov/Archives/edgar/data/716634/000156276215000083/rdi-20141231x10k.htm
0,2014-09-30,RDI,2014-11-12,2014-11-12 12:11:26,Q3,65000000,50600000,14400000,0.22153846153846155,0.0,4500000.0,0.0,54402000,8299999.999999997,58900000,1614000.0,3800000.0,10614000,0.163292,6200000.0,0.095385,200000.0,5000000.0,0.076923,1300000.0,3900000.0,0.06,0.16456,0.16456,23700000,23700000,https://www.sec.gov/Archives/edgar/data/716634/000071663414000031/0000716634-14-000031-index.htm,https://www.sec.gov/Archives/edgar/data/716634/000071663414000031/rdi-20140930x10q.htm
0,2014-06-30,RDI,2014-08-12,2014-08-11 19:51:44,Q2,69900000,52200000,17700000,0.2532188841201717,0.0,5400000.0,0.0,56057000,9199999.999999996,61399999.99999999,2976000.0,3900000.0000000005,13476000,0.19279,8500000.0,0.121602,600000.0,6300000.0,0.090129,1800000.0,4800000.0,0.06867,0.20168,0.20168,23800000,23800000,https://www.sec.gov/Archives/edgar/data/716634/000156276214000221/0001562762-14-000221-index.htm,https://www.sec.gov/Archives/edgar/data/716634/000156276214000221/rdi-20140630x10q.htm
0,2014-03-31,RDI,2014-05-12,2014-05-12 13:26:54,Q1,58100000,46800000,11300000,0.1944922547332186,0.0,4900000.0,0.0,50570000,8700000.000000004,55500000,2376000.0,3800000.0,7576000.0,0.130396,2600000.0,0.04475,700000.0,1000000.0,0.017212,1600000.0,-200000.0,-0.003442,-0.00851,-0.00851,23500000,23500000,https://www.sec.gov/Archives/edgar/data/716634/000071663414000016/0000716634-14-000016-index.htm,https://www.sec.gov/Archives/edgar/data/716634/000071663414000004/rdi-20131231x10k.htm
0,2013-12-31,RDI,2014-03-07,2014-03-07 11:26:05,Q4,63500000,50000000,13500000,0.2125984251968504,0.0,4700000.0,0.0,54003000,8700000.000000004,58700000,1977000.0,4000000.0,10977000,0.172866,4800000.0,0.075591,1800000.0,4600000.0,0.072441,1800000.0,3200000.0,0.050394,0.13389,0.13389,23900000,23900000,https://www.sec.gov/Archives/edgar/data/716634/000071663414000004/0000716634-14-000004-index.htm,https://www.sec.gov/Archives/edgar/data/716634/000071663414000004/rdi-20131231x10k.htm
0,2013-09-30,RDI,2013-11-06,2013-11-06 12:39:42,Q3,65500000,51500000,14000000,0.21374045801526717,0.0,4600000.0,0.0,55061000,8100000.000000001,59600000,2910000.0,3599999.9999999995,9710000.0,0.148244,5800000.0,0.08855,-100000.0,3000000.0,0.045802,800000.0,2400000.0,0.036641,0.10213,0.10213,23500000,23500000,https://www.sec.gov/Archives/edgar/data/716634/000071663413000052/0000716634-13-000052-index.htm,https://www.sec.gov/Archives/edgar/data/716634/000071663413000052/rdi-20130930x10q.htm
0,2013-06-30,RDI,2013-08-08,2013-08-08 14:28:19,Q2,69600000,53800000,15800000,0.22701149425287356,0.0,4400000.0,0.0,57475000,8100000.000000001,61900000,2835000.0,3599999.9999999995,12035000,0.172917,7800000.0,0.112069,100000.0,5200000.0,0.074713,1500000.0,4100000.0,0.058908,0.17521,0.17521,23400000,23400000,https://www.sec.gov/Archives/edgar/data/716634/000071663413000039/0000716634-13-000039-index.htm,https://www.sec.gov/Archives/edgar/data/716634/000071663413000039/rdi-20130630x10q.htm
0,2013-03-31,RDI,2013-05-09,2013-05-09 12:45:10,Q1,59600000,48700000,10900000,0.18288590604026847,0.0,4300000.0,0.0,52694000,8299999.999999997,57000000,2722000.0,4000000.0,6922000.0,0.116141,2500000.0,0.041946,16000.0,-100000.0,-0.001678,900000.0,-700000.0,-0.011745,-0.03004,-0.03004,23300000,23300000,https://www.sec.gov/Archives/edgar/data/716634/000071663413000027/0000716634-13-000027-index.htm,https://www.sec.gov/Archives/edgar/data/716634/000071663413000017/rdi-20121231x10k.htm
0,2012-12-31,RDI,2013-03-19,2013-03-19 14:12:13,Q4,65100000,51700000,13400000,0.20583717357910905,0.0,3400000.0,0.0,219186000,8899999.999999998,60600000,17226000,4099999.999999998,23125999.999999996,0.355238,4500000.0,0.069124,-800000.0,1000000.0,0.015361,3100000.0,-1300000.0,-0.019969,-0.05628,-0.05628,23100000,23100000,https://www.sec.gov/Archives/edgar/data/716634/000071663413000017/0000716634-13-000017-index.htm,https://www.sec.gov/Archives/edgar/data/716634/000071663413000017/rdi-20121231x10k.htm
0,2012-11-09,RDI,2012-11-09,2012-11-09 16:23:56,Q3,63517000,0.0,63517000,1.0,0.0,3955000.0,0.0,55522000,59477000,59477000,0.0,4086000.0,8126000.0,0.12793425382181148,4040000.0,0.06360501912873719,0.0,140000.0,0.0022041343262433678,100000.0,397000.0,0.00625029519656155,0.01728,0.01728,22969392,22969392,https://www.sec.gov/Archives/edgar/data/716634/000071663412000023/0000716634-12-000023-index.htm,https://www.sec.gov/Archives/edgar/data/716634/000071663412000023/form10q.htm
0,2012-09-30,RDI,,,Q3,63900000,51800000,12100000,0.189358,0.0,4000000.0,0.0,0.0,8000000.0,59800000,-4200000.0,4100000.000000001,200000.000000001,0.00313,4200000.0,0.065728,200000.0,300000.0,0.004695,-100000.0,400000.0,0.00626,0.01717,0.01717,23300000,23300000,,
0,2012-08-22,RDI,,Not found...,Q2,0.0,0.0,0.0,0.0,0.0,0.0,0.0,0.0,0.0,0.0,0.0,0.0,0.0,0.0,0.0,0.0,0.0,0.0,0.0,0.0,0.0,0.0,0.0,0.0,0.0,0.0,updating...,
0,2012-06-30,RDI,2012-08-09,2012-08-09 17:18:20,Q2,62900000,49000000,13900000,0.22098569157392686,0.0,4300000.0,0.0,53118000,8299999.999999997,57300000,5876000.0,3999999.999999999,10375999.999999998,0.16496,5700000.0,0.09062,100000.0,82000.0,0.0012986190295198278,300000.0,200000.0,0.00318,0.00862,0.00862,23200000,23200000,https://www.sec.gov/Archives/edgar/data/716634/000071663412000016/0000716634-12-000016-index.htm,https://www.sec.gov/Archives/edgar/data/716634/000071663412000016/form10q.htm
0,2012-05-07,RDI,2012-05-09,2012-05-09 16:12:34,Q1,62652000,0.0,62652000,1.0,0.0,4420000.0,0.0,53325000,57745000,57745000,0.0,4197000.0,9104000.0,0.14531060460958947,4907000.0,0.07832152205835408,0.0,1103000.0,0.017605184192044945,-1625000.0,-109000.0,-0.0017397688820787844,-0.00479,-0.00479,22764666,22764666,https://www.sec.gov/Archives/edgar/data/716634/000071663412000009/0000716634-12-000009-index.htm,https://www.sec.gov/Archives/edgar/data/716634/000071663412000005/form10k.htm
0,2012-03-31,RDI,,,Q1,62400000,49100000,13400000,0.214744,0.0,4400000.0,0.0,0.0,8500000.0,57600000,-3800000.0,4200000.0,1800000.0,0.028846,4800000.0,0.076923,0.0,1000000.0,0.016026,1600000.0,-200000.0,-0.003205,-0.00881,-0.00881,22700000,22700000,,
0,2012-03-15,RDI,2012-03-15,2012-03-15 16:00:00,Q4,57896000,0.0,57896000,1.0,0.0,4269000.0,0.0,51522000,55791000,55791000,-17923000,-14021000,-11916000,0.161386628634,2105000.0,0.0867707241271,1078000.0,298000.0,-0.021417714522592234,13177000,-4761000.0,0.0797726559132,-0.20919,-0.20919,22759488,22759488,https://www.sec.gov/Archives/edgar/data/716634/000071663412000005/0000716634-12-000005-index.htm,https://www.sec.gov/Archives/edgar/data/716634/000071663412000005/form10k.htm
0,2011-12-31,RDI,,,Q4,57400000,46600000,10800000,0.188153,0.0,4300000.0,0.0,0.0,8799999.999999996,55400000,-4400000.0,4300000.000000001,-4299999.999999999,-0.074913,2000000.0,0.034843,1100000.0,-1300000.0,-0.022648,800000.0,-5000000.0,-0.087108,-0.2193,-0.2193,22800000,22800000,,
0,2011-09-30,RDI,2011-11-03,2011-11-03 14:30:27,Q3,66600000,51200000,15400000,0.23123123123123124,0.0,4200000.0,0.0,55436000,8299999.999999997,59500000,7745000.0,4299999.999999999,12044999.999999998,0.180856,7000000.0,0.105105,4000.0,-300000.0,-0.004505,39000.0,291000.0,0.004363865394997301,0.0006879328744126405,0.0006879328744126405,22800000,22800000,https://www.sec.gov/Archives/edgar/data/716634/000071663411000034/0000716634-11-000034-index.htm,https://www.sec.gov/Archives/edgar/data/716634/000071663411000034/form10q.htm
0,2011-06-30,RDI,2011-08-05,2011-08-05 17:22:09,Q2,66800000,50700000,16100000,0.2410179640718563,0.0,4800000.0,0.0,108929000,8899999.999999998,59600000,4254000.0,4300000.000000001,12154000.000000002,0.181946,7200000.0,0.107784,100000.0,1800000.0,0.026946,-13800000,17400000,0.260479,0.74359,0.74359,23400000,23400000,https://www.sec.gov/Archives/edgar/data/716634/000071663411000017/0000716634-11-000017-index.htm,https://www.sec.gov/Archives/edgar/data/716634/000071663411000017/form10q.htm
0,2011-03-31,RDI,2011-05-09,2011-05-06 17:52:39,Q1,54200000,43900000,10300000,0.1900369003690037,0.0,4200000.0,0.0,-19000.0,8399999.999999998,52300000,4363000.0,4100000.0,6563000.0,0.121089,2000000.0,0.0369,0.0,-2000000.0,-0.0369,600000.0,-2500000.0,-0.046125,-0.11013,-0.11013,22700000,22700000,https://www.sec.gov/Archives/edgar/data/716634/000071663411000008/0000716634-11-000008-index.htm,https://www.sec.gov/Archives/edgar/data/716634/000071663411000002/form10_k.htm
0,2010-12-31,RDI,2011-03-16,2011-03-15 18:33:31,Q4,54500000,44500000,10000000,0.1834862385321101,0.0,4800000.0,0.0,199596000,9100000.000000002,53600000,1872000.0,4300000.000000001,6272000.000000001,0.115083,900000.0,0.016514,300000.0,-200000.0,-0.00367,600000.0,-500000.0,-0.009174,-0.02193,-0.02193,22800000,22800000,https://www.sec.gov/Archives/edgar/data/716634/000071663411000002/0000716634-11-000002-index.htm,https://www.sec.gov/Archives/edgar/data/716634/000071663411000002/form10_k.htm
0,2010-09-30,RDI,2010-11-15,2010-11-15 15:33:22,Q3,60600000,47000000,13600000,0.22442244224422442,0.0,4200000.0,0.0,-692000.0,8000000.0,55000000,11765000,3800000.0,17665000,0.291502,5600000.0,0.092409,-692000.0,2000000.0,0.033003,900000.0,1200000.0,0.019802,0.0524,0.0524,22900000,22900000,https://www.sec.gov/Archives/edgar/data/716634/000071663410000025/0000716634-10-000025-index.htm,https://www.sec.gov/Archives/edgar/data/716634/000071663410000025/form10q.htm
0,2010-06-30,RDI,2010-08-06,2010-08-06 14:45:43,Q2,57000000,44000000,13000000,0.22807017543859648,0.0,4600000.0,0.0,-713000.0,10799999.999999996,54800000,7810000.0,3900000.0,10210000,0.179123,2200000.0,0.038596,-100000.0,-1600000.0,-0.02807,12200000,-13700000,-0.240351,-0.60088,-0.60088,22800000,22800000,https://www.sec.gov/Archives/edgar/data/716634/000071663410000017/0000716634-10-000017-index.htm,https://www.sec.gov/Archives/edgar/data/716634/000071663410000017/form10q.htm
0,2010-03-31,RDI,2010-05-10,2010-05-07 17:55:42,Q1,58000000,45500000,12500000,0.21551724137931033,0.0,4200000.0,0.0,49466000,8100000.000000001,53600000,3380000.0,3900000.0,8280000.0,0.142759,4400000.0,0.075862,-600000.0,800000.0,0.013793,600000.0,400000.0,0.006897,0.01754,0.01754,22800000,22800000,https://www.sec.gov/Archives/edgar/data/716634/000071663410000007/0000716634-10-000007-index.htm,https://www.sec.gov/Archives/edgar/data/716634/000071663410000003/form10k.htm
0,2009-12-31,RDI,2010-03-12,2010-03-12 14:42:13,Q4,59100000,45500000,13600000,0.23011844331641285,0.0,4700000.0,0.0,53997000,12899999.999999998,58400000,4109000.0,4000000.0,5109000.0,0.086447,700000.0,0.011844,700000.0,-2400000.0,-0.040609,500000.0,-3500000.0,-0.059222,-0.15556,-0.15556,22500000,22500000,https://www.sec.gov/Archives/edgar/data/716634/000071663410000003/0000716634-10-000003-index.htm,https://www.sec.gov/Archives/edgar/data/716634/000071663410000003/form10k.htm
0,2009-09-30,RDI,2009-11-06,2009-11-06 17:09:13,Q3,56100000,43700000,12400000,0.22103386809269163,0.0,4200000.0,0.0,-2600000.0,5599999.999999994,49299999.99999999,3619000.0,3999999.999999999,11118999.999999998,0.1982,6700000.0,0.11943,165000.0,3200000.0,0.057041,400000.0,3100000.0,0.055258,0.13656,0.13656,22700000,22700000,https://www.sec.gov/Archives/edgar/data/716634/000071663409000039/0000716634-09-000039-index.htm,https://www.sec.gov/Archives/edgar/data/716634/000071663409000039/form10q.htm
0,2009-06-30,RDI,2009-08-07,2009-08-07 13:46:10,Q2,54400000,41800000,12600000,0.23161764705882354,0.0,4200000.0,0.0,0.0,-2599999.9999999944,39200000.00000001,7998000.0,3400000.0000000005,21898000,0.402537,15300000,0.28125,-1900000.0,10500000,0.193015,600000.0,9900000.0,0.181985,0.43612,0.43612,22700000,22700000,https://www.sec.gov/Archives/edgar/data/716634/000071663409000030/0000716634-09-000030-index.htm,https://www.sec.gov/Archives/edgar/data/716634/000071663409000030/form10q.htm
0,2009-03-31,RDI,2009-05-14,2009-05-14 11:36:42,Q1,47100000,36900000,10200000,0.21656050955414013,0.0,4400000.0,0.0,-795000.0,8300000.000000004,45200000.00000001,4907000.0,3800000.0,5707000.0,0.121168,1900000.0,0.04034,-800000.0,-3300000.0,-0.070064,400000.0,-3400000.0,-0.072187,-0.15044,-0.15044,22600000,22600000,https://www.sec.gov/Archives/edgar/data/716634/000071663409000023/0000716634-09-000023-index.htm,https://www.sec.gov/Archives/edgar/data/716634/000071663409000010/form10k.htm
0,2008-12-31,RDI,2009-03-16,2009-03-16 16:52:23,Q4,45700000,36400000,9300000.0,0.20350109409190373,0.0,7400000.0,0.0,174428000,15899999.999999998,52300000,6088000.0,4100000.000000001,-4011999.999999999,-0.08779,-6600000.0,-0.14442,-1000000.0,-13500000,-0.295405,600000.0,-14800000,-0.323851,-0.65778,-0.65778,22500000,22500000,https://www.sec.gov/Archives/edgar/data/716634/000071663409000010/0000716634-09-000010-index.htm,https://www.sec.gov/Archives/edgar/data/716634/000071663409000010/form10k.htm
0,2008-09-30,RDI,2008-11-07,2008-11-07 15:18:28,Q3,57900000,45000000,12900000,0.22279792746113988,0.0,4400000.0,0.0,0.0,9500000.0,54500000,10661000,5100000.0,14361000,0.248031,3400000.0,0.058722,-1000000.0,-1600000.0,-0.027634,700000.0,-2100000.0,-0.036269,-0.09333,-0.09333,22500000,22500000,https://www.sec.gov/Archives/edgar/data/716634/000071663408000031/0000716634-08-000031-index.htm,https://www.sec.gov/Archives/edgar/data/716634/000071663408000031/form10q.htm
0,2008-06-30,RDI,2008-08-07,2008-08-06 17:35:55,Q2,53800000,44100000,9700000.0,0.18029739776951673,0.0,4900000.0,0.0,3045000.0,10399999.999999998,54500000,6479000.0,5500000.0,12679000,0.235669,-800000.0,-0.01487,1700000.0,-2100000.0,-0.039033,400000.0,300000.0,0.005576,0.01316,0.01316,22800000,22800000,https://www.sec.gov/Archives/edgar/data/716634/000071663408000027/0000716634-08-000027-index.htm,https://www.sec.gov/Archives/edgar/data/716634/000071663408000027/form10q.htm
0,2008-03-31,RDI,2008-05-19,2008-05-19 17:00:30,Q1,39700000,29500000,10200000,0.25692695214105793,0.0,4700000.0,0.0,1377000.0,8600000.000000002,38100000,3075000.0,3900000.0,7175000.0,0.18073,1600000.0,0.040302,1400000.0,200000.0,0.005038,400000.0,-200000.0,-0.005038,-0.00889,-0.00889,22500000,22500000,https://www.sec.gov/Archives/edgar/data/716634/000071663408000021/0000716634-08-000021-index.htm,https://www.sec.gov/Archives/edgar/data/716634/000071663408000009/form10k.htm
0,2007-12-31,RDI,2008-03-28,2008-03-28 15:02:11,Q4,26500000,19100000,7400000.0,0.2792452830188679,0.0,4700000.0,0.0,97566000,7399999.999999999,26500000,2435000.0,3000000.0,2035000.0,0.076792,11000.0,9.225479095903049e-05,-900000.0,-3300000.0,-0.124528,600000.0,-4000000.0,-0.150943,-0.17778,-0.17778,22500000,22500000,https://www.sec.gov/Archives/edgar/data/716634/000071663408000009/0000716634-08-000009-index.htm,https://www.sec.gov/Archives/edgar/data/716634/000071663408000009/form10k.htm
0,2007-09-30,RDI,2007-11-09,2007-11-09 13:20:50,Q3,31100000,22100000,9000000.0,0.28938906752411575,0.0,3900000.0,0.0,435000.0,6500000.0,28600000,6526000.0,2900000.0000000005,10826000,0.348103,2500000.0,0.080386,700000.0,700000.0,0.022508,500000.0,900000.0,0.028939,0.03947,0.03947,22800000,22800000,https://www.sec.gov/Archives/edgar/data/716634/000071663407000035/0000716634-07-000035-index.htm,https://www.sec.gov/Archives/edgar/data/716634/000071663407000035/form10q.htm
0,2007-06-30,RDI,2007-08-08,2007-08-08 17:30:00,Q2,27900000,20100000,7800000.0,0.27956989247311825,0.0,3900000.0,0.0,-271000.0,6299999.999999997,26399999.999999996,3930000.0,3000000.0,8930000.0,0.320072,1500000.0,0.053763,500000.0,-100000.0,-0.003584,400000.0,1600000.0,0.057348,0.07048,0.07048,22700000,22700000,https://www.sec.gov/Archives/edgar/data/716634/000071663407000025/0000716634-07-000025-index.htm,https://www.sec.gov/Archives/edgar/data/716634/000071663407000025/form10q.htm
0,2007-03-31,RDI,2007-05-10,2007-05-10 13:28:29,Q1,28000000,20100000,7900000.0,0.28214285714285714,0.0,3700000.0,0.0,-736000.0,6699999.999999999,26800000,1895000.0,3000000.0,4795000.0,0.17125,1200000.0,0.042857,-700000.0,-1800000.0,-0.064286,500000.0,-600000.0,-0.021429,-0.02667,-0.02667,22500000,22500000,https://www.sec.gov/Archives/edgar/data/716634/000071663407000019/0000716634-07-000019-index.htm,https://www.sec.gov/Archives/edgar/data/716634/000071663407000012/form10k.htm
0,2006-12-31,RDI,2007-03-30,2007-03-29 18:04:30,Q4,29300000,20100000,9200000.0,0.31399317406143346,0.0,3500000.0,0.0,90719000,6799999.999999997,26899999.999999996,1699000.0,3199999.999999999,6998999.999999999,0.238874,2400000.0,0.081911,-1000000.0,-200000.0,-0.006826,1000000.0,1100000.0,0.037543,0.04741,0.04741,23200000,23200000,https://www.sec.gov/Archives/edgar/data/716634/000071663407000012/0000716634-07-000012-index.htm,https://www.sec.gov/Archives/edgar/data/716634/000071663407000012/form10k.htm
0,2006-09-30,RDI,2006-11-07,2006-11-07 17:02:34,Q3,24300000,18200000,6100000.0,0.25102880658436216,0.0,3000000.0,0.0,0.0,6500000.0,24700000,5217000.0,3400000.0000000005,15217000,0.626214,-400000.0,-0.016461,200000.0,1500000.0,0.061728,500000.0,6100000.0,0.251029,0.26991,0.26991,22600000,22600000,https://www.sec.gov/Archives/edgar/data/716634/000071663406000014/0000716634-06-000014-index.htm,https://www.sec.gov/Archives/edgar/data/716634/000071663406000014/form10q.htm
0,2006-06-30,RDI,2006-08-09,2006-08-09 12:47:16,Q2,27300000,20300000,7000000.0,0.2564102564102564,0.0,3100000.0,0.0,0.0,6399999.999999999,26700000,3382000.0,3399999.9999999995,6881999.999999999,0.252088,600000.0,0.021978,-1154000.0,-900000.0,-0.032967,300000.0,-200000.0,-0.007326,-0.00881,-0.00881,22700000,22700000,https://www.sec.gov/Archives/edgar/data/716634/000071663406000007/0000716634-06-000007-index.htm,https://www.sec.gov/Archives/edgar/data/716634/000071663406000007/form10q.htm
0,2006-03-31,RDI,2006-05-10,2006-05-10 16:07:26,Q1,25200000,18900000,6300000.0,0.25,0.0,3400000.0,0.0,-1156000.0,6600000.000000001,25500000,1845000.0,3200000.0,2245000.0,0.089087,-300000.0,-0.011905,-1200000.0,-3200000.0,-0.126984,300000.0,-3100000.0,-0.123016,-0.13778,-0.13778,22500000,22500000,https://www.sec.gov/Archives/edgar/data/716634/000095012906005275/0000950129-06-005275-index.htm,https://www.sec.gov/Archives/edgar/data/716634/000095012906002759/a18602e10vk.htm
0,2005-12-31,RDI,2006-03-16,2006-03-16 17:11:01,Q4,22900000,17300000,5600000.0,0.2445414847161572,0.0,3800000.0,0.0,90195000,6800000.000000001,24100000,1217000.0,3000000.0,2317000.0,0.101179,-1100000.0,-0.048035,22000.0,-2300000.0,-0.100437,600000.0,-2500000.0,-0.10917,-0.11062,-0.11062,22600000,22600000,https://www.sec.gov/Archives/edgar/data/716634/000095012906002759/0000950129-06-002759-index.htm,https://www.sec.gov/Archives/edgar/data/716634/000095012906002759/a18602e10vk.htm
0,2005-09-30,RDI,2005-11-09,2005-11-09 14:23:44,Q3,24800000,18600000,6200000.0,0.25,0.0,5600000.0,0.0,0.0,8899999.999999998,27500000,3465000.0,3200000.0,2265000.0,0.091331,-2700000.0,-0.108871,-300000.0,-4700000.0,-0.189516,200000.0,-4600000.0,-0.185484,-0.20536,-0.20536,22400000,22400000,https://www.sec.gov/Archives/edgar/data/716634/000095012905010795/0000950129-05-010795-index.htm,https://www.sec.gov/Archives/edgar/data/716634/000095012905010795/a14309e10vq.htm
0,2005-06-30,RDI,2005-08-09,2005-08-09 14:49:52,Q2,24900000,19700000,5200000.0,0.20883534136546184,0.0,4100000.0,0.0,0.0,7100000.000000001,26800000,1683000.0,2800000.0000000005,15183000,0.609759,-2000000.0,-0.080321,600000.0,-2100000.0,-0.084337,200000.0,10500000,0.421687,0.47727,0.47727,22000000,22000000,https://www.sec.gov/Archives/edgar/data/716634/000095012905007995/0000950129-05-007995-index.htm,https://www.sec.gov/Archives/edgar/data/716634/000095012905007995/a11569e10vq.htm
0,2005-03-31,RDI,2005-05-10,2005-05-10 15:24:41,Q1,25500000,19200000,6300000.0,0.24705882352941178,0.0,3700000.0,0.0,-271000.0,6900000.000000002,26100000.000000004,939000.0,3400000.0,2139000.0,0.083882,-600000.0,-0.023529,-300000.0,-1700000.0,-0.066667,200000.0,-2400000.0,-0.094118,-0.10909,-0.10909,22000000,22000000,https://www.sec.gov/Archives/edgar/data/716634/000095012905005037/0000950129-05-005037-index.htm,https://www.sec.gov/Archives/edgar/data/716634/000095012905002846/a06859e10vk.htm
0,2004-12-31,RDI,2005-03-25,2005-03-25 17:25:07,Q4,23200000,18300000,4900000.0,0.21120689655172414,0.0,4000000.0,0.0,95680000,7399999.999999999,25700000,7952000.0,4400000.0,8252000.0,0.35569,-2500000.0,-0.107759,-500000.0,-4500000.0,-0.193966,300000.0,-4400000.0,-0.189655,-0.2,-0.2,22000000,22000000,https://www.sec.gov/Archives/edgar/data/716634/000095012905002846/0000950129-05-002846-index.htm,https://www.sec.gov/Archives/edgar/data/716634/000095012905002846/a06859e10vk.htm
0,2004-09-30,RDI,2004-11-09,2004-11-09 15:59:29,Q3,24200000,17900000,6300000.0,0.2603305785123967,0.0,3900000.0,0.0,-2984000.0,7000000.0,24900000,-3190000.0,3099999.9999999995,-1990000.0000000005,-0.082231,-700000.0,-0.028926,-100000.0,-1500000.0,-0.061983,300000.0,-2200000.0,-0.090909,-0.10046,-0.10046,21900000,21900000,https://www.sec.gov/Archives/edgar/data/716634/000095012904008768/0000950129-04-008768-index.htm,https://www.sec.gov/Archives/edgar/data/716634/000095012904008768/a03122e10vq.htm
0,2004-06-30,RDI,2004-08-09,2004-08-09 13:50:39,Q2,17400000,12700000,4700000.0,0.27011494252873564,0.0,3400000.0,0.0,0.0,6000000.0,18700000,-2100000.0,2500000.0000000005,-99999.9999999996,-0.005747,-1300000.0,-0.074713,900000.0,-800000.0,-0.045977,100000.0,-600000.0,-0.034483,-0.02715,-0.02715,22100000,22100000,https://www.sec.gov/Archives/edgar/data/716634/000095012904005778/0000950129-04-005778-index.htm,https://www.sec.gov/Archives/edgar/data/716634/000095012904005778/a00988e10vq.htm
0,2004-03-31,RDI,2004-05-10,2004-05-07 18:43:41,Q1,22600000,18100000,4500000.0,0.19911504424778761,0.0,3500000.0,0.0,-1191000.0,6399999.999999999,24500000,-1029000.0,2900000.0,771000.0,0.034115,-1900000.0,-0.084071,700000.0,-1700000.0,-0.075221,300000.0,-1400000.0,-0.061947,-0.06393,-0.06393,21900000,21900000,https://www.sec.gov/Archives/edgar/data/716634/000095015004000504/0000950150-04-000504-index.htm,https://www.sec.gov/Archives/edgar/data/716634/000095012904001315/a97336e10vk.htm
0,2003-12-31,RDI,2004-03-15,2004-03-15 16:10:04,Q4,24800000,19400000,5400000.0,0.21774193548387097,0.0,3600000.0,0.0,2824000.0,8100000.000000001,27500000,4231000.0,4500000.0,5931000.0,0.239153,-2700000.0,-0.108871,100000.0,-3300000.0,-0.133065,100000.0,-2900000.0,-0.116935,-0.13242,-0.13242,21900000,21900000,https://www.sec.gov/Archives/edgar/data/716634/000095012904001315/0000950129-04-001315-index.htm,https://www.sec.gov/Archives/edgar/data/716634/000095012904001315/a97336e10vk.htm
0,2003-09-30,RDI,2003-11-14,2003-11-14 14:07:18,Q3,23700000,18400000,5300000.0,0.22362869198312235,0.0,4000000.0,0.0,-2761000.0,6600000.000000001,25000000,-2918000.0,2500000.0,-2618000.0,-0.110464,-1300000.0,-0.054852,-100000.0,-2200000.0,-0.092827,300000.0,-2500000.0,-0.105485,-0.11416,-0.11416,21900000,21900000,https://www.sec.gov/Archives/edgar/data/716634/000095015003001354/0000950150-03-001354-index.htm,https://www.sec.gov/Archives/edgar/data/716634/000095015003001354/a94399e10vq.htm
0,2003-06-30,RDI,2003-08-14,2003-08-13 20:19:00,Q2,23300000,18000000,5300000.0,0.22746781115879827,0.0,3100000.0,0.0,0.0,5500000.0,23500000,-1927000.0,2500000.0,2473000.0,0.106137,-200000.0,-0.008584,3000000.0,1900000.0,0.081545,500000.0,1400000.0,0.060086,0.06306,0.06306,22200000,22200000,https://www.sec.gov/Archives/edgar/data/716634/000095015003000917/0000950150-03-000917-index.htm,https://www.sec.gov/Archives/edgar/data/716634/000095015003000917/a92465e10vq.htm
0,2003-03-31,RDI,2003-05-13,2003-05-13 12:07:00,Q1,22000000,17100000,4900000.0,0.22272727272727272,0.0,3500000.0,0.0,132000.0,5899999.999999999,23000000,-919000.0,2500000.0,-519000.0,-0.023591,-1100000.0,-0.05,-100000.0,-2000000.0,-0.090909,-200000.0,-1900000.0,-0.086364,-0.08716,-0.08716,21800000,21800000,https://www.sec.gov/Archives/edgar/data/716634/000095015003000576/0000950150-03-000576-index.htm,https://www.sec.gov/Archives/edgar/data/716634/000095015003000386/a88762e10vk.htm
0,2002-12-31,RDI,2003-03-28,2003-03-28 16:49:59,Q4,23000000,19200000,3800000.0,0.16521739130434782,0.0,3500000.0,0.0,-55000.0,6699999.999999999,25900000,3288000.0,3199999.999999999,2787999.999999999,0.121217,-2900000.0,-0.126087,-1200000.0,-3700000.0,-0.16087,400000.0,-4100000.0,-0.178261,-0.18807,-0.18807,21800000,21800000,https://www.sec.gov/Archives/edgar/data/716634/000095015003000386/0000950150-03-000386-index.htm,https://www.sec.gov/Archives/edgar/data/716634/000095015003000386/a88762e10vk.htm
0,2002-09-30,RDI,2002-11-14,2002-11-14 14:55:12,Q3,22000000,17400000,4600000.0,0.20909090909090908,0.0,3700000.0,0.0,-1185000.0,5700000.000000003,23100000.000000004,-2526000.0,2100000.0,-2426000.0,-0.110273,-1200000.0,-0.054545,100000.0,-1900000.0,-0.086364,-400000.0,-1600000.0,-0.072727,-0.07339,-0.07339,21800000,21800000,https://www.sec.gov/Archives/edgar/data/716634/000095015002001056/0000950150-02-001056-index.htm,https://www.sec.gov/Archives/edgar/data/716634/000095015002001056/a85978e10vq.htm
0,2002-06-30,RDI,2002-08-14,2002-08-14 13:01:18,Q2,22000000,17300000,4700000.0,0.21363636363636362,0.0,3600000.0,0.0,0.0,5500000.0,22800000,-1526000.0,1900000.0,-826000.0,-0.037545,-800000.0,-0.036364,300000.0,-1300000.0,-0.059091,200000.0,-1400000.0,-0.063636,-0.06422,-0.06422,21800000,21800000,https://www.sec.gov/Archives/edgar/data/716634/000095015002000766/0000950150-02-000766-index.htm,https://www.sec.gov/Archives/edgar/data/716634/000095015002000766/a83671e10vq.htm
0,2002-03-31,RDI,2002-05-15,2002-05-15 15:03:20,Q1,19500000,15700000,3800000.0,0.19487179487179487,0.0,3500000.0,0.0,-738000.0,4900000.000000002,20600000.000000004,-618000.0,1500000.0,-118000.0,-0.006051,-1100000.0,-0.05641,700000.0,-900000.0,-0.046154,-100000.0,-900000.0,-0.046154,-0.04128,-0.04128,21800000,21800000,https://www.sec.gov/Archives/edgar/data/716634/000095015002000501/0000950150-02-000501-index.htm,https://www.sec.gov/Archives/edgar/data/716634/000095015002000501/a81610e10-q.htm
0,2001-12-31,RDI,,,Q4,6700000.0,5300000.0,1500000.0,0.223881,0.0,1700000.0,0.0,0.0,2300000.0,7600000.0,-500000.0,500000.0,-1400000.0,-0.208955,-800000.0,-0.119403,-100000.0,-1400000.0,-0.208955,0.0,-1400000.0,-0.208955,-0.13861,-0.13861,10100000,10100000,,
0,2001-09-30,RDI,,,Q3,6200000.0,5200000.0,1100000.0,0.177419,0.0,1900000.0,0.0,0.0,2399999.9999999995,7599999.999999999,300000.0,500000.0,-1000000.0,-0.16129,-1300000.0,-0.209677,0.0,-1800000.0,-0.290323,0.0,-1800000.0,-0.290323,-0.18182,-0.18182,9900000.0,9900000.0,,
0,2001-06-30,RDI,,,Q2,6100000.0,4400000.0,1700000.0,0.278689,0.0,1600000.0,0.0,0.0,2199999.999999999,6599999.999999999,0.0,500000.0,200000.0,0.032787,-400000.0,-0.065574,100000.0,-300000.0,-0.04918,100000.0,-400000.0,-0.065574,-0.0404,-0.0404,9900000.0,9900000.0,,
0,2001-03-31,RDI,,,Q1,4600000.0,3000000.0,1600000.0,0.347826,0.0,2000000.0,0.0,0.0,2400000.0000000005,5400000.0,0.0,500000.0,-400000.0,-0.086957,-800000.0,-0.173913,0.0,-800000.0,-0.173913,0.0,-900000.0,-0.195652,-0.09091,-0.09091,9900000.0,9900000.0,,
0,2000-12-31,RDI,,,Q4,4200000.0,2000000.0,2100000.0,0.5,0.0,2800000.0,0.0,0.0,3099999.9999999995,5100000.0,-400000.0,399999.99999999994,-500000.00000000006,-0.119048,-900000.0,-0.214286,0.0,-500000.0,-0.119048,0.0,-500000.0,-0.119048,-0.05102,-0.05102,9800000.0,9800000.0,,
0,2000-09-30,RDI,,,Q3,1900000.0,1900000.0,0.0,0.0,0.0,300000.0,0.0,0.0,500000.0,2400000.0,-2300000.0,199999.99999999997,-4800000.0,-2.526316,-400000.0,-0.210526,0.0,-2700000.0,-1.421053,-100000.0,-2600000.0,-1.368421,-0.37143,-0.37143,7000000.0,7000000.0,,
0,2000-06-30,RDI,,,Q2,700000.0,200000.0,400000.0,0.571429,0.0,200000.0,0.0,0.0,300000.0,500000.0,-800000.0,0.0,-1500000.0,-2.142857,100000.0,0.142857,0.0,-700000.0,-1.0,0.0,-700000.0,-1.0,-0.10448,-0.10448,6700000.0,6700000.0,,
0,2000-03-31,RDI,,,Q1,600000.0,100000.0,400000.0,0.666667,0.0,200000.0,0.0,0.0,400000.0,500000.0,200000.0,100000.0,600000.0,1.0,100000.0,0.166667,0.0,300000.0,0.5,100000.0,200000.0,0.333333,0.02985,0.02985,6700000.0,6700000.0,,
0,1999-12-31,RDI,,,Q4,600000.0,100000.0,400000.0,0.666667,0.0,300000.0,0.0,0.0,400000.0,500000.0,300000.0,200000.0,1000000.0,1.666667,100000.0,0.166667,0.0,400000.0,0.666667,200000.0,300000.0,0.5,0.04545,0.04545,6600000.0,6600000.0,,
0,1999-09-30,RDI,,,Q3,600000.0,200000.0,400000.0,0.666667,0.0,300000.0,0.0,0.0,300000.0,500000.0,200000.0,99999.99999999999,700000.0,1.166667,100000.0,0.166667,0.0,300000.0,0.5,-400000.0,800000.0,1.333333,0.1194,0.1194,6700000.0,6700000.0,,
0,1999-06-30,RDI,,,Q2,1300000.0,400000.0,800000.0,0.615385,0.0,500000.0,0.0,0.0,600000.0,1000000.0,-100000.0,100000.0,13500000,10.384615,300000.0,0.230769,0.0,13600000,10.461538,5500000.0,8000000.0,6.153846,1.19403,1.19403,6700000.0,6700000.0,,
0,1999-03-31,RDI,,,Q1,1500000.0,500000.0,900000.0,0.6,0.0,300000.0,0.0,0.0,400000.0,900000.0,-100000.0,100000.0,500000.0,0.333333,600000.0,0.4,0.0,500000.0,0.333333,0.0,500000.0,0.333333,0.07463,0.07463,6700000.0,6700000.0,,
0,1998-12-31,RDI,,,Q4,1500000.0,600000.0,800000.0,0.533333,0.0,200000.0,0.0,0.0,300000.00000000006,900000.0,-700000.0,100000.00000000003,-800000.0,-0.533333,500000.0,0.333333,0.0,-200000.0,-0.133333,-5100000.0,4900000.0,3.266667,0.73134,0.73134,6700000.0,6700000.0,,
0,1998-09-30,RDI,,,Q3,1500000.0,600000.0,800000.0,0.533333,0.0,200000.0,0.0,0.0,300000.00000000006,900000.0,-200000.0,99999.99999999999,199999.99999999997,0.133333,600000.0,0.4,0.0,400000.0,0.266667,100000.0,200000.0,0.133333,0.02985,0.02985,6700000.0,6700000.0,,
0,1998-06-30,RDI,,,Q2,1500000.0,600000.0,800000.0,0.533333,0.0,600000.0,0.0,0.0,600000.0,1200000.0,0.0,100000.0,400000.0,0.266667,300000.0,0.2,0.0,300000.0,0.2,100000.0,200000.0,0.133333,0.02985,0.02985,6700000.0,6700000.0,,
0,1998-03-31,RDI,,,Q1,1500000.0,500000.0,800000.0,0.533333,0.0,300000.0,0.0,0.0,400000.0,900000.0,-100000.0,100000.0,500000.0,0.333333,600000.0,0.4,0.0,400000.0,0.266667,100000.0,400000.0,0.266667,0.0597,0.0597,6700000.0,6700000.0,,
0,1997-12-31,RDI,,,Q4,1500000.0,600000.0,800000.0,0.533333,0.0,400000.0,0.0,0.0,400000.0,1000000.0,-200000.0,0.0,300000.0,0.2,500000.0,0.333333,200000.0,400000.0,0.266667,0.0,500000.0,0.333333,0.07463,0.07463,6700000.0,6700000.0,,
0,1997-09-30,RDI,,,Q3,1400000.0,500000.0,800000.0,0.571429,0.0,300000.0,0.0,0.0,400000.0,900000.0,-200000.0,199999.99999999997,400000.0,0.285714,400000.0,0.285714,200000.0,400000.0,0.285714,0.0,400000.0,0.285714,0.0597,0.0597,6700000.0,6700000.0,,
0,1997-06-30,RDI,,,Q2,1400000.0,500000.0,800000.0,0.571429,0.0,300000.0,0.0,0.0,400000.0,900000.0,-200000.0,100000.0,300000.0,0.214286,400000.0,0.285714,200000.0,400000.0,0.285714,0.0,400000.0,0.285714,0.06061,0.06061,6600000.0,6600000.0,,
0,1997-03-31,RDI,,,Q1,1100000.0,500000.0,600000.0,0.545455,0.0,200000.0,0.0,0.0,300000.00000000006,800000.0,-300000.0,200000.0,100000.0,0.090909,300000.0,0.272727,200000.0,300000.0,0.272727,0.0,200000.0,0.181818,0.03333,0.03333,6000000.0,6000000.0,,
0,1996-12-31,RDI,,,Q4,1100000.0,500000.0,700000.0,0.636364,0.0,0.0,0.0,0.0,99999.99999999999,600000.0,-300000.0,100000.00000000003,200000.00000000003,0.181818,400000.0,0.363636,300000.0,400000.0,0.363636,0.0,400000.0,0.363636,0.05405,0.05405,7400000.0,7400000.0,,
0,1996-09-30,RDI,,,Q3,1300000.0,500000.0,800000.0,0.615385,0.0,300000.0,0.0,0.0,400000.0,900000.0,-300000.0,99999.99999999999,-2e-11,0.0,400000.0,0.307692,0.0,200000.0,0.153846,0.0,200000.0,0.153846,0.02469,0.02469,8100000.0,8100000.0,,
0,1996-06-30,RDI,,,Q2,1700000.0,800000.0,800000.0,0.470588,0.0,300000.0,0.0,0.0,399999.9999999999,1200000.0,-400000.0,200000.0,5300000.0,3.117647,500000.0,0.294118,5500000.0,5500000.0,3.235294,0.0,5500000.0,3.235294,0.67901,0.67901,8100000.0,8100000.0,,
0,1996-03-31,RDI,,,Q1,1700000.0,800000.0,1000000.0,0.588235,0.0,200000.0,0.0,0.0,300000.00000000006,1100000.0,-400000.0,100000.0,-100000.0,-0.058824,600000.0,0.352941,0.0,200000.0,0.117647,0.0,200000.0,0.117647,0.02439,0.02439,8200000.0,8200000.0,,
0,1995-12-31,RDI,,,Q4,1800000.0,700000.0,1000000.0,0.555556,0.0,400000.0,0.0,0.0,500000.0,1200000.0,-400000.0,200000.00000000003,-99999.99999999996,-0.055556,600000.0,0.333333,0.0,100000.0,0.055556,0.0,100000.0,0.055556,0.01205,0.01205,8300000.0,8300000.0,,
0,1995-09-30,RDI,,,Q3,1800000.0,800000.0,1100000.0,0.611111,0.0,700000.0,0.0,0.0,700000.0,1500000.0,-400000.0,99999.99999999999,-400000.0,-0.222222,300000.0,0.166667,0.0,-100000.0,-0.055556,0.0,-100000.0,-0.055556,-0.01235,-0.01235,8100000.0,8100000.0,,
0,1995-06-30,RDI,,,Q2,1400000.0,600000.0,800000.0,0.571429,0.0,300000.0,0.0,0.0,500000.0000000001,1100000.0,-300000.0,100000.0,-200000.0,-0.142857,400000.0,0.285714,0.0,0.0,0.0,0.0,0.0,0.0,0.01,0.01,6100000.0,6100000.0,,
0,1995-03-31,RDI,,,Q1,1100000.0,500000.0,600000.0,0.545455,0.0,400000.0,0.0,0.0,600000.0000000001,1100000.0,-200000.0,100000.0,1200000.0,1.090909,0.0,0.0,1500000.0,1300000.0,1.181818,0.0,1300000.0,1.181818,0.14607,0.14607,8900000.0,8900000.0,,
0,1994-12-31,RDI,,,Q4,1300000.0,900000.0,400000.0,0.307692,0.0,1700000.0,0.0,0.0,1900000.0,2800000.0,-7400000.0,199999.99999999997,-16100000,-12.384615,-1500000.0,-1.153846,0.0,-8900000.0,-6.846154,0.0,-8900000.0,-6.846154,-1.28986,-1.28986,6900000.0,6900000.0,,
0,1994-09-30,RDI,,,Q3,800000.0,500000.0,400000.0,0.5,0.0,200000.0,0.0,0.0,300000.00000000006,800000.0,-59200000,-2800000.0,-121200000,-151.5,0.0,0.0,0.0,-59200000,-74.0,0.0,-59200000,-74.0,-8.9697,-8.9697,6600000.0,6600000.0,,
0,1994-06-30,RDI,,,Q2,0.0,0.0,0.0,0.0,0.0,0.0,0.0,0.0,0.0,0.0,-91200000,1700000.0,-181100000,0.0,0.0,0.0,-400000.0,-91600000,0.0,0.0,-91600000,0.0,-13.87879,-13.87879,6600000.0,6600000.0,,
0,1994-03-31,RDI,,,Q1,0.0,0.0,0.0,0.0,0.0,0.0,0.0,0.0,0.0,0.0,-14800000,1200000.0,-28800000,0.0,0.0,0.0,-400000.0,-15200000,0.0,0.0,-15200000,0.0,-2.30303,-2.30303,6600000.0,6600000.0,,
0,1993-12-31,RDI,,,Q4,68500000,0.0,68500000,1.0,0.0,0.0,0.0,19600000,19600000,19600000,-48500000,16000000,-88600000,-1.293431,48900000,0.713869,-56600000,-56200000,-0.820438,-18800000,-37300000,-0.544526,-5.65152,-5.65152,6600000.0,6600000.0,,
0,1993-09-30,RDI,,,Q3,69200000,0.0,69200000,1.0,0.0,0.0,0.0,23500000,23500000,23500000,-43800000,2099999.9999999995,-66000000,-0.953757,45700000,0.660405,-26300000,-24300000,-0.351156,-9600000.0,-14700000,-0.212428,-2.22727,-2.22727,6600000.0,6600000.0,,
0,1993-06-30,RDI,,,Q2,73700000,0.0,73700000,1.0,0.0,0.0,0.0,14500000,14500000,14500000,-46700000,1600000.0,-68600000,-0.930801,59200000,0.803256,-35900000,-23500000,-0.31886,-8300000.0,-15200000,-0.206242,-2.30303,-2.30303,6600000.0,6600000.0,,
0,1993-03-31,RDI,,,Q1,78200000,0.0,78200000,1.0,0.0,0.0,0.0,7500000.0,7500000.0,7500000.0,-49400000,2200000.0,-46900000,-0.599744,70700000,0.904092,-20900000,400000.0,0.005115,200000.0,100000.0,0.001279,0.02941,0.02941,3400000.0,3400000.0,,
0,1992-12-31,RDI,,,Q4,82200000,0.0,82200000,1.0,0.0,0.0,0.0,-6800000.0,-6800000.0,-6800000.0,-52600000,1200000.000000001,-48200000,-0.586375,89000000,1.082725,-33200000,3200000.0,0.038929,-3200000.0,6400000.0,0.077859,1.93939,1.93939,3300000.0,3300000.0,,
0,1992-09-30,RDI,,,Q3,86700000,0.0,86700000,1.0,0.0,0.0,0.0,39000000,39000000,39000000,-56300000,2899999.9999999995,-78600000,-0.906574,47700000,0.550173,-16600000,-25200000,-0.290657,-10300000,-14900000,-0.171857,-4.51515,-4.51515,3300000.0,3300000.0,,
0,1992-06-30,RDI,,,Q2,96800000,0.0,96800000,1.0,0.0,0.0,0.0,10000000,10000000,10000000,-61200000,2200000.0,-51200000,-0.528926,86800000,0.896694,-17900000,7700000.0,0.079545,3300000.0,4500000.0,0.046488,1.36364,1.36364,3300000.0,3300000.0,,
0,1992-03-31,RDI,,,Q1,104900000,0.0,104900000,1.0,0.0,0.0,0.0,9000000.0,9000000.0,9000000.0,-69800000,2400000.0,-56900000,-0.542421,95900000,0.914204,-15700000,10400000,0.099142,4400000.0,6100000.0,0.058151,1.84848,1.84848,3300000.0,3300000.0,,
0,1991-12-31,RDI,,,Q4,121300000,0.0,121300000,1.0,0.0,0.0,0.0,6000000.0,6000000.0,6000000.0,-84400000,2099999.9999999995,-60400000,-0.497939,115300000,0.950536,-9000000.0,21900000,0.180544,9600000.0,12300000,0.101401,3.72727,3.72727,3300000.0,3300000.0,,
0,1991-09-30,RDI,,,Q3,128100000,0.0,128100000,1.0,0.0,0.0,0.0,40400000,40400000,40400000,-89900000,2400000.0,-112600000,-0.879001,87700000,0.684621,-23000000,-25200000,-0.196721,-4000000.0,-21100000,-0.164715,-6.39394,-6.39394,3300000.0,3300000.0,,
0,1991-06-30,RDI,,,Q2,133900000,0.0,133900000,1.0,0.0,0.0,0.0,6000000.0,6000000.0,6000000.0,-98500000,2300000.0,-83100000,-0.620612,127900000,0.95519,-16400000,13100000,0.097834,6000000.0,7100000.0,0.053025,2.15152,2.15152,3300000.0,3300000.0,,
0,1991-03-31,RDI,,,Q1,136800000,0.0,136800000,1.0,0.0,0.0,0.0,6000000.0,6000000.0,6000000.0,-105300000,2200000.0,-94600000,-0.69152,130800000,0.95614,-17000000,8500000.0,0.062135,4100000.0,4400000.0,0.032164,1.33333,1.33333,3300000.0,3300000.0,,
0,1990-12-31,RDI,,,Q4,140200000,0.0,140200000,1.0,0.0,0.0,0.0,3800000.0,3800000.0,3800000.0,-110700000,2199999.999999999,-100400000,-0.71612,136400000,0.972896,-17700000,8000000.0,0.057061,3700000.0,4400000.0,0.031384,1.33333,1.33333,3300000.0,3300000.0,,
0,1990-09-30,RDI,,,Q3,133100000,0.0,133100000,1.0,0.0,0.0,0.0,4300000.0,4300000.0,4300000.0,-105300000,1600000.0000000002,-95000000,-0.713749,128800000,0.967693,-14800000,8700000.0,0.065364,3800000.0,4900000.0,0.036814,1.48485,1.48485,3300000.0,3300000.0,,
0,1990-06-30,RDI,,,Q2,127200000,0.0,127200000,1.0,0.0,0.0,0.0,2400000.0,2400000.0,2400000.0,-98500000,1499999.9999999998,-85000000,-0.668239,124800000,0.981132,-14400000,12000000,0.09434,5200000.0,6800000.0,0.053459,2.06061,2.06061,3300000.0,3300000.0,,
0,1990-03-31,RDI,,,Q1,125500000,0.0,125500000,1.0,0.0,0.0,0.0,2300000.0,2300000.0,2300000.0,-96700000,1500000.0,-82800000,-0.659761,123300000,0.98247,-14200000,12400000,0.098805,5100000.0,7300000.0,0.058167,2.21212,2.21212,3300000.0,3300000.0,,
0,1989-12-31,RDI,,,Q4,124500000,0.0,124500000,1.0,0.0,0.0,0.0,800000.0,800000.0,800000.0,-100800000,0.0,-96000000,-0.771084,123600000,0.992771,-18000000,4800000.0,0.038554,1200000.0,3600000.0,0.028916,1.09091,1.09091,3300000.0,3300000.0,,
0,1989-09-30,RDI,,,Q3,120900000,0.0,120900000,1.0,0.0,0.0,0.0,6000000.0,6000000.0,6000000.0,-103800000,700000.0000000006,-106600000,-0.88172,114900000,0.950372,-14500000,-3500000.0,-0.02895,-1200000.0,-2300000.0,-0.019024,-0.69697,-0.69697,3300000.0,3300000.0,,
0,1989-06-30,RDI,,,Q2,116200000,0.0,116200000,1.0,0.0,0.0,0.0,700000.0,700000.0,700000.0,-100300000,1199999.9999999998,-92600000,-0.796902,115500000,0.993976,-8700000.0,6500000.0,0.055938,2700000.0,3800000.0,0.032702,1.15152,1.15152,3300000.0,3300000.0,,
