,date,symbol,fillingDate,acceptedDate,period,revenue,costOfRevenue,grossProfit,grossProfitRatio,researchAndDevelopmentExpenses,generalAndAdministrativeExpenses,sellingAndMarketingExpenses,otherExpenses,operatingExpenses,costAndExpenses,interestExpense,depreciationAndAmortization,ebitda,ebitdaratio,operatingIncome,operatingIncomeRatio,totalOtherIncomeExpensesNet,incomeBeforeTax,incomeBeforeTaxRatio,incomeTaxExpense,netIncome,netIncomeRatio,eps,epsdiluted,weightedAverageShsOut,weightedAverageShsOutDil,link,finalLink
0,2020-06-30,UONE,2020-07-31 00:00:00,2020-07-31 15:59:16,Q2,76008000,384000.0,75624000,0.9949479002210294,0.0,22294000,0.0,33332000,55626000,56010000,18395000,14753000,35135000,0.462253973266,20382000,0.268155983581,-1598000.0,2107000.0,0.0277207662351,465000.0,1420000.0,0.0186822439743,0.03154,0.03154,45025471,45025471,https://www.sec.gov/Archives/edgar/data/1041657/000110465920089048/0001104659-20-089048-index.htm,https://www.sec.gov/Archives/edgar/data/1041657/000110465920089048/tm2024697-1_10q.htm
0,2020-03-31,UONE,2020-04-29 00:00:00,2020-04-29 16:19:10,Q1,94875000,371000.0,94504000,0.996089591568,0.0,29463000,0.0,92699000,122162000,122533000,19138000,13500000,-13787000,-0.145317523057,-27287000,-0.287610013175,0.0,-44913000,-0.473391304348,-21855000,-23187000,-0.244395256917,-0.51267,-0.51267,45228164,45228164,https://www.sec.gov/Archives/edgar/data/1041657/000110465920053397/0001104659-20-053397-index.html,https://www.sec.gov/Archives/edgar/data/1041657/000110465920053397/tm205255d1_10k.htm
0,2019-12-31,UONE,2020-04-29,2020-04-29 16:19:10,Q4,105854000,0.0,105854000,1.0,0.0,38470000,0.0,59418000,97888000,97888000,-15657000,2534000.0,10500000,0.09919322840894061,7966000.0,0.07525459595291628,-2406000.0,-5266000.0,-0.049747765790617265,2522000.0,-7788000.0,-0.07357303455703139,-0.16252,-0.16252,44699586,47921671,https://www.sec.gov/Archives/edgar/data/1041657/000110465920053397/0001104659-20-053397-index.htm,https://www.sec.gov/Archives/edgar/data/1041657/000110465920053397/tm205255d1_10k.htm
0,2019-09-30,UONE,2019-11-12 00:00:00,2019-11-12 16:32:35,Q3,111055000,463000.0,110592000,0.9958308946017739,0.0,36125000,0.0,42463000,78588000,79051000,21589000,14936000,47403000,0.426842555491,32467000,0.292350637072,-1299000.0,12222000,0.110053577056,6535000.0,5359000.0,0.0482553689613,0.11411,0.11411,44912673,46965245,https://www.sec.gov/Archives/edgar/data/1041657/000110465919062656/0001104659-19-062656-index.html,https://www.sec.gov/Archives/edgar/data/1041657/000110465919062656/tm1919629d1_10q.htm
0,2019-06-30,UONE,2019-08-02,2019-08-02 16:45:32,Q2,121571000,421000.0,121150000,0.996537003068166,0.0,44816000,0.0,46209000,91025000,91446000,22003000,16114000,46660000,0.383808638573,30546000,0.251260580237,-3370000.0,10255000,0.0843539988978,3118000.0,6591000.0,0.0542152322511,0.14333,0.14333,45175521,45984939,https://www.sec.gov/Archives/edgar/data/1041657/000114420419037501/0001144204-19-037501-index.htm,https://www.sec.gov/Archives/edgar/data/1041657/000114420419037501/tv525610_10q.htm
0,2019-03-31,UONE,2019-05-10 00:00:00,2019-05-10 15:16:56,Q1,98449000,416000.0,98033000,0.9957744619041331,0.0,33139000,0.0,49193000,82332000,82748000,22151000,21233000,37350000,0.379384249713,16117000,0.163709128584,-1721000.0,-4290000.0,-0.04357586161362736,2248000.0,-6538000.0,-0.06641001940090809,-0.14528,-0.14528,45001767,45001767,https://www.sec.gov/Archives/edgar/data/1041657/000114420419025217/0001144204-19-025217-index.html,https://www.sec.gov/Archives/edgar/data/1041657/000114420419025217/tv519754_10q.htm
0,2018-12-31,UONE,2019-03-18 00:00:00,2019-03-18 16:39:24,Q4,113541000,31860000,81681000,0.7193965175575343,0.0,37297000,0.0,66833000,104130000,135990000,19244000,20640000,30051000,0.264670911829,9411000.0,0.0828863582318,-2152000.0,-10429000,-0.0918522824354198,-127844000,116922000,1.02977778952,2.43583,2.43583,45647696,48000957,https://www.sec.gov/Archives/edgar/data/1041657/000114420419014649/0001144204-19-014649-index.html,https://www.sec.gov/Archives/edgar/data/1041657/000114420419014649/tv512292_10k.htm
0,2018-09-30,UONE,2018-11-07 00:00:00,2018-11-07 13:07:44,Q3,110730000,30982000,79748000,0.7202022938679671,0.0,36530000,0.0,42099000,78629000,109611000,18987000,19631000,51732000,0.467190463289,32101000,0.289903368554,-1935000.0,15202000,0.13728890093,2741000.0,23044000,0.208109816671,0.47635,0.47635,45946820,48376362,https://www.sec.gov/Archives/edgar/data/1041657/000114420418057883/0001144204-18-057883-index.html,https://www.sec.gov/Archives/edgar/data/1041657/000114420418057883/tv505233_10q.htm
0,2018-06-30,UONE,2018-08-08 00:00:00,2018-08-08 11:42:45,Q2,115206000,30375000,84831000,0.7363418571949377,0.0,40648000,0.0,49745000,90393000,120768000,19155000,19646000,44459000,0.385908720032,24813000,0.215379407323,-2014000.0,8315000.0,0.0721750603267,-15581000,23590000,0.204763640783,0.48362,0.48362,46321633,48777798,https://www.sec.gov/Archives/edgar/data/1041657/000114420418042656/0001144204-18-042656-index.html,https://www.sec.gov/Archives/edgar/data/1041657/000114420418042656/tv499233_10q.htm
0,2018-03-31,UONE,2018-05-09 00:00:00,2018-05-09 14:47:50,Q1,99621000,32147000,67474000,0.6773069935053854,0.0,35235000,0.0,57071000,92306000,124453000,19281000,20375000,27690000,0.277953443551,7315000.0,0.0734282932313,-1901000.0,-9682000.0,-0.09718834382308951,12840000,-22522000,-0.2260768311902109,-0.48168,-0.48168,46757386,46757386,https://www.sec.gov/Archives/edgar/data/1041657/000114420418026486/0001144204-18-026486-index.html,https://www.sec.gov/Archives/edgar/data/1041657/000114420418026486/tv491673_10q.htm
0,2017-12-31,UONE,2018-03-16 00:00:00,2018-03-16 06:08:34,Q4,109036000,30619000,78417000,0.7191844895263949,0.0,34445000,0.0,53964000,88409000,119028000,19273000,18038000,38665000,0.354607652518,20627000,0.189176051946,-1863000.0,4431000.0,0.0406379544371,-117196000,121284000,1.1123298727,2.44362,2.44362,47169682,49632884,https://www.sec.gov/Archives/edgar/data/1041657/000114420418015060/0001144204-18-015060-index.html,https://www.sec.gov/Archives/edgar/data/1041657/000114420418015060/tv485657_10k.htm
0,2017-09-30,UONE,2017-11-08 00:00:00,2017-11-08 16:45:01,Q3,112078000,34892000,77186000,0.6886810970930959,0.0,36851000,0.0,71696000,108547000,143439000,19938000,23036000,26567000,0.237040275522,3531000.0,0.0315048448402,-1850000.0,-13855000,-0.12361926515462446,-6037000.0,-7818000.0,-0.0697549920591017,-0.16463,-0.16463,47487607,47487607,https://www.sec.gov/Archives/edgar/data/1041657/000114420417057315/0001144204-17-057315-index.html,https://www.sec.gov/Archives/edgar/data/1041657/000114420417057315/tv477505_10q.htm
0,2017-06-30,UONE,2017-08-08 00:00:00,2017-08-08 13:48:02,Q2,117638000,33009000,84629000,0.7194018939458339,0.0,42910000,0.0,62620000,105530000,138539000,19863000,20296000,32404000,0.275455210051,12108000,0.102925925296,-1574000.0,1192000.0,0.0101327802241,182000.0,802000.0,0.00681752494942,0.01675,0.01675,47890618,47890618,https://www.sec.gov/Archives/edgar/data/1041657/000114420417041132/0001144204-17-041132-index.html,https://www.sec.gov/Archives/edgar/data/1041657/000114420417041132/v471327_10q.htm
0,2017-03-31,UONE,2017-05-08 00:00:00,2017-05-08 14:53:16,Q1,101289000,31897000,69392000,0.6850892002093021,0.0,34519000,0.0,50317000,84836000,116733000,20346000,20908000,37361000,0.368855453208,16453000,0.162436197415,-1321000.0,-2469000.0,-0.024375795989692858,-112000.0,-2357000.0,-0.02327004906751967,-0.04914,-0.04914,47965189,47965189,https://www.sec.gov/Archives/edgar/data/1041657/000114420417025169/0001144204-17-025169-index.html,https://www.sec.gov/Archives/edgar/data/1041657/000114420417025169/v465293_10q.htm
0,2016-12-31,UONE,2017-03-10 00:00:00,2017-03-10 15:31:32,Q4,113556000,37211000,76345000,0.6723114586635669,0.0,33364000,0.0,63108000,96472000,133683000,20148000,26388000,43472000,0.382824333369,17084000,0.150445595125,-852000.0,-2172000.0,-0.01912712670400507,1315000.0,-3487000.0,-0.03070731621402656,-0.07276,-0.07276,47965189,47924609,https://www.sec.gov/Archives/edgar/data/1041657/000114420417013955/0001144204-17-013955-index.html,https://www.sec.gov/Archives/edgar/data/1041657/000114420417013955/v460521_10k.htm
0,2016-09-30,UONE,2016-11-04 00:00:00,2016-11-04 08:58:30,Q3,110856000,32093000,78763000,0.7104983041062279,0.0,35855000,0.0,50468000,86323000,118416000,20319000,22492000,47025000,0.424198960814,24533000,0.221305116548,-22000.0,4287000.0,0.0386717904308,4307000.0,-20000.0,-0.00018041423107454716,-0.00041,-0.00041,48066267,49240165,https://www.sec.gov/Archives/edgar/data/1041657/000114420416131561/0001144204-16-131561-index.html,https://www.sec.gov/Archives/edgar/data/1041657/000114420416131561/v450938_10q.htm
0,2016-06-30,UONE,2016-08-08 00:00:00,2016-08-08 10:31:32,Q2,122719000,30693000,92026000,0.749892029759043,0.0,43150000,0.0,51850000,95000000,125693000,20531000,19824000,47543000,0.387413521949,27719000,0.225873744082,-43000.0,9932000.0,0.0809328628819,2183000.0,7314000.0,0.0595995730083,0.14757,0.14757,48387482,49561381,https://www.sec.gov/Archives/edgar/data/1041657/000114420416117075/0001144204-16-117075-index.html,https://www.sec.gov/Archives/edgar/data/1041657/000114420416117075/v444913_10q.htm
0,2016-03-31,UONE,2016-05-06 00:00:00,2016-05-06 12:21:37,Q1,109088000,34003000,75085000,0.6882975212672338,0.0,35536000,0.0,54744000,90280000,124283000,20638000,23468000,42276000,0.387540334409,18808000,0.1724112643,-11000.0,-1751000.0,-0.016051261366969785,1775000.0,-3526000.0,-0.032322528600762686,-0.07246,-0.07246,48664524,48664524,https://www.sec.gov/Archives/edgar/data/1041657/000114420416099472/0001144204-16-099472-index.html,https://www.sec.gov/Archives/edgar/data/1041657/000114420416099472/v437841_10q.htm
0,2015-12-31,UONE,2016-03-14 00:00:00,2016-03-14 17:26:20,Q4,109384000,35743000,73641000,0.6732337453375266,0.0,32739000,0.0,87950000,120689000,156432000,20418000,25459000,14154000,0.129397352446,-11305000,-0.10335149564835808,-30000.0,-31659000,-0.28942989833979377,-7853000.0,-23806000,-0.21763694873107584,-0.49567,-0.49567,48664524,48027888,https://www.sec.gov/Archives/edgar/data/1041657/000114420416087899/0001144204-16-087899-index.html,https://www.sec.gov/Archives/edgar/data/1041657/000114420416087899/v432337_10k.htm
0,2015-09-30,UONE,2015-11-09 00:00:00,2015-11-09 13:50:45,Q3,115893000,32785000,83108000,0.7171097477845945,0.0,41004000,0.0,67797000,108801000,141586000,20356000,23167000,30259000,0.261094285246,7092000.0,0.0611943775724,-39000.0,-13192000,-0.11382913549567274,4439000.0,-17631000,-0.1521317076958919,-0.36759,-0.36759,47963763,47963763,https://www.sec.gov/Archives/edgar/data/1041657/000114420415063641/0001144204-15-063641-index.html,https://www.sec.gov/Archives/edgar/data/1041657/000114420415063641/v422726_10q.htm
0,2015-06-30,UONE,2015-08-07 00:00:00,2015-08-07 10:54:26,Q2,119821000,31425000,88396000,0.7377337862311281,0.0,41232000,0.0,53802000,95034000,126459000,20019000,21402000,46189000,0.385483345991,24787000,0.206866909807,437000.0,-2732000.0,-0.022800677677535658,9942000.0,-12674000,-0.10577444688326754,-0.26492,-0.26492,47840082,47840082,https://www.sec.gov/Archives/edgar/data/1041657/000114420415047142/0001144204-15-047142-index.html,https://www.sec.gov/Archives/edgar/data/1041657/000114420415047142/v416243_10q.htm
0,2015-03-31,UONE,2015-05-04 00:00:00,2015-05-04 13:02:57,Q1,105763000,34457000,71306000,0.6742055350169719,0.0,34836000,0.0,55334000,90170000,124627000,19245000,23731000,39324000,0.371812448588,15593000,0.147433412441,-152000.0,-3493000.0,-0.033026672844000265,8530000.0,-12023000,-0.11367869670867883,-0.25254,-0.25254,47608038,47608038,https://www.sec.gov/Archives/edgar/data/1041657/000114420415027211/0001144204-15-027211-index.html,https://www.sec.gov/Archives/edgar/data/1041657/000114420415027211/v407862_10q.htm
0,2014-12-31,UONE,2015-02-17,2015-02-17 15:50:48,Q4,109730000,35977000,73753000,0.6721315957349858,0.0,31375000,0.0,58931000,90306000,126283000,19342000,25272000,44696000,0.407327075549,19424000,0.177016312768,-323000.0,322000.0,0.00293447553085,8594000.0,-9927000.0,-0.08481498252778893,-0.20888,-0.20888,47608038,47525726,https://www.sec.gov/Archives/edgar/data/1041657/000114420415009981/0001144204-15-009981-index.htm,https://www.sec.gov/Archives/edgar/data/1041657/000114420415009981/v400218_10k.htm
0,2014-09-30,UONE,2014-11-14 00:00:00,2014-11-14 08:41:09,Q3,112171000,36520000,75651000,0.6744256536894563,0.0,37011000,0.0,55600000,92611000,129131000,19350000,25633000,45193000,0.402893796079,19560000,0.174376621408,-29000.0,279000.0,0.00248727389432,9037000.0,-8758000.0,-0.07807722138520652,-0.18437,-0.18437,47502733,47502733,https://www.sec.gov/Archives/edgar/data/1041657/000114420414068136/0001144204-14-068136-index.html,https://www.sec.gov/Archives/edgar/data/1041657/000114420414068136/v392559_10q.htm
0,2014-06-30,UONE,2014-08-08 00:00:00,2014-08-08 08:53:29,Q2,108414000,33920000,74494000,0.6871252790230044,0.0,33450000,0.0,52614000,86064000,119984000,19255000,22721000,45071000,0.415730440718,22350000,0.206154186729,-21000.0,3197000.0,0.0294888114081,8605000.0,-5408000.0,-0.04988285645765307,-0.11396,-0.11396,47453414,47453414,https://www.sec.gov/Archives/edgar/data/1041657/000114420414047862/0001144204-14-047862-index.html,https://www.sec.gov/Archives/edgar/data/1041657/000114420414047862/v384748_10q.htm
0,2014-03-31,UONE,2014-05-09 00:00:00,2014-05-09 12:09:51,Q1,111072000,35272000,75800000,0.6824402189570729,0.0,40618000,0.0,54623000,95241000,130513000,21863000,24818000,40649000,0.365969821377,15831000,0.142529170268,66000.0,-11724000,-0.10555315471045808,8578000.0,-20302000,-0.18278233938346297,-0.42794,-0.42794,47441175,47441175,https://www.sec.gov/Archives/edgar/data/1041657/000114420414028917/0001144204-14-028917-index.html,https://www.sec.gov/Archives/edgar/data/1041657/000114420414028917/v376651_10q.htm
0,2013-12-31,UONE,2014-03-31,2014-03-31 10:44:44,Q4,111595000,37372000,74223000,0.6651104440163089,-485000.0,35080000,0.0,59613000,94208000,131580000,22385000,28895000,46282000,0.414731842824,17387000,0.155804471527,-208000.0,-4710000.0,-0.04220619203369327,8921000.0,-13631000,-0.12214704959899637,-0.28181,-0.28181,48370195,48370195,https://www.sec.gov/Archives/edgar/data/1041657/000114420414019095/0001144204-14-019095-index.htm,https://www.sec.gov/Archives/edgar/data/1041657/000114420414019095/v370988_10k.htm
0,2013-09-30,UONE,2013-11-14 00:00:00,2013-11-14 09:20:55,Q3,118391000,37279000,81112000,0.685119645919031,485000.0,36441000,0.0,59822000,96748000,134027000,22159000,28123000,49766000,0.420352898447,21643000,0.182809504101,-29000.0,-464000.0,-0.003919216832360568,8415000.0,-8879000.0,-0.07499725485889974,-0.08715,-0.08715,48680979,101882000,https://www.sec.gov/Archives/edgar/data/1041657/000114420413061360/0001144204-13-061360-index.html,https://www.sec.gov/Archives/edgar/data/1041657/000114420413061360/v358580_10q.htm
0,2013-06-30,UONE,2013-08-19 00:00:00,2013-08-19 16:51:31,Q2,119602000,32897000,86705000,0.7249460711359342,0.0,41017000,0.0,60176000,101193000,134090000,22406000,24434000,42843000,0.35821307336,18409000,0.153918830789,-80000.0,-14647000,-0.08263423055441155,4702000.0,-26030000,-0.14685389645192412,-0.52799,-0.52799,49299953,49299953,https://www.sec.gov/Archives/edgar/data/1041657/000114420413046878/0001144204-13-046878-index.html,https://www.sec.gov/Archives/edgar/data/1041657/000114420413046878/v351841_10q.htm
0,2013-03-31,UONE,2013-05-13 00:00:00,2013-05-13 11:56:22,Q1,99112000,30473000,68639000,0.6925397530066995,0.0,32723000,0.0,50860000,83583000,114056000,22246000,22144000,37673000,0.380105335378,15529000,0.156681330212,10000.0,4145000.0,0.09996864674529098,6681000.0,4145000.0,0.09996864674529098,0.08313,0.08313,49861964,49861964,https://www.sec.gov/Archives/edgar/data/1041657/000114420413028153/0001144204-13-028153-index.html,https://www.sec.gov/Archives/edgar/data/1041657/000114420413028153/v341748_10q.htm
0,2012-12-31,UONE,2013-03-27 00:00:00,2013-03-27 12:45:41,Q4,105663000,39204000,66459000,0.6289713523182192,0.0,30748000,0.0,60186000,90934000,130138000,22296000,31647000,46376000,0.438904820041,14729000,0.139396004278,-1284000.0,-7547000.0,-0.0714251914104275,7421000.0,-14968000,-0.14165791241967388,-0.29927,-0.29927,50015252,50015252,https://www.sec.gov/Archives/edgar/data/1041657/000114420413017773/0001144204-13-017773-index.html,https://www.sec.gov/Archives/edgar/data/1041657/000114420413017773/v336417_10k.htm
0,2012-09-30,UONE,2012-11-13 00:00:00,2012-11-13 16:02:35,Q3,109952000,32454000,77498000,0.7048348370197904,0.0,36650000,0.0,51769000,88419000,120873000,22179000,23264000,44797000,0.407423239232,21533000,0.19584000291,1284000.0,-1219000.0,-0.011086655995343423,9051000.0,-10270000,-0.09340439464493597,-0.20536,-0.20536,50010406,50010406,https://www.sec.gov/Archives/edgar/data/1041657/000114420412061597/0001144204-12-061597-index.html,https://www.sec.gov/Archives/edgar/data/1041657/000114420412061597/v325865_10q.htm
0,2012-06-30,UONE,2012-08-09 00:00:00,2012-08-09 10:59:40,Q2,105916000,32958000,72958000,0.6888288832659843,0.0,60801000,0.0,23635000,84436000,117394000,22928000,22911000,44391000,0.419115147853,21480000,0.202802220628,-7000.0,-2033000.0,-0.01919445598398731,-48491000,42668000,0.40284753956,0.8534,0.8534,49997752,49997752,https://www.sec.gov/Archives/edgar/data/1041657/000104165712000036/0001041657-12-000036-index.html,https://www.sec.gov/Archives/edgar/data/1041657/000104165712000036/form10-qjune302012.htm
0,2012-03-31,UONE,2012-05-11,2012-05-11 11:43:51,Q1,103042000,31165000,71877000,0.6975505133828924,0.0,9593000.0,0.0,79676000,89269000,120434000,23747000,21255000,35028000,0.339939053978,13773000,0.133663942858,7000.0,-9945000.0,-0.0965140428174919,65254000,-75199000,-0.7297897944527474,-1.50413,-1.50413,49994974,49994974,https://www.sec.gov/Archives/edgar/data/1041657/000114420412027875/0001144204-12-027875-index.htm,https://www.sec.gov/Archives/edgar/data/1041657/000114420412018473/v305510_10k.htm
0,2011-12-31,UONE,2012-03-30 00:00:00,2012-03-30 12:03:07,Q4,13204000,7439000.0,5765000.0,0.43661011814601636,0.0,30348000,0.0,95833000,32419000,24980000,-18388000,-29074000,-38076000,-0.38816225418735284,-9002000.0,-0.0917700549478556,-3000.0,-32197000,-0.3282293333877035,-15219000,-16978000,-0.17308064795653105,-0.32961,-0.32961,51509239,51509239,https://www.sec.gov/Archives/edgar/data/1041657/000114420412018473/0001144204-12-018473-index.html,https://www.sec.gov/Archives/edgar/data/1041657/000114420412018473/v305510_10k.htm
0,2011-09-30,UONE,2011-11-14 00:00:00,2011-11-14 09:14:34,Q3,104446000,32742000,71704000,0.686517434846715,0.0,36035000,0.0,55290000,91325000,124067000,22973000,23363000,36484000,0.349309691132,13121000,0.125624724738,3000.0,-9730000.0,-0.09315818700572545,-2325000.0,-7405000.0,-0.07089788024433678,-0.13987,-0.13987,51072480,52943536,https://www.sec.gov/Archives/edgar/data/1041657/000114420411063561/0001144204-11-063561-index.html,https://www.sec.gov/Archives/edgar/data/1041657/000114420411063561/v238607_10q.htm
0,2011-06-30,UONE,2011-08-15 00:00:00,2011-08-15 16:45:36,Q2,133939000,48249000,85690000,0.6397688499988801,0.0,47405000,0.0,69629000,117034000,117034000,-23494000,-26217000,-9312000.0,0.496908375492,16905000,0.341782787491,0.0,103349000,0.874084471289169,75888000,25459000,0.2450667841330755,0.47457,0.47457,51474556,53646473,https://www.sec.gov/Archives/edgar/data/1041657/000104165711000039/0001041657-11-000039-index.html,https://www.sec.gov/Archives/edgar/data/1041657/000104165711000039/form10-qjune302011.htm
0,2011-03-31,UONE,2011-05-13 00:00:00,2011-05-13 15:28:50,Q1,28131000,0.0,28131000,1.0,0.0,12896000,0.0,10773000,23669000,23669000,0.0,4099000.0,8561000.0,0.3043261881909637,4462000.0,0.1586150510113398,0.0,4462000.0,0.1586150510113398,0.0,4482000.0,0.15932601045110376,0.0,0.0,0.0,0.0,https://www.sec.gov/Archives/edgar/data/1041657/000104165711000028/0001041657-11-000028-index.html,https://www.sec.gov/Archives/edgar/data/1041657/000104165711000028/form10-qmarch312011.htm
0,2010-12-31,UONE,2011-03-16,2011-03-16 11:05:09,Q4,135058000,0.0,135058000,1.0,0.0,58963000,0.0,44278000,103241000,103241000,0.0,-4266000.0,27551000,0.20399383968369145,31817000,0.23558026921766945,142000.0,31959000,0.2366316693568689,0.0,31957000,0.2366168609042041,0.62274,0.62274,51316498,51316498,https://www.sec.gov/Archives/edgar/data/1041657/000104165711000008/0001041657-11-000008-index.htm,https://www.sec.gov/Archives/edgar/data/1041657/000104165711000008/form10-k2010.htm
0,2010-09-30,UONE,2010-11-04 00:00:00,2010-11-04 06:47:34,Q3,74491000,0.0,74491000,1.0,0.0,27517000,0.0,29681000,57198000,57198000,-12121000,4625000.0,21918000,0.294236887677706,17293000,0.23214885019666806,0.0,6933000.0,0.09307164623914298,4760000.0,2173000.0,0.02917130928568552,0.04235,0.04235,51316498,51316498,https://www.sec.gov/Archives/edgar/data/1041657/000104165710000075/0001041657-10-000075-index.html,https://www.sec.gov/Archives/edgar/data/1041657/000104165710000075/form10-qseptember302010.htm
0,2010-06-30,UONE,2010-08-23 00:00:00,2010-08-23 17:03:19,Q2,105418000,0.0,105418000,1.0,0.0,36879000,0.0,54924000,91803000,91803000,-18938000,4849000.0,18464000,0.17515035382951677,13615000,0.12915251664801078,-111000.0,-6202000.0,-0.05883245745508357,-75000.0,-6127000.0,-0.058121004003111425,-0.12027,-0.12027,50942693,50942693,https://www.sec.gov/Archives/edgar/data/1041657/000104165710000066/0001041657-10-000066-index.html,https://www.sec.gov/Archives/edgar/data/1041657/000104165710000066/form10-qjune302010.htm
0,2010-03-31,UONE,2010-04-01 00:00:00,2010-03-31 17:39:17,Q1,28794000,0.0,28794000,1.0,0.0,13894000,0.0,10907000,24801000,24801000,0.0,4721000.0,8714000.0,0.30263249288046123,3993000.0,0.13867472390081267,111000.0,4104000.0,0.14252969368618462,0.0,4104000.0,0.14252969368618462,0.0,0.0,0.0,0.0,https://www.sec.gov/Archives/edgar/data/1041657/000104165710000006/0001041657-10-000006-index.html,https://www.sec.gov/Archives/edgar/data/1041657/000104165710000006/form10-k2009.htm
0,2009-12-31,UONE,2010-04-01 00:00:00,2010-03-31 17:39:17,Q4,124672000,0.0,124672000,1.0,0.0,53830000,0.0,97547000,151377000,151377000,-3000.0,-3915000.0,-30620000,-0.2456044661190965,-26705000,-0.2142020662217659,36000.0,-26672000,-0.21393737166324436,0.0,-26672000,-0.21393737166324436,-0.43108,-0.43108,61873161,61873161,https://www.sec.gov/Archives/edgar/data/1041657/000104165710000006/0001041657-10-000006-index.html,https://www.sec.gov/Archives/edgar/data/1041657/000104165710000006/form10-k2009.htm
0,2009-09-30,UONE,2009-11-09 00:00:00,2009-11-09 17:11:09,Q3,75504000,0.0,75504000,1.0,0.0,24358000,0.0,28803000,53161000,53161000,-9224000.0,5361000.0,27704000,0.36692095783004874,22343000,0.2959180970544607,0.0,14517000,0.19226795931341387,-1508000.0,16025000,0.21224041110404746,0.259,0.259,61873161,61873161,https://www.sec.gov/Archives/edgar/data/1041657/000104165709000073/0001041657-09-000073-index.html,https://www.sec.gov/Archives/edgar/data/1041657/000104165709000073/form10-qseptember302009.htm
0,2009-06-30,UONE,2009-08-07 00:00:00,2009-08-07 16:43:29,Q2,70083000,0.0,70083000,1.0,0.0,21435000,0.0,30149000,51584000,51584000,-9033000.0,5259000.0,23758000,0.33899804517500676,18499000,0.26395844926729733,-50000.0,10146000,0.14477119986301956,1777000.0,8369000.0,0.11941555013341323,0.11834,0.11834,70719332,70719332,https://www.sec.gov/Archives/edgar/data/1041657/000104165709000033/0001041657-09-000033-index.html,https://www.sec.gov/Archives/edgar/data/1041657/000104165709000033/form10-qjune302009.htm
0,2009-03-31,UONE,2009-05-11 00:00:00,2009-05-11 17:09:30,Q1,60671000,0.0,60671000,1.0,0.0,23669000,0.0,80315000,103984000,103984000,-10779000,5255000.0,-38058000,-0.627284864267937,-43313000,-0.7138995566250762,50000.0,-51653000,-0.851362265332696,7071000.0,-58724000,-0.9679088856290484,-0.83038,-0.83038,70719332,70719332,https://www.sec.gov/Archives/edgar/data/1041657/000104165709000015/0001041657-09-000015-index.html,https://www.sec.gov/Archives/edgar/data/1041657/000104165709000015/form10-qmarch312009.htm
0,2008-12-31,UONE,2009-03-16 00:00:00,2009-03-16 08:47:07,Q4,75635000,0.0,75635000,1.0,0.0,28407000,0.0,252164000,280571000,280571000,-72169000,5067000.0,-199869000,-2.642546440140147,-204936000,-2.709539234481391,0.0,-290985000,-3.8472268129834073,47919000,-468219000,-6.190507040391354,0.0,0.0,0.0,0.0,https://www.sec.gov/Archives/edgar/data/1041657/000104165709000008/0001041657-09-000008-index.html,https://www.sec.gov/Archives/edgar/data/1041657/000104165709000008/form10-k2008.htm
0,2008-09-30,UONE,2008-11-10 00:00:00,2008-11-10 16:53:10,Q3,87987000,0.0,87987000,1.0,0.0,20652000,0.0,4458000.0,25110000,25110000,31818000,5222000.0,68099000,0.7739666087035585,62877000,0.7146169320467797,-971000.0,95131000,1.081193812722334,-12495000,107245000,1.218873242638117,1.08811,1.08811,98560790,98560790,https://www.sec.gov/Archives/edgar/data/1041657/000104165708000046/0001041657-08-000046-index.html,https://www.sec.gov/Archives/edgar/data/1041657/000104165708000046/form10-qseptember2008.htm
0,2008-06-30,UONE,2008-08-11 00:00:00,2008-08-11 16:41:21,Q2,83432000,0.0,83432000,1.0,0.0,27773000,0.0,43831000,71604000,71604000,-15160000,5171000.0,16999000,0.20374676383162335,11828000,0.1417681465145268,971000.0,-2734000.0,-0.03276920126570141,9761000.0,-20823000,-0.24958049669191676,-0.21127,-0.21127,98560790,98560790,https://www.sec.gov/Archives/edgar/data/1041657/000104165708000031/0001041657-08-000031-index.html,https://www.sec.gov/Archives/edgar/data/1041657/000104165708000031/form10-qjune08.htm
0,2008-03-31,UONE,2008-05-12 00:00:00,2008-05-12 12:40:47,Q1,72498000,0.0,72498000,1.0,0.0,24690000,0.0,29259000,53949000,53949000,-17259000,3664000.0,22213000,0.3063946591630114,18549000,0.2558553339402466,0.0,-805000.0,-0.011103754586333416,8898000.0,-9703000.0,-0.13383817484620267,-0.09828,-0.09828,98728411,98728411,https://www.sec.gov/Archives/edgar/data/1041657/000104165708000022/0001041657-08-000022-index.html,https://www.sec.gov/Archives/edgar/data/1041657/000104165708000022/form10-q.htm
0,2007-12-31,UONE,2008-02-29,2008-02-29 16:21:32,Q4,155647000,0.0,155647000,1.0,0.0,50987000,0.0,30701000,81688000,81688000,0.0,3837000.0,77796000,0.4998233181494022,73959000,0.4751713813950799,63000.0,74022000,0.47557614345281307,0.0,77700000,0.4992065378709516,0.78715,0.78715,98710633,98710633,https://www.sec.gov/Archives/edgar/data/1041657/000104165708000008/0001041657-08-000008-index.htm,https://www.sec.gov/Archives/edgar/data/1041657/000104165708000008/form10-k.htm
0,2007-09-30,UONE,2007-11-08 00:00:00,2007-11-08 14:28:47,Q3,88728000,0.0,88728000,1.0,0.0,28976000,0.0,17194000,46170000,46170000,-18402000,3620000.0,46178000,0.5204445045532413,42558000,0.47964565864214226,-14000.0,21646000,0.24395906590929584,11023000,10623000,0.1197254530700568,0.10762,0.10762,98710633,98710633,https://www.sec.gov/Archives/edgar/data/1041657/000095013307004480/0000950133-07-004480-index.html,https://www.sec.gov/Archives/edgar/data/1041657/000095013307004480/w41800e10vq.htm
0,2007-06-30,UONE,2007-08-10 00:00:00,2007-08-09 21:22:19,Q2,80880000,0.0,80880000,1.0,0.0,26085000,0.0,46215000,72300000,72300000,-18575000,3597000.0,12177000,0.15055637982195846,8580000.0,0.10608308605341246,-8000.0,-13973000,-0.17276211671612265,-7289000.0,-6684000.0,-0.08264094955489615,-0.06771,-0.06771,98710633,98710633,https://www.sec.gov/Archives/edgar/data/1041657/000095013307003391/0000950133-07-003391-index.html,https://www.sec.gov/Archives/edgar/data/1041657/000095013307003391/w38170e10vq.htm
0,2007-03-31,UONE,2007-06-14 00:00:00,2007-06-14 17:07:47,Q1,82472000,0.0,82472000,1.0,0.0,28504000,0.0,33058000,61562000,61562000,-18070000,4196000.0,25106000,0.30441846929867106,20910000,0.2535405955960811,0.0,2607000.0,0.03161072848966922,957000.0,1650000.0,0.02000679018333495,0.01672,0.01672,98710633,98710633,https://www.sec.gov/Archives/edgar/data/1041657/000095013307002675/0000950133-07-002675-index.html,https://www.sec.gov/Archives/edgar/data/1041657/000095013307002675/w35624e10vk.htm
0,2006-12-31,UONE,2007-06-14,2007-06-14 17:07:47,Q4,90805000,0.0,90805000,1.0,0.0,28020000,0.0,12882000,40902000,40902000,-8931000.0,4062000.0,53965000,0.5942954683112164,49903000,0.5495622487748472,186000.0,41275000,0.45454545454545453,9411000.0,31799000,0.3501899675128022,0.30607,0.30607,103749798,103893782,https://www.sec.gov/Archives/edgar/data/1041657/000095013307002675/0000950133-07-002675-index.htm,https://www.sec.gov/Archives/edgar/data/1041657/000095013307002675/w35624e10vk.htm
0,2006-09-30,UONE,2006-11-08,2006-11-08 17:27:07,Q3,97936000,0.0,97936000,1.0,0.0,29433000,0.0,32473000,61906000,61906000,-18733000,3556000.0,39586000,0.40420274464956707,36030000,0.3678933180852802,-4000.0,17151000,0.17512457114850516,8098000.0,8034000.0,0.08203316451560203,0.08139,0.08139,98708819,98712378,https://www.sec.gov/Archives/edgar/data/1041657/000095013306004800/0000950133-06-004800-index.htm,https://www.sec.gov/Archives/edgar/data/1041657/000095013306004800/w26844e10vq.htm
0,2006-06-30,UONE,2006-08-08,2006-08-08 16:30:03,Q2,97834000,0.0,97834000,1.0,0.0,30760000,0.0,32160000,62920000,62920000,-18060000,3858000.0,38772000,0.39630394341435493,34914000,0.35686979986507755,11000.0,16616000,0.16983870638019502,8148000.0,8104000.0,0.08283418852341722,0.08209,0.08209,98705785,98721516,https://www.sec.gov/Archives/edgar/data/1041657/000095013306003632/0000950133-06-003632-index.htm,https://www.sec.gov/Archives/edgar/data/1041657/000095013306003632/w23974e10vq.htm
0,2006-03-31,UONE,2006-05-09,2006-05-09 16:25:17,Q1,82083000,0.0,82083000,1.0,0.0,26964000,0.0,32626000,59590000,59590000,-17286000,4356000.0,26849000,0.3270957445512469,22493000,0.2740275087411522,-276000.0,4787000.0,0.05831901855439007,1520000.0,2593000.0,0.031589975999902535,0.02626,0.02626,98704884,98743376,https://www.sec.gov/Archives/edgar/data/1041657/000095013306002361/0000950133-06-002361-index.htm,https://www.sec.gov/Archives/edgar/data/1041657/000095013306001299/w18606e10vk.htm
0,2005-12-31,UONE,2006-03-15,2006-03-15 17:31:11,Q4,91208000,0.0,91208000,1.0,0.0,27677000,0.0,33445000,61122000,61122000,-16911000,6859000.0,36945000,0.4050631523550566,30086000,0.32986141566529253,-206000.0,12850000,0.1408867643189194,3164000.0,9532000.0,0.10450837645820542,0.09017,0.09017,105535683,105711453,https://www.sec.gov/Archives/edgar/data/1041657/000095013306001299/0000950133-06-001299-index.htm,https://www.sec.gov/Archives/edgar/data/1041657/000095013306001299/w18606e10vk.htm
0,2005-09-30,UONE,2005-11-09,2005-11-09 15:33:00,Q3,101392000,0.0,101392000,1.0,0.0,36957000,0.0,26426000,63383000,63383000,-16431000,3115000.0,41124000,0.40559412971437586,38009000,0.37487178475619376,0.0,21299000,0.21006588290989428,8744000.0,11466000,0.1130858450370838,0.10847,0.10847,105535683,105711453,https://www.sec.gov/Archives/edgar/data/1041657/000095013305005075/0000950133-05-005075-index.htm,https://www.sec.gov/Archives/edgar/data/1041657/000095013305005075/w14465e10vq.htm
0,2005-06-30,UONE,2005-08-09,2005-08-09 15:17:12,Q2,143387000,0.0,143387000,1.0,0.0,39881000,0.0,41427000,81308000,81308000,-29624000,3149000.0,65228000,0.45490874347046806,62079000,0.4329471988395043,123000.0,32556000,0.22704987202466054,15095000,16836000,0.11741650219336482,0.15935,0.15935,105479569,105654762,https://www.sec.gov/Archives/edgar/data/1041657/000095013305003592/0000950133-05-003592-index.htm,https://www.sec.gov/Archives/edgar/data/1041657/000095013305003592/w11460e10vq.htm
0,2005-03-31,UONE,2005-05-10,2005-05-10 16:42:21,Q1,35147000,0.0,35147000,1.0,0.0,12445000,0.0,9963000.0,22408000,22408000,-45000.0,3467000.0,16206000,0.4610919850911884,12739000,0.3624491421742965,0.0,12696000,0.3612257091643668,0.0,12696000,0.3612257091643668,0.12042,0.12042,104953192,105429038,https://www.sec.gov/Archives/edgar/data/1041657/000119312505102882/0001193125-05-102882-index.htm,https://www.sec.gov/Archives/edgar/data/1041657/000119312505051490/d10k.htm
0,2004-12-31,UONE,2005-03-16 00:00:00,2005-03-15 21:06:38,Q4,79523000,0.0,79523000,1.0,0.0,20826000,0.0,20570000,41396000,41396000,-10139000,3575000.0,41702000,0.5244017454069891,38127000,0.4794461979553085,-4000.0,30608000,0.3848949360562353,12024000,18584000,0.23369339687889037,0.17627,0.17627,104953192,105429038,https://www.sec.gov/Archives/edgar/data/1041657/000119312505051490/0001193125-05-051490-index.html,https://www.sec.gov/Archives/edgar/data/1041657/000119312505051490/d10k.htm
0,2004-09-30,UONE,2004-11-08 00:00:00,2004-11-08 15:13:46,Q3,84366000,0.0,84366000,1.0,0.0,23988000,0.0,21778000,45766000,45766000,-9749000.0,4368000.0,42968000,0.5093046962046321,38600000,0.45753028471185075,-123000.0,27214000,0.32257070383803904,10446000,16768000,0.19875305217741746,0.15897,0.15897,104935362,105478109,https://www.sec.gov/Archives/edgar/data/1041657/000119312504189323/0001193125-04-189323-index.html,https://www.sec.gov/Archives/edgar/data/1041657/000119312504189323/d10q.htm
0,2004-06-30,UONE,2004-07-30 00:00:00,2004-07-30 17:23:50,Q2,86210000,0.0,86210000,1.0,0.0,24791000,0.0,22266000,47057000,47057000,-9748000.0,4561000.0,43714000,0.5070641456907551,39153000,0.45415845029578933,62000.0,28621000,0.3319916483006612,11162000,17459000,0.20251710938406217,0.1654,0.1654,104906935,105553155,https://www.sec.gov/Archives/edgar/data/1041657/000119312504128309/0001193125-04-128309-index.html,https://www.sec.gov/Archives/edgar/data/1041657/000119312504128309/d10q.htm
0,2004-03-31,UONE,2004-05-04 00:00:00,2004-05-04 16:39:35,Q1,69662000,0.0,69662000,1.0,0.0,21912000,0.0,22336000,44248000,44248000,-9975000.0,4430000.0,29844000,0.42841147253883033,25414000,0.364818695989205,82000.0,13876000,0.199190376388849,5085000.0,8791000.0,0.1261950561281617,0.08326,0.08326,104856000,105590000,https://www.sec.gov/Archives/edgar/data/1041657/000119312504078002/0001193125-04-078002-index.html,https://www.sec.gov/Archives/edgar/data/1041657/000119312504078002/d10q.htm
0,2003-12-31,UONE,2004-03-11 00:00:00,2004-03-11 16:57:17,Q4,77352000000,0.0,77352000000,1.0,0.0,22689000000,0.0,21277000000,43966000000,43966000000,-72832000000,4492000000,37878000000,0.4896835246664598,33386000000,0.4316113351949529,809000000,22922000000,0.2963336436032682,-56481000000,14479000000,0.18718326610818078,137.80206,137.80206,104621000,105071000,https://www.sec.gov/Archives/edgar/data/1041657/000119312504039237/0001193125-04-039237-index.html,https://www.sec.gov/Archives/edgar/data/1041657/000119312504039237/d10k.htm
0,2003-09-30,UONE,2003-11-13 00:00:00,2003-11-13 17:23:05,Q3,61745000000,0.0,61745000000,1.0,0.0,23450000000,0.0,20516000000,43966000000,43966000000,52533000000,4555000000,42045000000,0.6809458255729209,37490000000,0.6071746700137663,594000000,26890000000,0.43550085027127705,10174000000,16716000000,0.2707263746052312,159.12574,159.12574,104611000,105049000,https://www.sec.gov/Archives/edgar/data/1041657/000119312503080358/0001193125-03-080358-index.html,https://www.sec.gov/Archives/edgar/data/1041657/000119312503080358/d10q.htm
0,2003-06-30,UONE,2003-08-14 00:00:00,2003-08-13 20:29:14,Q2,100623000000,0.0,100623000000,1.0,0.0,24272000000,0.0,21352000000,45624000000,45624000000,-10689000000,4517000000,39805000000,0.395585502320543,35288000000,0.35069516909652865,696000000,25295000000,0.2513838784373354,9617000000,15678000000,0.1558093080110909,149.33135,149.33135,104591000,104988000,https://www.sec.gov/Archives/edgar/data/1041657/000119312503036438/0001193125-03-036438-index.html,https://www.sec.gov/Archives/edgar/data/1041657/000119312503036438/d10q.htm
0,2003-03-31,UONE,2003-05-14 00:00:00,2003-05-14 16:57:12,Q1,63430000000,0.0,63430000000,1.0,0.0,21746000000,0.0,20763000000,42509000000,42509000000,-10450000000,4514000000,25435000000,0.4009932208734038,20921000000,0.32982815702349044,667000000,11138000000,0.1755951442535078,4228000000,6910000000,0.10893898786063377,65.8955,65.8955,104576000,104863000,https://www.sec.gov/Archives/edgar/data/1041657/000092838503001583/0000928385-03-001583-index.html,https://www.sec.gov/Archives/edgar/data/1041657/000092838503001583/d10q.htm
0,2002-12-31,UONE,2003-03-31 00:00:00,2003-03-31 16:28:33,Q4,119435000000,0.0,119435000000,1.0,0.0,37440000000,0.0,-48177000000,-10737000000,-10737000000,-12732000000,4711000000,77086000000,0.6454221961736509,72375000000,0.6059781471093063,583000000,113928000000,0.9538912379118349,-8206000000,122134000000,1.0225980658935823,1199.49716,1199.49716,101821000,101821000,https://www.sec.gov/Archives/edgar/data/1041657/000092838503001004/0000928385-03-001004-index.html,https://www.sec.gov/Archives/edgar/data/1041657/000092838503001004/d10k.htm
