,date,symbol,fillingDate,acceptedDate,period,revenue,costOfRevenue,grossProfit,grossProfitRatio,researchAndDevelopmentExpenses,generalAndAdministrativeExpenses,sellingAndMarketingExpenses,otherExpenses,operatingExpenses,costAndExpenses,interestExpense,depreciationAndAmortization,ebitda,ebitdaratio,operatingIncome,operatingIncomeRatio,totalOtherIncomeExpensesNet,incomeBeforeTax,incomeBeforeTaxRatio,incomeTaxExpense,netIncome,netIncomeRatio,eps,epsdiluted,weightedAverageShsOut,weightedAverageShsOutDil,link,finalLink
0,2020-09-30,LIVX,2020-11-16,2020-11-16 16:20:46,Q2,4052000.0,2638000.0,1414000.0,0.3489634748272458,0.0,1630000.0,730000.0,2996000.0,5356000.0,7994000.0,-1057000.0,2221000.0,917000.0,0.22630799605133267,-1304000.0,-0.32181638696939785,-922000.0,-2657000.0,-0.6557255676209279,-4000.0,-2657000.0,-0.6557255676209279,-0.044907343322470726,-0.044907343322470726,59166270,59166270,https://www.sec.gov/Archives/edgar/data/1491419/000121390020037379/0001213900-20-037379-index.htm,https://www.sec.gov/Archives/edgar/data/1491419/000121390020037379/f10q0920_livexlivemedia.htm
0,2020-06-30,LIVX,2020-08-14,2020-08-14 06:14:04,Q1,10507000,7661000.0,2846000.0,0.2708670410202722,2086000.0,5331000.0,1346000.0,10998000,8668000.000000002,16329000.000000002,-2078000.0,1974000.0,-7634000.0,-0.726563,-5822000.0,-0.554107,370000.0,-7530000.0,-0.716665,2000.0,-7532000.0,-0.716855,-0.1273,-0.1273,59166270,59166270,https://www.sec.gov/Archives/edgar/data/1491419/000121390020022043/0001213900-20-022043-index.htm,https://www.sec.gov/Archives/edgar/data/1491419/000121390020022043/f10q0620_livexlivemedia.htm
0,2020-03-31,LIVX,2020-06-26,2020-06-26 13:44:49,Q4,9879000.0,7682000.0,2197000.0,0.2223909302560988,3085000.0,5772000.0,1053000.0,11996000,10086000,17768000,-1038000.0,1862999.9999999995,-7901000.000000001,-0.799777,-7889000.0,-0.798563,201000.0,-8726000.0,-0.883288,-192000.0,-8534000.0,-0.863853,-0.1455,-0.1455,58652660,58652660,https://www.sec.gov/Archives/edgar/data/1491419/000121390020015918/0001213900-20-015918-index.htm,https://www.sec.gov/Archives/edgar/data/1491419/000121390020015918/f10k2020_livexlivemedia.htm
0,2019-12-31,LIVX,2020-02-07,2020-02-07 16:04:52,Q3,9699000.0,7638000.0,2061000.0,0.21249613362202288,2754000.0,5864000.0,1391000.0,11747000,9973000.0,17611000,-890000.0,2173000.0,-7525000.0,-0.775853,-7912000.0,-0.815754,-6000.0,-8808000.0,-0.908135,0.0,-8808000.0,-0.908135,-0.15205,-0.15205,57927220,57927220,https://www.sec.gov/Archives/edgar/data/1491419/000121390020002910/0001213900-20-002910-index.htm,https://www.sec.gov/Archives/edgar/data/1491419/000121390020002910/f10q1219_livexlivemedia.htm
0,2019-09-30,LIVX,2019-11-08,2019-11-08 16:35:52,Q2,9583000.0,8453000.0,1130000.0,0.11791714494417196,2505000.0,7203000.0,2100000.0,12312000,11062000.000000002,19515000,-940000.0,1811999.9999999998,-9747000.0,-1.017114,-9932000.0,-1.036419,253000.0,-10619000,-1.108108,0.0,-10619000,-1.108108,-0.18999,-0.18999,55891300,55891300,https://www.sec.gov/Archives/edgar/data/1491419/000121390019022586/0001213900-19-022586-index.htm,https://www.sec.gov/Archives/edgar/data/1491419/000121390019022586/f10q0919_livexlivemedia.htm
0,2019-06-30,LIVX,2019-08-08,2019-08-08 17:25:10,Q1,9498000.0,9013000.0,485000.0,0.05106338176458202,2423000.0,6536000.0,1711000.0,13224000,10747000.000000002,19760000.000000004,-870000.0,2172000.0,-9664000.0,-1.017477,-10262000,-1.080438,166000.0,-10966000,-1.154559,0.0,-10966000,-1.154559,-0.2096,-0.2096,52319870,52319870,https://www.sec.gov/Archives/edgar/data/1491419/000121390019014997/0001213900-19-014997-index.htm,https://www.sec.gov/Archives/edgar/data/1491419/000121390019011269/f10k2019_livexlivemedia.htm
0,2019-03-31,LIVX,2019-06-24,2019-06-21 19:58:49,Q4,9179000.0,7029000.0,2150000.0,0.23423030831245234,2330000.0,6559000.0,1349000.0,11147000,10677000,17706000,-1037000.0,2091999.9999999995,-8833000.0,-0.962305,-8527000.0,-0.928968,-324000.0,-9888000.0,-1.077242,218000.0,-10106000,-1.100991,-0.19386,-0.19386,52131580,52131580,https://www.sec.gov/Archives/edgar/data/1491419/000121390019011269/0001213900-19-011269-index.htm,https://www.sec.gov/Archives/edgar/data/1491419/000121390019011269/f10k2019_livexlivemedia.htm
0,2018-12-31,LIVX,2019-02-13,2019-02-12 21:00:21,Q3,8964000.0,7571000.0,1393000.0,0.15539937527889336,1825000.0,5433000.0,963000.0,-117000.0,7141000.0,14712000,-839000.0,155000.00000000026,-7247000.0,-0.808456,-5748000.0,-0.641232,24000.0,-6563000.0,-0.732151,0.0,-6563000.0,-0.732151,-0.12625,-0.12625,51984790,51984790,https://www.sec.gov/Archives/edgar/data/1491419/000121390019002273/0001213900-19-002273-index.htm,https://www.sec.gov/Archives/edgar/data/1491419/000121390019002273/f10q1218_livexlivemedia.htm
0,2018-09-30,LIVX,2018-11-14,2018-11-14 09:43:32,Q2,7970000.0,8140000.0,-170000.0,-0.02132998745294856,1970000.0,4970000.0,1306000.0,12514000,9340000.0,17480000,-780000.0,2619999.9999999995,-8490000.0,-1.065245,-9520000.0,-1.194479,-30000.0,-10330000,-1.29611,0.0,-10330000,-1.29611,-0.19885,-0.19885,51950000,51950000,https://www.sec.gov/Archives/edgar/data/1491419/000121390018015649/0001213900-18-015649-index.htm,https://www.sec.gov/Archives/edgar/data/1491419/000121390018015649/f10q0918_livexlivemedia.htm
0,2018-06-30,LIVX,2018-08-20,2018-08-20 16:08:40,Q1,7590000.0,8440000.0,-850000.0,-0.11198945981554677,1840000.0,4990000.0,914000.0,12701000,9250000.000000002,17690000.000000004,-620000.0,2520000.0,-8870000.0,-1.168643,-10100000,-1.330698,-50000.0,-10770000,-1.418972,0.0,-10770000,-1.418972,-0.209,-0.209,51530000,51530000,https://www.sec.gov/Archives/edgar/data/1491419/000121390018011436/0001213900-18-011436-index.htm,https://www.sec.gov/Archives/edgar/data/1491419/000121390018008498/f10k2018_livexlivemedia.htm
0,2018-03-31,LIVX,2018-06-29,2018-06-29 13:55:43,Q4,7110000.0,6690000.0,420000.0,0.05907172995780591,1580000.0,3930000.0,93000.0,2150000.0,7659999.999999999,14349999.999999998,-1630000.0,1970000.0000000002,-9150000.0,-1.28692,-7240000.0,-1.018284,-220000.0,-9080000.0,-1.277075,10000.0,-9500000.0,-1.336146,-0.1889,-0.1889,50290000,50290000,https://www.sec.gov/Archives/edgar/data/1491419/000121390018008498/0001213900-18-008498-index.htm,https://www.sec.gov/Archives/edgar/data/1491419/000121390018008498/f10k2018_livexlivemedia.htm
0,2017-12-31,LIVX,2018-02-14,2018-02-14 17:19:23,Q3,0.0,0.0,0.0,-1.0,3812587.0,2710000.0,0.0,270000000,2710000.0,2710000.0,-900000.0,219999.99999999997,-7400000.0,1.59753186816,-2710000.0,3.37251681857,-3152688.0,-3610000.0,4.95778371547,0.0,-6720000.0,11.8257258124,-0.18391,-0.18391,36540000,36540000,https://www.sec.gov/Archives/edgar/data/1491419/000121390018001893/0001213900-18-001893-index.htm,https://www.sec.gov/Archives/edgar/data/1491419/000121390018001893/f10q1217_livexlivemedia.htm
0,2017-09-30,LIVX,2017-11-14,2017-11-14 16:31:10,Q2,80000.0,510000.0,-430000.0,-5.375,0.0,2630000.0,0.0,90000.0,2630000.0,3140000.0,-760000.0,219999.99999999997,-4840000.0,-60.5,-3060000.0,-38.25,-758835.0,-3820000.0,-47.75,0.0,-4300000.0,-53.75,-0.11938,-0.11938,36020000,36020000,https://www.sec.gov/Archives/edgar/data/1491419/000121390017012102/0001213900-17-012102-index.htm,https://www.sec.gov/Archives/edgar/data/1491419/000121390017012102/f10q0917_livexlivemedia.htm
0,2017-06-30,LIVX,2017-08-14,2017-08-14 17:13:30,Q1,386020.0,410000.0,-23980.0,-0.06212113362001969,0.0,1460000.0,0.0,90000.0,1460000.0000000002,1870000.0000000002,-640000.0,130000.0,-3330000.0,-5.704771550696855,-1870000.0,-5.706491891611834,-634949.0,-2510000.0,-7.351352261540852,0.0,-2820000.0,-7.351352261540852,-0.07937,-0.07937,35530000,35530000,https://www.sec.gov/Archives/edgar/data/1491419/000121390017008708/0001213900-17-008708-index.htm,https://www.sec.gov/Archives/edgar/data/1491419/000121390017006483/f10k2017_lotoncorp.htm
0,2017-03-31,LIVX,2017-06-14,2017-06-14 17:00:43,Q4,1147000.0,1147000.0,0.0,0.0,0.0,1650000.0,0.0,90000.0,1650000.0,1650000.0,-70000.0,6072.0,-5180000.0,-6.115883424585876,-1650000.0,-6.115781168265039,-3380000.0,-5110000.0,0.977745606088,0.0,-5110000.0,0.977745606088,-0.15012,-0.15012,34040000,34040000,https://www.sec.gov/Archives/edgar/data/1491419/000121390017006483/0001213900-17-006483-index.htm,https://www.sec.gov/Archives/edgar/data/1491419/000121390017006483/f10k2017_lotoncorp.htm
0,2016-12-31,LIVX,2017-02-13,2017-02-13 17:17:06,Q3,2185959.0,280110.0,1905849.0,0.8718594447562832,0.0,1350000.0,0.0,270000.0,1560000.0,1560000.0,-2980000.0,10000.0,-7510000.0,-0.20879910602165913,-1560000.0,-0.20885387145870532,-28874.0,-4540000.0,-0.22206271938311745,82544.0,-4540000.0,-0.2598237203899982,-0.13556,-0.13556,33490000,33490000,https://www.sec.gov/Archives/edgar/data/1491419/000161577417000570/0001615774-17-000570-index.htm,https://www.sec.gov/Archives/edgar/data/1491419/000161577417000570/s105248_10q.htm
0,2016-09-30,LIVX,2016-11-14,2016-11-14 16:38:06,Q2,1199936.0,176684.0,1023252.0,0.8527554802922822,0.0,1530000.0,0.0,121638000,1530000.0,1530000.0,510000.0,-20333.0,-2290000.0,-1.499159430169609,-1310000.0,-1.4988791068857006,136168.0,-2800000.0,-1.53889290762174,38499.0,-2800000.0,-1.5709771187796682,-0.07998,-0.07998,35010000,35010000,https://www.sec.gov/Archives/edgar/data/1491419/000161577416008266/0001615774-16-008266-index.htm,https://www.sec.gov/Archives/edgar/data/1491419/000161577416008266/s104586_10q.htm
0,2016-06-30,LIVX,2016-08-19,2016-08-19 16:03:21,Q1,1936770.0,277385.0,1659385.0,0.8567795866313501,0.0,1170000.0,0.0,90000.0,1170000.0,1170000.0,-630000.0,10000.0,-2420000.0,1.15797705358,-1170000.0,1.64949990734,-44077.0,-1800000.0,-0.3286094889945631,59310.0,-1800000.0,2.532712406,-0.05831,-0.05831,30870000,30870000,https://www.sec.gov/Archives/edgar/data/1491419/000161577416006885/0001615774-16-006885-index.htm,https://www.sec.gov/Archives/edgar/data/1491419/000161577416006370/s103705_10k.htm
0,2016-03-31,LIVX,2016-07-19,2016-07-19 06:41:08,Q4,1432042.0,186488.0,1245554.0,0.8697747691757644,0.0,1260000.0,-313956.0,-120000.0,1130000.0,1130000.0,-120965.0,10000.0,-620965.0,0.221865630958,-1130000.0,0.205689415129,120000.0,-780000.0,0.516480060671,-180000.0,-330000.0,0.0602365354381,-0.01118,-0.01118,29510000,29510000,https://www.sec.gov/Archives/edgar/data/1491419/000161577416006370/0001615774-16-006370-index.htm,https://www.sec.gov/Archives/edgar/data/1491419/000161577416006370/s103705_10k.htm
0,2015-12-31,LIVX,2016-02-22,2016-02-22 17:17:16,Q3,2185959.0,280110.0,1905849.0,0.8718594447562832,0.0,450000.0,106860000,1404061.0,450000.0,450000.0,28874.0,36466.0,-281126.0,-0.20883719045050708,-450000.0,-0.20885387145870532,28874.0,-310000.0,-0.22206271938311745,0.0,-310000.0,-0.22206271938311745,-0.01012,-0.01012,30620000,30620000,https://www.sec.gov/Archives/edgar/data/1491419/000161577416004273/0001615774-16-004273-index.htm,https://www.sec.gov/Archives/edgar/data/1491419/000161577416004273/s102676_10q.htm
0,2015-09-30,LIVX,2015-11-23,2015-11-23 17:28:57,Q2,1199936.0,176684.0,1023252.0,0.8527554802922822,0.0,1830000.0,44419.0,1917377.0,1830000.0,1830000.0,48014.0,36181.0,-1811986.0,-1.4988487944357032,-1830000.0,-1.4988791068857006,48014.0,-1860000.0,-1.53889290762174,0.0,-1860000.0,-1.53889290762174,-0.05871,-0.05871,31680000,31680000,https://www.sec.gov/Archives/edgar/data/1491419/000161577415003447/0001615774-15-003447-index.htm,https://www.sec.gov/Archives/edgar/data/1491419/000161577415003447/s102242_10q.htm
0,2015-06-30,LIVX,2015-08-18,2015-07-14 16:44:46,Q1,1936770.0,277385.0,1659385.0,0.8567795866313501,0.0,880000.0,162677.0,1391323.0,880000.0,880000.0,44077.0,32114.0,-735923.0,-0.3058348156983018,-880000.0,-0.30585149501489595,44077.0,-780000.0,-0.3286094889945631,0.0,-780000.0,-0.3286094889945631,-0.02647,-0.02647,29470000,29470000,https://www.sec.gov/Archives/edgar/data/1491419/000161577415002286/0001615774-15-002286-index.htm,https://www.sec.gov/Archives/edgar/data/1491419/000161577415001776/s101447_10k.htm
0,2015-03-31,LIVX,2015-07-14,2015-07-14 16:44:46,Q4,1698346.0,249328.0,1449018.0,0.853193636632347,0.0,1110000.0,28778.0,-710000.0,390000.0,390000.0,35221.0,-130000.0,-624779.0,0.431485103742,-390000.0,0.406192848807,100000.0,-60000.0,0.385454436257,-220000.0,-310000.0,0.38545443625739395,-0.0134,-0.0134,23130000,23130000,https://www.sec.gov/Archives/edgar/data/1491419/000161577415001776/0001615774-15-001776-index.htm,https://www.sec.gov/Archives/edgar/data/1491419/000161577415001776/s101447_10k.htm
0,2014-12-31,LIVX,2015-02-17,2015-02-17 11:36:48,Q3,2300000.0,320000.0,1980000.0,0.8608695652173913,0.0,1980000.0,-21578000,-20000.0,1959999.9999999998,2279999.9999999995,35226.0,40000.00000000001,-2754774.0,-1.197728,20000.0,0.008696,-2600000.0,-2610000.0,-1.134783,130000.0,-2960000.0,-1.286957,-0.11233,-0.11233,26350000,26350000,https://www.sec.gov/Archives/edgar/data/1491419/000161577415000299/0001615774-15-000299-index.htm,https://www.sec.gov/Archives/edgar/data/1491419/000161577415000299/s100754_10q.htm
0,2014-09-30,LIVX,2014-11-14,2014-11-14 17:15:13,Q2,1590000.0,250000.0,1340000.0,0.8427672955974843,0.0,2110000.0,62167000,1412675.0,2120000.0,2370000.0,56172.0,39999.99999999999,-663828.0,-0.417502,-780000.0,-0.490566,56172.0,-830000.0,-0.522013,50000.0,-810000.0,-0.509434,-0.03173,-0.03173,25530000,25530000,https://www.sec.gov/Archives/edgar/data/1491419/000161577414000353/0001615774-14-000353-index.htm,https://www.sec.gov/Archives/edgar/data/1491419/000161577414000353/s100445_10q.htm
0,2014-06-30,LIVX,2014-08-19,2014-07-29 15:53:18,Q1,1850000.0,280000.0,1570000.0,0.8486486486486486,0.0,2280000.0,148553000,2945691.0,3660000.0,3940000.0,5088.0,50000.0,-1424912.0,-0.770223,-2090000.0,-1.12973,5088.0,-2100000.0,-1.135135,50000.0,-1530000.0,-0.827027,-0.06467,-0.06467,23660000,23660000,https://www.sec.gov/Archives/edgar/data/1491419/000161577414000070/0001615774-14-000070-index.htm,https://www.sec.gov/Archives/edgar/data/1491419/000160749114000034/s100266_10k.htm
0,2014-04-27,LIVX,2014-07-29,2014-07-29 15:53:18,Q4,0.0,0.0,0.0,0.0,0.0,323988.0,0.0,1193950.0,1517938.0,1517938.0,7315.0,537.0,-3320958463,0.0,-3320959000,0.0,78582000,-3399541000,0.0,0.0,-3399541000,0.0,-433.66039,-433.66039,55390589,7839178.0,https://www.sec.gov/Archives/edgar/data/1491419/000160749114000034/0001607491-14-000034-index.htm,https://www.sec.gov/Archives/edgar/data/1491419/000160749114000034/s100266_10k.htm
0,2014-01-31,LIVX,2014-03-12,2014-03-12 15:58:52,Q3,0.0,0.0,0.0,0.0,0.0,34082.0,0.0,820667.0,854749.0,854749.0,7562.0,420.0,-1803020580,0.0,-1803021000,0.0,71267000,-1874288000,0.0,0.0,-1874288000,0.0,-257.00749,-257.00749,55390589,7292737.0,https://www.sec.gov/Archives/edgar/data/1491419/000114420414015093/0001144204-14-015093-index.htm,https://www.sec.gov/Archives/edgar/data/1491419/000114420414015093/v371076_10q.htm
0,2013-10-31,LIVX,2013-12-16,2013-12-16 17:26:58,Q2,98155000,0.0,98155000,1.0,0.0,42521.0,0.0,534437.0,576958.0,576958.0,7562.0,394.0,-576957606,-5.878025632927512,-576958000,-5.878029646986908,57562000,-634520000,-6.464469461565891,0.0,-634520000,-6.464469461565891,-90.66744,-90.66744,55390589,6998323.0,https://www.sec.gov/Archives/edgar/data/1491419/000114420413067541/0001144204-13-067541-index.htm,https://www.sec.gov/Archives/edgar/data/1491419/000114420413067541/v362474_10q.htm
0,2013-07-31,LIVX,2013-09-16,2013-09-16 17:13:15,Q1,0.0,0.0,0.0,0.0,0.0,55634.0,0.0,315680.0,371314.0,371314.0,6143.0,294.0,-371313706,0.0,-371314000,0.0,6143000.0,-377457000,0.0,0.0,-377457000,0.0,-55.87816,-55.87816,55390589,6755000.0,https://www.sec.gov/Archives/edgar/data/1491419/000114420413051032/0001144204-13-051032-index.htm,https://www.sec.gov/Archives/edgar/data/1491419/000114420413041723/v350245_10k.htm
0,2013-04-30,LIVX,2013-07-29,2013-07-29 17:22:52,Q4,0.0,0.0,0.0,0.0,0.0,63133.0,0.0,363883.0,427016.0,427016.0,4389.0,-1201.0,-1407157201,0.0,-1407156000,0.0,117403000,-1524559000,0.0,0.0,-1524559000,0.0,-260.93796,-260.93796,55390589,5842611.0,https://www.sec.gov/Archives/edgar/data/1491419/000114420413041723/0001144204-13-041723-index.htm,https://www.sec.gov/Archives/edgar/data/1491419/000114420413041723/v350245_10k.htm
0,2013-01-31,LIVX,2013-03-18,2013-03-18 10:56:29,Q3,4944000.0,0.0,4944000.0,1.0,0.0,4944000.0,0.0,470746.0,470325.0,470325.0,4537.0,865.0,-980139135,-198.24820691747573,-980140000,-198.24838187702267,13019000,-993159000,-200.88167475728156,0.0,-993159000,-200.88167475728156,-179.09455,-179.09455,55390589,5545445.0,https://www.sec.gov/Archives/edgar/data/1491419/000114420413015629/0001144204-13-015629-index.htm,https://www.sec.gov/Archives/edgar/data/1491419/000114420413015629/v337146_10q.htm
0,2012-10-31,LIVX,2012-12-12,2012-12-12 16:13:06,Q2,5365000.0,0.0,5365000.0,1.0,0.0,4294.0,0.0,274827.0,279121.0,279121.0,4537.0,807.0,-279120193,-52.02613103448276,-279121000,-52.02628145386766,4537000.0,-283658000,-52.87194780987885,0.0,-283658000,-52.87194780987885,-52.54475,-52.54475,55390589,5398408.0,https://www.sec.gov/Archives/edgar/data/1491419/000114420412067622/0001144204-12-067622-index.htm,https://www.sec.gov/Archives/edgar/data/1491419/000114420412067622/v329534_10q.htm
0,2012-07-31,LIVX,2012-09-14,2012-08-14 17:53:39,Q1,0.0,0.0,0.0,0.0,0.0,1071.0,0.0,229623.0,230694.0,230694.0,3945.0,705.0,-230693295,0.0,-230694000,0.0,3945000.0,-234639000,0.0,0.0,-234639000,0.0,-43.69441,-43.69441,55390589,5370000.0,https://www.sec.gov/Archives/edgar/data/1491419/000114420412051575/0001144204-12-051575-index.htm,https://www.sec.gov/Archives/edgar/data/1491419/000114420412046022/v321357_10k.htm
0,2012-04-30,LIVX,2012-08-15,2012-08-14 17:53:39,Q4,0.0,0.0,0.0,0.0,0.0,3175.0,0.0,295590.0,298765.0,298765.0,0.0,-8984.0,-734496984,0.0,-734488000,0.0,0.0,-734488000,0.0,0.0,-734488000,0.0,-136.77616,-136.77616,55390589,5370000.0,https://www.sec.gov/Archives/edgar/data/1491419/000114420412046022/0001144204-12-046022-index.htm,https://www.sec.gov/Archives/edgar/data/1491419/000114420412046022/v321357_10k.htm
0,2012-01-31,LIVX,2012-03-21,2012-03-20 20:37:15,Q3,0.0,0.0,0.0,0.0,0.0,1525.0,0.0,284266.0,285791.0,285791.0,0.0,6882.0,-435716118,0.0,-435723000,0.0,0.0,-435723000,0.0,0.0,-435723000,0.0,-81.14022,-81.14022,55390589,5370000.0,https://www.sec.gov/Archives/edgar/data/1491419/000114420412016236/0001144204-12-016236-index.htm,https://www.sec.gov/Archives/edgar/data/1491419/000114420412016236/v305264_10q.htm
0,2011-10-31,LIVX,2011-12-20,2011-12-20 17:18:27,Q2,0.0,0.0,0.0,0.0,0.0,260.0,0.0,143525.0,143785.0,143785.0,0.0,2294.0,-149929706,0.0,-149932000,0.0,0.0,-149932000,0.0,0.0,-149932000,0.0,-27.9203,-27.9203,55390589,5370000.0,https://www.sec.gov/Archives/edgar/data/1491419/000114420411070791/0001144204-11-070791-index.htm,https://www.sec.gov/Archives/edgar/data/1491419/000114420411070791/v243126_10q.htm
0,2011-07-31,LIVX,2011-08-23,2011-08-23 12:02:17,Q1,0.0,0.0,0.0,0.0,0.0,6147.0,0.0,0.0,6147.0,6147.0,0.0,0.0,-6147.0,0.0,-6147.0,0.0,0.0,-6147.0,0.0,0.0,-6147.0,0.0,-0.00114,-0.00114,4970000.0,5370000.0,https://www.sec.gov/Archives/edgar/data/1491419/000149141911000008/0001491419-11-000008-index.htm,https://www.sec.gov/Archives/edgar/data/1491419/000149141911000003/f10k_2011loton.htm
