,date,symbol,fillingDate,acceptedDate,period,revenue,costOfRevenue,grossProfit,grossProfitRatio,researchAndDevelopmentExpenses,generalAndAdministrativeExpenses,sellingAndMarketingExpenses,otherExpenses,operatingExpenses,costAndExpenses,interestExpense,depreciationAndAmortization,ebitda,ebitdaratio,operatingIncome,operatingIncomeRatio,totalOtherIncomeExpensesNet,incomeBeforeTax,incomeBeforeTaxRatio,incomeTaxExpense,netIncome,netIncomeRatio,eps,epsdiluted,weightedAverageShsOut,weightedAverageShsOutDil,link,finalLink
0,2019-09-31,NRG.PA,,2019-09-31,Q3,101640000,29288750,72351250,1.4048133238886682,1835750.0,14846000,1667250.0,-58500.0,9909500.0,93695250,928500.0,7944250.0,17000500,5.9786476868327405,7944750.0,12.793354101765317,0.0,8188000.0,12.413287738153395,2743000.0,5436000.0,18.69757174392936,0.07,0.07,77424411,77424411,https://www.infogreffe.com/recherche-entreprise-dirigeants/resultats-entreprise-dirigeants.html?ga_cat=globale&ga_q=N.R.G#phrase=N.R.G,https://www.infogreffe.com/recherche-entreprise-dirigeants/resultats-entreprise-dirigeants.html?ga_cat=globale&ga_q=N.R.G#phrase=N.R.G
0,2019-06-31,NRG.PA,,2019-06-31,Q2,101640000,29288750,72351250,1.4048133238886682,1835750.0,14846000,1667250.0,-58500.0,9909500.0,93695250,928500.0,7944250.0,17000500,5.9786476868327405,7944750.0,12.793354101765317,0.0,8188000.0,12.413287738153395,2743000.0,5436000.0,18.69757174392936,0.07,0.07,77424411,77424411,https://www.infogreffe.com/recherche-entreprise-dirigeants/resultats-entreprise-dirigeants.html?ga_cat=globale&ga_q=N.R.G#phrase=N.R.G,https://www.infogreffe.com/recherche-entreprise-dirigeants/resultats-entreprise-dirigeants.html?ga_cat=globale&ga_q=N.R.G#phrase=N.R.G
0,2019-03-31,NRG.PA,,2019-03-31,Q1,101640000,29288750,72351250,1.4048133238886682,1835750.0,14846000,1667250.0,-58500.0,9909500.0,93695250,928500.0,7944250.0,17000500,5.9786476868327405,7944750.0,12.793354101765317,0.0,8188000.0,12.413287738153395,2743000.0,5436000.0,18.69757174392936,0.07,0.07,77424411,77424411,https://www.infogreffe.com/recherche-entreprise-dirigeants/resultats-entreprise-dirigeants.html?ga_cat=globale&ga_q=N.R.G#phrase=N.R.G,https://www.infogreffe.com/recherche-entreprise-dirigeants/resultats-entreprise-dirigeants.html?ga_cat=globale&ga_q=N.R.G#phrase=N.R.G
0,2019-01-31,NRG.PA,,2019-01-31,Q1,101640000,29288750,72351250,1.4048133238886682,1835750.0,14846000,1667250.0,-58500.0,9909500.0,93695250,928500.0,7944250.0,17000500,5.9786476868327405,7944750.0,12.793354101765317,0.0,8188000.0,12.413287738153395,2743000.0,5436000.0,18.69757174392936,0.07,0.07,77424411,77424411,https://www.infogreffe.com/recherche-entreprise-dirigeants/resultats-entreprise-dirigeants.html?ga_cat=globale&ga_q=N.R.G#phrase=N.R.G,https://www.infogreffe.com/recherche-entreprise-dirigeants/resultats-entreprise-dirigeants.html?ga_cat=globale&ga_q=N.R.G#phrase=N.R.G
0,2018-09-31,NRG.PA,,2018-09-31,Q3,102759250,30185000,72574250,1.415918869295928,1842500.0,13478500,1054500.0,2250.0,12007750,94556250,7000.0,5357750.0,14282750,7.194640387880485,8203000.0,12.527032792880654,0.0,8782750.0,11.700122399020808,3211750.0,5500750.0,18.680952597373086,0.07,0.07,77435957,77435957,https://www.infogreffe.com/recherche-entreprise-dirigeants/resultats-entreprise-dirigeants.html?ga_cat=globale&ga_q=N.R.G#phrase=N.R.G,https://www.infogreffe.com/recherche-entreprise-dirigeants/resultats-entreprise-dirigeants.html?ga_cat=globale&ga_q=N.R.G#phrase=N.R.G
0,2018-06-31,NRG.PA,,2018-06-31,Q2,102759250,30185000,72574250,1.415918869295928,1842500.0,13478500,1054500.0,2250.0,12007750,94556250,7000.0,5357750.0,14282750,7.194640387880485,8203000.0,12.527032792880654,0.0,8782750.0,11.700122399020808,3211750.0,5500750.0,18.680952597373086,0.07,0.07,77435957,77435957,https://www.infogreffe.com/recherche-entreprise-dirigeants/resultats-entreprise-dirigeants.html?ga_cat=globale&ga_q=N.R.G#phrase=N.R.G,https://www.infogreffe.com/recherche-entreprise-dirigeants/resultats-entreprise-dirigeants.html?ga_cat=globale&ga_q=N.R.G#phrase=N.R.G
0,2018-03-31,NRG.PA,,2018-03-31,Q1,102759250,30185000,72574250,1.415918869295928,1842500.0,13478500,1054500.0,2250.0,12007750,94556250,7000.0,5357750.0,14282750,7.194640387880485,8203000.0,12.527032792880654,0.0,8782750.0,11.700122399020808,3211750.0,5500750.0,18.680952597373086,0.07,0.07,77435957,77435957,https://www.infogreffe.com/recherche-entreprise-dirigeants/resultats-entreprise-dirigeants.html?ga_cat=globale&ga_q=N.R.G#phrase=N.R.G,https://www.infogreffe.com/recherche-entreprise-dirigeants/resultats-entreprise-dirigeants.html?ga_cat=globale&ga_q=N.R.G#phrase=N.R.G
0,2018-01-31,NRG.PA,,2018-01-31,Q1,102759250,30185000,72574250,1.415918869295928,1842500.0,13478500,1054500.0,2250.0,12007750,94556250,7000.0,5357750.0,14282750,7.194640387880485,8203000.0,12.527032792880654,0.0,8782750.0,11.700122399020808,3211750.0,5500750.0,18.680952597373086,0.07,0.07,77435957,77435957,https://www.infogreffe.com/recherche-entreprise-dirigeants/resultats-entreprise-dirigeants.html?ga_cat=globale&ga_q=N.R.G#phrase=N.R.G,https://www.infogreffe.com/recherche-entreprise-dirigeants/resultats-entreprise-dirigeants.html?ga_cat=globale&ga_q=N.R.G#phrase=N.R.G
0,2017-09-31,NRG.PA,,2017-09-31,Q3,93577500,25670500,67907000,1.3780243568409736,1833250.0,16699250,1171000.0,0.0,9752750.0,87177500,25000.0,5447000.0,11278250,8.297164897036332,6400000.0,14.621484375,0.0,7268000.0,12.875275178866262,2218750.0,5046500.0,18.54304963836322,0.065,0.065,77536891,77536891,https://www.infogreffe.com/recherche-entreprise-dirigeants/resultats-entreprise-dirigeants.html?ga_cat=globale&ga_q=N.R.G#phrase=N.R.G,https://www.infogreffe.com/recherche-entreprise-dirigeants/resultats-entreprise-dirigeants.html?ga_cat=globale&ga_q=N.R.G#phrase=N.R.G
0,2017-06-31,NRG.PA,,2017-06-31,Q2,93577500,25670500,67907000,1.3780243568409736,1833250.0,16699250,1171000.0,0.0,9752750.0,87177500,25000.0,5447000.0,11278250,8.297164897036332,6400000.0,14.621484375,0.0,7268000.0,12.875275178866262,2218750.0,5046500.0,18.54304963836322,0.065,0.065,77536891,77536891,https://www.infogreffe.com/recherche-entreprise-dirigeants/resultats-entreprise-dirigeants.html?ga_cat=globale&ga_q=N.R.G#phrase=N.R.G,https://www.infogreffe.com/recherche-entreprise-dirigeants/resultats-entreprise-dirigeants.html?ga_cat=globale&ga_q=N.R.G#phrase=N.R.G
0,2017-03-31,NRG.PA,,2017-03-31,Q1,93577500,25670500,67907000,1.3780243568409736,1833250.0,16699250,1171000.0,0.0,9752750.0,87177500,25000.0,5447000.0,11278250,8.297164897036332,6400000.0,14.621484375,0.0,7268000.0,12.875275178866262,2218750.0,5046500.0,18.54304963836322,0.065,0.065,77536891,77536891,https://www.infogreffe.com/recherche-entreprise-dirigeants/resultats-entreprise-dirigeants.html?ga_cat=globale&ga_q=N.R.G#phrase=N.R.G,https://www.infogreffe.com/recherche-entreprise-dirigeants/resultats-entreprise-dirigeants.html?ga_cat=globale&ga_q=N.R.G#phrase=N.R.G
0,2017-01-31,NRG.PA,,2017-01-31,Q1,93577500,25670500,67907000,1.3780243568409736,1833250.0,16699250,1171000.0,0.0,9752750.0,87177500,25000.0,5447000.0,11278250,8.297164897036332,6400000.0,14.621484375,0.0,7268000.0,12.875275178866262,2218750.0,5046500.0,18.54304963836322,0.065,0.065,77536891,77536891,https://www.infogreffe.com/recherche-entreprise-dirigeants/resultats-entreprise-dirigeants.html?ga_cat=globale&ga_q=N.R.G#phrase=N.R.G,https://www.infogreffe.com/recherche-entreprise-dirigeants/resultats-entreprise-dirigeants.html?ga_cat=globale&ga_q=N.R.G#phrase=N.R.G
0,2016-09-31,NRG.PA,,2016-09-31,Q3,93473250,24458750,69014500,1.3544001622847373,1833750.0,16878250,997000.0,0.0,9890250.0,86191500,59500.0,5686000.0,13424250,6.963014693558299,7281750.0,12.836646410546916,0.0,10285000,9.088308215848322,1830750.0,8422750.0,11.097711555014692,0.1075,0.1075,77880226,77880226,https://www.infogreffe.com/recherche-entreprise-dirigeants/resultats-entreprise-dirigeants.html?ga_cat=globale&ga_q=N.R.G#phrase=N.R.G,https://www.infogreffe.com/recherche-entreprise-dirigeants/resultats-entreprise-dirigeants.html?ga_cat=globale&ga_q=N.R.G#phrase=N.R.G
0,2016-06-31,NRG.PA,,2016-06-31,Q2,93473250,24458750,69014500,1.3544001622847373,1833750.0,16878250,997000.0,0.0,9890250.0,86191500,59500.0,5686000.0,13424250,6.963014693558299,7281750.0,12.836646410546916,0.0,10285000,9.088308215848322,1830750.0,8422750.0,11.097711555014692,0.1075,0.1075,77880226,77880226,https://www.infogreffe.com/recherche-entreprise-dirigeants/resultats-entreprise-dirigeants.html?ga_cat=globale&ga_q=N.R.G#phrase=N.R.G,https://www.infogreffe.com/recherche-entreprise-dirigeants/resultats-entreprise-dirigeants.html?ga_cat=globale&ga_q=N.R.G#phrase=N.R.G
0,2016-03-31,NRG.PA,,2016-03-31,Q1,93473250,24458750,69014500,1.3544001622847373,1833750.0,16878250,997000.0,0.0,9890250.0,86191500,59500.0,5686000.0,13424250,6.963014693558299,7281750.0,12.836646410546916,0.0,10285000,9.088308215848322,1830750.0,8422750.0,11.097711555014692,0.1075,0.1075,77880226,77880226,https://www.infogreffe.com/recherche-entreprise-dirigeants/resultats-entreprise-dirigeants.html?ga_cat=globale&ga_q=N.R.G#phrase=N.R.G,https://www.infogreffe.com/recherche-entreprise-dirigeants/resultats-entreprise-dirigeants.html?ga_cat=globale&ga_q=N.R.G#phrase=N.R.G
0,2016-01-31,NRG.PA,,2016-01-31,Q1,93473250,24458750,69014500,1.3544001622847373,1833750.0,16878250,997000.0,0.0,9890250.0,86191500,59500.0,5686000.0,13424250,6.963014693558299,7281750.0,12.836646410546916,0.0,10285000,9.088308215848322,1830750.0,8422750.0,11.097711555014692,0.1075,0.1075,77880226,77880226,https://www.infogreffe.com/recherche-entreprise-dirigeants/resultats-entreprise-dirigeants.html?ga_cat=globale&ga_q=N.R.G#phrase=N.R.G,https://www.infogreffe.com/recherche-entreprise-dirigeants/resultats-entreprise-dirigeants.html?ga_cat=globale&ga_q=N.R.G#phrase=N.R.G
0,2015-09-31,NRG.PA,,2015-09-31,Q3,95513250,24763000,70750250,1.3500058303680906,1717000.0,23839000,874500.0,0.0,3434750.0,87210750,79750.0,5924000.0,14716250,6.490325320648942,8302500.0,11.504155374887082,0.0,7509500.0,12.718989280245022,2172000.0,5662250.0,16.868426862113118,0.0725,0.0725,78340027,78340027,https://www.infogreffe.com/recherche-entreprise-dirigeants/resultats-entreprise-dirigeants.html?ga_cat=globale&ga_q=N.R.G#phrase=N.R.G,https://www.infogreffe.com/recherche-entreprise-dirigeants/resultats-entreprise-dirigeants.html?ga_cat=globale&ga_q=N.R.G#phrase=N.R.G
0,2015-06-31,NRG.PA,,2015-06-31,Q2,95513250,24763000,70750250,1.3500058303680906,1717000.0,23839000,874500.0,0.0,3434750.0,87210750,79750.0,5924000.0,14716250,6.490325320648942,8302500.0,11.504155374887082,0.0,7509500.0,12.718989280245022,2172000.0,5662250.0,16.868426862113118,0.0725,0.0725,78340027,78340027,https://www.infogreffe.com/recherche-entreprise-dirigeants/resultats-entreprise-dirigeants.html?ga_cat=globale&ga_q=N.R.G#phrase=N.R.G,https://www.infogreffe.com/recherche-entreprise-dirigeants/resultats-entreprise-dirigeants.html?ga_cat=globale&ga_q=N.R.G#phrase=N.R.G
0,2015-03-31,NRG.PA,,2015-03-31,Q1,95513250,24763000,70750250,1.3500058303680906,1717000.0,23839000,874500.0,0.0,3434750.0,87210750,79750.0,5924000.0,14716250,6.490325320648942,8302500.0,11.504155374887082,0.0,7509500.0,12.718989280245022,2172000.0,5662250.0,16.868426862113118,0.0725,0.0725,78340027,78340027,https://www.infogreffe.com/recherche-entreprise-dirigeants/resultats-entreprise-dirigeants.html?ga_cat=globale&ga_q=N.R.G#phrase=N.R.G,https://www.infogreffe.com/recherche-entreprise-dirigeants/resultats-entreprise-dirigeants.html?ga_cat=globale&ga_q=N.R.G#phrase=N.R.G
0,2015-01-31,NRG.PA,,2015-01-31,Q1,95513250,24763000,70750250,1.3500058303680906,1717000.0,23839000,874500.0,0.0,3434750.0,87210750,79750.0,5924000.0,14716250,6.490325320648942,8302500.0,11.504155374887082,0.0,7509500.0,12.718989280245022,2172000.0,5662250.0,16.868426862113118,0.0725,0.0725,78340027,78340027,https://www.infogreffe.com/recherche-entreprise-dirigeants/resultats-entreprise-dirigeants.html?ga_cat=globale&ga_q=N.R.G#phrase=N.R.G,https://www.infogreffe.com/recherche-entreprise-dirigeants/resultats-entreprise-dirigeants.html?ga_cat=globale&ga_q=N.R.G#phrase=N.R.G
0,2014-09-31,NRG.PA,,2014-09-31,Q3,94213500,20957500,73256000,1.2860857813694442,1718000.0,23765500,923250.0,-9188500.0,2481750.0,81841250,72750.0,5802000.0,9401500.0,10.021113652076796,12372250,7.614904322172604,0.0,3611500.0,26.087082929530666,1505250.0,2332000.0,40.40030017152659,0.03,0.03,78386673,78386673,https://www.infogreffe.com/recherche-entreprise-dirigeants/resultats-entreprise-dirigeants.html?ga_cat=globale&ga_q=N.R.G#phrase=N.R.G,https://www.infogreffe.com/recherche-entreprise-dirigeants/resultats-entreprise-dirigeants.html?ga_cat=globale&ga_q=N.R.G#phrase=N.R.G
0,2014-06-31,NRG.PA,,2014-06-31,Q2,94213500,20957500,73256000,1.2860857813694442,1718000.0,23765500,923250.0,-9188500.0,2481750.0,81841250,72750.0,5802000.0,9401500.0,10.021113652076796,12372250,7.614904322172604,0.0,3611500.0,26.087082929530666,1505250.0,2332000.0,40.40030017152659,0.03,0.03,78386673,78386673,https://www.infogreffe.com/recherche-entreprise-dirigeants/resultats-entreprise-dirigeants.html?ga_cat=globale&ga_q=N.R.G#phrase=N.R.G,https://www.infogreffe.com/recherche-entreprise-dirigeants/resultats-entreprise-dirigeants.html?ga_cat=globale&ga_q=N.R.G#phrase=N.R.G
0,2014-03-31,NRG.PA,,2014-03-31,Q1,94213500,20957500,73256000,1.2860857813694442,1718000.0,23765500,923250.0,-9188500.0,2481750.0,81841250,72750.0,5802000.0,9401500.0,10.021113652076796,12372250,7.614904322172604,0.0,3611500.0,26.087082929530666,1505250.0,2332000.0,40.40030017152659,0.03,0.03,78386673,78386673,https://www.infogreffe.com/recherche-entreprise-dirigeants/resultats-entreprise-dirigeants.html?ga_cat=globale&ga_q=N.R.G#phrase=N.R.G,https://www.infogreffe.com/recherche-entreprise-dirigeants/resultats-entreprise-dirigeants.html?ga_cat=globale&ga_q=N.R.G#phrase=N.R.G
0,2014-01-31,NRG.PA,,2014-01-31,Q1,94213500,20957500,73256000,1.2860857813694442,1718000.0,23765500,923250.0,-9188500.0,2481750.0,81841250,72750.0,5802000.0,9401500.0,10.021113652076796,12372250,7.614904322172604,0.0,3611500.0,26.087082929530666,1505250.0,2332000.0,40.40030017152659,0.03,0.03,78386673,78386673,https://www.infogreffe.com/recherche-entreprise-dirigeants/resultats-entreprise-dirigeants.html?ga_cat=globale&ga_q=N.R.G#phrase=N.R.G,https://www.infogreffe.com/recherche-entreprise-dirigeants/resultats-entreprise-dirigeants.html?ga_cat=globale&ga_q=N.R.G#phrase=N.R.G
0,2013-09-31,NRG.PA,,2013-09-31,Q3,103582500,24114500,79468000,1.3034491870941762,1569000.0,23957750,905250.0,-74750.0,4265250.0,89667500,1500.0,6555750.0,19138750,5.412187316308536,13915000,7.44394538268056,0.0,13123500,7.892902045948109,8189500.0,4938250.0,20.97554801802258,0.0625,0.0625,79566453,79566453,https://www.infogreffe.com/recherche-entreprise-dirigeants/resultats-entreprise-dirigeants.html?ga_cat=globale&ga_q=N.R.G#phrase=N.R.G,https://www.infogreffe.com/recherche-entreprise-dirigeants/resultats-entreprise-dirigeants.html?ga_cat=globale&ga_q=N.R.G#phrase=N.R.G
0,2013-06-31,NRG.PA,,2013-06-31,Q2,103582500,24114500,79468000,1.3034491870941762,1569000.0,23957750,905250.0,-74750.0,4265250.0,89667500,1500.0,6555750.0,19138750,5.412187316308536,13915000,7.44394538268056,0.0,13123500,7.892902045948109,8189500.0,4938250.0,20.97554801802258,0.0625,0.0625,79566453,79566453,https://www.infogreffe.com/recherche-entreprise-dirigeants/resultats-entreprise-dirigeants.html?ga_cat=globale&ga_q=N.R.G#phrase=N.R.G,https://www.infogreffe.com/recherche-entreprise-dirigeants/resultats-entreprise-dirigeants.html?ga_cat=globale&ga_q=N.R.G#phrase=N.R.G
0,2013-03-31,NRG.PA,,2013-03-31,Q1,103582500,24114500,79468000,1.3034491870941762,1569000.0,23957750,905250.0,-74750.0,4265250.0,89667500,1500.0,6555750.0,19138750,5.412187316308536,13915000,7.44394538268056,0.0,13123500,7.892902045948109,8189500.0,4938250.0,20.97554801802258,0.0625,0.0625,79566453,79566453,https://www.infogreffe.com/recherche-entreprise-dirigeants/resultats-entreprise-dirigeants.html?ga_cat=globale&ga_q=N.R.G#phrase=N.R.G,https://www.infogreffe.com/recherche-entreprise-dirigeants/resultats-entreprise-dirigeants.html?ga_cat=globale&ga_q=N.R.G#phrase=N.R.G
0,2013-01-31,NRG.PA,,2013-01-31,Q1,103582500,24114500,79468000,1.3034491870941762,1569000.0,23957750,905250.0,-74750.0,4265250.0,89667500,1500.0,6555750.0,19138750,5.412187316308536,13915000,7.44394538268056,0.0,13123500,7.892902045948109,8189500.0,4938250.0,20.97554801802258,0.0625,0.0625,79566453,79566453,https://www.infogreffe.com/recherche-entreprise-dirigeants/resultats-entreprise-dirigeants.html?ga_cat=globale&ga_q=N.R.G#phrase=N.R.G,https://www.infogreffe.com/recherche-entreprise-dirigeants/resultats-entreprise-dirigeants.html?ga_cat=globale&ga_q=N.R.G#phrase=N.R.G
0,2012-09-31,NRG.PA,,2012-09-31,Q3,99328500,21297500,78031000,1.2729363970729581,0.0,23966000,998500.0,0.0,3592750.0,83662500,3500.0,5993750.0,21694750,4.578457921847452,15666000,6.340386824971276,0.0,15737500,6.311580619539317,6173250.0,9274750.0,10.709560904606594,0.1175,0.1175,79441034,79441034,https://www.infogreffe.com/recherche-entreprise-dirigeants/resultats-entreprise-dirigeants.html?ga_cat=globale&ga_q=N.R.G#phrase=N.R.G,https://www.infogreffe.com/recherche-entreprise-dirigeants/resultats-entreprise-dirigeants.html?ga_cat=globale&ga_q=N.R.G#phrase=N.R.G
0,2012-06-31,NRG.PA,,2012-06-31,Q2,99328500,21297500,78031000,1.2729363970729581,0.0,23966000,998500.0,0.0,3592750.0,83662500,3500.0,5993750.0,21694750,4.578457921847452,15666000,6.340386824971276,0.0,15737500,6.311580619539317,6173250.0,9274750.0,10.709560904606594,0.1175,0.1175,79441034,79441034,https://www.infogreffe.com/recherche-entreprise-dirigeants/resultats-entreprise-dirigeants.html?ga_cat=globale&ga_q=N.R.G#phrase=N.R.G,https://www.infogreffe.com/recherche-entreprise-dirigeants/resultats-entreprise-dirigeants.html?ga_cat=globale&ga_q=N.R.G#phrase=N.R.G
0,2012-03-31,NRG.PA,,2012-03-31,Q1,99328500,21297500,78031000,1.2729363970729581,0.0,23966000,998500.0,0.0,3592750.0,83662500,3500.0,5993750.0,21694750,4.578457921847452,15666000,6.340386824971276,0.0,15737500,6.311580619539317,6173250.0,9274750.0,10.709560904606594,0.1175,0.1175,79441034,79441034,https://www.infogreffe.com/recherche-entreprise-dirigeants/resultats-entreprise-dirigeants.html?ga_cat=globale&ga_q=N.R.G#phrase=N.R.G,https://www.infogreffe.com/recherche-entreprise-dirigeants/resultats-entreprise-dirigeants.html?ga_cat=globale&ga_q=N.R.G#phrase=N.R.G
0,2012-01-31,NRG.PA,,2012-01-31,Q1,99328500,21297500,78031000,1.2729363970729581,0.0,23966000,998500.0,0.0,3592750.0,83662500,3500.0,5993750.0,21694750,4.578457921847452,15666000,6.340386824971276,0.0,15737500,6.311580619539317,6173250.0,9274750.0,10.709560904606594,0.1175,0.1175,79441034,79441034,https://www.infogreffe.com/recherche-entreprise-dirigeants/resultats-entreprise-dirigeants.html?ga_cat=globale&ga_q=N.R.G#phrase=N.R.G,https://www.infogreffe.com/recherche-entreprise-dirigeants/resultats-entreprise-dirigeants.html?ga_cat=globale&ga_q=N.R.G#phrase=N.R.G
0,2011-09-31,NRG.PA,,2011-09-31,Q3,95669250,38631750,57037500,1.6773044049967127,0.0,2377500.0,0.0,0.0,6319750.0,80055750,6000.0,4603750.0,20948250,4.566932798682467,15613500,6.127341723508502,0.0,16338500,5.855448786608318,4835500.0,11461750,8.346827491438916,0.1425,0.1425,79929825,79929825,https://www.infogreffe.com/recherche-entreprise-dirigeants/resultats-entreprise-dirigeants.html?ga_cat=globale&ga_q=N.R.G#phrase=N.R.G,https://www.infogreffe.com/recherche-entreprise-dirigeants/resultats-entreprise-dirigeants.html?ga_cat=globale&ga_q=N.R.G#phrase=N.R.G
0,2011-06-31,NRG.PA,,2011-06-31,Q2,95669250,38631750,57037500,1.6773044049967127,0.0,2377500.0,0.0,0.0,6319750.0,80055750,6000.0,4603750.0,20948250,4.566932798682467,15613500,6.127341723508502,0.0,16338500,5.855448786608318,4835500.0,11461750,8.346827491438916,0.1425,0.1425,79929825,79929825,https://www.infogreffe.com/recherche-entreprise-dirigeants/resultats-entreprise-dirigeants.html?ga_cat=globale&ga_q=N.R.G#phrase=N.R.G,https://www.infogreffe.com/recherche-entreprise-dirigeants/resultats-entreprise-dirigeants.html?ga_cat=globale&ga_q=N.R.G#phrase=N.R.G
0,2011-03-31,NRG.PA,,2011-03-31,Q1,95669250,38631750,57037500,1.6773044049967127,0.0,2377500.0,0.0,0.0,6319750.0,80055750,6000.0,4603750.0,20948250,4.566932798682467,15613500,6.127341723508502,0.0,16338500,5.855448786608318,4835500.0,11461750,8.346827491438916,0.1425,0.1425,79929825,79929825,https://www.infogreffe.com/recherche-entreprise-dirigeants/resultats-entreprise-dirigeants.html?ga_cat=globale&ga_q=N.R.G#phrase=N.R.G,https://www.infogreffe.com/recherche-entreprise-dirigeants/resultats-entreprise-dirigeants.html?ga_cat=globale&ga_q=N.R.G#phrase=N.R.G
0,2011-01-31,NRG.PA,,2011-01-31,Q1,95669250,38631750,57037500,1.6773044049967127,0.0,2377500.0,0.0,0.0,6319750.0,80055750,6000.0,4603750.0,20948250,4.566932798682467,15613500,6.127341723508502,0.0,16338500,5.855448786608318,4835500.0,11461750,8.346827491438916,0.1425,0.1425,79929825,79929825,https://www.infogreffe.com/recherche-entreprise-dirigeants/resultats-entreprise-dirigeants.html?ga_cat=globale&ga_q=N.R.G#phrase=N.R.G,https://www.infogreffe.com/recherche-entreprise-dirigeants/resultats-entreprise-dirigeants.html?ga_cat=globale&ga_q=N.R.G#phrase=N.R.G
0,2010-09-31,NRG.PA,,2010-09-31,Q3,87488000,1508250.0,85979750,1.0175419212081915,0.0,34308500,0.0,160000.0,7755750.0,75710750,4500.0,4785500.0,17203750,5.085402891811379,11777250,7.428559298647817,0.0,11871750,7.369427422241877,3298750.0,8090250.0,10.814004511603473,0.1,0.1,81470976,81470976,https://www.infogreffe.com/recherche-entreprise-dirigeants/resultats-entreprise-dirigeants.html?ga_cat=globale&ga_q=N.R.G#phrase=N.R.G,https://www.infogreffe.com/recherche-entreprise-dirigeants/resultats-entreprise-dirigeants.html?ga_cat=globale&ga_q=N.R.G#phrase=N.R.G
0,2010-06-31,NRG.PA,,2010-06-31,Q2,87488000,1508250.0,85979750,1.0175419212081915,0.0,34308500,0.0,160000.0,7755750.0,75710750,4500.0,4785500.0,17203750,5.085402891811379,11777250,7.428559298647817,0.0,11871750,7.369427422241877,3298750.0,8090250.0,10.814004511603473,0.1,0.1,81470976,81470976,https://www.infogreffe.com/recherche-entreprise-dirigeants/resultats-entreprise-dirigeants.html?ga_cat=globale&ga_q=N.R.G#phrase=N.R.G,https://www.infogreffe.com/recherche-entreprise-dirigeants/resultats-entreprise-dirigeants.html?ga_cat=globale&ga_q=N.R.G#phrase=N.R.G
0,2010-03-31,NRG.PA,,2010-03-31,Q1,87488000,1508250.0,85979750,1.0175419212081915,0.0,34308500,0.0,160000.0,7755750.0,75710750,4500.0,4785500.0,17203750,5.085402891811379,11777250,7.428559298647817,0.0,11871750,7.369427422241877,3298750.0,8090250.0,10.814004511603473,0.1,0.1,81470976,81470976,https://www.infogreffe.com/recherche-entreprise-dirigeants/resultats-entreprise-dirigeants.html?ga_cat=globale&ga_q=N.R.G#phrase=N.R.G,https://www.infogreffe.com/recherche-entreprise-dirigeants/resultats-entreprise-dirigeants.html?ga_cat=globale&ga_q=N.R.G#phrase=N.R.G
0,2010-01-31,NRG.PA,,2010-01-31,Q1,87488000,1508250.0,85979750,1.0175419212081915,0.0,34308500,0.0,160000.0,7755750.0,75710750,4500.0,4785500.0,17203750,5.085402891811379,11777250,7.428559298647817,0.0,11871750,7.369427422241877,3298750.0,8090250.0,10.814004511603473,0.1,0.1,81470976,81470976,https://www.infogreffe.com/recherche-entreprise-dirigeants/resultats-entreprise-dirigeants.html?ga_cat=globale&ga_q=N.R.G#phrase=N.R.G,https://www.infogreffe.com/recherche-entreprise-dirigeants/resultats-entreprise-dirigeants.html?ga_cat=globale&ga_q=N.R.G#phrase=N.R.G
0,2009-09-31,NRG.PA,,2009-09-31,Q3,84369250,2425750.0,81943500,1.0296027140651791,0.0,34886750,0.0,0.0,7424750.0,77098500,0.0,6361500.0,17851000,4.726303848523893,7270750.0,11.603926692569543,0.0,5004500.0,16.858677190528525,3059250.0,1945250.0,43.371931628325406,0.02,0.02,81206454,81206454,https://www.infogreffe.com/recherche-entreprise-dirigeants/resultats-entreprise-dirigeants.html?ga_cat=globale&ga_q=N.R.G#phrase=N.R.G,https://www.infogreffe.com/recherche-entreprise-dirigeants/resultats-entreprise-dirigeants.html?ga_cat=globale&ga_q=N.R.G#phrase=N.R.G
0,2009-06-31,NRG.PA,,2009-06-31,Q2,84369250,2425750.0,81943500,1.0296027140651791,0.0,34886750,0.0,0.0,7424750.0,77098500,0.0,6361500.0,17851000,4.726303848523893,7270750.0,11.603926692569543,0.0,5004500.0,16.858677190528525,3059250.0,1945250.0,43.371931628325406,0.02,0.02,81206454,81206454,https://www.infogreffe.com/recherche-entreprise-dirigeants/resultats-entreprise-dirigeants.html?ga_cat=globale&ga_q=N.R.G#phrase=N.R.G,https://www.infogreffe.com/recherche-entreprise-dirigeants/resultats-entreprise-dirigeants.html?ga_cat=globale&ga_q=N.R.G#phrase=N.R.G
0,2009-03-31,NRG.PA,,2009-03-31,Q1,84369250,2425750.0,81943500,1.0296027140651791,0.0,34886750,0.0,0.0,7424750.0,77098500,0.0,6361500.0,17851000,4.726303848523893,7270750.0,11.603926692569543,0.0,5004500.0,16.858677190528525,3059250.0,1945250.0,43.371931628325406,0.02,0.02,81206454,81206454,https://www.infogreffe.com/recherche-entreprise-dirigeants/resultats-entreprise-dirigeants.html?ga_cat=globale&ga_q=N.R.G#phrase=N.R.G,https://www.infogreffe.com/recherche-entreprise-dirigeants/resultats-entreprise-dirigeants.html?ga_cat=globale&ga_q=N.R.G#phrase=N.R.G
0,2009-01-31,NRG.PA,,2009-01-31,Q1,84369250,2425750.0,81943500,1.0296027140651791,0.0,34886750,0.0,0.0,7424750.0,77098500,0.0,6361500.0,17851000,4.726303848523893,7270750.0,11.603926692569543,0.0,5004500.0,16.858677190528525,3059250.0,1945250.0,43.371931628325406,0.02,0.02,81206454,81206454,https://www.infogreffe.com/recherche-entreprise-dirigeants/resultats-entreprise-dirigeants.html?ga_cat=globale&ga_q=N.R.G#phrase=N.R.G,https://www.infogreffe.com/recherche-entreprise-dirigeants/resultats-entreprise-dirigeants.html?ga_cat=globale&ga_q=N.R.G#phrase=N.R.G
0,2008-09-31,NRG.PA,,2008-09-31,Q3,84729250,2056750.0,82672500,1.0248782847984517,0.0,37823750,37823750,0.0,8804500.0,77155500,5500.0,5416750.0,13955500,6.071387624950736,7573750.0,11.187225614787918,0.0,6159250.0,13.756423265819702,5226000.0,-1152500.0,-73.5177874186551,-0.0125,-0.0125,84678474,84678474,https://www.infogreffe.com/recherche-entreprise-dirigeants/resultats-entreprise-dirigeants.html?ga_cat=globale&ga_q=N.R.G#phrase=N.R.G,https://www.infogreffe.com/recherche-entreprise-dirigeants/resultats-entreprise-dirigeants.html?ga_cat=globale&ga_q=N.R.G#phrase=N.R.G
0,2008-06-31,NRG.PA,,2008-06-31,Q2,84729250,2056750.0,82672500,1.0248782847984517,0.0,37823750,37823750,0.0,8804500.0,77155500,5500.0,5416750.0,13955500,6.071387624950736,7573750.0,11.187225614787918,0.0,6159250.0,13.756423265819702,5226000.0,-1152500.0,-73.5177874186551,-0.0125,-0.0125,84678474,84678474,https://www.infogreffe.com/recherche-entreprise-dirigeants/resultats-entreprise-dirigeants.html?ga_cat=globale&ga_q=N.R.G#phrase=N.R.G,https://www.infogreffe.com/recherche-entreprise-dirigeants/resultats-entreprise-dirigeants.html?ga_cat=globale&ga_q=N.R.G#phrase=N.R.G
0,2008-03-31,NRG.PA,,2008-03-31,Q1,84729250,2056750.0,82672500,1.0248782847984517,0.0,37823750,37823750,0.0,8804500.0,77155500,5500.0,5416750.0,13955500,6.071387624950736,7573750.0,11.187225614787918,0.0,6159250.0,13.756423265819702,5226000.0,-1152500.0,-73.5177874186551,-0.0125,-0.0125,84678474,84678474,https://www.infogreffe.com/recherche-entreprise-dirigeants/resultats-entreprise-dirigeants.html?ga_cat=globale&ga_q=N.R.G#phrase=N.R.G,https://www.infogreffe.com/recherche-entreprise-dirigeants/resultats-entreprise-dirigeants.html?ga_cat=globale&ga_q=N.R.G#phrase=N.R.G
0,2008-01-31,NRG.PA,,2008-01-31,Q1,84729250,2056750.0,82672500,1.0248782847984517,0.0,37823750,37823750,0.0,8804500.0,77155500,5500.0,5416750.0,13955500,6.071387624950736,7573750.0,11.187225614787918,0.0,6159250.0,13.756423265819702,5226000.0,-1152500.0,-73.5177874186551,-0.0125,-0.0125,84678474,84678474,https://www.infogreffe.com/recherche-entreprise-dirigeants/resultats-entreprise-dirigeants.html?ga_cat=globale&ga_q=N.R.G#phrase=N.R.G,https://www.infogreffe.com/recherche-entreprise-dirigeants/resultats-entreprise-dirigeants.html?ga_cat=globale&ga_q=N.R.G#phrase=N.R.G
0,2007-09-31,NRG.PA,,2007-09-31,Q3,92056750,2042250.0,90014500,1.022688011375945,0.0,41059750,0.0,0.0,9120500.0,75189000,1554000.0,4166750.0,24379250,3.7760287949793367,16867750,5.4575595441004285,0.0,18357000,5.014803617148772,5063500.0,13196250,6.975978024059866,0.15,0.15,86480704,86480704,https://www.infogreffe.com/recherche-entreprise-dirigeants/resultats-entreprise-dirigeants.html?ga_cat=globale&ga_q=N.R.G#phrase=N.R.G,https://www.infogreffe.com/recherche-entreprise-dirigeants/resultats-entreprise-dirigeants.html?ga_cat=globale&ga_q=N.R.G#phrase=N.R.G
0,2007-06-31,NRG.PA,,2007-06-31,Q2,92056750,2042250.0,90014500,1.022688011375945,0.0,41059750,0.0,0.0,9120500.0,75189000,1554000.0,4166750.0,24379250,3.7760287949793367,16867750,5.4575595441004285,0.0,18357000,5.014803617148772,5063500.0,13196250,6.975978024059866,0.15,0.15,86480704,86480704,https://www.infogreffe.com/recherche-entreprise-dirigeants/resultats-entreprise-dirigeants.html?ga_cat=globale&ga_q=N.R.G#phrase=N.R.G,https://www.infogreffe.com/recherche-entreprise-dirigeants/resultats-entreprise-dirigeants.html?ga_cat=globale&ga_q=N.R.G#phrase=N.R.G
0,2007-03-31,NRG.PA,,2007-03-31,Q1,92056750,2042250.0,90014500,1.022688011375945,0.0,41059750,0.0,0.0,9120500.0,75189000,1554000.0,4166750.0,24379250,3.7760287949793367,16867750,5.4575595441004285,0.0,18357000,5.014803617148772,5063500.0,13196250,6.975978024059866,0.15,0.15,86480704,86480704,https://www.infogreffe.com/recherche-entreprise-dirigeants/resultats-entreprise-dirigeants.html?ga_cat=globale&ga_q=N.R.G#phrase=N.R.G,https://www.infogreffe.com/recherche-entreprise-dirigeants/resultats-entreprise-dirigeants.html?ga_cat=globale&ga_q=N.R.G#phrase=N.R.G
0,2007-01-31,NRG.PA,,2007-01-31,Q1,92056750,2042250.0,90014500,1.022688011375945,0.0,41059750,0.0,0.0,9120500.0,75189000,1554000.0,4166750.0,24379250,3.7760287949793367,16867750,5.4575595441004285,0.0,18357000,5.014803617148772,5063500.0,13196250,6.975978024059866,0.15,0.15,86480704,86480704,https://www.infogreffe.com/recherche-entreprise-dirigeants/resultats-entreprise-dirigeants.html?ga_cat=globale&ga_q=N.R.G#phrase=N.R.G,https://www.infogreffe.com/recherche-entreprise-dirigeants/resultats-entreprise-dirigeants.html?ga_cat=globale&ga_q=N.R.G#phrase=N.R.G
0,2006-09-31,NRG.PA,,2006-09-31,Q3,101731500,6825250.0,94906250,1.0719157062891012,0.0,5033500.0,0.0,-339000.0,35981250,81294750,30000.0,3842250.0,24475250,4.156505040806529,20436750,4.9778707475503685,0.0,21648000,4.69934866962306,8304750.0,13231750,7.688438793054584,0.155,0.155,85947509,85947509,https://www.infogreffe.com/recherche-entreprise-dirigeants/resultats-entreprise-dirigeants.html?ga_cat=globale&ga_q=N.R.G#phrase=N.R.G,https://www.infogreffe.com/recherche-entreprise-dirigeants/resultats-entreprise-dirigeants.html?ga_cat=globale&ga_q=N.R.G#phrase=N.R.G
0,2006-06-31,NRG.PA,,2006-06-31,Q2,101731500,6825250.0,94906250,1.0719157062891012,0.0,5033500.0,0.0,-339000.0,35981250,81294750,30000.0,3842250.0,24475250,4.156505040806529,20436750,4.9778707475503685,0.0,21648000,4.69934866962306,8304750.0,13231750,7.688438793054584,0.155,0.155,85947509,85947509,https://www.infogreffe.com/recherche-entreprise-dirigeants/resultats-entreprise-dirigeants.html?ga_cat=globale&ga_q=N.R.G#phrase=N.R.G,https://www.infogreffe.com/recherche-entreprise-dirigeants/resultats-entreprise-dirigeants.html?ga_cat=globale&ga_q=N.R.G#phrase=N.R.G
0,2006-03-31,NRG.PA,,2006-03-31,Q1,101731500,6825250.0,94906250,1.0719157062891012,0.0,5033500.0,0.0,-339000.0,35981250,81294750,30000.0,3842250.0,24475250,4.156505040806529,20436750,4.9778707475503685,0.0,21648000,4.69934866962306,8304750.0,13231750,7.688438793054584,0.155,0.155,85947509,85947509,https://www.infogreffe.com/recherche-entreprise-dirigeants/resultats-entreprise-dirigeants.html?ga_cat=globale&ga_q=N.R.G#phrase=N.R.G,https://www.infogreffe.com/recherche-entreprise-dirigeants/resultats-entreprise-dirigeants.html?ga_cat=globale&ga_q=N.R.G#phrase=N.R.G
0,2006-01-31,NRG.PA,,2006-01-31,Q1,101731500,6825250.0,94906250,1.0719157062891012,0.0,5033500.0,0.0,-339000.0,35981250,81294750,30000.0,3842250.0,24475250,4.156505040806529,20436750,4.9778707475503685,0.0,21648000,4.69934866962306,8304750.0,13231750,7.688438793054584,0.155,0.155,85947509,85947509,https://www.infogreffe.com/recherche-entreprise-dirigeants/resultats-entreprise-dirigeants.html?ga_cat=globale&ga_q=N.R.G#phrase=N.R.G,https://www.infogreffe.com/recherche-entreprise-dirigeants/resultats-entreprise-dirigeants.html?ga_cat=globale&ga_q=N.R.G#phrase=N.R.G
0,2005-09-31,NRG.PA,,2005-09-31,Q3,125905500,15909250,109996250,1.1446344761753242,0.0,26412750,0.0,3617500.0,14597750,89155750,1412000.0,4089250.0,49417750,2.54777888511719,36749750,3.426023306280995,0.0,41373250,3.043161946426737,12278000,29095250,4.327355839870769,0.3375,0.3375,86480704,86480704,https://www.infogreffe.com/recherche-entreprise-dirigeants/resultats-entreprise-dirigeants.html?ga_cat=globale&ga_q=N.R.G#phrase=N.R.G,https://www.infogreffe.com/recherche-entreprise-dirigeants/resultats-entreprise-dirigeants.html?ga_cat=globale&ga_q=N.R.G#phrase=N.R.G
0,2005-06-31,NRG.PA,,2005-06-31,Q2,125905500,15909250,109996250,1.1446344761753242,0.0,26412750,0.0,3617500.0,14597750,89155750,1412000.0,4089250.0,49417750,2.54777888511719,36749750,3.426023306280995,0.0,41373250,3.043161946426737,12278000,29095250,4.327355839870769,0.3375,0.3375,86480704,86480704,https://www.infogreffe.com/recherche-entreprise-dirigeants/resultats-entreprise-dirigeants.html?ga_cat=globale&ga_q=N.R.G#phrase=N.R.G,https://www.infogreffe.com/recherche-entreprise-dirigeants/resultats-entreprise-dirigeants.html?ga_cat=globale&ga_q=N.R.G#phrase=N.R.G
0,2005-03-31,NRG.PA,,2005-03-31,Q1,125905500,15909250,109996250,1.1446344761753242,0.0,26412750,0.0,3617500.0,14597750,89155750,1412000.0,4089250.0,49417750,2.54777888511719,36749750,3.426023306280995,0.0,41373250,3.043161946426737,12278000,29095250,4.327355839870769,0.3375,0.3375,86480704,86480704,https://www.infogreffe.com/recherche-entreprise-dirigeants/resultats-entreprise-dirigeants.html?ga_cat=globale&ga_q=N.R.G#phrase=N.R.G,https://www.infogreffe.com/recherche-entreprise-dirigeants/resultats-entreprise-dirigeants.html?ga_cat=globale&ga_q=N.R.G#phrase=N.R.G
0,2005-01-31,NRG.PA,,2005-01-31,Q1,125905500,15909250,109996250,1.1446344761753242,0.0,26412750,0.0,3617500.0,14597750,89155750,1412000.0,4089250.0,49417750,2.54777888511719,36749750,3.426023306280995,0.0,41373250,3.043161946426737,12278000,29095250,4.327355839870769,0.3375,0.3375,86480704,86480704,https://www.infogreffe.com/recherche-entreprise-dirigeants/resultats-entreprise-dirigeants.html?ga_cat=globale&ga_q=N.R.G#phrase=N.R.G,https://www.infogreffe.com/recherche-entreprise-dirigeants/resultats-entreprise-dirigeants.html?ga_cat=globale&ga_q=N.R.G#phrase=N.R.G
0,2004-09-31,NRG.PA,,2004-09-31,Q3,93732500,12653750,81078750,1.1560674036045202,4506750.0,2049750.0,3950250.0,178000.0,19740500,66179500,107000.0,2780000.0,30359250,3.0874445185569472,27553000,3.4018981599099916,0.0,24508250,3.8245284751053217,6867750.0,17642000,5.313031402335336,20.5,20.5,86480704,86480704,https://www.infogreffe.com/recherche-entreprise-dirigeants/resultats-entreprise-dirigeants.html?ga_cat=globale&ga_q=N.R.G#phrase=N.R.G,https://www.infogreffe.com/recherche-entreprise-dirigeants/resultats-entreprise-dirigeants.html?ga_cat=globale&ga_q=N.R.G#phrase=N.R.G
0,2004-06-31,NRG.PA,,2004-06-31,Q2,93732500,12653750,81078750,1.1560674036045202,4506750.0,2049750.0,3950250.0,178000.0,19740500,66179500,107000.0,2780000.0,30359250,3.0874445185569472,27553000,3.4018981599099916,0.0,24508250,3.8245284751053217,6867750.0,17642000,5.313031402335336,20.5,20.5,86480704,86480704,https://www.infogreffe.com/recherche-entreprise-dirigeants/resultats-entreprise-dirigeants.html?ga_cat=globale&ga_q=N.R.G#phrase=N.R.G,https://www.infogreffe.com/recherche-entreprise-dirigeants/resultats-entreprise-dirigeants.html?ga_cat=globale&ga_q=N.R.G#phrase=N.R.G
0,2004-03-31,NRG.PA,,2004-03-31,Q1,93732500,12653750,81078750,1.1560674036045202,4506750.0,2049750.0,3950250.0,178000.0,19740500,66179500,107000.0,2780000.0,30359250,3.0874445185569472,27553000,3.4018981599099916,0.0,24508250,3.8245284751053217,6867750.0,17642000,5.313031402335336,20.5,20.5,86480704,86480704,https://www.infogreffe.com/recherche-entreprise-dirigeants/resultats-entreprise-dirigeants.html?ga_cat=globale&ga_q=N.R.G#phrase=N.R.G,https://www.infogreffe.com/recherche-entreprise-dirigeants/resultats-entreprise-dirigeants.html?ga_cat=globale&ga_q=N.R.G#phrase=N.R.G
0,2004-01-31,NRG.PA,,2004-01-31,Q1,93732500,12653750,81078750,1.1560674036045202,4506750.0,2049750.0,3950250.0,178000.0,19740500,66179500,107000.0,2780000.0,30359250,3.0874445185569472,27553000,3.4018981599099916,0.0,24508250,3.8245284751053217,6867750.0,17642000,5.313031402335336,20.5,20.5,86480704,86480704,https://www.infogreffe.com/recherche-entreprise-dirigeants/resultats-entreprise-dirigeants.html?ga_cat=globale&ga_q=N.R.G#phrase=N.R.G,https://www.infogreffe.com/recherche-entreprise-dirigeants/resultats-entreprise-dirigeants.html?ga_cat=globale&ga_q=N.R.G#phrase=N.R.G
