,date,symbol,fillingDate,acceptedDate,period,revenue,costOfRevenue,grossProfit,grossProfitRatio,researchAndDevelopmentExpenses,generalAndAdministrativeExpenses,sellingAndMarketingExpenses,otherExpenses,operatingExpenses,costAndExpenses,interestExpense,depreciationAndAmortization,ebitda,ebitdaratio,operatingIncome,operatingIncomeRatio,totalOtherIncomeExpensesNet,incomeBeforeTax,incomeBeforeTaxRatio,incomeTaxExpense,netIncome,netIncomeRatio,eps,epsdiluted,weightedAverageShsOut,weightedAverageShsOutDil,link,finalLink
0,2020-06-30,JFIN,2020-09-02 00:00:00,2020-09-02 06:02:01,Q2,244989000,50926000,194063000,0.792129,34108000,101208000,0.0,10721000,146036999.99999997,196962999.99999997,3257000.0,0.0,57905000,0.236358,48026000,0.196033,3134000.0,54417000,0.22212,14006000,40642000,0.165893,0.18807,0.18807,216100000,216100000,https://www.sec.gov/Archives/edgar/data/1743102/000156459020042244/0001564590-20-042244-index.htm,https://www.sec.gov/Archives/edgar/data/1743102/000156459020042244/jfin-6k_20200630.htm
0,2020-03-31,JFIN,2020-04-01 00:00:00,2020-04-01 06:50:44,Q1,313526000,63936000,249590000,0.796074,36367000,131701000,0.0,30405000,198472999.99999997,262408999.99999997,1982000.0,0.0,56395000,0.179873,51117000,0.163039,1017000.0,54116000,0.172605,13937000,40476000,0.129099,0.1873,0.1873,216100000,216100000,https://www.sec.gov/Archives/edgar/data/1743102/000119312520093406/0001193125-20-093406-index.html,https://www.sec.gov/Archives/edgar/data/1743102/000119312520093406/d911602d6k.htm
0,2019-12-31,JFIN,2020-03-13 00:00:00,2020-03-13 08:28:33,Q4,342620000,70636000,271984000,0.793836,38619000,189556000,0.0,49916000,278091000,348727000,5808000.0,0.0,8922000.0,0.026041,-6107000.0,-0.017824,2549000.0,2250000.0,0.006567,-42616000,45730000,0.133471,0.22906,0.22906,199639450,199639450,https://www.sec.gov/Archives/edgar/data/1743102/000119312520072320/0001193125-20-072320-index.html,https://www.sec.gov/Archives/edgar/data/1743102/000119312520072320/d859205d6k.htm
0,2019-09-30,JFIN,2019-10-24 00:00:00,2019-10-24 09:05:08,Q3,510773000,101128000,409645000,0.80201,58566000,199829000,0.0,67780000,326175000,427303000,88000.0,0.0,90802000,0.177774,83470000,0.163419,7308000.0,90866000,0.177899,9099000.0,81615000,0.159787,0.38138,0.38138,214000000,214000000,https://www.sec.gov/Archives/edgar/data/1743102/000119312519273171/0001193125-19-273171-index.html,https://www.sec.gov/Archives/edgar/data/1743102/000119312519273171/d822095d6k.htm
0,2019-06-30,JFIN,2019-09-04 00:00:00,2019-09-04 06:30:59,Q2,1376783000,253801000,1122982000,0.815656,104219000,446912000,0.0,114545000,665675999.9999999,919476999.9999999,-176000.0,0.0,470750000,0.34192,457306000,0.332155,13568000,470698000,0.341882,70524000,400402000,0.290824,1.87104,1.87104,214000000,214000000,https://www.sec.gov/Archives/edgar/data/1743102/000119312519237018/0001193125-19-237018-index.html,https://www.sec.gov/Archives/edgar/data/1743102/000119312519237018/d786364d6k.htm
0,2019-03-31,JFIN,2019-06-11 00:00:00,2019-06-11 10:55:54,Q1,731331000,118434000,612897000,0.838057,53722000,220724000,0.0,43794000,318240000,436674000,-482000.0,0.0,297212000,0.406399,294657000,0.402905,3519000.0,297694000,0.407058,43479000,254215000,0.347606,1.18792,1.18792,214000000,214000000,https://www.sec.gov/Archives/edgar/data/1743102/000119312519169923/0001193125-19-169923-index.html,https://www.sec.gov/Archives/edgar/data/1743102/000119312519169923/d762331d6k.htm
0,2018-12-31,JFIN,,,Q4,710257000,117644000,592613000,0.834364,71915000,231145000,0.0,119378000,422438000,540082000,-873000.0,3772000.000000001,180460000,0.254077,170175000,0.239596,8259000.0,177561000,0.249995,15226000,162335000,0.228558,0.75857,0.75857,214000000,214000000,,
0,2018-09-30,JFIN,,,Q3,508165000,97910000,410255000,0.807326,36612000,140723000,0.0,288724000,466059000.0000001,563969000.0000001,230000.0,3327999.9999999995,-50348000,-0.099078,-55804000,-0.109815,1668000.0,-53906000,-0.10608,-9953000.0,-43953000,-0.086494,-0.20539,-0.20539,214000000,214000000,,
