,date,symbol,fillingDate,acceptedDate,period,revenue,costOfRevenue,grossProfit,grossProfitRatio,researchAndDevelopmentExpenses,generalAndAdministrativeExpenses,sellingAndMarketingExpenses,otherExpenses,operatingExpenses,costAndExpenses,interestExpense,depreciationAndAmortization,ebitda,ebitdaratio,operatingIncome,operatingIncomeRatio,totalOtherIncomeExpensesNet,incomeBeforeTax,incomeBeforeTaxRatio,incomeTaxExpense,netIncome,netIncomeRatio,eps,epsdiluted,weightedAverageShsOut,weightedAverageShsOutDil,link,finalLink
0,2018-09-30,IPAS,2018-11-13 00:00:00,2018-11-13 16:38:55,Q3,9275000.0,5720000.0,3555000.0,0.38328840970350403,1825000.0,2426000.0,2760000.0,7014000.0,7011000.0,12731000,0.0,410000.0,-5178000.0,-0.36919786096256685,-5588000.0,-0.3984313725490196,-867000.0,-5588000.0,-0.3984313725490196,44000.0,-5632000.0,-0.4015686274509804,-0.75515,-0.75515,7458098.0,7458098.0,https://www.sec.gov/Archives/edgar/data/1053374/000105337418000079/0001053374-18-000079-index.html,https://www.sec.gov/Archives/edgar/data/1053374/000105337418000079/ipas-20180930x10q.htm
0,2018-06-30,IPAS,2018-08-09 00:00:00,2018-08-09 17:12:33,Q2,10535000,6339000.0,4196000.0,0.39829140958709064,1967000.0,2980000.0,2439000.0,7718000.0,7386000.0,13725000,0.0,148000.0,-4314000.0,-0.2856197033898305,-4462000.0,-0.2954184322033898,0.0,-4462000.0,-0.2954184322033898,61000.0,-4523000.0,-0.2994570974576271,-0.06278,-0.06278,7458098.0,72045226,https://www.sec.gov/Archives/edgar/data/1053374/000105337418000065/0001053374-18-000065-index.html,https://www.sec.gov/Archives/edgar/data/1053374/000105337418000065/ipas-20180630x10q.htm
0,2018-03-31,IPAS,2018-05-09 00:00:00,2018-05-09 16:16:52,Q1,11427000,6844000.0,4583000.0,0.4010676468014352,1953000.0,2589000.0,2469000.0,8228000.0,7011000.0,13855000,0.0,198000.0,-3750000.0,-0.24607913905111883,-3948000.0,-0.2590721175930179,0.0,-3948000.0,-0.2590721175930179,65000.0,-4013000.0,-0.26333748933657064,-0.05745,-0.05745,7458098.0,69853058,https://www.sec.gov/Archives/edgar/data/1053374/000105337418000043/0001053374-18-000043-index.html,https://www.sec.gov/Archives/edgar/data/1053374/000105337418000043/ipas-20180331x10q.htm
0,2017-12-31,IPAS,2018-03-08 00:00:00,2018-03-08 16:57:56,Q4,54401000,38548000,15853000,0.291410084373449,7953000.0,11482000,10245000,6302000.0,35982000,74463000,0.0,1591000.0,-2917000.0,-0.16419002589215356,-4508000.0,-0.25374310480693457,12000.0,-4508000.0,-0.25374310480693457,194000.0,-4313000.0,-0.2427670831926151,-0.06529,-0.06529,7458098.0,66060470,https://www.sec.gov/Archives/edgar/data/1053374/000105337418000014/0001053374-18-000014-index.html,https://www.sec.gov/Archives/edgar/data/1053374/000105337418000014/a2017123110k.htm
0,2017-11-08,IPAS,2017-11-08,2017-11-08 16:37:02,Q3,19836000,19157000,8603000.0,-0.3099063400576369,1948000.0,3428000.0,2519000.0,11941000,19836000,19836000,0.0,-796000.0,8305000.0,-0.3729078443234523,9101000.0,-0.3327787860455737,0.0,9252000.0,-0.3327787860455737,57000.0,9584000.0,-0.33565234926396453,0.14606,0.14606,65616234,65616234,https://www.sec.gov/Archives/edgar/data/1053374/000105337417000073/0001053374-17-000073-index.htm,https://www.sec.gov/Archives/edgar/data/1053374/000105337417000073/ipas-20170930x10q.htm
0,2017-06-30,IPAS,2017-08-09 00:00:00,2017-08-09 16:00:37,Q2,13474000,9598000.0,3876000.0,0.28766513284844886,2137000.0,2546000.0,2615000.0,11112000,7298000.0,16896000,0.0,342000.0,-4710000.0,-0.2558392178164041,-5052000.0,-0.27441607821835956,0.0,-5052000.0,-0.27441607821835956,217000.0,-5269000.0,-0.2862031504617056,-0.0803,-0.0803,7458098.0,65616234,https://www.sec.gov/Archives/edgar/data/1053374/000105337417000054/0001053374-17-000054-index.html,https://www.sec.gov/Archives/edgar/data/1053374/000105337417000054/ipas-20170630x10q.htm
0,2017-03-31,IPAS,2017-05-09 00:00:00,2017-05-09 16:07:30,Q1,14286000,9559000.0,4727000.0,0.33088338233235337,1974000.0,2772000.0,2454000.0,11251000,7200000.0,16759000,0.0,454000.0,-3746000.0,-0.20302422632919626,-4200000.0,-0.22762993875670695,0.0,-4200000.0,-0.22762993875670695,115000.0,-4315000.0,-0.23386266327028346,-0.06581,-0.06581,7458098.0,65567707,https://www.sec.gov/Archives/edgar/data/1053374/000105337417000030/0001053374-17-000030-index.html,https://www.sec.gov/Archives/edgar/data/1053374/000105337417000030/ipas-20170331x10q.htm
0,2016-12-31,IPAS,2017-03-14 00:00:00,2017-03-14 16:08:33,Q4,16117000,8790000.0,7327000.0,0.454613141403487,1746000.0,2482000.0,2771000.0,7447000.0,14446000,23988000,0.0,480000.0,-1056000.0,-0.060398078242964996,-1536000.0,-0.08785175017158545,0.0,-1313000.0,-0.0750972317547472,9000.0,-1322000.0,-0.07561198810340883,-0.02055,-0.02055,7458098.0,64344937,https://www.sec.gov/Archives/edgar/data/1053374/000105337417000008/0001053374-17-000008-index.html,https://www.sec.gov/Archives/edgar/data/1053374/000105337417000008/a2016123110k.htm
0,2016-09-30,IPAS,2016-11-07 00:00:00,2016-11-07 16:06:55,Q3,15877000,8452000.0,7425000.0,0.46765761793789756,1628000.0,2555000.0,2651000.0,10290000,6834000.0,15286000,0.0,618000.0,-662000.0,-0.03865919177762205,-1280000.0,-0.07474889044615744,0.0,-1280000.0,-0.07474889044615744,61000.0,-1341000.0,-0.07831114225648213,-0.02099,-0.02099,7458098.0,63893371,https://www.sec.gov/Archives/edgar/data/1053374/000105337416000247/0001053374-16-000247-index.html,https://www.sec.gov/Archives/edgar/data/1053374/000105337416000247/ipas-20160930x10q.htm
0,2016-06-30,IPAS,2016-08-05,2016-08-05 16:05:56,Q2,16497000,8466000.0,8031000.0,0.4868157846881251,1762000.0,2765000.0,2895000.0,10276000,7422000.0,15888000,0.0,665000.0,-650000.0,-0.036727313820770706,-1315000.0,-0.07430218103740535,0.0,-1315000.0,-0.07430218103740535,62000.0,-1377000.0,-0.07780540174030964,-0.02171,-0.02171,7458098.0,63430412,https://www.sec.gov/Archives/edgar/data/1053374/000105337416000234/0001053374-16-000234-index.htm,https://www.sec.gov/Archives/edgar/data/1053374/000105337416000234/ipas-20160630x10q.htm
0,2016-03-31,IPAS,2016-05-09 00:00:00,2016-05-09 16:29:03,Q1,14731000,7442000.0,7289000.0,0.49480686986626843,2140000.0,2990000.0,2837000.0,10298000,7967000.0,15409000,0.0,706000.0,-2933000.0,-0.16058034492198192,-3639000.0,-0.1992335067068163,0.0,-3639000.0,-0.1992335067068163,91000.0,-3730000.0,-0.20421571311251027,-0.05907,-0.05907,7458098.0,63146622,https://www.sec.gov/Archives/edgar/data/1053374/000105337416000206/0001053374-16-000206-index.html,https://www.sec.gov/Archives/edgar/data/1053374/000105337416000206/ipas-20160331x10q.htm
0,2015-12-31,IPAS,2016-03-11 00:00:00,2016-03-11 16:14:41,Q4,15426000,7573000.0,7853000.0,0.5090755866718527,2039000.0,3388000.0,2262000.0,9734000.0,17423000,29282000,-50000.0,731000.0,-1517000.0,-0.08681469611994964,-2248000.0,-0.12864827744076915,-134000.0,-2137000.0,-0.12229598260272405,111000.0,-2640000.0,-0.15108160695891037,-0.04194,-0.04194,7458098.0,62940299,https://www.sec.gov/Archives/edgar/data/1053374/000105337416000177/0001053374-16-000177-index.html,https://www.sec.gov/Archives/edgar/data/1053374/000105337416000177/a2015123110k.htm
0,2015-09-30,IPAS,2015-11-05 00:00:00,2015-11-05 16:31:08,Q3,14985000,7186000.0,7799000.0,0.5204537871204538,2456000.0,3067000.0,2506000.0,10271000,8029000.0,15215000,12000.0,737000.0,-2693000.0,-0.1471584699453552,-3430000.0,-0.18743169398907103,0.0,-3401000.0,-0.18584699453551912,29000.0,-3372000.0,-0.1842622950819672,-0.05364,-0.05364,7458098.0,62862144,https://www.sec.gov/Archives/edgar/data/1053374/000105337415000149/0001053374-15-000149-index.html,https://www.sec.gov/Archives/edgar/data/1053374/000105337415000149/ipas-20150930x10q.htm
0,2015-06-30,IPAS,2015-08-10 00:00:00,2015-08-10 17:03:17,Q2,15595000,7038000.0,8557000.0,0.548701506893235,2494000.0,3971000.0,2384000.0,22436000,8849000.0,15887000,17000.0,731000.0,-5644000.0,-0.2244759972954699,-6375000.0,-0.2535496957403651,0.0,-6308000.0,-0.2508849381537605,67000.0,-6241000.0,-0.24822018056715586,-0.09924,-0.09924,7458098.0,62885169,https://www.sec.gov/Archives/edgar/data/1053374/000105337415000130/0001053374-15-000130-index.html,https://www.sec.gov/Archives/edgar/data/1053374/000105337415000130/ipas-20150630x10q.htm
0,2015-03-31,IPAS,2015-05-07 00:00:00,2015-05-07 17:00:21,Q1,16558000,6675000.0,9883000.0,0.5968716028505858,2998000.0,4236000.0,3182000.0,0.0,10416000,17091000,21000.0,746000.0,-2694000.0,-0.16270080927648267,-3440000.0,-0.20775455972943593,0.0,-3340000.0,-0.2017151829931151,100000.0,-3240000.0,-0.1956758062567943,-0.05155,-0.05155,7458098.0,62846194,https://www.sec.gov/Archives/edgar/data/1053374/000105337415000073/0001053374-15-000073-index.html,https://www.sec.gov/Archives/edgar/data/1053374/000105337415000073/ipas-2015331x10q.htm
0,2014-12-31,IPAS,2015-03-13 00:00:00,2015-03-13 16:26:18,Q4,17155000,7146000.0,10009000,0.5834450597493442,2807000.0,4786000.0,3434000.0,13159000,24186000,32065000,0.0,791000.0,-1640000.0,-0.07745348068385756,-2431000.0,-0.11481061679418154,329000.0,-3994000.0,-0.18862756210446774,-1563000.0,-3994000.0,-0.18862756210446774,-0.06379,-0.06379,7458098.0,62613671,https://www.sec.gov/Archives/edgar/data/1053374/000105337415000033/0001053374-15-000033-index.html,https://www.sec.gov/Archives/edgar/data/1053374/000105337415000033/a2014123110k.htm
0,2014-09-30,IPAS,2014-11-07 00:00:00,2014-11-06 19:24:04,Q3,17250000,7584000.0,9666000.0,0.5603478260869565,2853000.0,4286000.0,3548000.0,11392000,10687000,18271000,0.0,812000.0,-2301000.0,-0.10421667647991303,-3113000.0,-0.14099370442501924,345000.0,-4468000.0,-0.20236423751075683,-1355000.0,-4468000.0,-0.20236423751075683,-0.07148,-0.07148,7458098.0,62507683,https://www.sec.gov/Archives/edgar/data/1053374/000105337414000061/0001053374-14-000061-index.html,https://www.sec.gov/Archives/edgar/data/1053374/000105337414000061/ipas-2014930x10q.htm
0,2014-06-30,IPAS,2014-08-11 00:00:00,2014-08-11 17:15:37,Q2,10059000,3025000.0,7034000.0,0.6992742817377473,2876000.0,3959000.0,3825000.0,4677000.0,15337000,15337000,0.0,924000.0,-310000.0,-0.02021255786659712,-1234000.0,-0.08045902066897047,0.0,-5417000.0,-0.35319814826889223,-122000.0,20877000,2.07545481658,0.32415,0.32415,7458098.0,64405375,https://www.sec.gov/Archives/edgar/data/1053374/000105337414000032/0001053374-14-000032-index.html,https://www.sec.gov/Archives/edgar/data/1053374/000105337414000032/ipas-2014630x10q.htm
0,2014-03-31,IPAS,2014-05-08 00:00:00,2014-05-08 16:05:35,Q1,25340000,11853000,13487000,0.5322415153906866,3385000.0,5042000.0,4952000.0,17221000,30600000,42453000,0.0,803000.0,-4624000.0,-0.15080063920686168,-5427000.0,-0.17698855297916055,0.0,-5427000.0,-0.17698855297916055,122000.0,-5549000.0,-0.18096728956723088,-0.08614,-0.08614,7458098.0,64421563,https://www.sec.gov/Archives/edgar/data/1053374/000105337414000015/0001053374-14-000015-index.html,https://www.sec.gov/Archives/edgar/data/1053374/000105337414000015/ipas-2014331x10q.htm
0,2013-12-31,IPAS,2014-03-11,2014-03-11 17:06:34,Q4,25952000,12287000,13665000,0.5265490135635018,3118000.0,5017000.0,4657000.0,17217000,30009000,30009000,0.0,909000.0,-3358000.0,-0.11189976340431204,-4267000.0,-0.1421906761304942,-18000.0,-4267000.0,-0.1421906761304942,242000.0,-4509000.0,-0.15025492352294312,-0.07111,-0.07111,7458098.0,63411162,https://www.sec.gov/Archives/edgar/data/1053374/000144530514000988/0001445305-14-000988-index.htm,https://www.sec.gov/Archives/edgar/data/1053374/000144530514000988/a2013123110k.htm
0,2013-09-30,IPAS,2013-11-07 00:00:00,2013-11-07 16:27:11,Q3,26869000,12062000,14807000,0.551081171610406,3171000.0,4886000.0,4368000.0,16775000,29200000,41262000,0.0,612000.0,-1889000.0,-0.06465413971318068,-2501000.0,-0.08560084882089194,0.0,-2501000.0,-0.08560084882089194,341000.0,-2842000.0,-0.0972721360851559,-0.04511,-0.04511,7458098.0,63008098,https://www.sec.gov/Archives/edgar/data/1053374/000119312513432910/0001193125-13-432910-index.html,https://www.sec.gov/Archives/edgar/data/1053374/000119312513432910/d592293d10q.htm
0,2013-06-30,IPAS,2013-08-08 00:00:00,2013-08-08 16:22:19,Q2,58294000,12384000,45910000,0.7875596116238378,3414000.0,5258000.0,4373000.0,17155000,30200000,42584000,0.0,631000.0,-996000.0,-0.03300089460256453,-1627000.0,-0.05390808786985189,0.0,-1627000.0,-0.05390808786985189,-41000.0,-1586000.0,-0.05254961730890295,-0.02532,-0.02532,7458098.0,62639498,https://www.sec.gov/Archives/edgar/data/1053374/000119312513326912/0001193125-13-326912-index.html,https://www.sec.gov/Archives/edgar/data/1053374/000119312513326912/d541826d10q.htm
0,2013-03-31,IPAS,2013-05-09 00:00:00,2013-05-09 16:42:17,Q1,32908000,12757000,0.0,0.0,3614000.0,6179000.0,4917000.0,17590000,32300000,45057000,0.0,624000.0,-2724000.0,-0.0827762246262307,-3348000.0,-0.10173817916616021,0.0,-3348000.0,-0.10173817916616021,27000.0,-3375000.0,-0.10255864835298407,-0.05453,-0.05453,7458098.0,61892975,https://www.sec.gov/Archives/edgar/data/1053374/000119312513211231/0001193125-13-211231-index.html,https://www.sec.gov/Archives/edgar/data/1053374/000119312513211231/d503488d10q.htm
0,2012-12-31,IPAS,2013-03-15 00:00:00,2013-03-15 17:03:56,Q4,30816000,12591000,0.0,0.0,3286000.0,5506000.0,4549000.0,17459000,30800000,43391000,0.0,450000.0,-782000.0,-0.025376427829698858,-1232000.0,-0.03997923156801662,12000.0,-1232000.0,-0.03997923156801662,525000.0,-1452000.0,-0.047118380062305294,-0.02346,-0.02346,7458098.0,61892975,https://www.sec.gov/Archives/edgar/data/1053374/000119312513110178/0001193125-13-110178-index.html,https://www.sec.gov/Archives/edgar/data/1053374/000119312513110178/d444103d10k.htm
0,2012-09-30,IPAS,2012-11-08 00:00:00,2012-11-07 19:14:32,Q3,31252000,12574000,0.0,0.0,3300000.0,5645000.0,4547000.0,17708000,31200000,43774000,0.0,554000.0,58000.0,0.0018558812236016894,-496000.0,-0.015870984257007552,0.0,-496000.0,-0.015870984257007552,275000.0,-771000.0,-0.024670421093050045,-0.01246,-0.01246,7458098.0,61892975,https://www.sec.gov/Archives/edgar/data/1053374/000119312512458094/0001193125-12-458094-index.html,https://www.sec.gov/Archives/edgar/data/1053374/000119312512458094/d398499d10q.htm
0,2012-06-30,IPAS,2012-08-08 00:00:00,2012-08-07 18:45:03,Q2,33083000,13835000,19459000,-0.5844596624016339,3445000.0,5243000.0,5084000.0,39317000,53029000,66864000,0.0,592000.0,-278000.0,0.0135459842614,-870000.0,0.0313269658197,0.0,-870000.0,0.0305460443323,10000.0,-880000.0,0.0264311888028,-0.01422,-0.01422,7458098.0,61892975,https://www.sec.gov/Archives/edgar/data/1053374/000119312512341460/0001193125-12-341460-index.html,https://www.sec.gov/Archives/edgar/data/1053374/000119312512341460/d351610d10q.htm
0,2012-03-31,IPAS,2012-05-08,Not found...,Q1,33294000,14640000,18654000,0.5602811317354478,3702000.0,5259000.0,5350000.0,20095000,14371000,29011000,0.0,683000.0,-455000.0,-0.013224437598093356,-1138000.0,-0.033075626344242284,0.0,-1138000.0,-0.033075626344242284,137000.0,-1275000.0,-0.037057489972679186,-0.02134,-0.02134,7458098.0,59757876,https://www.sec.gov/Archives/edgar/data/1053374/000119312512215551/0001193125-12-215551-index.htm,https://www.sec.gov/Archives/edgar/data/1053374/000119312512215551/d328018d10q.htm
0,2011-12-31,IPAS,2012-03-07 00:00:00,2012-03-07 15:43:32,Q4,34435000,15517000,18918000,0.5493828953100044,3525000.0,4889000.0,4649000.0,41059000,13123000,28640000,0.0,588000.0,910000.0,0.0264266008422,322000.0,0.00935095106723,128000.0,374000.0,0.0108610425439,44000.0,330000.0,0.00958327283287,0.00565,0.00565,7458098.0,58429005,https://www.sec.gov/Archives/edgar/data/1053374/000119312512101117/0001193125-12-101117-index.html,https://www.sec.gov/Archives/edgar/data/1053374/000119312512101117/d270343d10k.htm
0,2011-09-30,IPAS,2011-11-08 00:00:00,2011-11-07 18:54:09,Q3,34411000,15648000,18763000,0.5452616895760076,3715000.0,5092000.0,5350000.0,21127000,14216000,29864000,0.0,590000.0,-212000.0,-0.00600838907153384,-802000.0,-0.022729849223444055,67000.0,-802000.0,-0.022729849223444055,1000.0,-803000.0,-0.022758190681328647,-0.01376,-0.01376,7458098.0,58346859,https://www.sec.gov/Archives/edgar/data/1053374/000119312511300195/0001193125-11-300195-index.html,https://www.sec.gov/Archives/edgar/data/1053374/000119312511300195/d235140d10q.htm
0,2011-06-30,IPAS,2011-08-08 00:00:00,2011-08-05 20:42:17,Q2,36450000,232977000,408608000,-0.6368727448428502,7128000.0,5203000.0,10703000,22799000,36450000,36450000,-2146000.0,-7409000.0,-8452000.0,0.178437775197,-1043000.0,0.16688981195,-119000.0,-1043000.0,0.167454039605,15000.0,-1058000.0,0.0978576494151,-0.01816,-0.01816,7458098.0,58272603,https://www.sec.gov/Archives/edgar/data/1053374/000119312511212799/0001193125-11-212799-index.html,https://www.sec.gov/Archives/edgar/data/1053374/000119312511212799/d10q.htm
0,2011-03-31,IPAS,2011-05-10 00:00:00,2011-05-09 18:03:01,Q1,37393000,37393000,0.0,0.0,3638000.0,4825000.0,5745000.0,23185000,37393000,37393000,0.0,60000.0,-1187000.0,-0.031743909287834625,-1247000.0,-0.0333484876848608,-343000.0,-1247000.0,-0.0333484876848608,230000.0,-1477000.0,-0.03949937154012783,-0.02548,-0.02548,57973440,57973440,https://www.sec.gov/Archives/edgar/data/1053374/000119312511132692/0001193125-11-132692-index.html,https://www.sec.gov/Archives/edgar/data/1053374/000119312511132692/d10q.htm
0,2010-12-31,IPAS,2011-03-03,2011-03-03 16:18:02,Q4,42061000,159580000,-117519000,-2.7940134566462995,3584000.0,2985000.0,6560000.0,24797000,37926000,37926000,0.0,65000.0,713000.0,0.016951570338318157,648000.0,0.015406195763296165,-11000.0,648000.0,0.015406195763296165,87000.0,753000.0,0.017902570076793228,0.01283,0.01283,58693061,58693061,https://www.sec.gov/Archives/edgar/data/1053374/000119312511055003/0001193125-11-055003-index.htm,https://www.sec.gov/Archives/edgar/data/1053374/000119312511055003/d10k.htm
0,2010-09-30,IPAS,2010-11-05 00:00:00,2010-11-04 20:00:07,Q3,38058000,0.0,38058000,1.0,3566000.0,5793000.0,5916000.0,24137000,39412000,39412000,0.0,76000.0,-1079000.0,-0.028351463555625626,-1155000.0,-0.03034841557622576,-478000.0,-1810000.0,-0.047558988911661146,96000.0,-1906000.0,-0.0500814546218929,-0.03234,-0.03234,58930806,58930806,https://www.sec.gov/Archives/edgar/data/1053374/000119312510248531/0001193125-10-248531-index.html,https://www.sec.gov/Archives/edgar/data/1053374/000119312510248531/d10q.htm
0,2010-08-06,IPAS,2010-11-05 00:00:00,2010-11-04 20:00:07,Q2,39083000,0.0,39083000,1.0,3245000.0,5361000.0,5889000.0,26038000,40533000,40533000,0.0,77000.0,-1763000.0,-0.045109126730291944,-1840000.0,-0.04707929278714531,228000.0,-1185000.0,-0.030320088017808253,29000.0,-1214000.0,-0.031062098610649132,-0.02033,-0.02033,59711674,59711674,https://www.sec.gov/Archives/edgar/data/1053374/000119312510248531/0001193125-10-248531-index.html,https://www.sec.gov/Archives/edgar/data/1053374/000119312510248531/d10q.htm
0,2010-05-10,IPAS,2010-08-06 00:00:00,2010-08-06 17:20:54,Q1,40378000,0.0,40378000,1.0,3399000.0,5670000.0,6509000.0,26131000,41709000,41709000,0.0,210000.0,-731000.0,-0.018103917975134973,-941000.0,-0.023304769924216158,390000.0,-941000.0,-0.023304769924216158,-212000.0,-729000.0,-0.01805438605181039,-0.01203,-0.01203,60592921,60592921,https://www.sec.gov/Archives/edgar/data/1053374/000105337410000024/0001053374-10-000024-index.html,https://www.sec.gov/Archives/edgar/data/1053374/000105337410000024/form10q062010.htm
0,2009-12-31,IPAS,2010-03-16 00:00:00,2010-03-15 20:38:32,Q4,40476000,0.0,40476000,1.0,3526000.0,5934000.0,6745000.0,30538000,46743000,46743000,0.0,345000.0,-5828000.0,-0.14398655993675263,-6173000.0,-0.15251012945943276,-581000.0,-6173000.0,-0.15251012945943276,-841000.0,-5332000.0,-0.13173238462298645,-0.08595,-0.08595,62032897,62032897,https://www.sec.gov/Archives/edgar/data/1053374/000119312510057387/0001193125-10-057387-index.html,https://www.sec.gov/Archives/edgar/data/1053374/000119312510057387/d10k.htm
0,2009-11-05,IPAS,2009-11-06 00:00:00,2009-11-06 17:26:34,Q3,42555000,0.0,42555000,1.0,3597000.0,11537000,8037000.0,25205000,48376000,48376000,0.0,345000.0,-5538000.0,-0.1301374691575608,-5883000.0,-0.13824462460345435,0.0,-6090000.0,-0.14310891787099048,32000.0,-6122000.0,-0.14386088591234872,-0.09876,-0.09876,61988957,61988957,https://www.sec.gov/Archives/edgar/data/1053374/000105337409000049/0001053374-09-000049-index.html,https://www.sec.gov/Archives/edgar/data/1053374/000105337409000049/form10q092009.htm
0,2009-08-07,IPAS,2009-11-06 00:00:00,2009-11-06 17:26:34,Q2,43704000,0.0,43704000,1.0,3463000.0,5649000.0,7175000.0,26536000,42823000,42823000,0.0,345000.0,1170000.0,0.026771004942339374,825000.0,0.018876990664470072,0.0,1032000.0,0.023613399231191653,57000.0,975000.0,0.02230917078528281,0.01589,0.01589,61346785,61346785,https://www.sec.gov/Archives/edgar/data/1053374/000105337409000049/0001053374-09-000049-index.html,https://www.sec.gov/Archives/edgar/data/1053374/000105337409000049/form10q092009.htm
0,2009-05-08,IPAS,2009-08-07 00:00:00,2009-08-07 15:52:30,Q1,44642000,0.0,44642000,1.0,3776000.0,5217000.0,8011000.0,30629000,47633000,47633000,0.0,345000.0,-2590000.0,-0.05801711392858743,-2935000.0,-0.06574526230903634,0.0,-2935000.0,-0.06574526230903634,78000.0,-3013000.0,-0.06749249585592043,-0.04914,-0.04914,61320464,61320464,https://www.sec.gov/Archives/edgar/data/1053374/000105337409000043/0001053374-09-000043-index.html,https://www.sec.gov/Archives/edgar/data/1053374/000105337409000043/form10q062009.htm
0,2009-03-16,IPAS,2009-05-08 00:00:00,2009-05-08 16:30:37,Q4,46269000,0.0,46269000,1.0,4093000.0,4559000.0,9737000.0,115048000,133437000,133437000,659000.0,-20000.0,-86997000,-1.8802437917396098,-86977000,-1.8798115368821458,-1812000.0,-86977000,-1.8798115368821458,75000.0,-87052000,-1.8814324925976356,-1.42288,-1.42288,61179969,61179969,https://www.sec.gov/Archives/edgar/data/1053374/000105337409000029/0001053374-09-000029-index.html,https://www.sec.gov/Archives/edgar/data/1053374/000105337409000029/form10q032009.htm
0,2008-11-07,IPAS,2008-11-10 00:00:00,2008-11-07 18:00:27,Q3,48371000,0.0,48371000,1.0,3845000.0,5579000.0,10723000,29966000,50113000,50113000,-659000.0,1485000.0,-554000.0,-0.011453143412375183,-2039000.0,-0.04215335634987906,-297000.0,-2039000.0,-0.04215335634987906,-656000.0,-2098000.0,-0.04337309544975295,-0.03429,-0.03429,61185203,61185203,https://www.sec.gov/Archives/edgar/data/1053374/000105337408000033/0001053374-08-000033-index.html,https://www.sec.gov/Archives/edgar/data/1053374/000105337408000033/form10q092008.htm
0,2008-08-11,IPAS,2008-11-10 00:00:00,2008-11-07 18:00:27,Q2,48616000,0.0,48616000,1.0,3987000.0,5805000.0,10371000,30742000,50905000,50905000,0.0,1091000.0,-831000.0,-0.017093138061543525,-1922000.0,-0.039534309692282374,956000.0,-1922000.0,-0.039534309692282374,0.0,-1445000.0,-0.029722725028797106,-0.02357,-0.02357,61305563,61305563,https://www.sec.gov/Archives/edgar/data/1053374/000105337408000033/0001053374-08-000033-index.html,https://www.sec.gov/Archives/edgar/data/1053374/000105337408000033/form10q092008.htm
0,2008-05-09,IPAS,2008-05-09,2008-05-09 14:15:21,Q1,48112000,0.0,48112000,1.0,4456000.0,5319000.0,10309000,30228000,50312000,50312000,0.0,1345000.0,-266000.0,-0.0055287662121716,-1611000.0,-0.03348436980379115,0.0,-1611000.0,-0.03348436980379115,0.0,-1373000.0,-0.02853757898237446,-0.02228,-0.02228,61615143,61615143,https://www.sec.gov/Archives/edgar/data/1053374/000105337408000024/0001053374-08-000024-index.htm,https://www.sec.gov/Archives/edgar/data/1053374/000105337408000024/form10q032008.htm
0,2008-03-17,IPAS,2008-05-09 00:00:00,2008-05-09 14:15:21,Q4,49511000,0.0,49511000,1.0,4657000.0,5145000.0,13199000,31152000,54153000,54153000,0.0,671000.0,-6343000.0,-0.1281129445981701,-7014000.0,-0.14166548847730806,0.0,-3732000.0,-0.0753771889075155,23151000,-30362000,-0.6132374623820969,-0.48032,-0.48032,63211888,63211888,https://www.sec.gov/Archives/edgar/data/1053374/000105337408000024/0001053374-08-000024-index.html,https://www.sec.gov/Archives/edgar/data/1053374/000105337408000024/form10q032008.htm
0,2007-09-30,IPAS,2007-11-08 00:00:00,2007-11-08 16:27:08,Q3,47736000,0.0,47736000,1.0,5589000.0,5395000.0,12316000,27145000,50445000,50445000,0.0,1284000.0,-653000.0,-0.013679403385285739,-1937000.0,-0.04057734204793028,0.0,-1937000.0,-0.04057734204793028,0.0,-1081000.0,-0.022645382939500587,-0.01706,-0.01706,63348342,63348342,https://www.sec.gov/Archives/edgar/data/1053374/000105337407000029/0001053374-07-000029-index.html,https://www.sec.gov/Archives/edgar/data/1053374/000105337407000029/form10q092007.htm
0,2007-06-30,IPAS,2007-08-09 00:00:00,2007-08-09 16:12:50,Q2,47597000,0.0,47597000,1.0,5439000.0,5042000.0,13868000,26954000,51303000,51303000,0.0,1766000.0,-1079000.0,-0.022669495976637182,-2845000.0,-0.059772674748408514,-739000.0,-2845000.0,-0.059772674748408514,0.0,-2303000.0,-0.048385402441330334,-0.03621,-0.03621,63597597,63597597,https://www.sec.gov/Archives/edgar/data/1053374/000105337407000022/0001053374-07-000022-index.html,https://www.sec.gov/Archives/edgar/data/1053374/000105337407000022/form10q062007.htm
0,2007-03-31,IPAS,2007-05-10 00:00:00,2007-05-10 15:52:03,Q1,46888000,0.0,46888000,1.0,5456000.0,5776000.0,13426000,25518000,50176000,50176000,0.0,1197000.0,-1352000.0,-0.028834669851561166,-2549000.0,-0.05436358983108684,739000.0,-2549000.0,-0.05436358983108684,0.0,-468000.0,-0.00998123187169425,-0.0073,-0.0073,64094464,64094464,https://www.sec.gov/Archives/edgar/data/1053374/000105337407000016/0001053374-07-000016-index.html,https://www.sec.gov/Archives/edgar/data/1053374/000105337407000016/form10q032007.htm
0,2006-12-31,IPAS,2007-03-29,2007-03-29 13:13:17,Q4,45157000,0.0,45157000,1.0,5402000.0,5350000.0,13883000,-69926000,-45291000,-45291000,0.0,1366000.0,-5832000.0,-0.12914941205128774,-7198000.0,-0.15939942866000842,-2815000.0,-6354000.0,-0.1407090816484709,-2593000.0,-3761000.0,-0.08328719799809553,-0.05824,-0.05824,64572603,64572603,https://www.sec.gov/Archives/edgar/data/1053374/000105337407000012/0001053374-07-000012-index.htm,https://www.sec.gov/Archives/edgar/data/1053374/000105337407000012/form10k2006.htm
0,2006-09-30,IPAS,2006-11-09,2006-11-08 18:53:16,Q3,45900000,0.0,45900000,1.0,5461000.0,5754000.0,14684000,24696000,50595000,50595000,0.0,1594000.0,-3101000.0,-0.0675599128540305,-4695000.0,-0.1022875816993464,825000.0,-3870000.0,-0.08431372549019608,-1661000.0,-2209000.0,-0.04812636165577342,-0.0341,-0.0341,64781704,64781704,https://www.sec.gov/Archives/edgar/data/1053374/000105337406000007/0001053374-06-000007-index.htm,https://www.sec.gov/Archives/edgar/data/1053374/000105337406000007/form10q092006.htm
0,2006-06-30,IPAS,2006-08-09,2006-08-09 16:38:48,Q2,47384000,0.0,47384000,1.0,6163000.0,6212000.0,15238000,24913000,52526000,52526000,0.0,2397000.0,-2745000.0,-0.05793094715515786,-5142000.0,-0.10851764308627385,863000.0,-4279000.0,-0.09030474421745736,-2225000.0,-2054000.0,-0.04334796555799426,-0.03168,-0.03168,64830301,64830301,https://www.sec.gov/Archives/edgar/data/1053374/000095013406015540/0000950134-06-015540-index.htm,https://www.sec.gov/Archives/edgar/data/1053374/000095013406015540/f22571e10vq.htm
0,2006-03-31,IPAS,2006-05-10,2006-05-10 17:14:44,Q1,44270000,0.0,44270000,1.0,5531000.0,5862000.0,14815000,20317000,46525000,46525000,0.0,821000.0,-1434000.0,-0.032392139146148635,-2255000.0,-0.05093742941043596,1127000.0,-1128000.0,-0.025480009035464195,-716000.0,-65000.0,-0.0014682629320081318,0.0,0.0,64494634000000000,64494634000000000,https://www.sec.gov/Archives/edgar/data/1053374/000089161806000210/0000891618-06-000210-index.htm,https://www.sec.gov/Archives/edgar/data/1053374/000089161806000210/f20140e10vq.htm
0,2005-12-31,IPAS,2006-03-16 00:00:00,2006-03-15 20:47:43,Q4,40295000,0.0,40295000,1.0,4487000.0,3995000.0,12473000,16621000,37576000,37576000,0.0,225000.0,2944000.0,0.07306117384290856,2719000.0,0.06747735451048517,1182000.0,3901000.0,0.09681101873681598,2636000.0,1265000.0,0.031393473135624766,0.01909,0.01909,63353779,66277342,https://www.sec.gov/Archives/edgar/data/1053374/000095013406005212/0000950134-06-005212-index.html,https://www.sec.gov/Archives/edgar/data/1053374/000095013406005212/f18344e10vk.htm
0,2005-09-30,IPAS,2005-11-09,2005-11-09 13:30:43,Q3,41881000,0.0,41881000,1.0,4237000.0,4252000.0,12227000,16482000,37198000,37198000,0.0,237000.0,4920000.0,0.11747570497361572,4683000.0,0.11181681430720375,993000.0,5676000.0,0.1355268498841957,1466000.0,4210000.0,0.10052291015018744,0.06401,0.06401,62918027,65773335,https://www.sec.gov/Archives/edgar/data/1053374/000095013405021001/0000950134-05-021001-index.htm,https://www.sec.gov/Archives/edgar/data/1053374/000095013405021001/f14076e10vq.htm
0,2005-06-30,IPAS,2005-08-09,2005-08-09 12:33:26,Q2,43125000,0.0,43125000,1.0,4367000.0,4623000.0,13075000,16524000,38589000,38589000,0.0,315000.0,4851000.0,0.11248695652173914,4536000.0,0.10518260869565217,951000.0,5487000.0,0.12723478260869564,2156000.0,3331000.0,0.07724057971014493,0.05052,0.05052,62642122,65929120,https://www.sec.gov/Archives/edgar/data/1053374/000095013405015307/0000950134-05-015307-index.htm,https://www.sec.gov/Archives/edgar/data/1053374/000095013405015307/f11193e10vq.htm
0,2005-03-31,IPAS,2005-05-10,2005-05-10 15:23:21,Q1,44072000,0.0,44072000,1.0,4480000.0,4189000.0,12673000,16769000,38111000,38111000,0.0,360000.0,6321000.0,0.14342439644218552,5961000.0,0.13525594481757125,773000.0,6734000.0,0.15279542566709023,2645000.0,4089000.0,0.09277999636957705,0.06184,0.06184,62316794,66127536,https://www.sec.gov/Archives/edgar/data/1053374/000089161805000342/0000891618-05-000342-index.htm,https://www.sec.gov/Archives/edgar/data/1053374/000089161805000342/f08217e10vq.htm
0,2004-12-31,IPAS,2005-03-15 00:00:00,2005-03-15 14:56:02,Q4,43318000,0.0,43318000,1.0,4107000.0,4767000.0,12353000,15409000,36636000,36636000,0.0,452000.0,7134000.0,0.16468904381550395,6682000.0,0.1542545823906921,805000.0,7487000.0,0.17283808116718224,2811000.0,4676000.0,0.10794588854517752,0.07123,0.07123,60770680,65645757,https://www.sec.gov/Archives/edgar/data/1053374/000095013405005071/0000950134-05-005071-index.html,https://www.sec.gov/Archives/edgar/data/1053374/000095013405005071/f06215e10vk.htm
0,2004-09-30,IPAS,2004-11-15 00:00:00,2004-11-15 13:18:44,Q3,41912000,0.0,41912000,1.0,3337000.0,4513000.0,11416000,14696000,33962000,33962000,0.0,480000.0,8430000.0,0.20113571292231341,7950000.0,0.18968314563848063,590000.0,8540000.0,0.2037602595915251,3334000.0,5206000.0,0.1242126359992365,0.07941,0.07941,60400040,65558403,https://www.sec.gov/Archives/edgar/data/1053374/000095013404017570/0000950134-04-017570-index.html,https://www.sec.gov/Archives/edgar/data/1053374/000095013404017570/f03276e10vq.htm
0,2004-06-30,IPAS,2004-08-16 00:00:00,2004-08-16 15:04:09,Q2,40394000,0.0,40394000,1.0,3150000.0,4283000.0,11267000,14500000,33200000,33200000,0.0,623000.0,7817000.0,0.19351883943159875,7194000.0,0.1780957567955637,412000.0,7606000.0,0.18829529137990791,3117000.0,4489000.0,0.11113036589592513,0.06863,0.06863,59912881,65409714,https://www.sec.gov/Archives/edgar/data/1053374/000095013404012379/0000950134-04-012379-index.html,https://www.sec.gov/Archives/edgar/data/1053374/000095013404012379/f01149e10vq.htm
0,2004-03-31,IPAS,2004-05-14 00:00:00,2004-05-13 20:57:06,Q1,40695000,0.0,40695000,1.0,3210000.0,4227000.0,11544000,14574000,33555000,33555000,0.0,787000.0,7927000.0,0.19479051480525864,7140000.0,0.17545152967194988,491000.0,7631000.0,0.18751689396731785,2934000.0,4697000.0,0.11541958471556703,0.0712,0.0712,59345997,65972452,https://www.sec.gov/Archives/edgar/data/1053374/000095013404007540/0000950134-04-007540-index.html,https://www.sec.gov/Archives/edgar/data/1053374/000095013404007540/f99029e10vq.htm
0,2003-12-31,IPAS,2004-03-30 00:00:00,2004-03-30 16:13:26,Q4,37488000,0.0,37488000,1.0,2790000.0,4458000.0,10660000,13414000,31322000,31322000,620000.0,1024000.0,7190000.0,0.19179470763977807,6166000.0,0.16447930004268033,1108000.0,6654000.0,0.17749679897567222,2475000.0,4179000.0,0.11147567221510883,0.06894,0.06894,53474537,60622040,https://www.sec.gov/Archives/edgar/data/1053374/000095013404004395/0000950134-04-004395-index.html,https://www.sec.gov/Archives/edgar/data/1053374/000095013404004395/f97541e10vk.htm
