,date,symbol,fillingDate,acceptedDate,period,revenue,costOfRevenue,grossProfit,grossProfitRatio,researchAndDevelopmentExpenses,generalAndAdministrativeExpenses,sellingAndMarketingExpenses,otherExpenses,operatingExpenses,costAndExpenses,interestExpense,depreciationAndAmortization,ebitda,ebitdaratio,operatingIncome,operatingIncomeRatio,totalOtherIncomeExpensesNet,incomeBeforeTax,incomeBeforeTaxRatio,incomeTaxExpense,netIncome,netIncomeRatio,eps,epsdiluted,weightedAverageShsOut,weightedAverageShsOutDil,link,finalLink
0,2019-09-31,ALPLA.PA,,2019-09-31,Q3,1350739.25,426583.25,924156.0,1.4615922528231164,0.0,0.0,0.0,-38596.25,8878.5,1245959.5,22764.75,364470.75,642582.5,2.1020479860562653,104779.75,12.891224210785003,0.0,253182.5,5.335041916404175,0.0,-178228.75,-7.5786832932397274,-0.03690704073573562,-0.03690704073573562,4829126.0,4829126.0,https://www.infogreffe.com/recherche-entreprise-dirigeants/resultats-entreprise-dirigeants.html?ga_cat=globale&ga_q=A.L.P.L.A#phrase=A.L.P.L.A,https://www.infogreffe.com/recherche-entreprise-dirigeants/resultats-entreprise-dirigeants.html?ga_cat=globale&ga_q=A.L.P.L.A#phrase=A.L.P.L.A
0,2019-06-31,ALPLA.PA,,2019-06-31,Q2,1350739.25,426583.25,924156.0,1.4615922528231164,0.0,0.0,0.0,-38596.25,8878.5,1245959.5,22764.75,364470.75,642582.5,2.1020479860562653,104779.75,12.891224210785003,0.0,253182.5,5.335041916404175,0.0,-178228.75,-7.5786832932397274,-0.03690704073573562,-0.03690704073573562,4829126.0,4829126.0,https://www.infogreffe.com/recherche-entreprise-dirigeants/resultats-entreprise-dirigeants.html?ga_cat=globale&ga_q=A.L.P.L.A#phrase=A.L.P.L.A,https://www.infogreffe.com/recherche-entreprise-dirigeants/resultats-entreprise-dirigeants.html?ga_cat=globale&ga_q=A.L.P.L.A#phrase=A.L.P.L.A
0,2019-03-31,ALPLA.PA,,2019-03-31,Q1,1350739.25,426583.25,924156.0,1.4615922528231164,0.0,0.0,0.0,-38596.25,8878.5,1245959.5,22764.75,364470.75,642582.5,2.1020479860562653,104779.75,12.891224210785003,0.0,253182.5,5.335041916404175,0.0,-178228.75,-7.5786832932397274,-0.03690704073573562,-0.03690704073573562,4829126.0,4829126.0,https://www.infogreffe.com/recherche-entreprise-dirigeants/resultats-entreprise-dirigeants.html?ga_cat=globale&ga_q=A.L.P.L.A#phrase=A.L.P.L.A,https://www.infogreffe.com/recherche-entreprise-dirigeants/resultats-entreprise-dirigeants.html?ga_cat=globale&ga_q=A.L.P.L.A#phrase=A.L.P.L.A
0,2019-01-31,ALPLA.PA,,2019-01-31,Q1,1350739.25,426583.25,924156.0,1.4615922528231164,0.0,0.0,0.0,-38596.25,8878.5,1245959.5,22764.75,364470.75,642582.5,2.1020479860562653,104779.75,12.891224210785003,0.0,253182.5,5.335041916404175,0.0,-178228.75,-7.5786832932397274,-0.03690704073573562,-0.03690704073573562,4829126.0,4829126.0,https://www.infogreffe.com/recherche-entreprise-dirigeants/resultats-entreprise-dirigeants.html?ga_cat=globale&ga_q=A.L.P.L.A#phrase=A.L.P.L.A,https://www.infogreffe.com/recherche-entreprise-dirigeants/resultats-entreprise-dirigeants.html?ga_cat=globale&ga_q=A.L.P.L.A#phrase=A.L.P.L.A
0,2018-09-31,ALPLA.PA,,2018-09-31,Q3,1364676.0,421709.5,942966.5,1.447215781260522,0.0,0.0,0.0,-16581.75,30821.75,1365500.25,47052.0,414086.0,648831.25,2.1032834038126245,-824.25,-1655.6578707916287,0.0,187693.25,7.270778251215747,-7500.0,200212.75,6.816129342412009,0.0425,0.0425,4829126.0,4829126.0,https://www.infogreffe.com/recherche-entreprise-dirigeants/resultats-entreprise-dirigeants.html?ga_cat=globale&ga_q=A.L.P.L.A#phrase=A.L.P.L.A,https://www.infogreffe.com/recherche-entreprise-dirigeants/resultats-entreprise-dirigeants.html?ga_cat=globale&ga_q=A.L.P.L.A#phrase=A.L.P.L.A
0,2018-06-31,ALPLA.PA,,2018-06-31,Q2,1364676.0,421709.5,942966.5,1.447215781260522,0.0,0.0,0.0,-16581.75,30821.75,1365500.25,47052.0,414086.0,648831.25,2.1032834038126245,-824.25,-1655.6578707916287,0.0,187693.25,7.270778251215747,-7500.0,200212.75,6.816129342412009,0.0425,0.0425,4829126.0,4829126.0,https://www.infogreffe.com/recherche-entreprise-dirigeants/resultats-entreprise-dirigeants.html?ga_cat=globale&ga_q=A.L.P.L.A#phrase=A.L.P.L.A,https://www.infogreffe.com/recherche-entreprise-dirigeants/resultats-entreprise-dirigeants.html?ga_cat=globale&ga_q=A.L.P.L.A#phrase=A.L.P.L.A
0,2018-03-31,ALPLA.PA,,2018-03-31,Q1,1364676.0,421709.5,942966.5,1.447215781260522,0.0,0.0,0.0,-16581.75,30821.75,1365500.25,47052.0,414086.0,648831.25,2.1032834038126245,-824.25,-1655.6578707916287,0.0,187693.25,7.270778251215747,-7500.0,200212.75,6.816129342412009,0.0425,0.0425,4829126.0,4829126.0,https://www.infogreffe.com/recherche-entreprise-dirigeants/resultats-entreprise-dirigeants.html?ga_cat=globale&ga_q=A.L.P.L.A#phrase=A.L.P.L.A,https://www.infogreffe.com/recherche-entreprise-dirigeants/resultats-entreprise-dirigeants.html?ga_cat=globale&ga_q=A.L.P.L.A#phrase=A.L.P.L.A
0,2018-01-31,ALPLA.PA,,2018-01-31,Q1,1364676.0,421709.5,942966.5,1.447215781260522,0.0,0.0,0.0,-16581.75,30821.75,1365500.25,47052.0,414086.0,648831.25,2.1032834038126245,-824.25,-1655.6578707916287,0.0,187693.25,7.270778251215747,-7500.0,200212.75,6.816129342412009,0.0425,0.0425,4829126.0,4829126.0,https://www.infogreffe.com/recherche-entreprise-dirigeants/resultats-entreprise-dirigeants.html?ga_cat=globale&ga_q=A.L.P.L.A#phrase=A.L.P.L.A,https://www.infogreffe.com/recherche-entreprise-dirigeants/resultats-entreprise-dirigeants.html?ga_cat=globale&ga_q=A.L.P.L.A#phrase=A.L.P.L.A
0,2017-09-31,ALPLA.PA,,2017-09-31,Q3,1752926.5,447313.0,1305613.5,1.3426075174620973,0.0,0.0,0.0,-534.75,33076.75,1702193.5,31498.25,524372.5,884156.75,1.9825969772893777,50733.0,34.551997713519796,0.0,325408.5,5.386849144997749,5100.0,337439.0,5.194795207430084,0.07,0.07,4829126.0,4829126.0,https://www.infogreffe.com/recherche-entreprise-dirigeants/resultats-entreprise-dirigeants.html?ga_cat=globale&ga_q=A.L.P.L.A#phrase=A.L.P.L.A,https://www.infogreffe.com/recherche-entreprise-dirigeants/resultats-entreprise-dirigeants.html?ga_cat=globale&ga_q=A.L.P.L.A#phrase=A.L.P.L.A
0,2017-06-31,ALPLA.PA,,2017-06-31,Q2,1752926.5,447313.0,1305613.5,1.3426075174620973,0.0,0.0,0.0,-534.75,33076.75,1702193.5,31498.25,524372.5,884156.75,1.9825969772893777,50733.0,34.551997713519796,0.0,325408.5,5.386849144997749,5100.0,337439.0,5.194795207430084,0.07,0.07,4829126.0,4829126.0,https://www.infogreffe.com/recherche-entreprise-dirigeants/resultats-entreprise-dirigeants.html?ga_cat=globale&ga_q=A.L.P.L.A#phrase=A.L.P.L.A,https://www.infogreffe.com/recherche-entreprise-dirigeants/resultats-entreprise-dirigeants.html?ga_cat=globale&ga_q=A.L.P.L.A#phrase=A.L.P.L.A
0,2017-03-31,ALPLA.PA,,2017-03-31,Q1,1752926.5,447313.0,1305613.5,1.3426075174620973,0.0,0.0,0.0,-534.75,33076.75,1702193.5,31498.25,524372.5,884156.75,1.9825969772893777,50733.0,34.551997713519796,0.0,325408.5,5.386849144997749,5100.0,337439.0,5.194795207430084,0.07,0.07,4829126.0,4829126.0,https://www.infogreffe.com/recherche-entreprise-dirigeants/resultats-entreprise-dirigeants.html?ga_cat=globale&ga_q=A.L.P.L.A#phrase=A.L.P.L.A,https://www.infogreffe.com/recherche-entreprise-dirigeants/resultats-entreprise-dirigeants.html?ga_cat=globale&ga_q=A.L.P.L.A#phrase=A.L.P.L.A
0,2017-01-31,ALPLA.PA,,2017-01-31,Q1,1752926.5,447313.0,1305613.5,1.3426075174620973,0.0,0.0,0.0,-534.75,33076.75,1702193.5,31498.25,524372.5,884156.75,1.9825969772893777,50733.0,34.551997713519796,0.0,325408.5,5.386849144997749,5100.0,337439.0,5.194795207430084,0.07,0.07,4829126.0,4829126.0,https://www.infogreffe.com/recherche-entreprise-dirigeants/resultats-entreprise-dirigeants.html?ga_cat=globale&ga_q=A.L.P.L.A#phrase=A.L.P.L.A,https://www.infogreffe.com/recherche-entreprise-dirigeants/resultats-entreprise-dirigeants.html?ga_cat=globale&ga_q=A.L.P.L.A#phrase=A.L.P.L.A
0,2016-09-31,ALPLA.PA,,2016-09-31,Q3,1603143.75,501513.75,1101630.0,1.4552469976307836,0.0,0.0,0.0,0.0,24882.75,1570490.75,13405.75,363322.25,687702.0,2.331160517200764,32653.0,49.09636939944262,0.0,477796.25,3.3552874263872936,37540.75,484753.25,3.3071335777532176,0.1025,0.1025,4724663.0,4724663.0,https://www.infogreffe.com/recherche-entreprise-dirigeants/resultats-entreprise-dirigeants.html?ga_cat=globale&ga_q=A.L.P.L.A#phrase=A.L.P.L.A,https://www.infogreffe.com/recherche-entreprise-dirigeants/resultats-entreprise-dirigeants.html?ga_cat=globale&ga_q=A.L.P.L.A#phrase=A.L.P.L.A
0,2016-06-31,ALPLA.PA,,2016-06-31,Q2,1603143.75,501513.75,1101630.0,1.4552469976307836,0.0,0.0,0.0,0.0,24882.75,1570490.75,13405.75,363322.25,687702.0,2.331160517200764,32653.0,49.09636939944262,0.0,477796.25,3.3552874263872936,37540.75,484753.25,3.3071335777532176,0.1025,0.1025,4724663.0,4724663.0,https://www.infogreffe.com/recherche-entreprise-dirigeants/resultats-entreprise-dirigeants.html?ga_cat=globale&ga_q=A.L.P.L.A#phrase=A.L.P.L.A,https://www.infogreffe.com/recherche-entreprise-dirigeants/resultats-entreprise-dirigeants.html?ga_cat=globale&ga_q=A.L.P.L.A#phrase=A.L.P.L.A
0,2016-03-31,ALPLA.PA,,2016-03-31,Q1,1603143.75,501513.75,1101630.0,1.4552469976307836,0.0,0.0,0.0,0.0,24882.75,1570490.75,13405.75,363322.25,687702.0,2.331160517200764,32653.0,49.09636939944262,0.0,477796.25,3.3552874263872936,37540.75,484753.25,3.3071335777532176,0.1025,0.1025,4724663.0,4724663.0,https://www.infogreffe.com/recherche-entreprise-dirigeants/resultats-entreprise-dirigeants.html?ga_cat=globale&ga_q=A.L.P.L.A#phrase=A.L.P.L.A,https://www.infogreffe.com/recherche-entreprise-dirigeants/resultats-entreprise-dirigeants.html?ga_cat=globale&ga_q=A.L.P.L.A#phrase=A.L.P.L.A
0,2016-01-31,ALPLA.PA,,2016-01-31,Q1,1603143.75,501513.75,1101630.0,1.4552469976307836,0.0,0.0,0.0,0.0,24882.75,1570490.75,13405.75,363322.25,687702.0,2.331160517200764,32653.0,49.09636939944262,0.0,477796.25,3.3552874263872936,37540.75,484753.25,3.3071335777532176,0.1025,0.1025,4724663.0,4724663.0,https://www.infogreffe.com/recherche-entreprise-dirigeants/resultats-entreprise-dirigeants.html?ga_cat=globale&ga_q=A.L.P.L.A#phrase=A.L.P.L.A,https://www.infogreffe.com/recherche-entreprise-dirigeants/resultats-entreprise-dirigeants.html?ga_cat=globale&ga_q=A.L.P.L.A#phrase=A.L.P.L.A
0,2015-09-31,ALPLA.PA,,2015-09-31,Q3,1471876.0,452954.5,1018921.5,1.4445430781468445,0.0,0.0,0.0,0.0,56263.25,1391028.5,5084.0,242185.0,593977.75,2.4779985445582766,80847.5,18.205584588268035,0.0,380143.75,3.871893198296697,10309.0,343325.75,4.287112166797859,0.0725,0.0725,4724663.0,4724663.0,https://www.infogreffe.com/recherche-entreprise-dirigeants/resultats-entreprise-dirigeants.html?ga_cat=globale&ga_q=A.L.P.L.A#phrase=A.L.P.L.A,https://www.infogreffe.com/recherche-entreprise-dirigeants/resultats-entreprise-dirigeants.html?ga_cat=globale&ga_q=A.L.P.L.A#phrase=A.L.P.L.A
0,2015-06-31,ALPLA.PA,,2015-06-31,Q2,1471876.0,452954.5,1018921.5,1.4445430781468445,0.0,0.0,0.0,0.0,56263.25,1391028.5,5084.0,242185.0,593977.75,2.4779985445582766,80847.5,18.205584588268035,0.0,380143.75,3.871893198296697,10309.0,343325.75,4.287112166797859,0.0725,0.0725,4724663.0,4724663.0,https://www.infogreffe.com/recherche-entreprise-dirigeants/resultats-entreprise-dirigeants.html?ga_cat=globale&ga_q=A.L.P.L.A#phrase=A.L.P.L.A,https://www.infogreffe.com/recherche-entreprise-dirigeants/resultats-entreprise-dirigeants.html?ga_cat=globale&ga_q=A.L.P.L.A#phrase=A.L.P.L.A
0,2015-03-31,ALPLA.PA,,2015-03-31,Q1,1471876.0,452954.5,1018921.5,1.4445430781468445,0.0,0.0,0.0,0.0,56263.25,1391028.5,5084.0,242185.0,593977.75,2.4779985445582766,80847.5,18.205584588268035,0.0,380143.75,3.871893198296697,10309.0,343325.75,4.287112166797859,0.0725,0.0725,4724663.0,4724663.0,https://www.infogreffe.com/recherche-entreprise-dirigeants/resultats-entreprise-dirigeants.html?ga_cat=globale&ga_q=A.L.P.L.A#phrase=A.L.P.L.A,https://www.infogreffe.com/recherche-entreprise-dirigeants/resultats-entreprise-dirigeants.html?ga_cat=globale&ga_q=A.L.P.L.A#phrase=A.L.P.L.A
0,2015-01-31,ALPLA.PA,,2015-01-31,Q1,1471876.0,452954.5,1018921.5,1.4445430781468445,0.0,0.0,0.0,0.0,56263.25,1391028.5,5084.0,242185.0,593977.75,2.4779985445582766,80847.5,18.205584588268035,0.0,380143.75,3.871893198296697,10309.0,343325.75,4.287112166797859,0.0725,0.0725,4724663.0,4724663.0,https://www.infogreffe.com/recherche-entreprise-dirigeants/resultats-entreprise-dirigeants.html?ga_cat=globale&ga_q=A.L.P.L.A#phrase=A.L.P.L.A,https://www.infogreffe.com/recherche-entreprise-dirigeants/resultats-entreprise-dirigeants.html?ga_cat=globale&ga_q=A.L.P.L.A#phrase=A.L.P.L.A
0,2014-09-31,ALPLA.PA,,2014-09-31,Q3,1405201.0,435114.75,970086.25,1.4485320248586144,0.0,0.0,0.0,0.0,42534.0,1265148.75,1533.25,170862.25,534993.5,2.6265758369026915,140052.25,10.033405389774174,0.0,362598.0,3.8753688657962813,6929.75,326048.0,4.309797943861026,0.07,0.07,4672663.0,4672663.0,https://www.infogreffe.com/recherche-entreprise-dirigeants/resultats-entreprise-dirigeants.html?ga_cat=globale&ga_q=A.L.P.L.A#phrase=A.L.P.L.A,https://www.infogreffe.com/recherche-entreprise-dirigeants/resultats-entreprise-dirigeants.html?ga_cat=globale&ga_q=A.L.P.L.A#phrase=A.L.P.L.A
0,2014-06-31,ALPLA.PA,,2014-06-31,Q2,1405201.0,435114.75,970086.25,1.4485320248586144,0.0,0.0,0.0,0.0,42534.0,1265148.75,1533.25,170862.25,534993.5,2.6265758369026915,140052.25,10.033405389774174,0.0,362598.0,3.8753688657962813,6929.75,326048.0,4.309797943861026,0.07,0.07,4672663.0,4672663.0,https://www.infogreffe.com/recherche-entreprise-dirigeants/resultats-entreprise-dirigeants.html?ga_cat=globale&ga_q=A.L.P.L.A#phrase=A.L.P.L.A,https://www.infogreffe.com/recherche-entreprise-dirigeants/resultats-entreprise-dirigeants.html?ga_cat=globale&ga_q=A.L.P.L.A#phrase=A.L.P.L.A
0,2014-03-31,ALPLA.PA,,2014-03-31,Q1,1405201.0,435114.75,970086.25,1.4485320248586144,0.0,0.0,0.0,0.0,42534.0,1265148.75,1533.25,170862.25,534993.5,2.6265758369026915,140052.25,10.033405389774174,0.0,362598.0,3.8753688657962813,6929.75,326048.0,4.309797943861026,0.07,0.07,4672663.0,4672663.0,https://www.infogreffe.com/recherche-entreprise-dirigeants/resultats-entreprise-dirigeants.html?ga_cat=globale&ga_q=A.L.P.L.A#phrase=A.L.P.L.A,https://www.infogreffe.com/recherche-entreprise-dirigeants/resultats-entreprise-dirigeants.html?ga_cat=globale&ga_q=A.L.P.L.A#phrase=A.L.P.L.A
0,2014-01-31,ALPLA.PA,,2014-01-31,Q1,1405201.0,435114.75,970086.25,1.4485320248586144,0.0,0.0,0.0,0.0,42534.0,1265148.75,1533.25,170862.25,534993.5,2.6265758369026915,140052.25,10.033405389774174,0.0,362598.0,3.8753688657962813,6929.75,326048.0,4.309797943861026,0.07,0.07,4672663.0,4672663.0,https://www.infogreffe.com/recherche-entreprise-dirigeants/resultats-entreprise-dirigeants.html?ga_cat=globale&ga_q=A.L.P.L.A#phrase=A.L.P.L.A,https://www.infogreffe.com/recherche-entreprise-dirigeants/resultats-entreprise-dirigeants.html?ga_cat=globale&ga_q=A.L.P.L.A#phrase=A.L.P.L.A
0,2013-09-31,ALPLA.PA,,2013-09-31,Q3,1040868.75,320243.5,720625.25,1.4443967235397317,0.0,0.0,0.0,0.0,33917.5,1083393.5,2018.0,137220.0,308653.25,3.372291560189306,-42524.75,-24.47677528968424,0.0,169385.25,6.144978680256989,-480.5,126617.75,8.22055951870887,0.0275,0.0275,4598374.0,4598374.0,https://www.infogreffe.com/recherche-entreprise-dirigeants/resultats-entreprise-dirigeants.html?ga_cat=globale&ga_q=A.L.P.L.A#phrase=A.L.P.L.A,https://www.infogreffe.com/recherche-entreprise-dirigeants/resultats-entreprise-dirigeants.html?ga_cat=globale&ga_q=A.L.P.L.A#phrase=A.L.P.L.A
0,2013-06-31,ALPLA.PA,,2013-06-31,Q2,1040868.75,320243.5,720625.25,1.4443967235397317,0.0,0.0,0.0,0.0,33917.5,1083393.5,2018.0,137220.0,308653.25,3.372291560189306,-42524.75,-24.47677528968424,0.0,169385.25,6.144978680256989,-480.5,126617.75,8.22055951870887,0.0275,0.0275,4598374.0,4598374.0,https://www.infogreffe.com/recherche-entreprise-dirigeants/resultats-entreprise-dirigeants.html?ga_cat=globale&ga_q=A.L.P.L.A#phrase=A.L.P.L.A,https://www.infogreffe.com/recherche-entreprise-dirigeants/resultats-entreprise-dirigeants.html?ga_cat=globale&ga_q=A.L.P.L.A#phrase=A.L.P.L.A
0,2013-03-31,ALPLA.PA,,2013-03-31,Q1,1040868.75,320243.5,720625.25,1.4443967235397317,0.0,0.0,0.0,0.0,33917.5,1083393.5,2018.0,137220.0,308653.25,3.372291560189306,-42524.75,-24.47677528968424,0.0,169385.25,6.144978680256989,-480.5,126617.75,8.22055951870887,0.0275,0.0275,4598374.0,4598374.0,https://www.infogreffe.com/recherche-entreprise-dirigeants/resultats-entreprise-dirigeants.html?ga_cat=globale&ga_q=A.L.P.L.A#phrase=A.L.P.L.A,https://www.infogreffe.com/recherche-entreprise-dirigeants/resultats-entreprise-dirigeants.html?ga_cat=globale&ga_q=A.L.P.L.A#phrase=A.L.P.L.A
0,2013-01-31,ALPLA.PA,,2013-01-31,Q1,1040868.75,320243.5,720625.25,1.4443967235397317,0.0,0.0,0.0,0.0,33917.5,1083393.5,2018.0,137220.0,308653.25,3.372291560189306,-42524.75,-24.47677528968424,0.0,169385.25,6.144978680256989,-480.5,126617.75,8.22055951870887,0.0275,0.0275,4598374.0,4598374.0,https://www.infogreffe.com/recherche-entreprise-dirigeants/resultats-entreprise-dirigeants.html?ga_cat=globale&ga_q=A.L.P.L.A#phrase=A.L.P.L.A,https://www.infogreffe.com/recherche-entreprise-dirigeants/resultats-entreprise-dirigeants.html?ga_cat=globale&ga_q=A.L.P.L.A#phrase=A.L.P.L.A
0,2012-09-31,ALPLA.PA,,2012-09-31,Q3,950334.0,274749.75,675584.25,1.4066846585011419,0.0,0.0,0.0,-14294.5,22839.25,945810.0,3861.5,154993.5,147640.75,6.4368001381732345,4524.0,210.06498673740052,0.0,-11214.25,-84.74342911920101,0.0,-71161.25,-13.354655799328988,-0.014735844539985082,-0.014735844539985082,4829126.0,4829126.0,https://www.infogreffe.com/recherche-entreprise-dirigeants/resultats-entreprise-dirigeants.html?ga_cat=globale&ga_q=A.L.P.L.A#phrase=A.L.P.L.A,https://www.infogreffe.com/recherche-entreprise-dirigeants/resultats-entreprise-dirigeants.html?ga_cat=globale&ga_q=A.L.P.L.A#phrase=A.L.P.L.A
0,2012-06-31,ALPLA.PA,,2012-06-31,Q2,950334.0,274749.75,675584.25,1.4066846585011419,0.0,0.0,0.0,-14294.5,22839.25,945810.0,3861.5,154993.5,147640.75,6.4368001381732345,4524.0,210.06498673740052,0.0,-11214.25,-84.74342911920101,0.0,-71161.25,-13.354655799328988,-0.014735844539985082,-0.014735844539985082,4829126.0,4829126.0,https://www.infogreffe.com/recherche-entreprise-dirigeants/resultats-entreprise-dirigeants.html?ga_cat=globale&ga_q=A.L.P.L.A#phrase=A.L.P.L.A,https://www.infogreffe.com/recherche-entreprise-dirigeants/resultats-entreprise-dirigeants.html?ga_cat=globale&ga_q=A.L.P.L.A#phrase=A.L.P.L.A
0,2012-03-31,ALPLA.PA,,2012-03-31,Q1,950334.0,274749.75,675584.25,1.4066846585011419,0.0,0.0,0.0,-14294.5,22839.25,945810.0,3861.5,154993.5,147640.75,6.4368001381732345,4524.0,210.06498673740052,0.0,-11214.25,-84.74342911920101,0.0,-71161.25,-13.354655799328988,-0.014735844539985082,-0.014735844539985082,4829126.0,4829126.0,https://www.infogreffe.com/recherche-entreprise-dirigeants/resultats-entreprise-dirigeants.html?ga_cat=globale&ga_q=A.L.P.L.A#phrase=A.L.P.L.A,https://www.infogreffe.com/recherche-entreprise-dirigeants/resultats-entreprise-dirigeants.html?ga_cat=globale&ga_q=A.L.P.L.A#phrase=A.L.P.L.A
0,2012-01-31,ALPLA.PA,,2012-01-31,Q1,950334.0,274749.75,675584.25,1.4066846585011419,0.0,0.0,0.0,-14294.5,22839.25,945810.0,3861.5,154993.5,147640.75,6.4368001381732345,4524.0,210.06498673740052,0.0,-11214.25,-84.74342911920101,0.0,-71161.25,-13.354655799328988,-0.014735844539985082,-0.014735844539985082,4829126.0,4829126.0,https://www.infogreffe.com/recherche-entreprise-dirigeants/resultats-entreprise-dirigeants.html?ga_cat=globale&ga_q=A.L.P.L.A#phrase=A.L.P.L.A,https://www.infogreffe.com/recherche-entreprise-dirigeants/resultats-entreprise-dirigeants.html?ga_cat=globale&ga_q=A.L.P.L.A#phrase=A.L.P.L.A
0,2011-09-31,ALPLA.PA,,2011-09-31,Q3,825719.0,0.0,825719.0,1.0,0.0,0.0,0.0,-2074.25,388178.5,919958.25,0.0,140734.25,46495.0,17.759307452414237,-94239.25,-8.761943669967662,0.0,-78258.25,-10.551207061236354,0.0,-76364.25,-10.81290001538678,-0.015813265174692066,-0.015813265174692066,4829126.0,4829126.0,https://www.infogreffe.com/recherche-entreprise-dirigeants/resultats-entreprise-dirigeants.html?ga_cat=globale&ga_q=A.L.P.L.A#phrase=A.L.P.L.A,https://www.infogreffe.com/recherche-entreprise-dirigeants/resultats-entreprise-dirigeants.html?ga_cat=globale&ga_q=A.L.P.L.A#phrase=A.L.P.L.A
0,2011-06-31,ALPLA.PA,,2011-06-31,Q2,825719.0,0.0,825719.0,1.0,0.0,0.0,0.0,-2074.25,388178.5,919958.25,0.0,140734.25,46495.0,17.759307452414237,-94239.25,-8.761943669967662,0.0,-78258.25,-10.551207061236354,0.0,-76364.25,-10.81290001538678,-0.015813265174692066,-0.015813265174692066,4829126.0,4829126.0,https://www.infogreffe.com/recherche-entreprise-dirigeants/resultats-entreprise-dirigeants.html?ga_cat=globale&ga_q=A.L.P.L.A#phrase=A.L.P.L.A,https://www.infogreffe.com/recherche-entreprise-dirigeants/resultats-entreprise-dirigeants.html?ga_cat=globale&ga_q=A.L.P.L.A#phrase=A.L.P.L.A
0,2011-03-31,ALPLA.PA,,2011-03-31,Q1,825719.0,0.0,825719.0,1.0,0.0,0.0,0.0,-2074.25,388178.5,919958.25,0.0,140734.25,46495.0,17.759307452414237,-94239.25,-8.761943669967662,0.0,-78258.25,-10.551207061236354,0.0,-76364.25,-10.81290001538678,-0.015813265174692066,-0.015813265174692066,4829126.0,4829126.0,https://www.infogreffe.com/recherche-entreprise-dirigeants/resultats-entreprise-dirigeants.html?ga_cat=globale&ga_q=A.L.P.L.A#phrase=A.L.P.L.A,https://www.infogreffe.com/recherche-entreprise-dirigeants/resultats-entreprise-dirigeants.html?ga_cat=globale&ga_q=A.L.P.L.A#phrase=A.L.P.L.A
0,2011-01-31,ALPLA.PA,,2011-01-31,Q1,825719.0,0.0,825719.0,1.0,0.0,0.0,0.0,-2074.25,388178.5,919958.25,0.0,140734.25,46495.0,17.759307452414237,-94239.25,-8.761943669967662,0.0,-78258.25,-10.551207061236354,0.0,-76364.25,-10.81290001538678,-0.015813265174692066,-0.015813265174692066,4829126.0,4829126.0,https://www.infogreffe.com/recherche-entreprise-dirigeants/resultats-entreprise-dirigeants.html?ga_cat=globale&ga_q=A.L.P.L.A#phrase=A.L.P.L.A,https://www.infogreffe.com/recherche-entreprise-dirigeants/resultats-entreprise-dirigeants.html?ga_cat=globale&ga_q=A.L.P.L.A#phrase=A.L.P.L.A
0,2010-09-31,ALPLA.PA,,2010-09-31,Q3,713301.0,278595.5,434705.5,1.6408833106551446,0.0,0.0,0.0,0.0,167338.5,764896.75,0.0,37273.0,-13700.25,-52.06481633546833,-51595.75,-13.824801461360675,0.0,-66898.5,-10.662436377497253,0.0,-72178.0,-9.882526531630136,-0.01494638988504338,-0.01494638988504338,4829126.0,4829126.0,https://www.infogreffe.com/recherche-entreprise-dirigeants/resultats-entreprise-dirigeants.html?ga_cat=globale&ga_q=A.L.P.L.A#phrase=A.L.P.L.A,https://www.infogreffe.com/recherche-entreprise-dirigeants/resultats-entreprise-dirigeants.html?ga_cat=globale&ga_q=A.L.P.L.A#phrase=A.L.P.L.A
0,2010-06-31,ALPLA.PA,,2010-06-31,Q2,713301.0,278595.5,434705.5,1.6408833106551446,0.0,0.0,0.0,0.0,167338.5,764896.75,0.0,37273.0,-13700.25,-52.06481633546833,-51595.75,-13.824801461360675,0.0,-66898.5,-10.662436377497253,0.0,-72178.0,-9.882526531630136,-0.01494638988504338,-0.01494638988504338,4829126.0,4829126.0,https://www.infogreffe.com/recherche-entreprise-dirigeants/resultats-entreprise-dirigeants.html?ga_cat=globale&ga_q=A.L.P.L.A#phrase=A.L.P.L.A,https://www.infogreffe.com/recherche-entreprise-dirigeants/resultats-entreprise-dirigeants.html?ga_cat=globale&ga_q=A.L.P.L.A#phrase=A.L.P.L.A
0,2010-03-31,ALPLA.PA,,2010-03-31,Q1,713301.0,278595.5,434705.5,1.6408833106551446,0.0,0.0,0.0,0.0,167338.5,764896.75,0.0,37273.0,-13700.25,-52.06481633546833,-51595.75,-13.824801461360675,0.0,-66898.5,-10.662436377497253,0.0,-72178.0,-9.882526531630136,-0.01494638988504338,-0.01494638988504338,4829126.0,4829126.0,https://www.infogreffe.com/recherche-entreprise-dirigeants/resultats-entreprise-dirigeants.html?ga_cat=globale&ga_q=A.L.P.L.A#phrase=A.L.P.L.A,https://www.infogreffe.com/recherche-entreprise-dirigeants/resultats-entreprise-dirigeants.html?ga_cat=globale&ga_q=A.L.P.L.A#phrase=A.L.P.L.A
0,2010-01-31,ALPLA.PA,,2010-01-31,Q1,713301.0,278595.5,434705.5,1.6408833106551446,0.0,0.0,0.0,0.0,167338.5,764896.75,0.0,37273.0,-13700.25,-52.06481633546833,-51595.75,-13.824801461360675,0.0,-66898.5,-10.662436377497253,0.0,-72178.0,-9.882526531630136,-0.01494638988504338,-0.01494638988504338,4829126.0,4829126.0,https://www.infogreffe.com/recherche-entreprise-dirigeants/resultats-entreprise-dirigeants.html?ga_cat=globale&ga_q=A.L.P.L.A#phrase=A.L.P.L.A,https://www.infogreffe.com/recherche-entreprise-dirigeants/resultats-entreprise-dirigeants.html?ga_cat=globale&ga_q=A.L.P.L.A#phrase=A.L.P.L.A
0,2009-09-31,ALPLA.PA,,2009-09-31,Q3,683011.5,249032.0,433979.5,1.5738335566541737,0.0,0.0,0.0,0.0,197929.75,789162.75,0.0,22369.0,-61220.25,-11.156627096426428,-106151.25,-6.4343236655244285,0.0,-134491.25,-5.078482800925711,1087.5,-139127.0,-4.909266353763108,-0.028809975138358368,-0.028809975138358368,4829126.0,4829126.0,https://www.infogreffe.com/recherche-entreprise-dirigeants/resultats-entreprise-dirigeants.html?ga_cat=globale&ga_q=A.L.P.L.A#phrase=A.L.P.L.A,https://www.infogreffe.com/recherche-entreprise-dirigeants/resultats-entreprise-dirigeants.html?ga_cat=globale&ga_q=A.L.P.L.A#phrase=A.L.P.L.A
0,2009-06-31,ALPLA.PA,,2009-06-31,Q2,683011.5,249032.0,433979.5,1.5738335566541737,0.0,0.0,0.0,0.0,197929.75,789162.75,0.0,22369.0,-61220.25,-11.156627096426428,-106151.25,-6.4343236655244285,0.0,-134491.25,-5.078482800925711,1087.5,-139127.0,-4.909266353763108,-0.028809975138358368,-0.028809975138358368,4829126.0,4829126.0,https://www.infogreffe.com/recherche-entreprise-dirigeants/resultats-entreprise-dirigeants.html?ga_cat=globale&ga_q=A.L.P.L.A#phrase=A.L.P.L.A,https://www.infogreffe.com/recherche-entreprise-dirigeants/resultats-entreprise-dirigeants.html?ga_cat=globale&ga_q=A.L.P.L.A#phrase=A.L.P.L.A
0,2009-03-31,ALPLA.PA,,2009-03-31,Q1,683011.5,249032.0,433979.5,1.5738335566541737,0.0,0.0,0.0,0.0,197929.75,789162.75,0.0,22369.0,-61220.25,-11.156627096426428,-106151.25,-6.4343236655244285,0.0,-134491.25,-5.078482800925711,1087.5,-139127.0,-4.909266353763108,-0.028809975138358368,-0.028809975138358368,4829126.0,4829126.0,https://www.infogreffe.com/recherche-entreprise-dirigeants/resultats-entreprise-dirigeants.html?ga_cat=globale&ga_q=A.L.P.L.A#phrase=A.L.P.L.A,https://www.infogreffe.com/recherche-entreprise-dirigeants/resultats-entreprise-dirigeants.html?ga_cat=globale&ga_q=A.L.P.L.A#phrase=A.L.P.L.A
0,2009-01-31,ALPLA.PA,,2009-01-31,Q1,683011.5,249032.0,433979.5,1.5738335566541737,0.0,0.0,0.0,0.0,197929.75,789162.75,0.0,22369.0,-61220.25,-11.156627096426428,-106151.25,-6.4343236655244285,0.0,-134491.25,-5.078482800925711,1087.5,-139127.0,-4.909266353763108,-0.028809975138358368,-0.028809975138358368,4829126.0,4829126.0,https://www.infogreffe.com/recherche-entreprise-dirigeants/resultats-entreprise-dirigeants.html?ga_cat=globale&ga_q=A.L.P.L.A#phrase=A.L.P.L.A,https://www.infogreffe.com/recherche-entreprise-dirigeants/resultats-entreprise-dirigeants.html?ga_cat=globale&ga_q=A.L.P.L.A#phrase=A.L.P.L.A
0,2008-09-31,ALPLA.PA,,2008-09-31,Q3,822423.5,257801.75,564621.75,1.4565919573590638,0.0,0.0,0.0,0.0,172197.75,758849.25,0.0,21810.0,138144.0,5.953378358813991,63574.25,12.936424731711345,0.0,13939.25,59.000555984002006,0.0,13939.25,59.000555984002006,0.002886495403101928,0.002886495403101928,4829126.0,4829126.0,https://www.infogreffe.com/recherche-entreprise-dirigeants/resultats-entreprise-dirigeants.html?ga_cat=globale&ga_q=A.L.P.L.A#phrase=A.L.P.L.A,https://www.infogreffe.com/recherche-entreprise-dirigeants/resultats-entreprise-dirigeants.html?ga_cat=globale&ga_q=A.L.P.L.A#phrase=A.L.P.L.A
0,2008-06-31,ALPLA.PA,,2008-06-31,Q2,822423.5,257801.75,564621.75,1.4565919573590638,0.0,0.0,0.0,0.0,172197.75,758849.25,0.0,21810.0,138144.0,5.953378358813991,63574.25,12.936424731711345,0.0,13939.25,59.000555984002006,0.0,13939.25,59.000555984002006,0.002886495403101928,0.002886495403101928,4829126.0,4829126.0,https://www.infogreffe.com/recherche-entreprise-dirigeants/resultats-entreprise-dirigeants.html?ga_cat=globale&ga_q=A.L.P.L.A#phrase=A.L.P.L.A,https://www.infogreffe.com/recherche-entreprise-dirigeants/resultats-entreprise-dirigeants.html?ga_cat=globale&ga_q=A.L.P.L.A#phrase=A.L.P.L.A
0,2008-03-31,ALPLA.PA,,2008-03-31,Q1,822423.5,257801.75,564621.75,1.4565919573590638,0.0,0.0,0.0,0.0,172197.75,758849.25,0.0,21810.0,138144.0,5.953378358813991,63574.25,12.936424731711345,0.0,13939.25,59.000555984002006,0.0,13939.25,59.000555984002006,0.002886495403101928,0.002886495403101928,4829126.0,4829126.0,https://www.infogreffe.com/recherche-entreprise-dirigeants/resultats-entreprise-dirigeants.html?ga_cat=globale&ga_q=A.L.P.L.A#phrase=A.L.P.L.A,https://www.infogreffe.com/recherche-entreprise-dirigeants/resultats-entreprise-dirigeants.html?ga_cat=globale&ga_q=A.L.P.L.A#phrase=A.L.P.L.A
0,2008-01-31,ALPLA.PA,,2008-01-31,Q1,822423.5,257801.75,564621.75,1.4565919573590638,0.0,0.0,0.0,0.0,172197.75,758849.25,0.0,21810.0,138144.0,5.953378358813991,63574.25,12.936424731711345,0.0,13939.25,59.000555984002006,0.0,13939.25,59.000555984002006,0.002886495403101928,0.002886495403101928,4829126.0,4829126.0,https://www.infogreffe.com/recherche-entreprise-dirigeants/resultats-entreprise-dirigeants.html?ga_cat=globale&ga_q=A.L.P.L.A#phrase=A.L.P.L.A,https://www.infogreffe.com/recherche-entreprise-dirigeants/resultats-entreprise-dirigeants.html?ga_cat=globale&ga_q=A.L.P.L.A#phrase=A.L.P.L.A
0,2007-09-31,ALPLA.PA,,2007-09-31,Q3,687054.75,216955.25,470099.5,1.461509212411415,0.0,0.0,0.0,0.0,131695.75,637397.25,0.0,39765.75,89661.75,7.662740800843169,49657.5,13.835870714393597,0.0,48481.0,14.171629091809162,0.0,47769.25,14.382782857172764,0.00989190383518674,0.00989190383518674,4829126.0,4829126.0,https://www.infogreffe.com/recherche-entreprise-dirigeants/resultats-entreprise-dirigeants.html?ga_cat=globale&ga_q=A.L.P.L.A#phrase=A.L.P.L.A,https://www.infogreffe.com/recherche-entreprise-dirigeants/resultats-entreprise-dirigeants.html?ga_cat=globale&ga_q=A.L.P.L.A#phrase=A.L.P.L.A
0,2007-06-31,ALPLA.PA,,2007-06-31,Q2,687054.75,216955.25,470099.5,1.461509212411415,0.0,0.0,0.0,0.0,131695.75,637397.25,0.0,39765.75,89661.75,7.662740800843169,49657.5,13.835870714393597,0.0,48481.0,14.171629091809162,0.0,47769.25,14.382782857172764,0.00989190383518674,0.00989190383518674,4829126.0,4829126.0,https://www.infogreffe.com/recherche-entreprise-dirigeants/resultats-entreprise-dirigeants.html?ga_cat=globale&ga_q=A.L.P.L.A#phrase=A.L.P.L.A,https://www.infogreffe.com/recherche-entreprise-dirigeants/resultats-entreprise-dirigeants.html?ga_cat=globale&ga_q=A.L.P.L.A#phrase=A.L.P.L.A
0,2007-03-31,ALPLA.PA,,2007-03-31,Q1,687054.75,216955.25,470099.5,1.461509212411415,0.0,0.0,0.0,0.0,131695.75,637397.25,0.0,39765.75,89661.75,7.662740800843169,49657.5,13.835870714393597,0.0,48481.0,14.171629091809162,0.0,47769.25,14.382782857172764,0.00989190383518674,0.00989190383518674,4829126.0,4829126.0,https://www.infogreffe.com/recherche-entreprise-dirigeants/resultats-entreprise-dirigeants.html?ga_cat=globale&ga_q=A.L.P.L.A#phrase=A.L.P.L.A,https://www.infogreffe.com/recherche-entreprise-dirigeants/resultats-entreprise-dirigeants.html?ga_cat=globale&ga_q=A.L.P.L.A#phrase=A.L.P.L.A
0,2007-01-31,ALPLA.PA,,2007-01-31,Q1,687054.75,216955.25,470099.5,1.461509212411415,0.0,0.0,0.0,0.0,131695.75,637397.25,0.0,39765.75,89661.75,7.662740800843169,49657.5,13.835870714393597,0.0,48481.0,14.171629091809162,0.0,47769.25,14.382782857172764,0.00989190383518674,0.00989190383518674,4829126.0,4829126.0,https://www.infogreffe.com/recherche-entreprise-dirigeants/resultats-entreprise-dirigeants.html?ga_cat=globale&ga_q=A.L.P.L.A#phrase=A.L.P.L.A,https://www.infogreffe.com/recherche-entreprise-dirigeants/resultats-entreprise-dirigeants.html?ga_cat=globale&ga_q=A.L.P.L.A#phrase=A.L.P.L.A
