,date,symbol,fillingDate,acceptedDate,period,revenue,costOfRevenue,grossProfit,grossProfitRatio,researchAndDevelopmentExpenses,generalAndAdministrativeExpenses,sellingAndMarketingExpenses,otherExpenses,operatingExpenses,costAndExpenses,interestExpense,depreciationAndAmortization,ebitda,ebitdaratio,operatingIncome,operatingIncomeRatio,totalOtherIncomeExpensesNet,incomeBeforeTax,incomeBeforeTaxRatio,incomeTaxExpense,netIncome,netIncomeRatio,eps,epsdiluted,weightedAverageShsOut,weightedAverageShsOutDil,link,finalLink
0,2018-09-30,FSNN,2018-11-13 00:00:00,2018-11-13 16:21:47,Q3,143428000,72981000,70447000,0.49116629946732854,0.0,46788000,0.0,19698000,66486000,139467000,21647000,23147000,27108000,0.189000752991,3961000.0,0.027616643891,203000.0,-17483000,-0.12189391192793597,148000.0,-17631000,-0.12292578854895836,-325.63766,-325.63766,54143.0,54143.0,https://www.sec.gov/Archives/edgar/data/1071411/000165495418012532/0001654954-18-012532-index.html,https://www.sec.gov/Archives/edgar/data/1071411/000165495418012532/fssn_10q.htm
0,2018-06-30,FSNN,2018-08-14 00:00:00,2018-08-14 17:08:21,Q2,194675957,108397105,86278852,0.44319212978108025,0.0,52819005,0.0,29934384,82753389,191150494,27222225,82322258,85847721,0.440977521431,3525463.0,0.0181093908787,-168000.0,-42587000,-0.190363589225529,4869000.0,-31500000,-0.1408047775284515,-753.66064,-753.66064,54143.0,41796.0,https://www.sec.gov/Archives/edgar/data/1071411/000165495418009159/0001654954-18-009159-index.html,https://www.sec.gov/Archives/edgar/data/1071411/000165495418009159/fsnn_10q.htm
0,2018-03-31,FSNN,2018-05-15 00:00:00,2018-05-15 13:49:15,Q1,29038043,12918895,16119148,0.555104488274227,0.0,13947995,0.0,4331616.0,18279611,31198506,2147775.0,3331742.0,1171279.0,0.0403360171345,-4041602000,-0.13918300210520385,89558000,-4027552000,-0.13869915407178093,14050.0,-4207777000,-0.1449056673688375,-203.44859,-203.44859,54143.0,20682262,https://www.sec.gov/Archives/edgar/data/1071411/000165495418005368/0001654954-18-005368-index.html,https://www.sec.gov/Archives/edgar/data/1071411/000165495418005368/fsnn_10q.htm
0,2017-12-31,FSNN,2018-03-22 00:00:00,2018-03-22 16:51:38,Q4,40274488000,23111752000,17162736000,0.4261441138618572,0.0,15609044000,0.0,4013296000,19622340000,42734092000,2179684000,3372037000,-647355000,-0.016073574914223614,-4019392000,-0.0997999527641419,31696000,-4019392000,-0.0997999527641419,-20400000,-4039792000,-0.10030647689425623,-183.88099,-183.88099,54143.0,21969601,https://www.sec.gov/Archives/edgar/data/1071411/000165495418002943/0001654954-18-002943-index.html,https://www.sec.gov/Archives/edgar/data/1071411/000165495418002943/fsnn_10k.htm
0,2017-09-30,FSNN,2017-11-13 00:00:00,2017-11-13 17:01:49,Q3,36355187,19749188,16605999,0.45677110669242327,0.0,13649349,0.0,3711253.0,17360602,37109790,2204520.0,3921770.0,3167167.0,0.0871173348661,-3690286000,-0.10150645078513831,47694000,-3690286000,-0.10150645078513831,10200.0,-3700486000,-0.10178701597656477,-169.52298,-169.52298,54143.0,21828816,https://www.sec.gov/Archives/edgar/data/1071411/000165495417010490/0001654954-17-010490-index.html,https://www.sec.gov/Archives/edgar/data/1071411/000165495417010490/fsnn_10q.htm
0,2017-06-30,FSNN,2017-08-14 00:00:00,2017-08-14 17:01:39,Q2,38089006,20901548,17187458,0.45124459273103634,0.0,14330934,0.0,7437757.0,21768691,42670239,2172084.0,3810743.0,3066658.0,0.0805129438138,-2854275000,-0.07493697787755343,13365000,-2854275000,-0.07493697787755343,23100.0,-2877375000,-0.0755434520921864,-133.44215,-133.44215,54143.0,21562714,https://www.sec.gov/Archives/edgar/data/1071411/000165495417007581/0001654954-17-007581-index.html,https://www.sec.gov/Archives/edgar/data/1071411/000165495417007581/fsnn_10q.htm
0,2017-03-31,FSNN,2017-05-12 00:00:00,2017-05-12 16:01:53,Q1,35811876,19270913,16540963,0.46188485071265184,0.0,14134875,0.0,-2043077000,14134875,33405788,2092312.0,4046776.0,2615716.0,0.07304046289,-3474137000,-0.09701075140548347,116480000,-3474137000,-0.09701075140548347,7811.0,-3481948000,-0.09722886340832856,-168.14751,-168.14751,54143.0,20707699,https://www.sec.gov/Archives/edgar/data/1071411/000165495417004576/0001654954-17-004576-index.html,https://www.sec.gov/Archives/edgar/data/1071411/000165495417004576/fsnn_10q.htm
0,2016-12-31,FSNN,2017-03-21 00:00:00,2017-03-20 18:55:25,Q4,28943485000000,14122354000000,14821131000000,0.5120714039791684,0.0,-34102847000000,0.0,52674729000000,18571882000000,32694236000000,1864315000000,4149806000000,-1827916000000,-0.06315466157582614,-5977722000000,-0.20653083068607667,95473000000,-5977722000000,-0.20653083068607667,10951000000,-4357286000000,-0.15054462169984023,-0.28283,-0.28283,15406184000000,15406184000000,https://www.sec.gov/Archives/edgar/data/1071411/000165495417002194/0001654954-17-002194-index.html,https://www.sec.gov/Archives/edgar/data/1071411/000165495417002194/fsnn_10k.htm
0,2016-09-30,FSNN,2016-11-14 00:00:00,2016-11-14 16:42:24,Q3,29497129,16769587,12727542,0.43148409460459697,0.0,11408048,0.0,2998628.0,14406676,31176263,1625195.0,3158254.0,1479120.0,0.0501445411857,-3134203000,-0.10625451039658809,18069000,-3134203000,-0.10625451039658809,10951.0,-3145154000,-0.10662576686700594,-216.35669,-216.35669,54143.0,14536893,https://www.sec.gov/Archives/edgar/data/1071411/000165495416003985/0001654954-16-003985-index.html,https://www.sec.gov/Archives/edgar/data/1071411/000165495416003985/fsnn10q.htm
0,2016-06-30,FSNN,2016-08-11,2016-08-11 16:31:18,Q2,30420291,17244814,13175477,0.4331147588298876,0.0,11270013,0.0,3031890.0,14301903,31546717,1624669.0,3191137.0,2064711.0,0.0678728221239,-2680338000,-0.08811020249609051,25115000,-2680338000,-0.08811020249609051,0.0,-2680338000,-0.08811020249609051,-187.35539,-187.35539,54143.0,14306170,https://www.sec.gov/Archives/edgar/data/1071411/000165495416001424/0001654954-16-001424-index.htm,https://www.sec.gov/Archives/edgar/data/1071411/000165495416001424/fsnn_10q.htm
0,2016-03-31,FSNN,2016-05-16 00:00:00,2016-05-16 07:49:40,Q1,33184415,19921677,13262738,0.39966767532288877,0.0,11424786,0.0,2916263.0,14341049,34262726,1627964.0,3075141.0,1996830.0,0.0601737291436,-2533545000,-0.07634743598764661,-9670000.0,-2533545000,-0.07634743598764661,0.0,-2533545000,-0.07634743598764661,-184.37359,-184.37359,54143.0,13741366,https://www.sec.gov/Archives/edgar/data/1071411/000135448816007440/0001354488-16-007440-index.html,https://www.sec.gov/Archives/edgar/data/1071411/000135448816007440/fsnn_10q.htm
0,2015-12-31,FSNN,2016-03-28 00:00:00,2016-03-28 08:24:35,Q4,26836959000000,15364166000000,11472793000000,0.42749974019038445,0.0,11629911000000,0.0,3792349000000,15422260000000,30786426000000,1412637000000,3792349000000,-2262392000000,-0.08430135471012196,-6054741000000,-0.22561203748904635,7244000000,-6054741000000,-0.22561203748904635,7660536000000,1605795000000,0.05983520711120809,162284.85416,162284.85416,54143.0,9894916.0,https://www.sec.gov/Archives/edgar/data/1071411/000135448816006709/0001354488-16-006709-index.html,https://www.sec.gov/Archives/edgar/data/1071411/000135448816006709/fsnn_10k.htm
0,2015-09-30,FSNN,2015-11-16 00:00:00,2015-11-16 08:45:52,Q3,24530824,13533647,10997177,0.44830035061194845,0.0,9785181.0,0.0,3140428.0,12925609,26459256,1434734.0,3299928.0,1371496.0,0.0559090880926,-6698826000,-0.27307790394647974,-13700000,-4859491000,-0.19809734071713206,0.0,-4859491000,-0.19809734071713206,-569.71805,-569.71805,54143.0,8529642.0,https://www.sec.gov/Archives/edgar/data/1071411/000135448815005094/0001354488-15-005094-index.html,https://www.sec.gov/Archives/edgar/data/1071411/000135448815005094/fsnn_10q.htm
0,2015-06-30,FSNN,2015-08-13 00:00:00,2015-08-13 10:34:40,Q2,50326733,27826308,22500425,0.44708693886408246,0.0,19594015,0.0,6043204.0,25637219,53463527,3215552.0,6550895.0,3414101.0,0.0678387170492,-1647398000,-0.06572845703716072,32750000,-712407000,-0.02842386168519845,0.0,-712407000,-0.02842386168519845,-85.71342,-85.71342,54143.0,8311499.0,https://www.sec.gov/Archives/edgar/data/1071411/000135448815003767/0001354488-15-003767-index.html,https://www.sec.gov/Archives/edgar/data/1071411/000135448815003767/fsnn_10q.htm
0,2015-03-31,FSNN,2015-05-14 00:00:00,2015-05-14 17:00:25,Q1,25263038000,14012692000,11250346000,0.4453283092872678,0.0,9736294000,0.0,3003447000,12739741000,26752433000,1606843000,3003447000,1514051000,0.05993146984143396,-1489396000,-0.05895553812649136,37319000,-4263722000,-0.16877313013581344,0.0,-4263722000,-0.16877313013581344,-522.54479,-522.54479,54143.0,8159534.0,https://www.sec.gov/Archives/edgar/data/1071411/000135448815002406/0001354488-15-002406-index.html,https://www.sec.gov/Archives/edgar/data/1071411/000135448815002406/fsnn_10q.htm
0,2014-12-31,FSNN,2015-03-30,2015-03-30 17:21:11,Q4,23520267000,12309712000,11210555000,0.47663383243055873,0.0,0.0,0.0,12450803000,12450803000,24760515000,1554142000,3008687000,1159092000,0.04928056301401681,-1849595000,-0.07863835049151441,91166000,-1849595000,-0.07863835049151441,314000.0,-1849909000,-0.07865170068009857,-259.36599,-259.36599,54143.0,7132427.0,https://www.sec.gov/Archives/edgar/data/1071411/000135448815001415/0001354488-15-001415-index.htm,https://www.sec.gov/Archives/edgar/data/1071411/000135448815001415/fsnn_10k.htm
0,2014-09-30,FSNN,2014-11-14 00:00:00,2014-11-14 12:58:45,Q3,22486531000,12312188000,10174343000,0.45246387715383934,0.0,0.0,0.0,10968095000,10968095000,23280283000,1442508000,2830727000,1880262000,0.08361725514709227,-950465000,-0.042268191567654434,9639000.0,162582000,0.007230194821958087,-147341000,309923000,0.01378260612986503,44.74123,44.74123,6927011.0,6927011.0,https://www.sec.gov/Archives/edgar/data/1071411/000135448814005740/0001354488-14-005740-index.html,https://www.sec.gov/Archives/edgar/data/1071411/000135448814005740/fsnn_10q.htm
0,2014-06-30,FSNN,2014-08-19 00:00:00,2014-08-19 17:13:30,Q2,23140973000,12747441000,10393532000,0.4491398006471033,0.0,0.0,0.0,10423472000,10423472000,23170913000,1597215000,2597978000,2568038000,0.11097363969959258,-29940000,-0.0012938090373295886,-1214682000,-2317314000,-0.10013900452673273,151583000,-2468897000,-0.1066894205356015,-360.81629,-360.81629,3917341.0,6842532.0,https://www.sec.gov/Archives/edgar/data/1071411/000135448814004343/0001354488-14-004343-index.html,https://www.sec.gov/Archives/edgar/data/1071411/000135448814004343/fsnn_10q.htm
0,2014-03-31,FSNN,2014-05-14 00:00:00,2014-05-14 08:46:16,Q1,22904829000,12229032000,10675797000,0.46609372198325516,0.0,0.0,0.0,10386888000,10386888000,22615920000,1394546000,2567491000,2856400000,0.12470732700078224,288909000,0.012613453695725037,1174327000,1463236000,0.06388329727325186,21495000,1441741000,0.06294484887881066,126.15878,126.15878,6078546.0,11427988,https://www.sec.gov/Archives/edgar/data/1071411/000135448814002522/0001354488-14-002522-index.html,https://www.sec.gov/Archives/edgar/data/1071411/000135448814002522/fsnn_10q.htm
0,2013-12-31,FSNN,2014-03-31,2014-03-31 11:11:56,Q4,16286193000,11406312000,4879881000,0.2996330081560497,0.0,0.0,0.0,6680233000,6680233000,18086545000,645310000,937862000,-2041430000,-0.12534728036196058,-2979292000,-0.18293360517095678,802255000,-2927405000,-0.17974765496147566,51887000,-2979292000,-0.18293360517095678,-13.23969,-13.23969,6078546.0,225027351,https://www.sec.gov/Archives/edgar/data/1071411/000135448814001490/0001354488-14-001490-index.htm,https://www.sec.gov/Archives/edgar/data/1071411/000135448814001490/fsnn_10k.htm
0,2013-09-30,FSNN,2013-11-14 00:00:00,2013-11-14 16:54:17,Q3,14811828000,9953734000,4858094000,0.3279874705539384,0.0,0.0,0.0,5224121000,5224121000,15177855000,663689000,911613000,-1280491000,-0.08645057179978055,-2192104000,-0.1479968576464701,-845171000,-2192104000,-0.1479968576464701,0.0,-2192104000,-0.1479968576464701,-11.03639,-11.03639,6078546.0,198625110,https://www.sec.gov/Archives/edgar/data/1071411/000135448813006411/0001354488-13-006411-index.html,https://www.sec.gov/Archives/edgar/data/1071411/000135448813006411/fsnn_10q.htm
0,2013-06-30,FSNN,2013-08-19 00:00:00,2013-08-19 17:27:11,Q2,14230178000,9605534000,4624644000,0.3249884857378453,0.0,0.0,0.0,5306433000,5306433000,14911967000,669731000,872584000,2558357000,0.17978390713032544,1685773000,0.11846464605010562,42916000,1685773000,0.11846464605010562,0.0,1685773000,0.11846464605010562,8.99961,8.99961,187316263,187316263,https://www.sec.gov/Archives/edgar/data/1071411/000135448813004787/0001354488-13-004787-index.html,https://www.sec.gov/Archives/edgar/data/1071411/000135448813004787/fsnn_10q.htm
0,2013-03-31,FSNN,2013-04-01 00:00:00,2013-04-01 14:11:39,Q1,16168421000,11751596000,4416825000,0.27317602627986987,0.0,0.0,0.0,5117512000,5117512000,16869108000,659519000,849915000,-746365000,-0.04616189793672493,-1596280000,-0.09872825552971437,0.0,-1596280000,-0.09872825552971437,0.0,-1596280000,-0.09872825552971437,-8.52184,-8.52184,187316263,187316263,https://www.sec.gov/Archives/edgar/data/1071411/000135448813001648/0001354488-13-001648-index.html,https://www.sec.gov/Archives/edgar/data/1071411/000135448813001648/fsnn_10k.htm
0,2012-12-31,FSNN,2013-04-01 00:00:00,2013-04-01 14:11:39,Q4,12573404000,9489575000,3083829000,0.24526603933191043,0.0,0.0,-8048000.0,4633924000,4625876000,14115451000,462983000,712186000,-880935000,-0.0700633654975216,-1593121000,-0.12670562402989677,560916000,-1551776000,-0.12341733392166512,0.0,-1551776000,-0.12341733392166512,-0.00931,-0.00931,166726031000,166726031000,https://www.sec.gov/Archives/edgar/data/1071411/000135448813001648/0001354488-13-001648-index.html,https://www.sec.gov/Archives/edgar/data/1071411/000135448813001648/fsnn_10k.htm
0,2012-09-30,FSNN,2012-11-14 00:00:00,2012-11-14 16:44:32,Q3,9959965000,9164247000,795718000,0.07989164620558406,0.0,0.0,15000.0,2310162000,2310177000,11474424000,0.0,94426000,-1540470000,-0.15466620615634694,-1634896000,-0.16414676155990507,-120437000,-1634896000,-0.16414676155990507,0.0,-1634896000,-0.16414676155990507,-8.728,-8.728,187316263,187316263,https://www.sec.gov/Archives/edgar/data/1071411/000135448812005916/0001354488-12-005916-index.html,https://www.sec.gov/Archives/edgar/data/1071411/000135448812005916/fsnn_10q.htm
0,2012-06-30,FSNN,2012-08-14 00:00:00,2012-08-14 14:53:26,Q2,10219435000,8963789000,1255646000,0.12286843646444251,0.0,0.0,1710000.0,2350628000,2352338000,11316127000,0.0,93954000,-1140666000,-0.1116173252239483,-1234620000,-0.12081098416888997,-137928000,-1234620000,-0.12081098416888997,0.0,-1234620000,-0.12081098416888997,-6.5911,-6.5911,187316263,187316263,https://www.sec.gov/Archives/edgar/data/1071411/000135448812004184/0001354488-12-004184-index.html,https://www.sec.gov/Archives/edgar/data/1071411/000135448812004184/fsnn_10q.htm
0,2012-03-31,FSNN,2012-05-15 00:00:00,2012-05-14 17:58:57,Q1,11534705000,10044760000,1489945000,0.12917062031495388,0.0,0.0,6323000.0,2143042000,2149365000,12194125000,0.0,98223000,-687728000,-0.05962250443336002,-785951000,-0.06813793677428248,-126531000,-785951000,-0.06813793677428248,0.0,-785951000,-0.06813793677428248,-4.19585,-4.19585,187316263,187316263,https://www.sec.gov/Archives/edgar/data/1071411/000135448812002457/0001354488-12-002457-index.html,https://www.sec.gov/Archives/edgar/data/1071411/000135448812002457/fsnn_10q.htm
0,2011-12-31,FSNN,2012-03-30 00:00:00,2012-03-30 15:24:47,Q4,11572077000,27621852,3156711.0,0.0973067324042175,0.0,-6218391000,14959000,-19469695000,-25673127000,-15227091000,146168.0,-418205.0,3068675.0,-0.0794369243308699,3486880.0,-0.07940078518316115,-96148000,3540065.0,-0.0790385338777127,0.0,3540065.0,-0.0790385338777127,0.0189,0.0189,187316263,187316263,https://www.sec.gov/Archives/edgar/data/1071411/000135448812001565/0001354488-12-001565-index.html,https://www.sec.gov/Archives/edgar/data/1071411/000135448812001565/fsnn_10k.htm
0,2011-09-30,FSNN,2011-11-15 00:00:00,2011-11-14 17:31:30,Q3,9931247.0,8820457.0,1110790.0,0.11184798847516329,0.0,2051647.0,-5382000.0,8923207.0,10974854,19795311,-41999.0,101137.0,-1108038863,-0.11157097019135663,-1108140000,-0.11158115390745996,-64533000,-1110973000,-0.11186641516417828,0.0,-1110973000,-0.11186641516417828,-5.931,-5.931,138994794,187316263,https://www.sec.gov/Archives/edgar/data/1071411/000107141111000061/0001071411-11-000061-index.html,https://www.sec.gov/Archives/edgar/data/1071411/000107141111000061/form10q9302011edgarfinal.htm
0,2011-06-30,FSNN,2011-08-15 00:00:00,2011-08-15 17:20:21,Q2,10643036000,69520605,110094079,0.09276215921847863,-46492000,-2160753000,5382000.0,19123845,11811105000,21466870000,-5340169.0,-17433932,26670795,-0.11463777177865414,44104727,-0.112999711736388,-34591000,48628908,-0.11298543009720159,-492000.0,49120908,-0.11298543009720159,0.26224,0.26224,136151459,187316263,https://www.sec.gov/Archives/edgar/data/1071411/000107141111000039/0001071411-11-000039-index.html,https://www.sec.gov/Archives/edgar/data/1071411/000107141111000039/form10q6302011.htm
0,2011-03-31,FSNN,2011-04-13 00:00:00,2011-04-13 16:32:11,Q1,10204280000,9145630000,1058650000,0.1037456831839189,0.0,2160753000,0.0,9318731000,11479484000,20625114000,48383000,168538000,-1066258000,-0.1044912526900477,-1234796000,-0.12100765561117492,40408000,-1226584000,-0.12020289525571623,0.0,-1226584000,-0.12020289525571623,-0.00925,-0.00925,132604753000,132604753000,https://www.sec.gov/Archives/edgar/data/1071411/000107141111000017/0001071411-11-000017-index.html,https://www.sec.gov/Archives/edgar/data/1071411/000107141111000017/f2010form10k.htm
0,2010-12-31,FSNN,2011-04-13,2011-04-13 16:32:11,Q4,11297196000,10303790000,993406000,0.08793385544519189,0.0,2253183000,0.0,10535217000,12788400000,23092190000,34236000,209991000,-1279776000,-0.11328262340495819,-1489767000,-0.13187051016907203,1437000.0,-1419892000,-0.12568534705426018,0.0,-1419892000,-0.12568534705426018,-0.01286,-0.01286,110401741000,110401741000,https://www.sec.gov/Archives/edgar/data/1071411/000107141111000017/0001071411-11-000017-index.htm,https://www.sec.gov/Archives/edgar/data/1071411/000107141111000017/f2010form10k.htm
0,2010-09-30,FSNN,2010-11-15 00:00:00,2010-11-15 08:48:53,Q3,11149974000,10108777000,1041197000,0.09338111461067083,0.0,2202399000,0.0,10322241000,12524640000,22633417000,42662000,198105000,-1058921000,-0.09497071472991775,-1257026000,-0.11273802073439812,117640000,-1250803000,-0.11217990284102905,0.0,-1250803000,-0.11217990284102905,-0.01133,-0.01133,110401741000,110401741000,https://www.sec.gov/Archives/edgar/data/1071411/000107141110000072/0001071411-10-000072-index.html,https://www.sec.gov/Archives/edgar/data/1071411/000107141110000072/form10qfqe9302010final.htm
0,2010-06-30,FSNN,2010-08-16 00:00:00,2010-08-16 15:26:33,Q2,9727200000,8753785000,973415000,0.10007144913232996,0.0,2195580000,0.0,8979120000,11174700000,19928485000,54716000,207910000,-1290325000,-0.13265122542972285,-1498235000,-0.154025310469611,-50735000,-1585217000,-0.16296745209309976,0.0,-1585217000,-0.16296745209309976,-0.0154,-0.0154,102960496000,102960496000,https://www.sec.gov/Archives/edgar/data/1071411/000107141110000048/0001071411-10-000048-index.html,https://www.sec.gov/Archives/edgar/data/1071411/000107141110000048/form10q063010.htm
0,2010-03-31,FSNN,2010-05-17 00:00:00,2010-05-17 12:43:32,Q1,9588632000,8663769000,924863000,0.09645411357949706,0.0,2196312000,0.0,8899415000,11095727000,19759496000,49591000,231875000,-1310320000,-0.1366534871710584,-1542195000,-0.1608357688562873,-35100000,-1543568000,-0.16097895925091296,0.0,-1543568000,-0.16097895925091296,-0.01591,-0.01591,97046963000,97046963000,https://www.sec.gov/Archives/edgar/data/1071411/000107141110000026/0001071411-10-000026-index.html,https://www.sec.gov/Archives/edgar/data/1071411/000107141110000026/form_10q.htm
0,2009-12-31,FSNN,2010-03-25 00:00:00,2010-03-25 16:08:44,Q4,11433533000,10261872000,1171661000,0.10247584889115202,0.0,2224141000,0.0,10631321000,12855462000,23117334000,58786000,341262000,-1194047000,-0.10443377388249109,-1535309000,-0.13428124097774502,-113380000,-1742259000,-0.15238150797308234,0.0,-1742259000,-0.15238150797308234,-0.03026,-0.03026,57568953000,57568953000,https://www.sec.gov/Archives/edgar/data/1071411/000107141110000016/0001071411-10-000016-index.html,https://www.sec.gov/Archives/edgar/data/1071411/000107141110000016/form_10-k.htm
0,2009-09-30,FSNN,2009-11-16 00:00:00,2009-11-16 17:28:12,Q3,11853020000,10865824000,987196000,0.08328645357891913,0.0,2279704000,0.0,11173952000,13453656000,24319480000,112893000,304122000,-1403968000,-0.11844812545663468,-1708090000,-0.14410589031318602,-107454000,-1810990000,-0.15278722215941593,0.0,-1810990000,-0.15278722215941593,-0.03146,-0.03146,57568953000,57568953000,https://www.sec.gov/Archives/edgar/data/1071411/000107141109000092/0001071411-09-000092-index.html,https://www.sec.gov/Archives/edgar/data/1071411/000107141109000092/form_10-q093009.htm
0,2009-06-30,FSNN,2009-08-14 00:00:00,2009-08-14 17:27:16,Q2,8649762000,7958140000,691622000,0.07995850059227064,0.0,2242167000,0.0,8431099000,10673266000,18631406000,119841000,226944000,-1914672000,-0.22135545463563044,-2141616000,-0.2475924771109309,-118112000,-3026748000,-0.349922691514518,0.0,-3026748000,-0.349922691514518,-0.05772,-0.05772,52438147000,52438147000,https://www.sec.gov/Archives/edgar/data/1071411/000107141109000058/0001071411-09-000058-index.html,https://www.sec.gov/Archives/edgar/data/1071411/000107141109000058/form_10q-063009.htm
0,2009-03-31,FSNN,2009-05-15 00:00:00,2009-05-15 17:24:36,Q1,9002300000,8467891000,534409000,0.059363607078191126,0.0,2470280000,0.0,8964858000,11435138000,19903029000,95940000,489470000,-2036934000,-0.2262681759106006,-2526404000,-0.2806398364862313,-93566000,-3006215000,-0.3339385490374682,0.0,-3006215000,-0.3339385490374682,-0.06262,-0.06262,48005246000,48005246000,https://www.sec.gov/Archives/edgar/data/1071411/000107141109000032/0001071411-09-000032-index.html,https://www.sec.gov/Archives/edgar/data/1071411/000107141109000032/form_10-q033109.htm
0,2008-12-31,FSNN,2009-03-31 00:00:00,2009-03-31 17:30:26,Q4,13113284000,12283695000,829589000,0.06326325274431638,0.0,2822694000,0.0,17939218000,20761912000,33045607000,122303000,488178000,-7283200000,-0.5554062582645202,-7771378000,-0.5926340038086569,-122750000,-7771378000,-0.5926340038086569,0.0,-7771378000,-0.5926340038086569,0.0,0.0,0.0,0.0,https://www.sec.gov/Archives/edgar/data/1071411/000107141109000021/0001071411-09-000021-index.html,https://www.sec.gov/Archives/edgar/data/1071411/000107141109000021/form10_k.htm
0,2008-09-30,FSNN,2008-11-14 00:00:00,2008-11-14 17:27:54,Q3,14515430000,13608525000,906905000,0.062478686473635296,0.0,2873772000,0.0,14115057000,16988829000,30597354000,134223000,470583000,-2101150000,-0.14475285954325845,-2571733000,-0.17717236072234857,-98334000,-2571733000,-0.17717236072234857,0.0,-2571733000,-0.17717236072234857,0.0,0.0,0.0,0.0,https://www.sec.gov/Archives/edgar/data/1071411/000107141108000047/0001071411-08-000047-index.html,https://www.sec.gov/Archives/edgar/data/1071411/000107141108000047/form10q_fqe093008.htm
0,2008-06-30,FSNN,2008-08-14 00:00:00,2008-08-14 16:30:57,Q2,11400840000,10653613000,747227000,0.06554139870395514,0.0,3048730000,0.0,11134765000,14183495000,24837108000,53197000,462521000,-2431440000,-0.21326849600555747,-2893961000,-0.2538375242525989,-111306000,-2893961000,-0.2538375242525989,0.0,-2893961000,-0.2538375242525989,-0.08818,-0.08818,32818945000,32818945000,https://www.sec.gov/Archives/edgar/data/1071411/000107141108000020/0001071411-08-000020-index.html,https://www.sec.gov/Archives/edgar/data/1071411/000107141108000020/form10q063008.htm
0,2008-03-31,FSNN,2008-05-15 00:00:00,2008-05-15 17:18:57,Q1,11529817000,10707974000,821843000,0.07127979568105894,0.0,3310811000,0.0,11199043000,14509854000,25217828000,17390000,461677000,-1901312000,-0.1649039182495264,-2362989000,-0.2049459241200446,617048000,-2362989000,-0.2049459241200446,0.0,-2362989000,-0.2049459241200446,-0.072,-0.072,32818945000,32818945000,https://www.sec.gov/Archives/edgar/data/1071411/000116923208002107/0001169232-08-002107-index.html,https://www.sec.gov/Archives/edgar/data/1071411/000116923208002107/form10q-fqe033108_15.htm
0,2007-12-31,FSNN,2008-03-31,2008-03-31 16:37:17,Q4,14717018000,13604176000,1112842000,0.07561599775171846,0.0,2891906000,0.0,18076465000,20968371000,34572547000,10441000,460303000,-5227519000,-0.35520232427520304,-5687822000,-0.38647924464045635,563531000,-5687822000,-0.38647924464045635,0.0,-5687822000,-0.38647924464045635,-0.20824,-0.20824,27314196000,27314196000,https://www.sec.gov/Archives/edgar/data/1071411/000114420408019179/0001144204-08-019179-index.htm,https://www.sec.gov/Archives/edgar/data/1071411/000114420408019179/v108819_10k.htm
0,2007-09-30,FSNN,2007-11-14 00:00:00,2007-11-14 14:36:45,Q3,13356679000,12355657000,1001022000,0.07494542617966637,0.0,2895913000,0.0,12828940000,15724853000,28080510000,27573000,437920000,-1933068000,-0.14472669441258565,-2370988000,-0.17751328754700177,-2814000.0,-2370988000,-0.17751328754700177,0.0,-2370988000,-0.17751328754700177,-0.08794,-0.08794,26961712000,26961712000,https://www.sec.gov/Archives/edgar/data/1071411/000114420407061230/0001144204-07-061230-index.html,https://www.sec.gov/Archives/edgar/data/1071411/000114420407061230/v093357_10q.htm
0,2007-06-30,FSNN,2007-08-14 00:00:00,2007-08-14 13:57:09,Q2,13744209000,12751750000,992459000,0.0722092482732182,0.0,3269297000,0.0,13193956000,16463253000,29215003000,27831000,418635000,-1361804000,-0.09908202065320747,-1780439000,-0.12954103069882014,938605000,-1780439000,-0.12954103069882014,0.0,-1780439000,-0.12954103069882014,-0.06604,-0.06604,26958965000,26958965000,https://www.sec.gov/Archives/edgar/data/1071411/000114420407043170/0001144204-07-043170-index.html,https://www.sec.gov/Archives/edgar/data/1071411/000114420407043170/v083861_10q.htm
0,2007-03-31,FSNN,2007-04-02 00:00:00,2007-04-02 14:41:43,Q1,13205954000,12085771000,1120183000,0.0848240876804508,0.0,3427369000,0.0,12560168000,15987537000,28073308000,23148000,392182000,-2436839000,-0.1845257828400735,-2829021000,-0.2142231451056092,-47438000,-2829021000,-0.2142231451056092,0.0,-2829021000,-0.2142231451056092,-0.0001,-0.0001,26958965000,28290210000000,https://www.sec.gov/Archives/edgar/data/1071411/000114420407016327/0001144204-07-016327-index.html,https://www.sec.gov/Archives/edgar/data/1071411/000114420407016327/v069797_10k.htm
0,2006-12-31,FSNN,2007-04-02 00:00:00,2007-04-02 14:41:43,Q4,15293271000,13840169000,1453102000,0.09501577523866542,0.0,3557715000,0.0,15420115000,18977830000,32817999000,23520000,532550000,-3236082000,-0.21160169070436272,-3768632000,-0.2464241953209356,-84073000,-3669402000,-0.23993572074934133,0.0,-3669402000,-0.23993572074934133,-0.13724,-0.13724,26737083000,26737083000,https://www.sec.gov/Archives/edgar/data/1071411/000114420407016327/0001144204-07-016327-index.html,https://www.sec.gov/Archives/edgar/data/1071411/000114420407016327/v069797_10k.htm
0,2006-09-30,FSNN,2006-11-14,2006-11-14 15:16:43,Q3,13806079000,10635841000,3170238000,0.22962623928198586,0.0,3597214000,0.0,11852654000,15449868000,26085709000,30972000,386003000,-3271945000,-0.2369930666049354,-3657948000,-0.26495198238399187,63397000,-3926049000,-0.28437103684543596,0.0,-3926049000,-0.28437103684543596,-0.14724,-0.14724,26664096000,26664096000,https://www.sec.gov/Archives/edgar/data/1071411/000114420406047371/0001144204-06-047371-index.htm,https://www.sec.gov/Archives/edgar/data/1071411/000114420406047371/v057572_10q.htm
0,2006-06-30,FSNN,2006-08-14,2006-08-14 17:18:54,Q2,8465556000,9382411000,-916855000,-0.10830416809008174,0.0,3946360000,0.0,9954813000,13901173000,23283584000,29514000,247651000,-2554040000,-0.301697844772393,-2801691000,-0.3309518004487833,556370000,-2801691000,-0.3309518004487833,0.0,-2801691000,-0.3309518004487833,-0.10554,-0.10554,26546842000,26546842000,https://www.sec.gov/Archives/edgar/data/1071411/000114420406033462/0001144204-06-033462-index.htm,https://www.sec.gov/Archives/edgar/data/1071411/000114420406033462/v049575_10-q.htm
0,2006-03-31,FSNN,2006-05-15,2006-05-15 14:47:26,Q1,9522158000,8605303000,916855000,0.09628647203711596,0.0,3701773000,0.0,8836193000,12537966000,21143269000,30000000,230890000,-2723170000,-0.28598244221530456,-2954060000,-0.310230097001121,61748000,-2954060000,-0.310230097001121,0.0,-2954060000,-0.310230097001121,-0.00011,-0.00011,26195614000,26855090909000,https://www.sec.gov/Archives/edgar/data/1071411/000114420406020381/0001144204-06-020381-index.htm,https://www.sec.gov/Archives/edgar/data/1071411/000114420406020381/v042919_10q.htm
0,2005-12-31,FSNN,2006-03-31,2006-03-31 17:19:50,Q4,9051857000,8067425000,984432000,0.10875470083100075,0.0,3349847000,0.0,8349517000,11699364000,19766789000,-116507000,282092000,-9624892000,-1.0633057946010416,-9906984000,-1.0944697866968072,-201865000,-2687462000,-0.2968962059387372,0.0,-2687462000,-0.2968962059387372,-0.10944,-0.10944,24555878000,24555878000,https://www.sec.gov/Archives/edgar/data/1071411/000114420406013250/0001144204-06-013250-index.htm,https://www.sec.gov/Archives/edgar/data/1071411/000114420406013250/v038674_10-k.htm
0,2005-09-30,FSNN,2005-11-14,2005-11-14 17:53:17,Q3,9123742000,8280078000,843664000,0.09246907683272938,0.0,2854067000,0.0,8638747000,11492814000,19772892000,-107276000,358669000,5075141000,0.5562565228170634,4716472000,0.5169449114190209,27932000,-2341140000,-0.25659866313624385,0.0,-2341140000,-0.25659866313624385,-0.09534,-0.09534,24555878000,24555878000,https://www.sec.gov/Archives/edgar/data/1071411/000114420405035597/0001144204-05-035597-index.htm,https://www.sec.gov/Archives/edgar/data/1071411/000114420405035597/v028916_10q.htm
0,2005-06-30,FSNN,2005-08-15,2005-08-15 16:32:07,Q2,19259891000,17703991000,1555900000,0.08078446549879228,0.0,3029680000,0.0,29570825000,32600505000,50304496000,-91380000,436387000,-1464494000,-0.07603854040503137,-1900881000,-0.0986963529544378,-424503000,-1900881000,-0.0986963529544378,0.0,-1900881000,-0.0986963529544378,-0.0801,-0.0801,23730789000,23730789000,https://www.sec.gov/Archives/edgar/data/1071411/000114420405025513/0001144204-05-025513-index.htm,https://www.sec.gov/Archives/edgar/data/1071411/000114420405025513/v023668.htm
0,2005-03-31,FSNN,2005-05-16,2005-05-16 15:36:19,Q1,11929052000,10997423000,931629000,0.07809748838382127,0.0,2705407000,0.0,0.0,2705407000,13702830000,275803000,433024000,-2207567000,-0.185058041493993,-2640591000,-0.22135799223609723,0.0,-2465591000,-0.20668792457271543,0.0,-2465591000,-0.20668792457271543,-0.11582,-0.11582,21288610000,21288610000,https://www.sec.gov/Archives/edgar/data/1071411/000114420405015702/0001144204-05-015702-index.htm,https://www.sec.gov/Archives/edgar/data/1071411/000114420405015702/v017749_10q.htm
