,date,symbol,fillingDate,acceptedDate,period,revenue,costOfRevenue,grossProfit,grossProfitRatio,researchAndDevelopmentExpenses,generalAndAdministrativeExpenses,sellingAndMarketingExpenses,otherExpenses,operatingExpenses,costAndExpenses,interestExpense,depreciationAndAmortization,ebitda,ebitdaratio,operatingIncome,operatingIncomeRatio,totalOtherIncomeExpensesNet,incomeBeforeTax,incomeBeforeTaxRatio,incomeTaxExpense,netIncome,netIncomeRatio,eps,epsdiluted,weightedAverageShsOut,weightedAverageShsOutDil,link,finalLink
0,2020-06-30,UXIN,2020-07-24 00:00:00,2020-07-24 16:11:50,Q2,62228000,79912000,-17684000,-0.284181,22805000,128626000,0.0,-40752000,110679000,190591000,-27559000,0.0,115822000,1.861252,-128363000,-2.062785,-2200000.0,-158122000,-2.54101,32000.0,143349000,2.303609,0.16085,0.16085,891184670,891184670,https://www.sec.gov/Archives/edgar/data/1729173/000110465920086442/0001104659-20-086442-index.htm,https://www.sec.gov/Archives/edgar/data/1729173/000110465920086442/a20-25566_16k.htm
0,2020-03-31,UXIN,2020-04-24 00:00:00,2020-04-24 06:02:33,Q1,103861000,110714000,-6853000.0,-0.065982,31176000,2203999000,0.0,-56043000,2000112000,2110826000,-26336000,0.0,-2510189000,-24.168735,-2006965000,-19.323567,-7698000.0,-2040999000,-19.651255,326000.0,-2484179000,-23.918304,-2.79605,-2.79605,888460870,888460870,https://www.sec.gov/Archives/edgar/data/1729173/000110465920050530/0001104659-20-050530-index.html,https://www.sec.gov/Archives/edgar/data/1729173/000110465920050530/a20-16718_16k.htm
0,2019-12-31,UXIN,2020-01-17 00:00:00,2020-01-17 06:15:56,Q4,299254000,93357000,205897000,0.688034,0.0,371235000,0.0,149831000,521066000,614423000,-24478000,0.0,-1094204000,-3.656439,-315169000,-1.053182,20454000,-319193000,-1.066629,1905000.0,-1071631000,-3.581008,-1.19194,-1.19194,899062680,899062680,https://www.sec.gov/Archives/edgar/data/1729173/000110465920004892/0001104659-20-004892-index.html,https://www.sec.gov/Archives/edgar/data/1729173/000110465920004892/a20-3605_16k.htm
0,2019-09-30,UXIN,2019-10-02 00:00:00,2019-10-02 06:03:20,Q3,461417000,206594000,254823000,0.552262,53763000,456108000,0.0,-1915000.0,507955999.99999994,714550000,-17677000,0.0,-284911000,-0.61747,-253133000,-0.548599,-6698000.0,-277508000,-0.601426,-384000.0,-266850000,-0.578327,-0.30228,-0.30228,882780750,882780750,https://www.sec.gov/Archives/edgar/data/1729173/000110465919052363/0001104659-19-052363-index.html,https://www.sec.gov/Archives/edgar/data/1729173/000110465919052363/a19-19191_16k.htm
0,2019-06-30,UXIN,2019-09-17 00:00:00,2019-09-17 06:05:55,Q2,439187000,204864000,234323000,0.533538,56094000,520546000,0.0,0.0,614415000,819279000,5881000.0,0.0,-365408000,-0.83201,-380092000,-0.865445,428000.0,-373783000,-0.851079,-5632000.0,-365657000,-0.832577,-0.41422,-0.41422,882761120,882761120,https://www.sec.gov/Archives/edgar/data/1729173/000110465919050324/0001104659-19-050324-index.html,https://www.sec.gov/Archives/edgar/data/1729173/000110465919050324/a19-18687_16k.htm
0,2019-03-31,UXIN,2019-04-17 00:00:00,2019-04-17 06:08:42,Q1,388173000,184477000,203696000,0.524756,46535000,538677000,0.0,0.0,585212000,769689000,-28852000,0.0,-311833000,-0.803335,-381516000,-0.98285,20389000,-389979000,-1.004653,1557000.0,-284538000,-0.733019,-0.32242,-0.32242,882506990,882506990,https://www.sec.gov/Archives/edgar/data/1729173/000110465919021773/0001104659-19-021773-index.html,https://www.sec.gov/Archives/edgar/data/1729173/000110465919021773/a19-8492_16k.htm
0,2018-12-31,UXIN,2019-01-14 00:00:00,2019-01-14 06:05:42,Q4,659090000,418852000,240238000,0.3645,124513000,2599744000,0.0,4414000.0,2728671000.0000005,3147523000.0000005,1137532000,74722000,-308616000,-0.468246,-2488433000,-3.775559,-1847000.0,-1352748000,-2.052448,1644000.0,-1522514000,-2.310024,-3.18618,-3.18618,477848760,477848760,https://www.sec.gov/Archives/edgar/data/1729173/000110465919001662/0001104659-19-001662-index.html,https://www.sec.gov/Archives/edgar/data/1729173/000110465919001662/a19-2835_16k.htm
0,2018-09-30,UXIN,2018-11-23 00:00:00,2018-11-23 06:10:11,Q3,345871000,187427000,158444000,0.458101,34069000,614195000,0.0,0.0,648264000,835691000,-32719000,0.0,-624344000,-1.805135,-489820000,-1.416193,6579000.0,-515960000,-1.49177,895000.0,-592520000,-1.713124,-0.67548,-0.67548,877180390,877180390,https://www.sec.gov/Archives/edgar/data/1729173/000110465918069664/0001104659-18-069664-index.html,https://www.sec.gov/Archives/edgar/data/1729173/000110465918069664/a18-40500_16k.htm
