,date,symbol,fillingDate,acceptedDate,period,revenue,costOfRevenue,grossProfit,grossProfitRatio,researchAndDevelopmentExpenses,generalAndAdministrativeExpenses,sellingAndMarketingExpenses,otherExpenses,operatingExpenses,costAndExpenses,interestExpense,depreciationAndAmortization,ebitda,ebitdaratio,operatingIncome,operatingIncomeRatio,totalOtherIncomeExpensesNet,incomeBeforeTax,incomeBeforeTaxRatio,incomeTaxExpense,netIncome,netIncomeRatio,eps,epsdiluted,weightedAverageShsOut,weightedAverageShsOutDil,link,finalLink
0,2020-09-30,CCOI,2020-11-05,2020-11-05 10:40:41,Q3,142301000,0.0,142301000,1.0,0.0,39719000,0.0,76140000,115859000,115859000,15761000,21620000,47738000,0.33547199246667275,26118000,0.18354052325703965,402000.0,-6556000.0,-0.04607135578808301,1601000.0,-4955000.0,-0.03482055642616707,0.28,0.28,46686670,46686670,https://www.sec.gov/Archives/edgar/data/1158324/000110465920121637/0001104659-20-121637-index.htm,https://www.sec.gov/Archives/edgar/data/1158324/000110465920121637/ccoi-20200930x10q.htm
0,2020-06-30,CCOI,2020-08-06,2020-08-06 12:51:22,Q2,140990000,53886000,87104000,0.6178026810412086,0.0,39839000,0.0,11859000,60168000,114054000,15500000,19894000.000000004,46693000,0.33118,26936000,0.191049,-2177000.0,11299000,0.08014,2735000.0,8564000.0,0.060742,0.18344,0.18344,46686670,46686670,https://www.sec.gov/Archives/edgar/data/1158324/000110465920091306/0001104659-20-091306-index.htm,https://www.sec.gov/Archives/edgar/data/1158324/000110465920091306/ccoi-20200630x10q.htm
0,2020-03-31,CCOI,2020-05-07,2020-05-07 11:10:49,Q1,140914000,55920000,84994000,0.603162212413245,0.0,39674000,0.0,9898000.0,59141000.00000001,115061000,-13020000,19508000,19321000,0.137112,25853000,0.183467,2205000.0,12833000,0.09107,3606000.0,9227000.0,0.06548,0.19784,0.19784,46639560,46639560,https://www.sec.gov/Archives/edgar/data/1158324/000110465920057887/0001104659-20-057887-index.htm,https://www.sec.gov/Archives/edgar/data/1158324/000110465920026777/ccoi-20191231x10k90102d.htm
0,2019-12-31,CCOI,2020-02-28,2020-02-28 10:35:21,Q4,140293000,55990000,84303000,0.6009066738896452,0.0,36517000,0.0,9614000.0,56267000,112257000,15210000,20000999.999999996,45952000,0.327543,28036000,0.199839,-2057000.0,10769000,0.076761,3275000.0,7466000.0,0.053217,0.16064,0.16064,46476590,46476590,https://www.sec.gov/Archives/edgar/data/1158324/000110465920026777/0001104659-20-026777-index.htm,https://www.sec.gov/Archives/edgar/data/1158324/000110465920026777/ccoi-20191231x10k90102d.htm
0,2019-09-30,CCOI,2019-11-07,2019-11-07 10:15:58,Q3,136942000,55253000,81689000,0.5965226154138248,0.0,35971000,0.0,9310000.0,55890000,111143000,15192000,20006000,54153000,0.395445,25799000,0.188394,8355000.0,18955000,0.138416,5254000.0,13701000,0.10005,0.29772,0.29772,46019690,46019690,https://www.sec.gov/Archives/edgar/data/1158324/000110465919060890/0001104659-19-060890-index.htm,https://www.sec.gov/Archives/edgar/data/1158324/000110465919060890/ccoi-20190930x10q8e1746.htm
0,2019-06-30,CCOI,2019-08-08,2019-08-08 11:18:34,Q2,268924000,108558000,160366000,0.5963246121580819,0.0,74425000,0.0,10354000,113944000,222502000,13595000,19977000,56522000,0.210178,46422000,0.172621,1745000.0,22950000,0.08534,6597000.0,16353000,0.060809,0.35562,0.35562,45984010,45984010,https://www.sec.gov/Archives/edgar/data/1158324/000141057819000725/0001410578-19-000725-index.htm,https://www.sec.gov/Archives/edgar/data/1158324/000141057819000725/ccoi-20190630x10q.htm
0,2019-03-31,CCOI,2019-05-02,2019-05-02 11:01:09,Q1,134137000,54150000,79987000,0.5963082520110037,0.0,35860000,0.0,6688000.0,55586999.99999999,109737000,13456000,20263000,46490000,0.346586,24400000,0.181904,1827000.0,12771000,0.095209,3554000.0,9217000.0,0.068713,0.20193,0.20193,45644240,45644240,https://www.sec.gov/Archives/edgar/data/1158324/000110465919026271/0001104659-19-026271-index.htm,https://www.sec.gov/Archives/edgar/data/1158324/000104746919000604/a2237655z10-k.htm
0,2018-12-31,CCOI,2019-02-22,2019-02-22 08:53:16,Q4,132049000,55658000,76391000,0.5785049489204764,0.0,33221000,0.0,21221000,54083000,109741000,13509000,20953000.000000004,45194000,0.342252,22308000,0.168937,5880000.0,10862000,0.082257,3632000.0,7100000.0,0.053768,0.15318,0.15318,46350170,46350170,https://www.sec.gov/Archives/edgar/data/1158324/000104746919000604/0001047469-19-000604-index.htm,https://www.sec.gov/Archives/edgar/data/1158324/000104746919000604/a2237655z10-k.htm
0,2018-09-30,CCOI,2018-11-01,2018-11-01 11:00:46,Q3,130139000,54615000,75524000,0.5803333358946972,0.0,33409000,0.0,4821000.0,53269000,107884000,12767000,20280000,44472000,0.341727,22255000,0.171009,1938000.0,11425000,0.087791,3194000.0,8231000.0,0.063248,0.18011,0.18011,45699640,45699640,https://www.sec.gov/Archives/edgar/data/1158324/000110465918065326/0001104659-18-065326-index.htm,https://www.sec.gov/Archives/edgar/data/1158324/000110465918065326/a18-18977_110q.htm
0,2018-06-30,CCOI,2018-08-02,2018-08-02 10:42:39,Q2,129300000,54400000,74900000,0.5792730085073473,0.0,33700000,0.0,4695000.0,53500000.00000001,107900000.00000001,12372000,20200000,41772000,0.323063,21400000,0.165507,185000.0,9200000.0,0.071152,2600000.0,6600000.0,0.051044,0.14505,0.14505,45500000,45500000,https://www.sec.gov/Archives/edgar/data/1158324/000110465918049030/0001104659-18-049030-index.htm,https://www.sec.gov/Archives/edgar/data/1158324/000110465918049030/a18-13826_110q.htm
0,2018-03-31,CCOI,2018-05-03,2018-05-03 10:04:49,Q1,128700000,54900000,73800000,0.5734265734265734,0.0,33500000,0.0,3784000.0,53199999.99999999,108100000,12408000,19800000,42108000,0.327179,20600000,0.160062,1694.0,9900000.0,0.076923,3100000.0,6800000.0,0.052836,0.15011,0.15011,45300000,45300000,https://www.sec.gov/Archives/edgar/data/1158324/000110465918030116/0001104659-18-030116-index.htm,https://www.sec.gov/Archives/edgar/data/1158324/000104746918000988/a2234130z10-k.htm
0,2017-12-31,CCOI,2018-02-23,2018-02-23 08:53:51,Q4,125200000,53900000,71300000,0.5694888178913738,0.0,31800000,0.0,3684000.0,50800000.00000001,104700000,12222000,19300000.000000004,28722000.000000004,0.229409,20500000,0.163738,165000.0,8500000.0,0.067891,3400000.0,-6200000.0,-0.049521,-0.13747,-0.13747,45100000,45100000,https://www.sec.gov/Archives/edgar/data/1158324/000104746918000988/0001047469-18-000988-index.htm,https://www.sec.gov/Archives/edgar/data/1158324/000104746918000988/a2234130z10-k.htm
0,2017-09-30,CCOI,2017-11-02,2017-11-02 11:15:45,Q3,123000000,53600000,69400000,0.5642276422764227,0.0,32900000,0.0,3734000.0,51600000,105200000,12267000,19200000.000000004,38567000,0.313553,17700000,0.143902,1632.0,7100000.0,0.057724,3400000.0,3700000.0,0.030081,0.08204,0.08204,45100000,45100000,https://www.sec.gov/Archives/edgar/data/1158324/000110465917065452/0001104659-17-065452-index.htm,https://www.sec.gov/Archives/edgar/data/1158324/000110465917065452/a17-20305_110q.htm
0,2017-06-30,CCOI,2017-08-03,2017-08-03 10:52:23,Q2,119800000,51100000,68700000,0.5734557595993323,0.0,31800000,0.0,3225000.0,49699999.99999999,100800000,12087000,18900000,38887000,0.324599,19000000,0.158598,1016.0,7900000.0,0.065943,3600000.0,4300000.0,0.035893,0.09556,0.09556,45000000,45000000,https://www.sec.gov/Archives/edgar/data/1158324/000110465917049189/0001104659-17-049189-index.htm,https://www.sec.gov/Archives/edgar/data/1158324/000110465917049189/a17-13277_110q.htm
0,2017-03-31,CCOI,2017-05-04,2017-05-04 10:36:16,Q1,117200000,50700000,66500000,0.5674061433447098,0.0,31500000,0.0,2647000.0,47800000,98500000,11891000,18500000,37991000,0.324155,18700000,0.159556,854.0,7600000.0,0.064846,3500000.0,4100000.0,0.034983,0.09111,0.09111,45000000,45000000,https://www.sec.gov/Archives/edgar/data/1158324/000110465917029724/0001104659-17-029724-index.htm,https://www.sec.gov/Archives/edgar/data/1158324/000104746917000932/a2230971z10-k.htm
0,2016-12-31,CCOI,2017-02-24,2017-02-24 10:12:47,Q4,115600000,50100000,65500000,0.5666089965397924,0.0,31300000,0.0,10735000,50699999.99999999,100800000,10603000,20000000,35103000,0.303659,14800000,0.128028,344000.0,4500000.0,0.038927,600000.0,3900000.0,0.033737,0.08628,0.08628,45200000,45200000,https://www.sec.gov/Archives/edgar/data/1158324/000104746917000932/0001047469-17-000932-index.htm,https://www.sec.gov/Archives/edgar/data/1158324/000104746917000932/a2230971z10-k.htm
0,2016-09-30,CCOI,2016-11-03,2016-11-03 11:07:27,Q3,113100000,48800000,64300000,0.5685234305923961,0.0,30100000,0.0,67631000,48200000,97000000,9891000.0,18800000.000000004,35091000.00000001,0.310265,16100000,0.142352,209.0,6400000.0,0.056587,2900000.0,3500000.0,0.030946,0.07813,0.07813,44800000,44800000,https://www.sec.gov/Archives/edgar/data/1158324/000110465916154452/0001104659-16-154452-index.htm,https://www.sec.gov/Archives/edgar/data/1158324/000110465916154452/a16-16944_110q.htm
0,2016-06-30,CCOI,2016-08-04,2016-08-04 10:58:02,Q2,110000000,47900000,62100000,0.5645454545454546,0.0,29800000,0.0,2687000.0,44500000.00000001,92400000.00000001,10244000,18599999.999999996,36444000,0.331309,17500000,0.159091,335.0,7600000.0,0.069091,3400000.0,4200000.0,0.038182,0.09396,0.09396,44700000,44700000,https://www.sec.gov/Archives/edgar/data/1158324/000110465916136873/0001104659-16-136873-index.htm,https://www.sec.gov/Archives/edgar/data/1158324/000110465916136873/a16-11337_110q.htm
0,2016-03-31,CCOI,2016-05-05,2016-05-05 14:09:59,Q1,108300000,47300000,61000000,0.5632502308402585,0.0,29500000,0.0,2181000.0,45300000,92600000,10065000,17800000,33665000,0.310849,15700000,0.144968,133.0,5700000.0,0.052632,2400000.0,3400000.0,0.031394,0.07623,0.07623,44600000,44600000,https://www.sec.gov/Archives/edgar/data/1158324/000110465916118204/0001104659-16-118204-index.htm,https://www.sec.gov/Archives/edgar/data/1158324/000104746916010372/a2227147z10-k.htm
0,2015-12-31,CCOI,2016-02-24,2016-02-24 16:15:51,Q4,105200000,45800000,59400000,0.564638783269962,0.0,27200000,0.0,2571000.0,43200000,89000000,10280000,18000000,34680000,0.329658,16200000,0.153992,390000.0,6300000.0,0.059886,3900000.0,2500000.0,0.023764,0.05543,0.05543,45100000,45100000,https://www.sec.gov/Archives/edgar/data/1158324/000104746916010372/0001047469-16-010372-index.htm,https://www.sec.gov/Archives/edgar/data/1158324/000104746916010372/a2227147z10-k.htm
0,2015-09-30,CCOI,2015-11-05,2015-11-05 10:34:44,Q3,103000000,45200000,57800000,0.5611650485436893,0.0,27300000,0.0,2704000.0,42300000,87500000,10000000,17600000,33200000,0.32233,15500000,0.150485,50000.0,5600000.0,0.054369,2400000.0,3200000.0,0.031068,0.07159,0.07159,44700000,44700000,https://www.sec.gov/Archives/edgar/data/1158324/000110465915076093/0001104659-15-076093-index.htm,https://www.sec.gov/Archives/edgar/data/1158324/000110465915076093/a15-17794_110q.htm
0,2015-06-30,CCOI,2015-08-06,2015-08-06 12:14:55,Q2,98800000,42400000,56400000,0.5708502024291497,0.0,28900000,0.0,3099000.0,45600000,88000000,9693000.0,17400000,28593000,0.289403,10800000,0.109312,419000.0,1500000.0,0.015182,700000.0,800000.0,0.008097,0.01778,0.01778,45000000,45000000,https://www.sec.gov/Archives/edgar/data/1158324/000110465915056983/0001104659-15-056983-index.htm,https://www.sec.gov/Archives/edgar/data/1158324/000110465915056983/a15-11850_110q.htm
0,2015-03-31,CCOI,2015-05-08,2015-05-08 11:45:12,Q1,97200000,41100000,56100000,0.5771604938271605,0.0,29700000,0.0,3141000.0,45699999.99999999,86800000,11307000,17500000,28107000,0.289167,10500000,0.108025,97000.0,-700000.0,-0.007202,900000.0,-1600000.0,-0.016461,-0.03563,-0.03563,44900000,44900000,https://www.sec.gov/Archives/edgar/data/1158324/000110465915036042/0001104659-15-036042-index.htm,https://www.sec.gov/Archives/edgar/data/1158324/000104746915001355/a2223182z10-k.htm
0,2014-12-31,CCOI,2015-02-27,2015-02-27 09:17:21,Q4,96800000,41000000,55800000,0.5764462809917356,0.0,27900000,0.0,3001000.0,42700000,83700000,12189000,17600000,30589000,0.316002,13100000,0.135331,0.0,900000.0,0.009298,1200000.0,-400000.0,-0.004132,-0.00879,-0.00879,45500000,45500000,https://www.sec.gov/Archives/edgar/data/1158324/000104746915001355/0001047469-15-001355-index.htm,https://www.sec.gov/Archives/edgar/data/1158324/000104746915001355/a2223182z10-k.htm
0,2014-09-30,CCOI,2014-11-07,2014-11-07 14:38:24,Q3,95700000,40400000,55300000,0.5778474399164054,0.0,27400000,0.0,2692000.0,41699999.99999999,82100000,12664000,17400000,31164000,0.325643,13600000,0.142111,140000.0,1100000.0,0.011494,1300000.0,-200000.0,-0.00209,-0.00439,-0.00439,45600000,45600000,https://www.sec.gov/Archives/edgar/data/1158324/000110465914078307/0001104659-14-078307-index.htm,https://www.sec.gov/Archives/edgar/data/1158324/000110465914078307/a14-18996_110q.htm
0,2014-06-30,CCOI,2014-08-07,2014-08-07 14:05:58,Q2,94600000,39600000,55000000,0.5813953488372093,0.0,26100000,0.0,1872000.0,40699999.99999999,80300000,13789000,17300000,31889000,0.337093,14300000,0.151163,267000.0,800000.0,0.008457,-400000.0,1200000.0,0.012685,0.02592,0.02592,46300000,46300000,https://www.sec.gov/Archives/edgar/data/1158324/000110465914058141/0001104659-14-058141-index.htm,https://www.sec.gov/Archives/edgar/data/1158324/000110465914058141/a14-17066_110q.htm
0,2014-03-31,CCOI,2014-05-08,2014-05-08 14:28:12,Q1,92900000,38800000,54100000,0.5823466092572659,0.0,26300000,0.0,2006000.0,41200000,80000000,11303000,17200000,30203000,0.325113,12900000,0.138859,137000.0,1700000.0,0.018299,1600000.0,100000.0,0.001076,0.00213,0.00213,46900000,46900000,https://www.sec.gov/Archives/edgar/data/1158324/000110465914036390/0001104659-14-036390-index.htm,https://www.sec.gov/Archives/edgar/data/1158324/000104746914001543/a2218291z10-k.htm
0,2013-12-31,CCOI,2014-02-28,2014-02-28 10:22:11,Q4,89900000,38400000,51500000,0.5728587319243604,0.0,22800000,0.0,2007000.0,39400000,77800000,11144000,16600000.00000001,29744000.00000001,0.330857,12100000,0.134594,0.0,2000000.0,0.022247,-50600000,52600000,0.585095,1.11205,1.11205,47300000,47300000,https://www.sec.gov/Archives/edgar/data/1158324/000104746914001543/0001047469-14-001543-index.htm,https://www.sec.gov/Archives/edgar/data/1158324/000104746914001543/a2218291z10-k.htm
0,2013-09-30,CCOI,2013-11-08,2013-11-08 11:36:58,Q3,87800000,37400000,50400000,0.5740318906605922,0.0,21700000,0.0,2061000.0,37800000.00000001,75200000,10569000,31900000,44769000,0.509897,12600000,0.143508,292000.0,2300000.0,0.026196,200000.0,2100000.0,0.023918,0.04487,0.04487,46800000,46800000,https://www.sec.gov/Archives/edgar/data/1158324/000110465913082662/0001104659-13-082662-index.htm,https://www.sec.gov/Archives/edgar/data/1158324/000110465913082662/a13-18737_110q.htm
0,2013-06-30,CCOI,2013-08-08,2013-08-08 10:12:07,Q2,85800000,37100000,48700000,0.5675990675990676,0.0,21200000,0.0,2137000.0,37100000,74200000,10215000,17513000,12215000,0.142366,11600000,0.135198,587.0,2000000.0,0.02331,400000.0,1600000.0,0.018648,0.03419,0.03419,46800000,46800000,https://www.sec.gov/Archives/edgar/data/1158324/000110465913061434/0001104659-13-061434-index.htm,https://www.sec.gov/Archives/edgar/data/1158324/000110465913061434/a13-12575_110q.htm
0,2013-03-31,CCOI,2013-05-08,2013-05-08 09:38:56,Q1,84600000,37300000,47300000,0.5591016548463357,0.0,21500000,0.0,2514000.0,37300000,74600000,9869000.0,15900000,26469000,0.312872,9900000.0,0.117021,658.0,700000.0,0.008274,300000.0,400000.0,0.004728,0.00862,0.00862,46400000,46400000,https://www.sec.gov/Archives/edgar/data/1158324/000110465913038579/0001104659-13-038579-index.htm,https://www.sec.gov/Archives/edgar/data/1158324/000104746913001769/a2213021z10-k.htm
0,2012-12-31,CCOI,2013-02-27,2013-02-27 10:24:20,Q4,82600000,37700000,44900000,0.5435835351089588,0.0,19700000,0.0,2531000.0,35700000,73400000,9321000.0,16100000,26221000,0.317446,9200000.0,0.11138,925000.0,800000.0,0.009685,1100000.0,-300000.0,-0.003632,-0.00659,-0.00659,45500000,45500000,https://www.sec.gov/Archives/edgar/data/1158324/000104746913001769/0001047469-13-001769-index.htm,https://www.sec.gov/Archives/edgar/data/1158324/000104746913001769/a2213021z10-k.htm
0,2012-09-30,CCOI,2012-11-07,2012-11-07 15:56:24,Q3,79700000,36500000,43200000,0.5420326223337516,0.0,19500000,0.0,2530000.0,35099999.99999999,71600000,9016000.0,15700000,24116000,0.302585,8000000.0,0.100376,402000.0,-600000.0,-0.007528,-500000.0,-100000.0,-0.001255,-0.0022,-0.0022,45400000,45400000,https://www.sec.gov/Archives/edgar/data/1158324/000110465912075320/0001104659-12-075320-index.htm,https://www.sec.gov/Archives/edgar/data/1158324/000110465912075320/a12-18755_110q.htm
0,2012-06-30,CCOI,2012-08-09,2012-08-09 11:27:38,Q2,77800000,35100000,42700000,0.5488431876606684,0.0,19400000,0.0,2024000.0,34900000,70000000,8989000.0,15500000,23489000,0.301915,7800000.0,0.100257,149000.0,-1000000.0,-0.012853,800000.0,-1800000.0,-0.023136,-0.03974,-0.03974,45300000,45300000,https://www.sec.gov/Archives/edgar/data/1158324/000110465912056350/0001104659-12-056350-index.htm,https://www.sec.gov/Archives/edgar/data/1158324/000110465912056350/a12-13287_110q.htm
0,2012-03-31,CCOI,2012-05-07,2012-05-07 11:49:49,Q1,76900000,34300000,42600000,0.5539661898569571,0.0,21300000,0.0,1238000.0,36600000.00000001,70900000.00000001,8993000.0,15200000,21493000,0.279493,6000000.0,0.078023,375.0,-2700000.0,-0.035111,-600000.0,-2100000.0,-0.027308,-0.04646,-0.04646,45200000,45200000,https://www.sec.gov/Archives/edgar/data/1158324/000110465912033653/0001104659-12-033653-index.htm,https://www.sec.gov/Archives/edgar/data/1158324/000104746912001587/a2207132z10-k.htm
0,2011-12-31,CCOI,2012-02-27,2012-02-27 14:39:56,Q4,79100000,33500000,45600000,0.5764854614412137,0.0,19500000,0.0,1688000.0,34700000,68200000,8838000.0,59850000,11138000,0.140809,10900000,0.1378,238000.0,2300000.0,0.029077,-3100000.0,5400000.0,0.068268,0.11842,0.11842,45600000,45600000,https://www.sec.gov/Archives/edgar/data/1158324/000104746912001587/0001047469-12-001587-index.htm,https://www.sec.gov/Archives/edgar/data/1158324/000104746912001587/a2207132z10-k.htm
0,2011-09-30,CCOI,2011-11-03,2011-11-03 10:43:37,Q3,77400000,33600000,43800000,0.5658914728682171,0.0,19000000,0.0,1904000.0,34199999.99999999,67800000,8953000.0,0.0,9653000.0,0.124716,9600000.0,0.124031,81.0,700000.0,0.009044,400000.0,300000.0,0.003876,0.00658,0.00658,45600000,45600000,https://www.sec.gov/Archives/edgar/data/1158324/000110465911060412/0001104659-11-060412-index.htm,https://www.sec.gov/Archives/edgar/data/1158324/000110465911060412/a11-24680_110q.htm
0,2011-06-30,CCOI,2011-08-08,2011-08-08 11:33:33,Q2,75600000,33200000,42400000,0.5608465608465608,0.0,18900000,0.0,4103000.0,31000000,64200000,-22810000,0.0,-20210000,-0.267328,11400000,0.150794,299.0,2600000.0,0.034392,500000.0,2100000.0,0.027778,0.04615,0.04615,45500000,45500000,https://www.sec.gov/Archives/edgar/data/1158324/000110465911044672/0001104659-11-044672-index.htm,https://www.sec.gov/Archives/edgar/data/1158324/000110465911044672/a11-13327_110q.htm
0,2011-03-31,CCOI,2011-05-06,2011-05-06 09:44:15,Q1,73500000,31800000,41700000,0.5673469387755102,0.0,19500000,0.0,46564000,34300000,66100000,7585000.0,0.0,7585000.0,0.103197,7400000.0,0.10068,230.0,3.0,4.083855159270351e-05,300000.0,-300000.0,-0.004082,-0.00671,-0.00671,44700000,44700000,https://www.sec.gov/Archives/edgar/data/1158324/000110465911026621/0001104659-11-026621-index.htm,https://www.sec.gov/Archives/edgar/data/1158324/000104746911001528/a2202298z10-k.htm
0,2010-12-31,CCOI,2011-02-28,2011-02-28 15:26:39,Q4,69500000,31100000,38400000,0.5525179856115108,0.0,17800000,0.0,45874000,32600000,63700000,4342000.0,56500000,62542000,0.899885,5800000.0,0.083453,224000.0,1700000.0,0.02446,-900000.0,2600000.0,0.03741,0.05702,0.05702,45600000,45600000,https://www.sec.gov/Archives/edgar/data/1158324/000104746911001528/0001047469-11-001528-index.htm,https://www.sec.gov/Archives/edgar/data/1158324/000104746911001528/a2202298z10-k.htm
0,2010-09-30,CCOI,2010-11-05,2010-11-05 09:45:53,Q3,66800000,30600000,36200000,0.5419161676646707,0.0,17700000,0.0,45375000,32400000,63000000,4099000.0,0.0,3699000.0,0.055374,3700000.0,0.055389,-27.0,-400000.0,-0.005988,100000.0,-500000.0,-0.007485,-0.01121,-0.01121,44600000,44600000,https://www.sec.gov/Archives/edgar/data/1158324/000110465910056334/0001104659-10-056334-index.htm,https://www.sec.gov/Archives/edgar/data/1158324/000110465910056334/a10-17302_110q.htm
0,2010-06-30,CCOI,2010-08-05,2010-08-05 14:42:37,Q2,64400000,29200000,35200000,0.546583850931677,0.0,18100000,0.0,43323000,32200000,61400000,4149000.0,0.0,3349000.0,0.052003,3000000.0,0.046584,383.0,-800000.0,-0.012422,100000.0,-900000.0,-0.013975,-0.02022,-0.02022,44500000,44500000,https://www.sec.gov/Archives/edgar/data/1158324/000110465910042315/0001104659-10-042315-index.htm,https://www.sec.gov/Archives/edgar/data/1158324/000110465910042315/a10-12642_110q.htm
0,2010-03-31,CCOI,2010-05-07,2010-05-07 12:55:31,Q1,62800000,28100000,34700000,0.552547770700637,0.0,18500000,0.0,41569000,32000000,60100000,4092000.0,0.0,2992000.0,0.047643,2700000.0,0.042994,379.0,-1000000.0,-0.015924,-500000.0,-600000.0,-0.009554,-0.01348,-0.01348,44500000,44500000,https://www.sec.gov/Archives/edgar/data/1158324/000110465910026775/0001104659-10-026775-index.htm,https://www.sec.gov/Archives/edgar/data/1158324/000104746910001663/a2196368z10-k.htm
0,2009-12-31,CCOI,2010-03-01,2010-03-01 17:09:00,Q4,62500000,27600000,34900000,0.5584,0.0,18700000,0.0,42407000,33600000,61200000,4065000.0,59913000,1465000.0,0.02344,1400000.0,0.0224,-34000.0,-2500000.0,-0.04,-1300000.0,-1300000.0,-0.0208,-0.02941,-0.02941,44200000,44200000,https://www.sec.gov/Archives/edgar/data/1158324/000104746910001663/0001047469-10-001663-index.htm,https://www.sec.gov/Archives/edgar/data/1158324/000104746910001663/a2196368z10-k.htm
0,2009-09-30,CCOI,2009-11-09,2009-11-09 14:33:31,Q3,60200000,26400000,33800000,0.5614617940199336,0.0,18100000,0.0,41682000,33400000,59800000,4022000.0,0.0,622000.0,0.010332,500000.0,0.008306,228000.0,-3300000.0,-0.054817,-100000.0,-3300000.0,-0.054817,-0.07517,-0.07517,43900000,43900000,https://www.sec.gov/Archives/edgar/data/1158324/000110465909063625/0001104659-09-063625-index.htm,https://www.sec.gov/Archives/edgar/data/1158324/000110465909063625/a09-30819_110q.htm
0,2009-06-30,CCOI,2009-08-07,2009-08-07 11:15:52,Q2,58000000,24600000,33400000,0.5758620689655173,0.0,19300000,0.0,39829000,34500000,59100000,3888000.0,0.0,-712000.0,-0.012276,-1100000.0,-0.018966,456000.0,-4500000.0,-0.077586,-100000.0,-4500000.0,-0.077586,-0.10297,-0.10297,43700000,43700000,https://www.sec.gov/Archives/edgar/data/1158324/000110465909048070/0001104659-09-048070-index.htm,https://www.sec.gov/Archives/edgar/data/1158324/000110465909048070/a09-18453_110q.htm
0,2009-03-31,CCOI,2009-05-08,2009-05-08 15:30:23,Q1,55100000,24200000,30900000,0.5607985480943739,0.0,20800000,0.0,38770000,35400000.00000001,59600000.00000001,3745000.0,0.0,-4255000.0,-0.077223,-4500000.0,-0.08167,248.0,-8000000.0,-0.145191,200000.0,-8200000.0,-0.14882,-0.19159,-0.19159,42800000,42800000,https://www.sec.gov/Archives/edgar/data/1158324/000110465909031016/0001104659-09-031016-index.htm,https://www.sec.gov/Archives/edgar/data/1158324/000104746909002076/a2190673z10-k.htm
0,2008-12-31,CCOI,2009-03-02,2009-03-02 11:59:39,Q4,54900000,23800000,31100000,0.5664845173041895,0.0,20700000,0.0,0.0,15900000.000000002,39700000,-3400000.0,62589000,8600000.0,0.156648,15200000,0.276867,0.0,12000000,0.218579,1500000.0,10500000,0.191257,0.24194,0.24194,43400000,43400000,https://www.sec.gov/Archives/edgar/data/1158324/000104746909002076/0001047469-09-002076-index.htm,https://www.sec.gov/Archives/edgar/data/1158324/000104746909002076/a2190673z10-k.htm
0,2008-09-30,CCOI,2008-11-07,2008-11-07 15:05:06,Q3,54600000,24100000,30500000,0.5586080586080586,0.0,20300000,0.0,39633000,32600000,56700000,3028000.0,0.0,-3472000.0,-0.06359,-2100000.0,-0.038462,750.0,-6500000.0,-0.119048,0.0,-6500000.0,-0.119048,-0.14908,-0.14908,43600000,43600000,https://www.sec.gov/Archives/edgar/data/1158324/000110465908069136/0001104659-08-069136-index.htm,https://www.sec.gov/Archives/edgar/data/1158324/000110465908069136/a08-25317_110q.htm
0,2008-06-30,CCOI,2008-08-08,2008-08-08 15:29:46,Q2,53900000,23000000,30900000,0.5732838589981447,0.0,18500000,0.0,38864000,34400000,57400000,2913000.0,0.0,-4687000.0,-0.086957,-3500000.0,-0.064935,897.0,-7600000.0,-0.141002,0.0,-7600000.0,-0.141002,-0.1674,-0.1674,45400000,45400000,https://www.sec.gov/Archives/edgar/data/1158324/000110465908051318/0001104659-08-051318-index.htm,https://www.sec.gov/Archives/edgar/data/1158324/000110465908051318/a08-18613_110q.htm
0,2008-03-31,CCOI,2008-05-09,2008-05-09 17:00:28,Q1,52100000,22000000,30100000,0.5777351247600768,0.0,20900000,0.0,39931000,38800000,60800000,2309000.0,0.0,-9291000.0,-0.17833,-8700000.0,-0.166987,1480.0,-11600000,-0.222649,0.0,-11600000,-0.222649,-0.25054,-0.25054,46300000,46300000,https://www.sec.gov/Archives/edgar/data/1158324/000110465908031956/0001104659-08-031956-index.htm,https://www.sec.gov/Archives/edgar/data/1158324/000104746908001834/a2182458z10-k.htm
0,2007-12-31,CCOI,2008-02-27,2008-02-27 16:50:50,Q4,50000000,22500000,27500000,0.55,0.0,17500000,0.0,49664000,34200000,56700000,2221000.0,65638000,-4779000.0,-0.09558,-6800000.0,-0.136,4443000.0,-7000000.0,-0.14,0.0,-7000000.0,-0.14,-0.14925,-0.14925,46900000,46900000,https://www.sec.gov/Archives/edgar/data/1158324/000104746908001834/0001047469-08-001834-index.htm,https://www.sec.gov/Archives/edgar/data/1158324/000104746908001834/a2182458z10-k.htm
0,2007-09-30,CCOI,2007-11-08,2007-11-08 10:48:51,Q3,47000000,22800000,24200000,0.5148936170212766,0.0,15500000,0.0,28926000,29999999.999999996,52799999.99999999,2752000.0,0.0,-2648000.0,-0.05634,-5800000.0,-0.123404,591.0,-5400000.0,-0.114894,0.0,-5400000.0,-0.114894,-0.1125,-0.1125,48000000,48000000,https://www.sec.gov/Archives/edgar/data/1158324/000104746907008678/0001047469-07-008678-index.htm,https://www.sec.gov/Archives/edgar/data/1158324/000104746907008678/a2180579z10-q.htm
0,2007-06-30,CCOI,2007-08-08,2007-08-08 12:39:24,Q2,45100000,21500000,23600000,0.5232815964523282,0.0,15100000,0.0,37833000,31400000,52900000,2540000.0,0.0,-6660000.0,-0.147672,-7700000.0,-0.170732,1089.0,-9200000.0,-0.203991,0.0,-9200000.0,-0.203991,-0.184,-0.184,50000000,50000000,https://www.sec.gov/Archives/edgar/data/1158324/000110465907060090/0001104659-07-060090-index.htm,https://www.sec.gov/Archives/edgar/data/1158324/000110465907060090/a07-18735_110q.htm
0,2007-03-31,CCOI,2007-05-09,2007-05-09 14:08:39,Q1,43600000,21100000,22500000,0.5160550458715596,0.0,14100000,0.0,36971000,30000000,51100000,2713000.0,0.0,-6687000.0,-0.153372,-7500000.0,-0.172018,791.0,-9400000.0,-0.215596,0.0,-9400000.0,-0.215596,-0.19302,-0.19302,48700000,48700000,https://www.sec.gov/Archives/edgar/data/1158324/000110465907037456/0001104659-07-037456-index.htm,https://www.sec.gov/Archives/edgar/data/1158324/000110465907018892/a07-5604_110k.htm
0,2006-12-31,CCOI,2007-03-14,2007-03-14 10:43:19,Q4,40500000,20400000,20100000,0.4962962962962963,0.0,13500000,0.0,35105000,28200000.000000004,48600000,2679000.0,58414000,-7321000.0,-0.180765,-8000000.0,-0.197531,498000.0,-10000000,-0.246914,0.0,-10000000,-0.246914,-0.20619,-0.20619,48500000,48500000,https://www.sec.gov/Archives/edgar/data/1158324/000110465907018892/0001104659-07-018892-index.htm,https://www.sec.gov/Archives/edgar/data/1158324/000110465907018892/a07-5604_110k.htm
0,2006-09-30,CCOI,2006-11-07,2006-11-07 13:47:10,Q3,38000000,19400000,18600000,0.48947368421052634,0.0,14300000,0.0,34310000,28900000,48300000,2752000.0,0.0,-9148000.0,-0.240737,-10400000,-0.273684,1288.0,-11900000,-0.313158,0.0,-11900000,-0.313158,-0.26984,-0.26984,44100000,44100000,https://www.sec.gov/Archives/edgar/data/1158324/000110465906072096/0001104659-06-072096-index.htm,https://www.sec.gov/Archives/edgar/data/1158324/000110465906072096/a06-21519_110q.htm
0,2006-06-30,CCOI,2006-08-08,2006-08-08 16:01:22,Q2,36200000,20200000,16000000,0.4419889502762431,0.0,14900000,0.0,34834000,29500000.000000004,49700000.00000001,2637000.0,0.0,-12863000,-0.355331,-13500000,-0.372928,690.0,-15500000,-0.428177,0.0,-15500000,-0.428177,-0.34368,-0.34368,45100000,45100000,https://www.sec.gov/Archives/edgar/data/1158324/000110465906052488/0001104659-06-052488-index.htm,https://www.sec.gov/Archives/edgar/data/1158324/000110465906052488/a06-15165_110q.htm
0,2006-03-31,CCOI,2006-05-10,2006-05-10 15:01:14,Q1,34400000,20400000,14000000,0.4069767441860465,0.0,14200000,0.0,34586000,28400000,48800000,2616000.0,0.0,-13784000,-0.400698,-14300000,-0.415698,493.0,-16400000,-0.476744,0.0,-16400000,-0.476744,-0.37443,-0.37443,43800000,43800000,https://www.sec.gov/Archives/edgar/data/1158324/000110465906033188/0001104659-06-033188-index.htm,https://www.sec.gov/Archives/edgar/data/1158324/000110465906017016/a06-2130_110k.htm
0,2005-12-31,CCOI,2006-03-16,2006-03-16 06:19:02,Q4,33200000,20100000,13100000,0.39457831325301207,0.0,14400000,0.0,36768000,31100000,51200000,2767000.0,16700000.000000004,-832999.999999997,-0.02509,-18000000,-0.542169,458000.0,-20300000,-0.611446,0.0,-20300000,-0.611446,-0.4656,-0.4656,43600000,43600000,https://www.sec.gov/Archives/edgar/data/1158324/000110465906017016/0001104659-06-017016-index.htm,https://www.sec.gov/Archives/edgar/data/1158324/000110465906017016/a06-2130_110k.htm
0,2005-09-30,CCOI,2005-11-14,2005-11-10 20:22:20,Q3,33800000,21600000,12200000,0.3609467455621302,0.0,13200000,0.0,35342000,26100000,47700000,2625000.0,12399999.999999998,-1075000.000000001,-0.031805,-14000000,-0.414201,492000.0,-16100000,-0.476331,0.0,-16100000,-0.476331,-0.37011,-0.37011,43500000,43500000,https://www.sec.gov/Archives/edgar/data/1158324/000110465905054745/0001104659-05-054745-index.htm,https://www.sec.gov/Archives/edgar/data/1158324/000110465905054745/a05-17915_110q.htm
0,2005-06-30,CCOI,2005-08-15,2005-08-15 15:29:49,Q2,33800000,21500000,12300000,0.363905325443787,0.0,13200000,0.0,34289000,25100000,46600000,3496000.0,12800000,96000.0,0.00284,-12800000,-0.378698,162000.0,-16200000,-0.47929,0.0,-16200000,-0.47929,-0.47647,-0.47647,34000000,34000000,https://www.sec.gov/Archives/edgar/data/1158324/000110465905039571/0001104659-05-039571-index.htm,https://www.sec.gov/Archives/edgar/data/1158324/000110465905039571/a05-12525_110q.htm
0,2005-03-31,CCOI,2005-05-06,2005-05-06 12:08:17,Q1,34400000,23000000,11400000,0.3313953488372093,0.0,13400000,0.0,36713000,27100000,50100000,2859000.0,13700000,1559000.0,0.04532,-15700000,-0.456395,208000.0,-15000000,-0.436047,0.0,-15000000,-0.436047,-0.96154,-0.96154,15600000,15600000,https://www.sec.gov/Archives/edgar/data/1158324/000110465905021095/0001104659-05-021095-index.htm,https://www.sec.gov/Archives/edgar/data/1158324/000110465905014451/a05-5648_110k.htm
0,2004-12-31,CCOI,2005-03-31,2005-03-31 17:28:06,Q4,28200000,20400000,7800000.0,0.2765957446808511,0.0,15200000,0.0,35796000,25300000.000000004,45700000.00000001,3570000.0,14899999.999999998,-1730000.000000001,-0.061348,-17500000,-0.620567,806000.0,-20200000,-0.716312,0.0,-20200000,-0.716312,-25.25,-25.25,800000.0,800000.0,https://www.sec.gov/Archives/edgar/data/1158324/000110465905014451/0001104659-05-014451-index.htm,https://www.sec.gov/Archives/edgar/data/1158324/000110465905014451/a05-5648_110k.htm
0,2004-09-30,CCOI,2004-11-15,2004-11-15 15:38:58,Q3,21700000,14500000,7200000.0,0.3317972350230415,0.0,11800000,0.0,30055000,27400000,41900000,3062000.0,13400000.000000002,-6537999.999999998,-0.30129,-20200000,-0.930876,181000.0,-23000000,-1.059908,0.0,-23000000,-1.059908,-28.75,-28.75,800000.0,800000.0,https://www.sec.gov/Archives/edgar/data/1158324/000110465904036064/0001104659-04-036064-index.htm,https://www.sec.gov/Archives/edgar/data/1158324/000110465904036064/a04-13482_110q.htm
0,2004-06-30,CCOI,2004-08-16,2004-08-16 15:57:15,Q2,20400000,13500000,6900000.0,0.3382352941176471,0.0,12400000,0.0,35768000,26100000,39600000,-2036000.0,13800000,-10436000,-0.511569,-19200000,-0.941176,734000.0,-22200000,-1.088235,0.0,-22200000,-1.088235,-27.75,-27.75,800000.0,800000.0,https://www.sec.gov/Archives/edgar/data/1158324/000110465904024658/0001104659-04-024658-index.htm,https://www.sec.gov/Archives/edgar/data/1158324/000110465904024658/a04-9533_110q.htm
0,2004-03-31,CCOI,2004-05-17,2004-05-17 16:54:12,Q1,20900000,15900000,5000000.0,0.23923444976076555,0.0,12400000,0.0,21950000,27000000,42900000,8406000.0,14500000,-1294000.0,-0.061914,-21900000,-1.047847,398000.0,-24200000,-1.157895,0.0,-24200000,-1.157895,-34.57143,-34.57143,700000.0,700000.0,https://www.sec.gov/Archives/edgar/data/1158324/000104746904017626/0001047469-04-017626-index.htm,https://www.sec.gov/Archives/edgar/data/1158324/000104746904010013/a2131238z10-k.htm
0,2003-12-31,CCOI,2004-03-30,2004-03-30 14:48:18,Q4,14500000,13200000,1300000.0,0.0896551724137931,0.0,21800000,0.0,-70094000,35200000,48400000,18072000,14700000.000000004,-2027999.999999997,-0.139862,-33900000,-2.337931,-908000.0,-34800000,-2.4,0.0,-34800000,-2.4,-49.71429,-49.71429,700000.0,700000.0,https://www.sec.gov/Archives/edgar/data/1158324/000104746904010013/0001047469-04-010013-index.htm,https://www.sec.gov/Archives/edgar/data/1158324/000104746904010013/a2131238z10-k.htm
0,2003-09-30,CCOI,2003-11-14,2003-11-14 14:50:18,Q3,15100000,12100000,3000000.0,0.1986754966887417,0.0,7000000.0,0.0,24035000,-196500000,-184400000,3268000.0,12000000,211768000,14.024371,199500000,13.211921,198000.0,196500000,13.013245,0.0,196500000,13.013245,17.23684,17.23684,11400000,11400000,https://www.sec.gov/Archives/edgar/data/1158324/000110465903026617/0001104659-03-026617-index.htm,https://www.sec.gov/Archives/edgar/data/1158324/000110465903026617/a03-4952_110q.htm
0,2003-06-30,CCOI,2003-08-14,2003-08-14 17:08:30,Q2,15500000,12300000,3200000.0,0.2064516129032258,0.0,8000000.0,0.0,24109000,19800000,32100000,6538000.0,11200000,-5062000.0,-0.326581,-16600000,-1.070968,312000.0,-22800000,-1.470968,0.0,-22800000,-1.470968,-114.0,-114.0,200000.0,200000.0,https://www.sec.gov/Archives/edgar/data/1158324/000110465903018752/0001104659-03-018752-index.htm,https://www.sec.gov/Archives/edgar/data/1158324/000110465903018752/a03-1524_110q.htm
0,2003-03-31,CCOI,2003-05-15,2003-05-15 16:25:40,Q1,14200000,10700000,3500000.0,0.24647887323943662,0.0,7200000.0,0.0,21950000,-6399999.999999999,4300000.000000001,8406000.0,11800000,22106000,1.556761,9900000.0,0.697183,398000.0,1900000.0,0.133803,0.0,1900000.0,0.133803,2.71429,2.71429,700000.0,700000.0,https://www.sec.gov/Archives/edgar/data/1158324/000110465903010367/0001104659-03-010367-index.htm,https://www.sec.gov/Archives/edgar/data/1158324/000104746903011242/a2106111z10-k.htm
0,2002-12-31,CCOI,2003-03-31,2003-03-31 15:31:06,Q4,13800000,12200000,1600000.0,0.11594202898550725,0.0,10600000,0.0,16454000,18300000,30500000,10772000,12500000,-628000.0,-0.045507,-16700000,-1.210145,-397000.0,-27800000,-2.014493,0.0,-23900000,-1.731884,-119.5,-119.5,200000.0,200000.0,https://www.sec.gov/Archives/edgar/data/1158324/000104746903011242/0001047469-03-011242-index.htm,https://www.sec.gov/Archives/edgar/data/1158324/000104746903011242/a2106111z10-k.htm
0,2002-09-30,CCOI,2002-11-13,2002-11-13 15:05:21,Q3,16000000,14200000,1800000.0,0.1125,0.0,9700000.0,0.0,47713000,18599999.999999996,32799999.999999996,23704000,9000000.0,7304000.0,0.4565,-16900000,-1.05625,808000.0,-25400000,-1.5875,0.0,-25400000,-1.5875,-127.0,-127.0,200000.0,200000.0,https://www.sec.gov/Archives/edgar/data/1158324/000091205702042162/0000912057-02-042162-index.htm,https://www.sec.gov/Archives/edgar/data/1158324/000091205702042162/a2093410z10-q.htm
0,2002-06-30,CCOI,2002-08-14,2002-08-14 16:02:03,Q2,18600000,16000000,2600000.0,0.13978494623655913,0.0,9700000.0,0.0,13426000,18100000,34100000,1808000.0,7500000.0,-15292000,-0.822151,-15500000,-0.833333,1328000.0,-24600000,-1.322581,0.0,-24600000,-1.322581,-123.0,-123.0,200000.0,200000.0,https://www.sec.gov/Archives/edgar/data/1158324/000091205702032124/0000912057-02-032124-index.htm,https://www.sec.gov/Archives/edgar/data/1158324/000091205702032124/a2087073z10-q.htm
0,2002-03-31,CCOI,2002-05-15,2002-05-15 12:44:04,Q1,3500000.0,6900000.0,-3400000.0,-0.9714285714285714,0.0,6600000.0,0.0,0.0,13299999.999999998,20200000,7060000.0,7500000.0,-3440000.0,-0.982857,-16700000,-4.771429,1257000.0,-22500000,-6.428571,0.0,-18000000,-5.142857,-180.0,-180.0,100000.0,100000.0,https://www.sec.gov/Archives/edgar/data/1158324/000091205702020574/0000912057-02-020574-index.htm,https://www.sec.gov/Archives/edgar/data/1158324/000091205702020574/a2080115z10-q.htm
