,date,symbol,fillingDate,acceptedDate,period,revenue,costOfRevenue,grossProfit,grossProfitRatio,researchAndDevelopmentExpenses,generalAndAdministrativeExpenses,sellingAndMarketingExpenses,otherExpenses,operatingExpenses,costAndExpenses,interestExpense,depreciationAndAmortization,ebitda,ebitdaratio,operatingIncome,operatingIncomeRatio,totalOtherIncomeExpensesNet,incomeBeforeTax,incomeBeforeTaxRatio,incomeTaxExpense,netIncome,netIncomeRatio,eps,epsdiluted,weightedAverageShsOut,weightedAverageShsOutDil,link,finalLink
0,2020-08-31,EDUC,2020-10-13,2020-10-13 08:11:55,Q2,59250100,17309500,41940600,0.7078570331526867,0.0,10531900,10531900,25968400,36500300,53809800,140000.0,411200.0,6210700.0,0.104821764014,5799500.0,0.0978816913389,-499200.0,5799500.0,0.0978816913389,1544500.0,4255000.0,0.0718142247861,0.51,0.51,8353319.0,8353319.0,https://www.sec.gov/Archives/edgar/data/31667/000118518520001428/0001185185-20-001428-index.htm,https://www.sec.gov/Archives/edgar/data/31667/000118518520001428/edc20200831_10q.htm
0,2020-05-31,EDUC,2020-07-13,2020-07-13 16:56:38,Q1,38291700,11395500,26896200,0.7024028705959777,0.0,24476700,6340200.0,18136500,24476700,35872200,182200.0,409900.0,3236000.0,0.084509,2419500.0,0.063186,406600.0,2643900.0,0.069046,712800.0,1931100.0,0.050431,0.2312,0.2312,8352420.0,8352420.0,https://www.sec.gov/Archives/edgar/data/31667/000118518520000992/0001185185-20-000992-index.htm,https://www.sec.gov/Archives/edgar/data/31667/000118518520000726/edc20200229_10k.htm
0,2020-02-29,EDUC,2020-05-26,2020-05-26 16:11:15,Q4,20161900,6480800.0,13681100,0.6785620402839018,0.0,13182000,3516100.0,6190100.0,13182000,19662800,-197100.0,371599.99999999994,877499.9999999999,0.043523,499100.0,0.024755,401000.0,703000.0,0.034868,164900.0,538100.0,0.026689,0.06429,0.06429,8370020.0,8370020.0,https://www.sec.gov/Archives/edgar/data/31667/000118518520000726/0001185185-20-000726-index.htm,https://www.sec.gov/Archives/edgar/data/31667/000118518520000726/edc20200229_10k.htm
0,2019-11-30,EDUC,2020-01-14,2020-01-14 16:05:17,Q3,40824600,13279900,27544700,0.674708386610034,0.0,23895600,6513500000,13008600000,23895600,37175500,-216500000,369300.0,4018400.0,0.1993,3649100.0,0.089385,403100.0,3835700.0,0.093956,1099900.0,2735800.0,0.067014,0.3252,0.3252,8412640.0,8412640.0,https://www.sec.gov/Archives/edgar/data/31667/000118518520000040/0001185185-20-000040-index.htm,https://www.sec.gov/Archives/edgar/data/31667/000118518520000040/edc20191130_10q.htm
0,2019-08-31,EDUC,2019-10-15,2019-10-15 09:03:20,Q2,24438000,8046400.0,16391600,0.6707422866028316,0.0,15173200,4192500000,10980700,15173200,23219600,242500.0,318599.99999999994,1927800.0,0.078885,1218400.0,0.049857,390800.0,1366700.0,0.055925,359100.0,1007600.0,0.041231,0.12112,0.12112,8318790.0,8318790.0,https://www.sec.gov/Archives/edgar/data/31667/000118518519001375/0001185185-19-001375-index.htm,https://www.sec.gov/Archives/edgar/data/31667/000118518519001375/edc20190831_10q.htm
0,2019-05-31,EDUC,2019-07-15,2019-07-15 17:05:05,Q1,27587400,9056200.0,18531200,0.6717269478095073,0.0,16855100,4383900000,12471200,16855100,25911300,232000.0,366200.0,2444700.0,0.088617,1676100.0,0.060756,402400.0,1846500.0,0.066933,482900.0,1363600.0,0.049428,0.16647,0.16647,8191060.0,8191060.0,https://www.sec.gov/Archives/edgar/data/31667/000118518519000975/0001185185-19-000975-index.htm,https://www.sec.gov/Archives/edgar/data/31667/000118518519000818/edc20190228_10k.htm
0,2019-02-28,EDUC,2019-05-29,2019-05-29 15:58:03,Q4,23625400,7789600.0,15835800,0.6702870639227272,0.0,15158700,3996200000,11162500,15158700,22948300,219300.0,370700.00000000006,1435200.0,0.060748,677100.0,0.02866,387400.0,845200.0,0.035775,289700.0,555500.0,0.023513,0.06769,0.06769,8206890.0,8206890.0,https://www.sec.gov/Archives/edgar/data/31667/000118518519000818/0001185185-19-000818-index.htm,https://www.sec.gov/Archives/edgar/data/31667/000118518519000818/edc20190228_10k.htm
0,2018-11-30,EDUC,2019-01-14,2019-01-14 16:07:54,Q3,40482600,13141600,27341000,0.6753765815436755,0.0,23705800,6540600000,17165200,23705800,36847400,228600.0,365100.0,4397900.0,0.108637,3635200.0,0.089797,397600.0,3804200.0,0.093971,988600.0,2815600.0,0.069551,0.34329,0.34329,8201780.0,8201780.0,https://www.sec.gov/Archives/edgar/data/31667/000118518519000056/0001185185-19-000056-index.htm,https://www.sec.gov/Archives/edgar/data/31667/000118518519000056/edc20181130_10q.htm
0,2018-08-31,EDUC,2018-10-15,2018-10-15 16:01:05,Q2,24680000,8460000.0,16220000,0.6572123176661264,0.0,14310000,3261600000,11051400,14320000,22780000,270000.0,370000.0,2670000.0,0.108185,1910000.0,0.077391,400000.0,2040000.0,0.082658,540000.0,1490000.0,0.060373,0.18193,0.18193,8190000.0,8190000.0,https://www.sec.gov/Archives/edgar/data/31667/000118518518001843/0001185185-18-001843-index.htm,https://www.sec.gov/Archives/edgar/data/31667/000118518518001843/edc20180831_10q.htm
0,2018-05-31,EDUC,2018-07-16,2018-07-16 17:15:14,Q1,30020000,9670000.0,20350000,0.6778814123917388,0.0,18020000,4752200000,13265600,18020000.000000004,27690000.000000004,213400.0,350000.0,3063400.0,0.102045,2330000.0,0.077615,370000.0,2500000.0,0.083278,680000.0,1820000.0,0.060626,0.22222,0.22222,8190000.0,8190000.0,https://www.sec.gov/Archives/edgar/data/31667/000118518518001259/0001185185-18-001259-index.htm,https://www.sec.gov/Archives/edgar/data/31667/000118518518001008/edc10k022818.htm
0,2018-02-28,EDUC,2018-05-29,2018-05-29 17:25:06,Q4,21950000,7360000.0,14590000,0.6646924829157176,0.0,13990000,5021300000,9976400.0,13990000.000000002,21350000.000000004,255700.0,339999.99999999994,1285700.0,0.058574,600000.0,0.027335,390000.0,740000.0,0.033713,-130000.0,820000.0,0.037358,0.10024,0.10024,8180000.0,8180000.0,https://www.sec.gov/Archives/edgar/data/31667/000118518518001008/0001185185-18-001008-index.htm,https://www.sec.gov/Archives/edgar/data/31667/000118518518001008/edc10k022818.htm
0,2017-11-30,EDUC,2018-01-16,2018-01-16 14:23:44,Q3,38910000,12210000,26700000,0.6861989205859677,0.0,23370000,17549900000,17245600,23369999.999999996,35580000,287600.0,320000.00000000006,4037600.0,0.103768,3330000.0,0.085582,390000.0,3430000.0,0.088152,1300000.0,2130000.0,0.054742,0.26039,0.26039,8180000.0,8180000.0,https://www.sec.gov/Archives/edgar/data/31667/000118518518000055/0001185185-18-000055-index.htm,https://www.sec.gov/Archives/edgar/data/31667/000118518518000055/edc10q113017.htm
0,2017-08-31,EDUC,2017-10-16,2017-10-16 17:07:19,Q2,24190000,7650000.0,16540000,0.683753617197189,0.0,14990000,4320200000,11650200,14990000,22640000,294700.0,300000.0,2284700.0,0.094448,1550000.0,0.064076,430000.0,1680000.0,0.06945,650000.0,1040000.0,0.042993,0.12714,0.12714,8180000.0,8180000.0,https://www.sec.gov/Archives/edgar/data/31667/000118518517002181/0001185185-17-002181-index.htm,https://www.sec.gov/Archives/edgar/data/31667/000118518517002181/edc10q083117.htm
0,2017-05-31,EDUC,2017-07-17,2017-07-17 17:16:47,Q1,26940000,8600000.0,18340000,0.6807720861172977,0.0,16450000,5392400000,12223100,16450000.000000004,25050000.000000004,281500.0,290000.0,2561500.0,0.095082,1890000.0,0.070156,370000.0,1980000.0,0.073497,760000.0,1230000.0,0.045657,0.15018,0.15018,8190000.0,8190000.0,https://www.sec.gov/Archives/edgar/data/31667/000118518517001561/0001185185-17-001561-index.htm,https://www.sec.gov/Archives/edgar/data/31667/000118518517001294/edc10k022817.htm
0,2017-02-28,EDUC,2017-05-30,2017-05-30 17:16:43,Q4,27250000,6110000.0,21140000,0.7757798165137615,0.0,19160000,9182700000,11055000,20240000.000000004,26350000.000000004,298800.0,300000.00000000006,1648800.0,0.060506,900000.0,0.033028,440000.0,1050000.0,0.038532,400000.0,650000.0,0.023853,0.07946,0.07946,8180000.0,8180000.0,https://www.sec.gov/Archives/edgar/data/31667/000118518517001294/0001185185-17-001294-index.htm,https://www.sec.gov/Archives/edgar/data/31667/000118518517001294/edc10k022817.htm
0,2016-11-30,EDUC,2017-01-23,2017-01-23 15:49:33,Q3,30700000,8330000.0,22370000,0.7286644951140065,0.0,20570000,9965900000,10601300,20570000,28900000,265000.0,280000.0,2585000.0,0.084202,1800000.0,0.058632,500000.0,2040000.0,0.06645,770000.0,1270000.0,0.041368,0.15545,0.15545,8170000.0,8170000.0,https://www.sec.gov/Archives/edgar/data/31667/000118518517000107/0001185185-17-000107-index.htm,https://www.sec.gov/Archives/edgar/data/31667/000118518517000107/edc10q113016.htm
0,2016-08-31,EDUC,2016-10-14,2016-10-14 16:36:14,Q2,25890000,7500000.0,18390000,0.7103128621089224,0.0,18000000,8751100000,9251300.0,18000000,25500000,248500.0,260000.0,1028500.0,0.039726,390000.0,0.015064,380000.0,520000.0,0.020085,200000.0,320000.0,0.01236,0.03922,0.03922,8160000.0,8160000.0,https://www.sec.gov/Archives/edgar/data/31667/000118518516005576/0001185185-16-005576-index.htm,https://www.sec.gov/Archives/edgar/data/31667/000118518516005576/edc10q083116.htm
0,2016-05-31,EDUC,2016-07-15,2016-07-15 15:18:16,Q1,22780000,6670000.0,16110000,0.7071992976294995,0.0,15260000,7469500000,7791600.0,15260000,21930000,216500.0,240000.0,1456500.0,0.063938,850000.0,0.037313,370000.0,1000000.0,0.043898,380000.0,620000.0,0.027217,0.07607,0.07607,8150000.0,8150000.0,https://www.sec.gov/Archives/edgar/data/31667/000118518516004991/0001185185-16-004991-index.htm,https://www.sec.gov/Archives/edgar/data/31667/000118518516004722/edc10k022916.htm
0,2016-02-29,EDUC,2016-05-26,2016-05-26 14:47:06,Q4,16950000,4960000.0,11990000,0.7073746312684366,0.0,12320000,6412700000,5904800.0,12309999.999999998,17270000,244900.0,270000.0,454900.0,0.026838,-320000.0,-0.018879,510000.0,-60000.0,-0.00354,50000.0,-110000.0,-0.00649,-0.01353,-0.01353,8130000.0,8130000.0,https://www.sec.gov/Archives/edgar/data/31667/000118518516004722/0001185185-16-004722-index.htm,https://www.sec.gov/Archives/edgar/data/31667/000118518516004722/edc10k022916.htm
0,2015-11-30,EDUC,2016-01-14,2016-01-14 16:54:44,Q3,24420000,7390000.0,17030000,0.6973791973791974,0.0,15000000,6888000000,8114200.0,15000000,22390000,0.0,0.0,2030000.0,0.083129,2040000.0,0.083538,0.0,2030000.0,0.083129,770000.0,1260000.0,0.051597,0.15517,0.15517,8120000.0,8120000.0,https://www.sec.gov/Archives/edgar/data/31667/000118518516003474/0001185185-16-003474-index.htm,https://www.sec.gov/Archives/edgar/data/31667/000118518516003474/edc10q113015.htm
0,2015-08-31,EDUC,2015-10-07,2015-10-07 16:13:21,Q2,12610000,4580000.0,8030000.0,0.6367961934972244,0.0,6970000.0,3395400000,3573300.0,6970000.000000001,11550000.000000002,0.0,0.0,1030000.0,0.081681,1060000.0,0.08406,-20000.0,1040000.0,0.082474,390000.0,640000.0,0.050753,0.07911,0.07911,8090000.0,8090000.0,https://www.sec.gov/Archives/edgar/data/31667/000118518515002502/0001185185-15-002502-index.htm,https://www.sec.gov/Archives/edgar/data/31667/000118518515002502/edc10q083115.htm
0,2015-05-31,EDUC,2015-07-15,2015-07-15 16:27:41,Q1,9640000.0,3570000.0,6070000.0,0.6296680497925311,0.0,5520000.0,2723300000,2799000.0,5529999.999999999,9099999.999999998,0.0,0.0,530000.0,0.054979,540000.0,0.056017,-10000.0,530000.0,0.054979,210000.0,320000.0,0.033195,0.0399,0.0399,8020000.0,8020000.0,https://www.sec.gov/Archives/edgar/data/31667/000118518515001821/0001185185-15-001821-index.htm,https://www.sec.gov/Archives/edgar/data/31667/000118518515001485/edc10k022815.htm
0,2015-02-28,EDUC,2015-05-28,2015-05-28 14:59:09,Q4,7630000.0,2790000.0,4840000.0,0.6343381389252949,0.0,4730000.0,2518200000,2208600.0,4729999.999999999,7519999.999999999,0.0,130000.0,280000.0,0.036697,110000.0,0.014417,40000.0,150000.0,0.019659,50000.0,100000.0,0.013106,0.01244,0.01244,8040000.0,8040000.0,https://www.sec.gov/Archives/edgar/data/31667/000118518515001485/0001185185-15-001485-index.htm,https://www.sec.gov/Archives/edgar/data/31667/000118518515001485/edc10k022815.htm
0,2014-11-30,EDUC,2015-01-14,2015-01-14 16:22:42,Q3,10940000,4110000.0,6830000.0,0.6243144424131627,0.0,5940000.0,2872900000,3071800.0,5950000.0,10060000,0.0,0.0,860000.0,0.078611,880000.0,0.080439,-20000.0,860000.0,0.078611,330000.0,530000.0,0.048446,0.06608,0.06608,8020000.0,8020000.0,https://www.sec.gov/Archives/edgar/data/31667/000118518515000064/0001185185-15-000064-index.htm,https://www.sec.gov/Archives/edgar/data/31667/000118518515000064/edc10q113014.htm
0,2014-08-31,EDUC,2014-10-15,2014-10-15 16:46:41,Q2,6810000.0,3010000.0,3800000.0,0.5580029368575624,0.0,3780000.0,2065700000,1710000.0,3780000.0,6790000.0,0.0,0.0,10000.0,0.001468,20000.0,0.002937,-10000.0,10000.0,0.001468,10000.0,-151800.0,-0.02229664228430422,0.06,0.06,8000000.0,8000000.0,https://www.sec.gov/Archives/edgar/data/31667/000118518514002716/0001185185-14-002716-index.htm,https://www.sec.gov/Archives/edgar/data/31667/000118518514002716/educationaldev10q083114.htm
0,2014-05-31,EDUC,2014-07-15,2014-07-15 16:29:27,Q1,7180000.0,2840000.0,4340000.0,0.6044568245125348,0.0,3950000.0,2058600000,1892200.0,3950000.0,6790000.0,0.0,0.0,390000.0,0.054318,380000.0,0.052925,3600.0,390000.0,0.054318,150000.0,240000.0,0.033426,0.03011,0.03011,7970000.0,7970000.0,https://www.sec.gov/Archives/edgar/data/31667/000118518514001806/0001185185-14-001806-index.htm,https://www.sec.gov/Archives/edgar/data/31667/000118518514001448/edc10k022814.htm
0,2014-02-28,EDUC,2014-05-28,2014-05-28 15:44:04,Q4,5890000.0,2090000.0,3800000.0,0.6451612903225806,0.0,3650000.0,1872200000,1779600.0,3650000.0000000005,5740000.0,0.0,115400.0,-240000.0,-0.040747,150000.0,0.025467,-390000.0,-240000.0,-0.040747,70000.0,-310000.0,-0.052632,-0.03904,-0.03904,7940000.0,7940000.0,https://www.sec.gov/Archives/edgar/data/31667/000118518514001448/0001185185-14-001448-index.htm,https://www.sec.gov/Archives/edgar/data/31667/000118518514001448/edc10k022814.htm
0,2013-11-30,EDUC,2014-01-14,2014-01-14 15:50:36,Q3,8500000.0,3290000.0,5210000.0,0.6129411764705882,0.0,4290000.0,5386300000,2237400.0,4290000.0,7580000.0,0.0,0.0,930000.0,0.109412,920000.0,0.108235,10000.0,930000.0,0.109412,380000.0,550000.0,0.064706,0.06936,0.06936,7930000.0,7930000.0,https://www.sec.gov/Archives/edgar/data/31667/000118518514000095/0001185185-14-000095-index.htm,https://www.sec.gov/Archives/edgar/data/31667/000118518514000095/edc10q113013.htm
0,2013-08-31,EDUC,2013-10-15,2013-10-15 15:47:00,Q2,5720000.0,2660000.0,3060000.0,0.534965034965035,0.0,2970000.0,1601700000,1368000.0,2970000.0,5630000.0,0.0,0.0,90000.0,0.015734,80000.0,0.013986,1800.0,90000.0,0.015734,30000.0,60000.0,0.01049,0.00756,0.00756,7940000.0,7940000.0,https://www.sec.gov/Archives/edgar/data/31667/000118518513002224/0001185185-13-002224-index.htm,https://www.sec.gov/Archives/edgar/data/31667/000118518513002224/educationaldev10q083113.htm
0,2013-05-31,EDUC,2013-07-15,2013-07-15 17:05:30,Q1,5990000.0,2480000.0,3510000.0,0.5859766277128547,0.0,3410000.0,1735800000,1678300.0,3409999.9999999995,5890000.0,0.0,0.0,110000.0,0.018364,100000.0,0.016694,4600.0,100000.0,0.016694,40000.0,70000.0,0.011686,0.00882,0.00882,7940000.0,7940000.0,https://www.sec.gov/Archives/edgar/data/31667/000118518513001453/0001185185-13-001453-index.htm,https://www.sec.gov/Archives/edgar/data/31667/000118518513001217/edc10k022813.htm
0,2013-02-28,EDUC,2013-05-28,2013-05-28 17:02:56,Q4,5560000.0,2530000.0,3030000.0,0.5449640287769785,0.0,3440000.0,1709800000,1730600.0,3440000.0,5970000.0,0.0,114200.0,-340000.0,-0.061151,-400000.0,-0.071942,60000.0,-340000.0,-0.061151,-130000.0,-210000.0,-0.03777,-0.02655,-0.02655,7910000.0,7910000.0,https://www.sec.gov/Archives/edgar/data/31667/000118518513001217/0001185185-13-001217-index.htm,https://www.sec.gov/Archives/edgar/data/31667/000118518513001217/edc10k022813.htm
0,2012-11-30,EDUC,2013-01-14,2013-01-14 17:07:05,Q3,7860000.0,3050000.0,4810000.0,0.6119592875318066,0.0,3960000.0,1899100000,2062800.0,3960000.0,7010000.0,0.0,0.0,850000.0,0.108142,850000.0,0.108142,-10000.0,840000.0,0.10687,320000.0,530000.0,0.06743,0.06726,0.06726,7880000.0,7880000.0,https://www.sec.gov/Archives/edgar/data/31667/000118518513000078/0001185185-13-000078-index.htm,https://www.sec.gov/Archives/edgar/data/31667/000118518513000078/educ10q113012.htm
0,2012-08-31,EDUC,2012-10-15,2012-10-15 16:17:40,Q2,5460000.0,2440000.0,3020000.0,0.5531135531135531,0.0,2800000.0,1504500000,1299100.0,2800000.0000000005,5240000.0,0.0,0.0,220000.0,0.040293,220000.0,0.040293,-1400.0,220000.0,0.040293,80000.0,140000.0,0.025641,0.01783,0.01783,7850000.0,7850000.0,https://www.sec.gov/Archives/edgar/data/31667/000118518512002222/0001185185-12-002222-index.htm,https://www.sec.gov/Archives/edgar/data/31667/000118518512002222/edc10q083112.htm
0,2012-05-31,EDUC,2012-07-11,2012-07-11 16:39:23,Q1,6590000.0,2480000.0,4110000.0,0.6236722306525038,0.0,3560000.0,1601200000,1958100.0,3560000.0,6040000.0,0.0,0.0,560000.0,0.084977,560000.0,0.084977,2500.0,560000.0,0.084977,210000.0,350000.0,0.053111,0.04464,0.04464,7840000.0,7840000.0,https://www.sec.gov/Archives/edgar/data/31667/000118518512001450/0001185185-12-001450-index.htm,https://www.sec.gov/Archives/edgar/data/31667/000118518512001227/edc10k022912.htm
0,2012-02-29,EDUC,2012-05-25,2012-05-25 14:24:53,Q4,5880000.0,2300000.0,3580000.0,0.608843537414966,0.0,3230000.0,1666300000,4855200000,3230000.0000000005,5530000.0,0.0,118100.0,430000.0,0.073129,350000.0,0.059524,80000.0,430000.0,0.073129,160000.0,270000.0,0.045918,0.03457,0.03457,7810000.0,7810000.0,https://www.sec.gov/Archives/edgar/data/31667/000118518512001227/0001185185-12-001227-index.htm,https://www.sec.gov/Archives/edgar/data/31667/000118518512001227/edc10k022912.htm
0,2011-11-30,EDUC,2012-01-17,2012-01-17 17:14:02,Q3,8690000.0,3410000.0,5280000.0,0.6075949367088608,0.0,4120000.0,1910200000,67100.0,4120000.0,7530000.0,0.0,0.0,1160000.0,0.133487,1160000.0,0.133487,4300.0,1170000.0,0.134638,440000.0,720000.0,0.082854,0.09243,0.09243,7790000.0,7790000.0,https://www.sec.gov/Archives/edgar/data/31667/000118518512000075/0001185185-12-000075-index.htm,https://www.sec.gov/Archives/edgar/data/31667/000118518512000075/educdev10q113011.htm
0,2011-08-31,EDUC,2011-10-17,2011-10-17 17:17:56,Q2,5440000.0,2400000.0,3040000.0,0.5588235294117647,0.0,2840000.0,1488100000,5199800.0,2840000.0000000005,5240000.0,0.0,0.0,200000.0,0.036765,200000.0,0.036765,4700.0,200000.0,0.036765,70000.0,130000.0,0.023897,0.01669,0.01669,7790000.0,7790000.0,https://www.sec.gov/Archives/edgar/data/31667/000118518511001741/0001185185-11-001741-index.htm,https://www.sec.gov/Archives/edgar/data/31667/000118518511001741/edc10q083111.htm
0,2011-05-31,EDUC,2011-07-14,2011-07-14 16:56:59,Q1,6260000.0,2440000.0,3820000.0,0.610223642172524,0.0,3350000.0,1645800000,0.0,3350000.0,5790000.0,0.0,0.0,480000.0,0.076677,480000.0,0.076677,10000.0,480000.0,0.076677,180000.0,300000.0,0.047923,0.03846,0.03846,7800000.0,7800000.0,https://www.sec.gov/Archives/edgar/data/31667/000118518511000999/0001185185-11-000999-index.htm,https://www.sec.gov/Archives/edgar/data/31667/000118518511000808/edc10k022811.htm
0,2011-02-28,EDUC,2011-05-27,2011-05-27 16:25:29,Q4,5710000.0,2120000.0,3590000.0,0.6287215411558669,0.0,3650000.0,1635500000,0.0,3649999.9999999995,5769999.999999999,0.0,124700.0,20000.0,0.003503,-60000.0,-0.010508,80000.0,20000.0,0.003503,10000.0,10000.0,0.001751,0.00128,0.00128,7810000.0,7810000.0,https://www.sec.gov/Archives/edgar/data/31667/000118518511000808/0001185185-11-000808-index.htm,https://www.sec.gov/Archives/edgar/data/31667/000118518511000808/edc10k022811.htm
0,2010-11-30,EDUC,2011-01-14,2011-01-14 16:52:11,Q3,9480000.0,3480000.0,6000000.0,0.6329113924050633,0.0,4770000.0,2128800000,-41200000,4760000.0,8240000.0,0.0,0.0,1250000.0,0.131857,1240000.0,0.130802,10000.0,1250000.0,0.131857,470000.0,780000.0,0.082278,0.10013,0.10013,7790000.0,7790000.0,https://www.sec.gov/Archives/edgar/data/31667/000118518511000037/0001185185-11-000037-index.htm,https://www.sec.gov/Archives/edgar/data/31667/000118518511000037/educ10q113010.htm
0,2010-08-31,EDUC,2010-10-15,2010-10-15 16:11:12,Q2,5750000.0,2360000.0,3390000.0,0.5895652173913043,0.0,3120000.0,1605400000,41200000,3120000.0000000005,5480000.000000001,0.0,0.0,300000.0,0.052174,270000.0,0.046957,40000.0,300000.0,0.052174,110000.0,190000.0,0.033043,0.02445,0.02445,7770000.0,7770000.0,https://www.sec.gov/Archives/edgar/data/31667/000110465910052485/0001104659-10-052485-index.htm,https://www.sec.gov/Archives/edgar/data/31667/000110465910052485/a10-17694_110q.htm
0,2010-05-31,EDUC,2010-07-15,2010-07-15 17:13:30,Q1,6300000.0,2320000.0,3980000.0,0.6317460317460317,0.0,3490000.0,1707500000,0.0,3680000.0,6000000.0,0.0,0.0,300000.0,0.047619,300000.0,0.047619,4200.0,300000.0,0.047619,110000.0,190000.0,0.030159,0.02448,0.02448,7760000.0,7760000.0,https://www.sec.gov/Archives/edgar/data/31667/000110465910038219/0001104659-10-038219-index.htm,https://www.sec.gov/Archives/edgar/data/31667/000110465910031546/a10-11043_110k.htm
0,2010-02-28,EDUC,2010-05-28,2010-05-28 15:31:01,Q4,6260000.0,2250000.0,4010000.0,0.6405750798722045,0.0,3560000.0,1765400000,0.0,3559999.9999999995,5810000.0,0.0,136500.0,550000.0,0.087859,450000.0,0.071885,90000.0,540000.0,0.086262,200000.0,350000.0,0.055911,0.04505,0.04505,7770000.0,7770000.0,https://www.sec.gov/Archives/edgar/data/31667/000110465910031546/0001104659-10-031546-index.htm,https://www.sec.gov/Archives/edgar/data/31667/000110465910031546/a10-11043_110k.htm
0,2009-11-30,EDUC,2010-01-14,2010-01-14 15:39:37,Q3,10020000,3530000.0,6490000.0,0.6477045908183633,0.0,5000000.0,5267000000,-26800000,5010000.0,8540000.0,0.0,0.0,1490000.0,0.148703,1480000.0,0.147705,4200.0,1480000.0,0.147705,560000.0,930000.0,0.092814,0.12,0.12,7750000.0,7750000.0,https://www.sec.gov/Archives/edgar/data/31667/000110465910001695/0001104659-10-001695-index.htm,https://www.sec.gov/Archives/edgar/data/31667/000110465910001695/a10-1856_110q.htm
0,2009-08-31,EDUC,2009-10-15,2009-10-15 16:33:39,Q2,6010000.0,2450000.0,3560000.0,0.5923460898502496,0.0,3190000.0,-1583500000,26800000,3200000.0,5650000.0,0.0,0.0,360000.0,0.0599,360000.0,0.0599,-200.0,360000.0,0.0599,130000.0,230000.0,0.03827,0.02972,0.02972,7740000.0,7740000.0,https://www.sec.gov/Archives/edgar/data/31667/000110465909059063/0001104659-09-059063-index.htm,https://www.sec.gov/Archives/edgar/data/31667/000110465909059063/a09-30786_110q.htm
0,2009-05-31,EDUC,2009-07-15,2009-07-15 17:20:32,Q1,6390000.0,2300000.0,4090000.0,0.6400625978090767,0.0,3450000.0,1583500000,0.0,3450000.0,5750000.0,0.0,0.0,670000.0,0.104851,640000.0,0.100156,30000.0,670000.0,0.104851,250000.0,420000.0,0.065728,0.05462,0.05462,7690000.0,7690000.0,https://www.sec.gov/Archives/edgar/data/31667/000110465909043341/0001104659-09-043341-index.htm,https://www.sec.gov/Archives/edgar/data/31667/000110465909035801/a09-14429_110k.htm
0,2009-02-28,EDUC,2009-05-29,2009-05-29 15:42:05,Q4,6270000.0,2000000.0,4270000.0,0.6810207336523126,0.0,3600000.0,1717600000,0.0,3599999.9999999995,5600000.0,0.0,139800.0,810000.0,0.129187,670000.0,0.106858,140000.0,810000.0,0.129187,350000.0,460000.0,0.073365,0.06061,0.06061,7590000.0,7590000.0,https://www.sec.gov/Archives/edgar/data/31667/000110465909035801/0001104659-09-035801-index.htm,https://www.sec.gov/Archives/edgar/data/31667/000110465909035801/a09-14429_110k.htm
0,2008-11-30,EDUC,2009-01-14,2009-01-14 17:24:21,Q3,9390000.0,3420000.0,5970000.0,0.6357827476038339,0.0,4940000.0,2149800000,0.0,4939999.999999999,8359999.999999999,0.0,0.0,1050000.0,0.111821,1030000.0,0.109691,20000.0,1040000.0,0.110756,400000.0,650000.0,0.069223,0.08508,0.08508,7640000.0,7640000.0,https://www.sec.gov/Archives/edgar/data/31667/000110465909002314/0001104659-09-002314-index.htm,https://www.sec.gov/Archives/edgar/data/31667/000110465909002314/a09-3102_110q.htm
0,2008-08-31,EDUC,2008-10-15,2008-10-15 17:01:55,Q2,6370000.0,2490000.0,3880000.0,0.609105180533752,0.0,3370000.0,1648700000,0.0,3370000.0,5860000.0,0.0,0.0,520000.0,0.081633,510000.0,0.080063,10000.0,520000.0,0.081633,200000.0,320000.0,0.050235,0.04178,0.04178,7660000.0,7660000.0,https://www.sec.gov/Archives/edgar/data/31667/000110465908064277/0001104659-08-064277-index.htm,https://www.sec.gov/Archives/edgar/data/31667/000110465908064277/a08-26070_110q.htm
0,2008-05-31,EDUC,2008-07-15,2008-07-15 16:45:54,Q1,7380000.0,2670000.0,4710000.0,0.6382113821138211,0.0,3950000.0,1842200000,0.0,3950000.0,6620000.0,0.0,0.0,770000.0,0.104336,750000.0,0.101626,10000.0,770000.0,0.104336,290000.0,480000.0,0.065041,0.06478,0.06478,7410000.0,7410000.0,https://www.sec.gov/Archives/edgar/data/31667/000110465908045738/0001104659-08-045738-index.htm,https://www.sec.gov/Archives/edgar/data/31667/000110465908036284/a08-14821_110k.htm
0,2008-02-29,EDUC,2008-05-28,2008-05-28 17:14:25,Q4,6790000.0,2350000.0,4440000.0,0.6539027982326951,0.0,3790000.0,1817200000,0.0,3789999.9999999995,6140000.0,0.0,139400.0,780000.0,0.114875,650000.0,0.095729,130000.0,780000.0,0.114875,300000.0,480000.0,0.070692,0.0625,0.0625,7680000.0,7680000.0,https://www.sec.gov/Archives/edgar/data/31667/000110465908036284/0001104659-08-036284-index.htm,https://www.sec.gov/Archives/edgar/data/31667/000110465908036284/a08-14821_110k.htm
0,2007-11-30,EDUC,2008-01-14,2008-01-14 17:10:26,Q3,9900000.0,3390000.0,6510000.0,0.6575757575757576,0.0,5130000.0,2178200000,0.0,5129999.999999999,8519999.999999998,0.0,0.0,1410000.0,0.142424,1390000.0,0.140404,20000.0,1410000.0,0.142424,530000.0,880000.0,0.088889,0.11443,0.11443,7690000.0,7690000.0,https://www.sec.gov/Archives/edgar/data/31667/000110465908002533/0001104659-08-002533-index.htm,https://www.sec.gov/Archives/edgar/data/31667/000110465908002533/a08-1781_110q.htm
0,2007-08-31,EDUC,2007-10-12,2007-10-12 17:28:46,Q2,6220000.0,2300000.0,3920000.0,0.6302250803858521,0.0,3320000.0,1593200000,0.0,3320000.0000000005,5620000.0,0.0,0.0,610000.0,0.098071,600000.0,0.096463,10000.0,610000.0,0.098071,230000.0,380000.0,0.061093,0.04897,0.04897,7760000.0,7760000.0,https://www.sec.gov/Archives/edgar/data/31667/000095013407021254/0000950134-07-021254-index.htm,https://www.sec.gov/Archives/edgar/data/31667/000095013407021254/d50482e10vq.htm
0,2007-05-31,EDUC,2007-07-23,2007-07-23 17:28:45,Q1,7610000.0,2710000.0,4900000.0,0.6438896189224704,0.0,3980000.0,1835900000,0.0,3970000.0,6680000.0,0.0,0.0,930000.0,0.122208,920000.0,0.120894,10000.0,940000.0,0.123522,350000.0,580000.0,0.076216,0.07474,0.07474,7760000.0,7760000.0,https://www.sec.gov/Archives/edgar/data/31667/000095013407015652/0000950134-07-015652-index.htm,https://www.sec.gov/Archives/edgar/data/31667/000095013407012675/d47123e10vk.htm
0,2007-02-28,EDUC,2007-05-31,2007-05-31 16:36:07,Q4,6990000.0,2460000.0,4530000.0,0.648068669527897,0.0,3850000.0,1875067000,0.0,3849999.9999999995,6310000.0,0.0,143549.0,780000.0,0.111588,680000.0,0.097282,100000.0,790000.0,0.113019,290000.0,490000.0,0.0701,0.06331,0.06331,7740000.0,7740000.0,https://www.sec.gov/Archives/edgar/data/31667/000095013407012675/0000950134-07-012675-index.htm,https://www.sec.gov/Archives/edgar/data/31667/000095013407012675/d47123e10vk.htm
0,2006-11-30,EDUC,2007-01-12,2007-01-12 10:25:49,Q3,9820000.0,3420000.0,6400000.0,0.6517311608961304,0.0,5110000.0,2152898000,0.0,5109999.999999999,8529999.999999998,0.0,0.0,1310000.0,0.133401,1290000.0,0.131365,10000.0,1300000.0,0.132383,510000.0,800000.0,0.081466,0.10336,0.10336,7740000.0,7740000.0,https://www.sec.gov/Archives/edgar/data/31667/000095013407000523/0000950134-07-000523-index.htm,https://www.sec.gov/Archives/edgar/data/31667/000095013407000523/d42701e10vq.htm
0,2006-08-31,EDUC,2006-10-13,2006-10-13 13:00:48,Q2,6480000.0,2520000.0,3960000.0,0.6111111111111112,0.0,3530000.0,1639731000,0.0,3530000.0,6050000.0,0.0,0.0,700000.0,0.108025,430000.0,0.066358,270000.0,700000.0,0.108025,280000.0,420000.0,0.064815,0.05426,0.05426,7740000.0,7740000.0,https://www.sec.gov/Archives/edgar/data/31667/000095013406019035/0000950134-06-019035-index.htm,https://www.sec.gov/Archives/edgar/data/31667/000095013406019035/d40248e10vq.htm
0,2006-05-31,EDUC,2006-07-13,2006-07-13 15:23:23,Q1,8110000.0,2880000.0,5230000.0,0.6448828606658447,0.0,4140000.0,1841743000,0.0,4140000.0,7020000.0,0.0,0.0,1090000.0,0.134402,1080000.0,0.133169,10000.0,1090000.0,0.134402,390000.0,700000.0,0.086313,0.09009,0.09009,7770000.0,7770000.0,https://www.sec.gov/Archives/edgar/data/31667/000095013406013144/0000950134-06-013144-index.htm,https://www.sec.gov/Archives/edgar/data/31667/000095013406010631/d36529e10vk.htm
0,2006-02-28,EDUC,2006-05-25,2006-05-25 15:49:31,Q4,7080000.0,2520000.0,4560000.0,0.6440677966101694,0.0,3810000.0,1799463000,0.0,3820000.0,6340000.0,0.0,138023000,810000.0,0.114407,750000.0,0.105932,60000.0,810000.0,0.114407,290000.0,520000.0,0.073446,0.06684,0.06684,7780000.0,7780000.0,https://www.sec.gov/Archives/edgar/data/31667/000095013406010631/0000950134-06-010631-index.htm,https://www.sec.gov/Archives/edgar/data/31667/000095013406010631/d36529e10vk.htm
0,2005-11-30,EDUC,2006-01-13,2006-01-13 06:01:37,Q3,9680000.0,3390000.0,6290000.0,0.6497933884297521,0.0,5110000.0,2109500000,0.0,5139999.999999999,8529999.999999998,0.0,0.0,1170000.0,0.120868,1150000.0,0.118802,20000.0,1170000.0,0.120868,430000.0,740000.0,0.076446,0.09487,0.09487,7800000.0,7800000.0,https://www.sec.gov/Archives/edgar/data/31667/000095013406000491/0000950134-06-000491-index.htm,https://www.sec.gov/Archives/edgar/data/31667/000095013406000491/d31930e10vq.htm
0,2005-08-31,EDUC,2005-10-13,2005-10-13 17:01:29,Q2,6800000.0,2740000.0,4060000.0,0.5970588235294118,0.0,3400000.0,1515200000,0.0,3420000.0,6160000.0,0.0,0.0,640000.0,0.094118,630000.0,0.092647,10000.0,640000.0,0.094118,240000.0,400000.0,0.058824,0.05122,0.05122,7810000.0,7810000.0,https://www.sec.gov/Archives/edgar/data/31667/000095013405019135/0000950134-05-019135-index.htm,https://www.sec.gov/Archives/edgar/data/31667/000095013405019135/d29344e10vq.htm
0,2005-05-31,EDUC,2005-07-14,2005-07-13 17:58:03,Q1,8230000.0,3010000.0,5220000.0,0.6342648845686513,0.0,4010000.0,1670800000,0.0,4020000.0000000005,7030000.000000001,0.0,0.0,1200000.0,0.145808,1190000.0,0.144593,10000.0,1200000.0,0.145808,460000.0,740000.0,0.089915,0.09487,0.09487,7800000.0,7800000.0,https://www.sec.gov/Archives/edgar/data/31667/000095013405013328/0000950134-05-013328-index.htm,https://www.sec.gov/Archives/edgar/data/31667/000095013405011792/d26157e10vk.htm
0,2005-02-28,EDUC,2005-06-10,2005-06-10 14:00:53,Q4,6780000.0,2490000.0,4290000.0,0.6327433628318584,0.0,3810000.0,1893140000,0.0,3830000.0,6320000.0,0.0,125570000,530000.0,0.078171,460000.0,0.067847,70000.0,530000.0,0.078171,210000.0,320000.0,0.047198,0.04092,0.04092,7820000.0,7820000.0,https://www.sec.gov/Archives/edgar/data/31667/000095013405011792/0000950134-05-011792-index.htm,https://www.sec.gov/Archives/edgar/data/31667/000095013405011792/d26157e10vk.htm
0,2004-11-30,EDUC,2005-01-14,2005-01-14 09:20:12,Q3,9330000.0,3220000.0,6110000.0,0.654876741693462,0.0,4800000.0,1837700000,0.0,4819999.999999998,8039999.999999998,0.0,0.0,1300000.0,0.139335,1290000.0,0.138264,10000.0,1300000.0,0.139335,490000.0,810000.0,0.086817,0.09988,0.09988,8110000.0,8110000.0,https://www.sec.gov/Archives/edgar/data/31667/000095013405000737/0000950134-05-000737-index.htm,https://www.sec.gov/Archives/edgar/data/31667/000095013405000737/d21684e10vq.htm
0,2004-08-31,EDUC,2004-10-15,2004-10-15 14:04:05,Q2,6990000.0,2620000.0,4370000.0,0.6251788268955651,0.0,3640000.0,1492300000,0.0,3660000.0,6280000.0,0.0,0.0,720000.0,0.103004,720000.0,0.103004,10000.0,730000.0,0.104435,270000.0,450000.0,0.064378,0.05415,0.05415,8310000.0,8310000.0,https://www.sec.gov/Archives/edgar/data/31667/000095013404015067/0000950134-04-015067-index.htm,https://www.sec.gov/Archives/edgar/data/31667/000095013404015067/d19069e10vq.htm
0,2004-05-31,EDUC,2004-07-01,2004-07-01 15:13:17,Q1,8550000.0,3000000.0,5550000.0,0.6491228070175439,0.0,4210000.0,1637400000,0.0,4220000.0,7220000.0,0.0,0.0,1330000.0,0.155556,1330000.0,0.155556,10000.0,1340000.0,0.156725,510000.0,820000.0,0.095906,0.09693,0.09693,8460000.0,8460000.0,https://www.sec.gov/Archives/edgar/data/31667/000095013404009566/0000950134-04-009566-index.htm,https://www.sec.gov/Archives/edgar/data/31667/000095013404008072/d15705e10vk.htm
0,2004-02-29,EDUC,2004-05-25,2004-05-25 09:53:13,Q4,6230000.0,2140000.0,4090000.0,0.6565008025682183,0.0,3540000.0,1553043000,0.0,3539999.9999999995,5680000.0,0.0,167500000,610000.0,0.097913,550000.0,0.088283,70000.0,620000.0,0.099518,230000.0,380000.0,0.060995,0.04419,0.04419,8600000.0,8600000.0,https://www.sec.gov/Archives/edgar/data/31667/000095013404008072/0000950134-04-008072-index.htm,https://www.sec.gov/Archives/edgar/data/31667/000095013404008072/d15705e10vk.htm
0,2003-11-30,EDUC,,,Q3,9980000.0,3350000.0,6630000.0,0.664329,0.0,5220000.0,0.0,0.0,5220000.000000001,8570000.000000002,0.0,0.0,1420000.0,0.142285,1410000.0,0.141283,10000.0,1420000.0,0.142285,550000.0,870000.0,0.087174,0.10069,0.10069,8640000.0,8640000.0,,
0,2003-08-31,EDUC,,,Q2,6890000.0,2570000.0,4330000.0,0.628447,0.0,3470000.0,0.0,0.0,3470000.0,6040000.0,0.0,0.0,860000.0,0.124819,850000.0,0.123367,10000.0,860000.0,0.124819,330000.0,530000.0,0.076923,0.06163,0.06163,8600000.0,8600000.0,,
0,2003-05-31,EDUC,,,Q1,7260000.0,2590000.0,4680000.0,0.644628,0.0,3740000.0,0.0,0.0,3740000.0,6330000.0,0.0,0.0,940000.0,0.129477,930000.0,0.128099,10000.0,940000.0,0.129477,350000.0,590000.0,0.081267,0.06933,0.06933,8510000.0,8510000.0,,
0,2003-02-28,EDUC,,,Q4,5630000.0,2050000.0,3580000.0,0.635879,0.0,3210000.0,0.0,0.0,3210000.0,5260000.0,0.0,0.0,420000.0,0.0746,370000.0,0.065719,50000.0,420000.0,0.0746,150000.0,270000.0,0.047957,0.03218,0.03218,8390000.0,8390000.0,,
0,2002-11-30,EDUC,,,Q3,8290000.0,2800000.0,5490000.0,0.662244,0.0,4260000.0,0.0,0.0,4260000.0,7060000.0,0.0,0.0,1240000.0,0.149578,1230000.0,0.148372,10000.0,1230000.0,0.148372,470000.0,770000.0,0.092883,0.09311,0.09311,8270000.0,8270000.0,,
0,2002-08-31,EDUC,2002-10-10 00:00:00,2002-10-10 14:01:45,Q2,5900000.0,2300000.0,3600000.0,0.610169,0.0,2890000.0,0.0,0.0,2890000.0000000005,5190000.000000001,0.0,0.0,730000.0,0.123729,710000.0,0.120339,20000.0,730000.0,0.123729,280000.0,450000.0,0.076271,0.05428,0.05428,8290000.0,8290000.0,https://www.sec.gov/Archives/edgar/data/31667/000095013402012343/0000950134-02-012343-index.html,https://www.sec.gov/Archives/edgar/data/31667/000095013402012343/d00322e10vq.txt
0,2002-05-31,EDUC,2002-06-26 00:00:00,2002-06-26 12:09:44,Q1,6440000.0,2450000.0,4000000.0,0.621118,0.0,3120000.0,0.0,0.0,3109999.9999999995,5559999.999999999,0.0,0.0,890000.0,0.138199,880000.0,0.136646,10000.0,880000.0,0.136646,340000.0,550000.0,0.085404,0.06619,0.06619,8310000.0,8310000.0,https://www.sec.gov/Archives/edgar/data/31667/000095013402007655/0000950134-02-007655-index.html,https://www.sec.gov/Archives/edgar/data/31667/000095013402007655/d97963e10vq.txt
0,2002-02-28,EDUC,2002-05-06 00:00:00,2002-05-03 17:50:40,Q4,4640000.0,1810000.0,2830000.0,0.609914,0.0,2490000.0,0.0,0.0,2490000.0,4300000.0,0.0,0.0,380000.0,0.081897,340000.0,0.073276,40000.0,380000.0,0.081897,120000.0,260000.0,0.056034,0.03155,0.03155,8240000.0,8240000.0,https://www.sec.gov/Archives/edgar/data/31667/000095013402004531/0000950134-02-004531-index.html,https://www.sec.gov/Archives/edgar/data/31667/000095013402004531/d96515e10-k.txt
0,2001-11-30,EDUC,2001-12-20 00:00:00,2001-12-20 00:00:00,Q3,6010000.0,2240000.0,3770000.0,0.627288,0.0,2990000.0,0.0,0.0,2990000.0,5230000.0,0.0,0.0,810000.0,0.134775,780000.0,0.129784,20000.0,800000.0,0.133111,320000.0,490000.0,0.081531,0.05983,0.05983,8190000.0,8190000.0,https://www.sec.gov/Archives/edgar/data/31667/000095013401509672/0000950134-01-509672-index.html,https://www.sec.gov/Archives/edgar/data/31667/000095013401509672/d93047e10-q.txt
0,2001-08-31,EDUC,2001-10-04 00:00:00,2001-10-04 00:00:00,Q2,5110000.0,2110000.0,3000000.0,0.587084,0.0,2340000.0,0.0,0.0,2350000.0,4460000.0,0.0,0.0,660000.0,0.129159,650000.0,0.127202,10000.0,660000.0,0.129159,240000.0,420000.0,0.082192,0.05211,0.05211,8060000.0,8060000.0,https://www.sec.gov/Archives/edgar/data/31667/000095013401507021/0000950134-01-507021-index.html,https://www.sec.gov/Archives/edgar/data/31667/000095013401507021/d91127e10-q.txt
0,2001-05-31,EDUC,2001-07-06 00:00:00,2001-07-06 00:00:00,Q1,4800000.0,1970000.0,2830000.0,0.589583,0.0,2220000.0,0.0,0.0,2240000.0,4210000.0,0.0,0.0,600000.0,0.125,590000.0,0.122917,10000.0,600000.0,0.125,230000.0,370000.0,0.077083,0.04619,0.04619,8010000.0,8010000.0,https://www.sec.gov/Archives/edgar/data/31667/000095013401503855/0000950134-01-503855-index.html,https://www.sec.gov/Archives/edgar/data/31667/000095013401503855/d88915e10-q.txt
0,2001-02-28,EDUC,2001-05-08 00:00:00,2001-05-08 00:00:00,Q4,3690000.0,1480000.0,2210000.0,0.598916,0.0,2080000.0,0.0,0.0,2080000.0,3560000.0,0.0,0.0,130000.0,0.03523,120000.0,0.03252,10000.0,130000.0,0.03523,50000.0,80000.0,0.02168,0.00995,0.00995,8040000.0,8040000.0,https://www.sec.gov/Archives/edgar/data/31667/000095013401501263/0000950134-01-501263-index.html,https://www.sec.gov/Archives/edgar/data/31667/000095013401501263/d86894e10-k.txt
0,2000-11-30,EDUC,2001-01-05 00:00:00,2001-01-05 00:00:00,Q3,5250000.0,2070000.0,3180000.0,0.605714,0.0,2540000.0,0.0,0.0,2570000.0,4640000.0,0.0,0.0,620000.0,0.118095,610000.0,0.11619,10000.0,620000.0,0.118095,240000.0,380000.0,0.072381,0.04703,0.04703,8080000.0,8080000.0,https://www.sec.gov/Archives/edgar/data/31667/000095013401000066/0000950134-01-000066-index.html,https://www.sec.gov/Archives/edgar/data/31667/000095013401000066/d83053e10-q.txt
0,2000-08-31,EDUC,2000-10-03 00:00:00,2000-10-03 00:00:00,Q2,4420000.0,1950000.0,2470000.0,0.558824,0.0,1870000.0,0.0,0.0,1900000.0,3850000.0,0.0,0.0,570000.0,0.128959,570000.0,0.128959,10000.0,570000.0,0.128959,220000.0,350000.0,0.079186,0.04386,0.04386,7980000.0,7980000.0,https://www.sec.gov/Archives/edgar/data/31667/000095013400008365/0000950134-00-008365-index.html,https://www.sec.gov/Archives/edgar/data/31667/000095013400008365/d80656e10-q.txt
0,2000-05-31,EDUC,2000-07-06 00:00:00,2000-07-06 00:00:00,Q1,4250000.0,1800000.0,2450000.0,0.576471,0.0,1990000.0,0.0,0.0,2019999.9999999995,3819999.9999999995,0.0,0.0,450000.0,0.105882,430000.0,0.101176,20000.0,450000.0,0.105882,170000.0,280000.0,0.065882,0.03398,0.03398,8240000.0,8240000.0,https://www.sec.gov/Archives/edgar/data/31667/000093066100001648/0000930661-00-001648-index.html,https://www.sec.gov/Archives/edgar/data/31667/000093066100001648/0000930661-00-001648-0001.txt
0,2000-02-29,EDUC,2000-05-12 00:00:00,2000-05-12 00:00:00,Q4,3510000.0,1470000.0,2040000.0,0.581197,0.0,1960000.0,0.0,0.0,1970000.0,3440000.0,0.0,0.0,90000.0,0.025641,70000.0,0.019943,20000.0,90000.0,0.025641,30000.0,60000.0,0.017094,0.007,0.007,8570000.0,8570000.0,https://www.sec.gov/Archives/edgar/data/31667/000093066100001198/0000930661-00-001198-index.html,https://www.sec.gov/Archives/edgar/data/31667/0000930661-00-001198.txt
0,1999-11-30,EDUC,,,Q3,5010000.0,1980000.0,3030000.0,0.60479,0.0,2350000.0,0.0,0.0,2360000.0,4340000.0,0.0,0.0,680000.0,0.135729,670000.0,0.133733,10000.0,680000.0,0.135729,260000.0,420000.0,0.083832,0.0474,0.0474,8860000.0,8860000.0,,
0,1999-08-31,EDUC,1999-09-30 00:00:00,1999-09-30 00:00:00,Q2,4200000.0,1810000.0,2400000.0,0.571429,0.0,1880000.0,0.0,0.0,1900000.0,3710000.0,0.0,0.0,510000.0,0.121429,500000.0,0.119048,10000.0,510000.0,0.121429,200000.0,310000.0,0.07381,0.0358,0.0358,8660000.0,8660000.0,https://www.sec.gov/Archives/edgar/data/31667/000093066199002245/0000930661-99-002245-index.html,https://www.sec.gov/Archives/edgar/data/31667/0000930661-99-002245.txt
0,1999-05-31,EDUC,1999-07-08 00:00:00,1999-07-08 00:00:00,Q1,4120000.0,1730000.0,2400000.0,0.582524,0.0,1930000.0,0.0,0.0,1940000.0,3670000.0,0.0,0.0,470000.0,0.114078,450000.0,0.109223,20000.0,470000.0,0.114078,180000.0,290000.0,0.070388,0.03112,0.03112,9320000.0,9320000.0,https://www.sec.gov/Archives/edgar/data/31667/000093066199001620/0000930661-99-001620-index.html,https://www.sec.gov/Archives/edgar/data/31667/0000930661-99-001620.txt
0,1999-02-28,EDUC,1999-05-19 00:00:00,1999-05-19 00:00:00,Q4,3110000.0,1290000.0,1820000.0,0.585209,0.0,1840000.0,0.0,0.0,1840000.0,3130000.0,0.0,310000.0,300000.0,0.096463,-30000.0,-0.009646,20000.0,-10000.0,-0.003215,-110000.0,100000.0,0.032154,0.01015,0.01015,9850000.0,9850000.0,https://www.sec.gov/Archives/edgar/data/31667/000093066199001267/0000930661-99-001267-index.html,https://www.sec.gov/Archives/edgar/data/31667/0000930661-99-001267.txt
0,1998-11-30,EDUC,,,Q3,5450000.0,2060000.0,3390000.0,0.622018,0.0,2570000.0,0.0,0.0,2600000.0,4660000.0,0.0,0.0,850000.0,0.155963,790000.0,0.144954,60000.0,850000.0,0.155963,310000.0,540000.0,0.099083,0.05422,0.05422,9960000.0,9960000.0,,
0,1998-08-31,EDUC,1998-10-14 00:00:00,1998-10-14 00:00:00,Q2,3950000.0,1700000.0,2250000.0,0.56962,0.0,1740000.0,0.0,0.0,1770000.0000000002,3470000.0,0.0,69999.99999999999,570000.0,0.144304,480000.0,0.121519,20000.0,500000.0,0.126582,190000.0,310000.0,0.078481,0.03013,0.03013,10290000,10290000,https://www.sec.gov/Archives/edgar/data/31667/000093066198002118/0000930661-98-002118-index.html,https://www.sec.gov/Archives/edgar/data/31667/0000930661-98-002118.txt
0,1998-05-31,EDUC,1998-07-10 00:00:00,1998-07-10 00:00:00,Q1,4160000.0,1680000.0,2480000.0,0.596154,0.0,1900000.0,0.0,0.0,1920000.0000000002,3600000.0,0.0,80000.0,660000.0,0.158654,560000.0,0.134615,20000.0,580000.0,0.139423,230000.0,350000.0,0.084135,0.03277,0.03277,10680000,10680000,https://www.sec.gov/Archives/edgar/data/31667/000093066198001525/0000930661-98-001525-index.html,https://www.sec.gov/Archives/edgar/data/31667/0000930661-98-001525.txt
0,1998-02-28,EDUC,1998-05-27 00:00:00,1998-05-27 00:00:00,Q4,3860000.0,1500000.0,2360000.0,0.611399,0.0,2070000.0,0.0,0.0,2080000.0,3580000.0,0.0,79999.99999999999,400000.0,0.103627,280000.0,0.072539,40000.0,320000.0,0.082902,120000.0,200000.0,0.051813,0.01873,0.01873,10680000,10680000,https://www.sec.gov/Archives/edgar/data/31667/000093066198001267/0000930661-98-001267-index.html,https://www.sec.gov/Archives/edgar/data/31667/0000930661-98-001267.txt
0,1997-11-30,EDUC,1998-01-08 00:00:00,1998-01-08 00:00:00,Q3,5560000.0,2160000.0,3400000.0,0.611511,0.0,2480000.0,0.0,0.0,2519999.9999999995,4680000.0,0.0,70000.0,980000.0,0.176259,880000.0,0.158273,30000.0,910000.0,0.163669,350000.0,560000.0,0.100719,0.05219,0.05219,10730000,10730000,https://www.sec.gov/Archives/edgar/data/31667/000093066198000031/0000930661-98-000031-index.html,https://www.sec.gov/Archives/edgar/data/31667/0000930661-98-000031.txt
0,1997-08-31,EDUC,1997-09-30 00:00:00,1997-09-30 00:00:00,Q2,5270000.0,2250000.0,3020000.0,0.573055,0.0,2150000.0,0.0,0.0,2200000.0,4450000.0,0.0,79999.99999999999,920000.0,0.174573,820000.0,0.155598,30000.0,840000.0,0.159393,360000.0,480000.0,0.091082,0.04499,0.04499,10670000,10670000,https://www.sec.gov/Archives/edgar/data/31667/000093066197002316/0000930661-97-002316-index.html,https://www.sec.gov/Archives/edgar/data/31667/0000930661-97-002316.txt
0,1997-05-31,EDUC,1997-07-07 00:00:00,1997-07-07 00:00:00,Q1,4660000.0,1870000.0,2790000.0,0.598712,0.0,2030000.0,0.0,0.0,2080000.0,3950000.0,0.0,70000.0,810000.0,0.17382,720000.0,0.154506,30000.0,750000.0,0.160944,280000.0,460000.0,0.098712,0.04331,0.04331,10620000,10620000,https://www.sec.gov/Archives/edgar/data/31667/000093066197001672/0000930661-97-001672-index.html,https://www.sec.gov/Archives/edgar/data/31667/0000930661-97-001672.txt
0,1997-02-28,EDUC,1997-05-28 00:00:00,1997-05-28 00:00:00,Q4,4250000.0,1640000.0,2610000.0,0.614118,0.0,2140000.0,0.0,0.0,2170000.0,3810000.0,0.0,70000.0,530000.0,0.124706,440000.0,0.103529,20000.0,460000.0,0.108235,140000.0,320000.0,0.075294,0.02996,0.02996,10680000,10680000,https://www.sec.gov/Archives/edgar/data/31667/000093066197001421/0000930661-97-001421-index.html,https://www.sec.gov/Archives/edgar/data/31667/0000930661-97-001421.txt
0,1996-11-30,EDUC,1997-01-14 00:00:00,1997-01-14 00:00:00,Q3,6270000.0,2380000.0,3890000.0,0.620415,0.0,2740000.0,0.0,0.0,2810000.0000000005,5190000.000000001,0.0,69999.99999999999,1150000.0,0.183413,1080000.0,0.172249,10000.0,1080000.0,0.172249,430000.0,650000.0,0.103668,0.0608,0.0608,10690000,10690000,https://www.sec.gov/Archives/edgar/data/31667/000093066197000085/0000930661-97-000085-index.html,https://www.sec.gov/Archives/edgar/data/31667/0000930661-97-000085.txt
0,1996-08-31,EDUC,1996-10-15 00:00:00,1996-10-15 00:00:00,Q2,5030000.0,2070000.0,2960000.0,0.588469,0.0,2270000.0,0.0,0.0,2370000.0000000005,4440000.000000001,0.0,50000.0,650000.0,0.129225,600000.0,0.119284,0.0,600000.0,0.119284,240000.0,360000.0,0.071571,0.03361,0.03361,10710000,10710000,https://www.sec.gov/Archives/edgar/data/31667/000093066196001389/0000930661-96-001389-index.html,https://www.sec.gov/Archives/edgar/data/31667/0000930661-96-001389.txt
0,1996-05-31,EDUC,1996-07-12 00:00:00,1996-07-12 00:00:00,Q1,5690000.0,2310000.0,3380000.0,0.594025,0.0,2760000.0,0.0,0.0,2890000.0,5200000.0,0.0,60000.0,550000.0,0.096661,490000.0,0.086116,0.0,500000.0,0.087873,190000.0,300000.0,0.052724,0.02791,0.02791,10750000,10750000,https://www.sec.gov/Archives/edgar/data/31667/000093066196000789/0000930661-96-000789-index.html,https://www.sec.gov/Archives/edgar/data/31667/0000930661-96-000789.txt
0,1996-02-29,EDUC,,,Q4,4650000.0,2020000.0,2630000.0,0.565591,0.0,2150000.0,0.0,0.0,2240000.0,4260000.0,0.0,60000.0,150000.0,0.032258,390000.0,0.083871,0.0,390000.0,0.083871,120000.0,-30000.0,-0.006452,-0.00279,-0.00279,10750000,10750000,,
0,1995-11-30,EDUC,,,Q3,5910000.0,2360000.0,3550000.0,0.600677,0.0,2560000.0,0.0,0.0,2650000.0,5010000.0,0.0,30000.000000000007,920000.0,0.155668,900000.0,0.152284,0.0,900000.0,0.152284,350000.0,540000.0,0.091371,0.05037,0.05037,10720000,10720000,,
0,1995-08-31,EDUC,,,Q2,4710000.0,2020000.0,2690000.0,0.571125,0.0,1730000.0,0.0,0.0,1799999.9999999998,3820000.0,0.0,20000.0,900000.0,0.191083,890000.0,0.18896,0.0,890000.0,0.18896,340000.0,540000.0,0.11465,0.0508,0.0508,10630000,10630000,,
