,date,symbol,fillingDate,acceptedDate,period,revenue,costOfRevenue,grossProfit,grossProfitRatio,researchAndDevelopmentExpenses,generalAndAdministrativeExpenses,sellingAndMarketingExpenses,otherExpenses,operatingExpenses,costAndExpenses,interestExpense,depreciationAndAmortization,ebitda,ebitdaratio,operatingIncome,operatingIncomeRatio,totalOtherIncomeExpensesNet,incomeBeforeTax,incomeBeforeTaxRatio,incomeTaxExpense,netIncome,netIncomeRatio,eps,epsdiluted,weightedAverageShsOut,weightedAverageShsOutDil,link,finalLink
0,2020-09-30,ZAGG,2020-11-09,2020-11-09 17:17:34,Q3,115456000,77023000,38433000,0.33288005820399114,0.0,27067000,3218000.0,867000.0,0.0,107447000,885000.0,0.0,13966000,0.12096383037694013,8009000.0,0.06858889966740576,795000.0,7919000.0,0.06858889966740576,1700000.0,6219000.0,0.05386467572062084,0.21,0.21,29829000,29831000,https://www.sec.gov/Archives/edgar/data/1296205/000162828020016124/0001628280-20-016124-index.htm,https://www.sec.gov/Archives/edgar/data/1296205/000162828020016124/zagg-20200930.htm
0,2020-06-30,ZAGG,2020-08-04,2020-08-04 17:18:22,Q2,77117000,53805000,23312000,0.3022939170351544,0.0,26162000,2419000.0,217000.0,0.0,83324000,956000.0,0.0,-1021000.0,-0.013239622910642271,-6207000.0,-0.09073226396255041,166000.0,-6997000.0,-0.09073226396255041,-3664000.0,-3333000.0,-0.04322004227342869,-0.11,-0.11,29814000,29814000,https://www.sec.gov/Archives/edgar/data/1296205/000129620520000106/0001296205-20-000106-index.htm,https://www.sec.gov/Archives/edgar/data/1296205/000129620520000106/zagg-20200630.htm
0,2020-03-31,ZAGG,2020-05-28 00:00:00,2020-05-28 17:24:14,Q1,90981000,109923000,-18942000,-0.20819731592310484,0.0,37019000,4426000.0,2000.0,345000.0,150486000,1534000.0,0.0,-54127000,-0.5949264132071531,-59505000,-0.9201261801914685,-22675000,-83714000,-0.9201261801914685,-8159000.0,-75555000,-0.8304481155406074,-2.54,-2.54,29745000,29745000,https://www.sec.gov/Archives/edgar/data/1296205/000129620520000091/0001296205-20-000091-index.htm,https://www.sec.gov/Archives/edgar/data/1296205/000129620520000091/zagg-20200331.htm
0,2019-12-31,ZAGG,2020-03-16 00:00:00,2020-03-16 16:49:51,Q4,189888000,122445000,67443000,0.3551725227502528,0.0,40856000,5955000.0,351000.0,762000.0,167293000,1576000.0,0.0,28842000,0.15188953488372092,22595000,0.10852713178294573,-411000.0,20608000,0.10852713178294573,-4390000.0,24998000,0.13164602291877317,0.86,0.85,29067442,29409412,https://www.sec.gov/Archives/edgar/data/1296205/000129620520000040/0001296205-20-000040-index.html,https://www.sec.gov/Archives/edgar/data/1296205/000129620520000040/zagg-20191231.htm
0,2019-09-30,ZAGG,2019-11-07 00:00:00,2019-11-06 17:36:46,Q3,146488000,92143000,54345000,0.3709860193326416,0.0,38192000,4129000.0,-462000.0,547000.0,134283000,1221000.0,0.0,16428000,0.11214570476762602,12205000,0.06809431489268745,-1009000.0,9975000.0,0.06809431489268745,1293000.0,8682000.0,0.059267653323139095,0.3,0.3,28940000,28940000,https://www.sec.gov/Archives/edgar/data/1296205/000129620519000085/0001296205-19-000085-index.html,https://www.sec.gov/Archives/edgar/data/1296205/000129620519000085/zagg-20190930.htm
0,2019-06-30,ZAGG,2019-08-07,2019-08-07 12:56:28,Q2,106796000,69037000,37759000,0.35356193115847034,0.0,39005000,4514000.0,1192000.0,374000.0,112641000,1103000.0,0.0,2181000.0,0.02042211318775984,-5845000.0,-0.0573991535263493,818000.0,-6130000.0,-0.0573991535263493,-794000.0,-5336000.0,-0.04996441814300161,-0.18,-0.18,29644444,29644444,https://www.sec.gov/Archives/edgar/data/1296205/000129620519000074/zagg-20190630.htm,https://www.sec.gov/Archives/edgar/data/1296205/000129620519000074/zagg-20190630.htm
0,2019-03-31,ZAGG,2019-05-08 00:00:00,2019-05-08 16:33:35,Q1,78750000,54928000,23822000,0.3025015873015873,0.0,36169000,4585000.0,-516000.0,247000.0,95563000,1010000.0,0.0,-10841000,-0.13766349206349207,-16813000,-0.23601269841269842,-763000.0,-18586000,-0.23601269841269842,-4162000.0,-14424000,-0.18316190476190478,-0.5,-0.5,28848000,28883000,https://www.sec.gov/Archives/edgar/data/1296205/000129620519000061/0001296205-19-000061-index.html,https://www.sec.gov/Archives/edgar/data/1296205/000129620519000061/zagg-20190331.htm
0,2018-12-31,ZAGG,2019-03-14 00:00:00,2019-03-14 16:50:24,Q4,166513000,108061000,58452000,0.3510356548737936,0.0,33603000,3672000.0,-121000.0,1043000.0,145142000,552000.0,0.0,26208000,0.15739311645337,21371000,0.1180388318029223,-1164000.0,19655000,0.1180388318029223,5337000.0,14318000,0.08598728027241116,0.52,0.52,27536538,27536538,https://www.sec.gov/Archives/edgar/data/1296205/000129620519000020/0001296205-19-000020-index.html,https://www.sec.gov/Archives/edgar/data/1296205/000129620519000020/zagg-20181231.htm
0,2018-09-30,ZAGG,2018-11-07 00:00:00,2018-11-07 12:24:16,Q3,141087000,88916000,52171000,0.3697789307306839,0.0,30438000,3089000.0,-176000.0,618000.0,122213000,286000.0,0.0,22798000,0.1615882398803575,18874000,0.1261207623664831,-794000.0,17794000,0.1261207623664831,3168000.0,14626000,0.10366653199798706,0.52,0.51,28241000,28563000,https://www.sec.gov/Archives/edgar/data/1296205/000129620518000063/0001296205-18-000063-index.html,https://www.sec.gov/Archives/edgar/data/1296205/000129620518000063/zagg-20180930.htm
0,2018-06-30,ZAGG,2018-08-01 00:00:00,2018-08-01 16:09:27,Q2,118565000,80908000,37657000,0.3176063762493147,0.0,29673000,2638000.0,-681000.0,18000.0,113354000,346000.0,0.0,8730000.0,0.07363049803905031,5211000.0,0.03513684476869228,-699000.0,4166000.0,0.03513684476869228,951000.0,3215000.0,0.027115927971998483,0.11,0.11,29227273,29227273,https://www.sec.gov/Archives/edgar/data/1296205/000129620518000037/0001296205-18-000037-index.html,https://www.sec.gov/Archives/edgar/data/1296205/000129620518000037/zagg-20180630.htm
0,2018-03-31,ZAGG,2018-05-09 00:00:00,2018-05-08 19:12:07,Q1,112066000,74474000,37592000,0.33544518408794816,0.0,26901000,2594000.0,495000.0,0.0,104147000,500000.0,0.0,13444000,0.11996502061285313,7919000.0,0.07061909945924723,495000.0,7914000.0,0.07061909945924723,885000.0,7029000.0,0.06272196741206075,0.25,0.24,28209000,28693000,https://www.sec.gov/Archives/edgar/data/1296205/000129620518000020/0001296205-18-000020-index.html,https://www.sec.gov/Archives/edgar/data/1296205/000129620518000020/zagg033118-10q.htm
0,2017-12-31,ZAGG,2018-03-15 00:00:00,2018-03-14 18:32:19,Q4,176924000,120748000,56176000,0.31751486513983407,0.0,30069000,3398000.0,631000.0,114000.0,153824000,554000.0,0.0,29112000,0.1645452284596776,23100000,0.16973389704053718,7484000.0,30030000,0.16973389704053718,21971000,8059000.0,0.04555063190974656,0.29,0.28,27789655,28782143,https://www.sec.gov/Archives/edgar/data/1296205/000162828018003203/0001628280-18-003203-index.html,https://www.sec.gov/Archives/edgar/data/1296205/000162828018003203/a2017123110k.htm
0,2017-09-30,ZAGG,2017-11-02 00:00:00,2017-11-02 11:10:51,Q3,134398000,86006000,48392000,0.36006488191788566,0.0,29347000,2627000.0,18000.0,96000.0,118367000,417000.0,0.0,21535000,0.1602330391821307,16031000,0.11559695828806976,-78000.0,15536000,0.11559695828806976,5760000.0,9776000.0,0.07273917766633432,0.35,0.34,27969000,28381000,https://www.sec.gov/Archives/edgar/data/1296205/000121390017011245/0001213900-17-011245-index.html,https://www.sec.gov/Archives/edgar/data/1296205/000121390017011245/f10q0917_zagginc.htm
0,2017-06-30,ZAGG,2017-08-03 00:00:00,2017-08-03 06:04:00,Q2,115227000,79403000,35824000,0.31089935518585055,0.0,27022000,2070000.0,67000.0,300000.0,109430000,619000.0,0.0,11105000,0.09637498155814175,5797000.0,0.042915288951374246,-233000.0,4945000.0,0.042915288951374246,1542000.0,3403000.0,0.02953300875662822,0.12,0.12,28358333,28358333,https://www.sec.gov/Archives/edgar/data/1296205/000121390017008163/0001213900-17-008163-index.html,https://www.sec.gov/Archives/edgar/data/1296205/000121390017008163/f10q0617_zagginc.htm
0,2017-03-31,ZAGG,2017-05-04 00:00:00,2017-05-04 12:31:25,Q1,92946000,64340000,28606000,0.30777010307060015,0.0,30060000,3006000.0,-20000.0,215000.0,97421000,490000.0,0.0,1286000.0,0.013835990790351386,-4475000.0,-0.07702321778236826,-2194000.0,-7159000.0,-0.07702321778236826,-1021000.0,-6138000.0,-0.0660383448453941,-0.22,-0.22,28059000,28059000,https://www.sec.gov/Archives/edgar/data/1296205/000121390017004610/0001213900-17-004610-index.html,https://www.sec.gov/Archives/edgar/data/1296205/000121390017004610/f10q0317_zagginc.htm
0,2016-12-31,ZAGG,2017-03-09 00:00:00,2017-03-09 16:52:18,Q4,114929000,85075000,29854000,0.2597603737959958,0.0,29848000,3862000.0,-76000.0,124000.0,118399000,484000.0,0.0,-70000.0,-0.0006090716877376468,-3470000.0,-0.03614405415517406,-200000.0,-4154000.0,-0.03614405415517406,-9000.0,-4145000.0,-0.036065744938179226,-0.15,-0.15,27633333,28061000,https://www.sec.gov/Archives/edgar/data/1296205/000121390017002131/0001213900-17-002131-index.html,https://www.sec.gov/Archives/edgar/data/1296205/000121390017002131/f10k2016_zagginc.htm
0,2016-09-30,ZAGG,2016-11-02 00:00:00,2016-11-02 10:01:32,Q3,124662000,81516000,43146000,0.3461038648505559,0.0,28996000,3389000.0,-81000.0,145000.0,112910000,575000.0,0.0,16211000,0.13003962715181852,11752000,-0.10721791724823924,-24543000,-13366000,-0.10721791724823924,-6261000.0,-7105000.0,-0.056994112079061784,-0.25,-0.25,28420000,28420000,https://www.sec.gov/Archives/edgar/data/1296205/000121390016017879/0001213900-16-017879-index.html,https://www.sec.gov/Archives/edgar/data/1296205/000121390016017879/f10q0916_zagginc.htm
0,2016-06-30,ZAGG,2016-08-03,2016-08-03 10:31:53,Q2,99833000,68960000,30873000,0.3092464415574009,0.0,27155000,2275000.0,9000.0,305000.0,100880000,604000.0,0.0,8100000.0,0.08113549627878557,-1047000.0,-0.019502569290715494,-296000.0,-1947000.0,-0.019502569290715494,-901000.0,-1046000.0,-0.010477497420692556,-0.04,-0.04,26150000,28126000,https://www.sec.gov/Archives/edgar/data/1296205/000121390016015503/f10q0616_zagginc.htm,https://www.sec.gov/Archives/edgar/data/1296205/000121390016015503/f10q0616_zagginc.htm
0,2016-03-31,ZAGG,2016-05-10 00:00:00,2016-05-10 16:36:44,Q1,62432000,38703000,23729000,0.380077524346489,0.0,22669000,2914000.0,-200000.0,2017000.0,64118000,188000.0,0.0,3544000.0,0.05676576114812917,-1686000.0,-0.06552729369554075,-2217000.0,-4091000.0,-0.06552729369554075,-801000.0,-3290000.0,-0.05269733470015377,-0.12,-0.12,27710000,27710000,https://www.sec.gov/Archives/edgar/data/1296205/000101376216001569/0001013762-16-001569-index.html,https://www.sec.gov/Archives/edgar/data/1296205/000101376216001569/f10q0316_zagginc.htm
0,2015-12-31,ZAGG,2016-03-08 00:00:00,2016-03-08 16:21:39,Q4,78632000,49733000,28899000,0.36752212839556414,0.0,18903000,2986000.0,-16000.0,0.0,70686000,18000.0,0.0,11312000,0.14386000610438499,7946000.0,0.10062061247329332,-16000.0,7912000.0,0.10062061247329332,2956000.0,4956000.0,0.06302777495167362,0.18,0.18,27538889,27538889,https://www.sec.gov/Archives/edgar/data/1296205/000101376216001367/0001013762-16-001367-index.html,https://www.sec.gov/Archives/edgar/data/1296205/000101376216001367/f10k2015_zagginc.htm
0,2015-09-30,ZAGG,2015-11-04 00:00:00,2015-11-04 09:32:02,Q3,66774000,41903000,24871000,0.37246533081738403,0.0,16509000,2759000.0,-76000.0,0.0,60546000,26000.0,0.0,9654000.0,0.1445772306586396,6228000.0,0.09174229490520262,-76000.0,6126000.0,0.09174229490520262,2387000.0,3739000.0,0.055994848294246266,0.13,0.13,28761538,28761538,https://www.sec.gov/Archives/edgar/data/1296205/000101376215001045/0001013762-15-001045-index.html,https://www.sec.gov/Archives/edgar/data/1296205/000101376215001045/f10q0915_zagginc.htm
0,2015-06-30,ZAGG,2015-08-05 00:00:00,2015-08-05 09:37:05,Q2,66689000,41732000,24957000,0.37422963307292056,0.0,16570000,2060000.0,-59000.0,0.0,60436000,26000.0,0.0,9298000.0,0.13942329319677907,6253000.0,0.09247402120289704,-59000.0,6167000.0,0.09247402120289704,2476000.0,3691000.0,0.05534645893625635,0.13,0.12,28392308,30758333,https://www.sec.gov/Archives/edgar/data/1296205/000101376215000812/0001013762-15-000812-index.html,https://www.sec.gov/Archives/edgar/data/1296205/000101376215000812/f10q0615_zagg.htm
0,2015-03-31,ZAGG,2015-05-06 00:00:00,2015-05-06 10:44:13,Q1,57216000,34258000,22958000,0.4012513982102908,0.0,15385000,2631000.0,80000.0,0.0,51777000,27000.0,0.0,8463000.0,0.1479131711409396,5439000.0,0.09598713646532439,80000.0,5492000.0,0.09598713646532439,2292000.0,3200000.0,0.05592841163310962,0.11,0.11,29380000,29678000,https://www.sec.gov/Archives/edgar/data/1296205/000101376215000423/0001013762-15-000423-index.html,https://www.sec.gov/Archives/edgar/data/1296205/000101376215000423/f10q0315_zagginc.htm
0,2014-12-31,ZAGG,2015-03-10,2015-03-10 16:06:12,Q4,102415000,62800000,39615000,0.3868085729629449,0.0,17113000,2779000.0,-83000.0,0.0,82340000,46000.0,0.0,23722000,0.23162622662695895,20075000,0.1947566274471513,-83000.0,19946000,0.1947566274471513,6946000.0,13000000,0.12693453107454963,0.44,0.43,29543182,30288000,https://www.sec.gov/Archives/edgar/data/1296205/000101376215000202/f10k2014_zagg.htm,https://www.sec.gov/Archives/edgar/data/1296205/000101376215000202/f10k2014_zagg.htm
0,2014-09-30,ZAGG,2014-11-05 00:00:00,2014-11-05 11:35:21,Q3,60013000,50849000,9164000.0,0.15270024827953943,0.0,13348000,1377000.0,90000.0,0.0,66624000,40000.0,0.0,-3404000.0,-0.056721043773849,-6611000.0,-0.10932631263226301,90000.0,-6561000.0,-0.10932631263226301,-2242000.0,-4319000.0,-0.07196774032293003,-0.14,-0.14,30850000,30850000,https://www.sec.gov/Archives/edgar/data/1296205/000101376214001283/0001013762-14-001283-index.html,https://www.sec.gov/Archives/edgar/data/1296205/000101376214001283/f10q0914_zagg.htm
0,2014-06-30,ZAGG,2014-08-06 00:00:00,2014-08-06 11:48:09,Q2,50154000,33367000,16787000,0.33470909598436815,0.0,12780000,1378000.0,24000.0,0.0,48574000,40000.0,0.0,4642000.0,0.09255493081309567,1580000.0,0.031183953423455757,24000.0,1564000.0,0.031183953423455757,771000.0,793000.0,0.01581130119232763,0.03,0.03,26433333,30575000,https://www.sec.gov/Archives/edgar/data/1296205/000101376214000906/0001013762-14-000906-index.html,https://www.sec.gov/Archives/edgar/data/1296205/000101376214000906/form10q.htm
0,2014-03-31,ZAGG,2014-05-08 00:00:00,2014-05-08 11:05:22,Q1,49003000,31225000,17778000,0.36279411464604205,0.0,13411000,2008000.0,90000.0,0.0,47063000,44000.0,0.0,5044000.0,0.10293247352202926,1940000.0,0.04052813093075934,90000.0,1986000.0,0.04052813093075934,998000.0,988000.0,0.02016203089606759,0.03,0.03,32933333,32933333,https://www.sec.gov/Archives/edgar/data/1296205/000101376214000498/0001013762-14-000498-index.html,https://www.sec.gov/Archives/edgar/data/1296205/000101376214000498/form10q.htm
0,2013-12-31,ZAGG,2014-03-12,2014-03-12 13:58:17,Q4,66818000,42332000,24486000,0.3664581400221497,0.0,13701000,2359000.0,263000.0,0.0,58484000,85000.0,0.0,193000.0,0.0028884432338591396,8334000.0,-0.043566104941782154,-11160000,-2911000.0,-0.043566104941782154,-867000.0,-2044000.0,-0.030590559430093686,-0.07,-0.07,29200000,31358000,https://www.sec.gov/Archives/edgar/data/1296205/000101376214000224/form10k.htm,https://www.sec.gov/Archives/edgar/data/1296205/000101376214000224/form10k.htm
0,2013-09-30,ZAGG,2013-11-07 00:00:00,2013-11-07 12:12:16,Q3,49869000,27768000,22101000,0.4431811345725802,0.0,13244000,2340000.0,-89000.0,0.0,43433000,120000.0,0.0,8655000.0,0.17355471334897432,6436000.0,0.11259499889711043,-701000.0,5615000.0,0.11259499889711043,2431000.0,3184000.0,0.06384727987326796,0.1,0.1,31840000,31840000,https://www.sec.gov/Archives/edgar/data/1296205/000101376213001368/0001013762-13-001368-index.html,https://www.sec.gov/Archives/edgar/data/1296205/000101376213001368/form10q.htm
0,2013-06-30,ZAGG,2013-08-08 00:00:00,2013-08-08 13:10:11,Q2,51198000,29663000,21535000,0.42062189929294114,0.0,13745000,1914000.0,-27000.0,0.0,45782000,144000.0,0.0,7891000.0,0.1541271143404039,5416000.0,0.0903941560217196,-644000.0,4628000.0,0.0903941560217196,1854000.0,2774000.0,0.05418180397671784,0.09,0.09,30822222,31218000,https://www.sec.gov/Archives/edgar/data/1296205/000101376213001018/0001013762-13-001018-index.html,https://www.sec.gov/Archives/edgar/data/1296205/000101376213001018/form10q.htm
0,2013-03-31,ZAGG,2013-05-10 00:00:00,2013-05-10 16:01:05,Q1,51471000,32472000,18999000,0.36912047560762373,0.0,14618000,2338000.0,-20000.0,0.0,49464000,227000.0,0.0,4479000.0,0.08701987526956927,2007000.0,0.022400963649433663,-627000.0,1153000.0,0.022400963649433663,277000.0,876000.0,0.017019292417089233,0.03,0.03,29200000,31726000,https://www.sec.gov/Archives/edgar/data/1296205/000101376213000678/0001013762-13-000678-index.html,https://www.sec.gov/Archives/edgar/data/1296205/000101376213000678/form10q.htm
0,2012-12-31,ZAGG,2013-03-18 00:00:00,2013-03-18 16:01:34,Q4,87482000,48900000,38582000,0.44102786859010995,0.0,19407000,4314000.0,-170000.0,0.0,70726000,2802000.0,0.0,18005000,0.20581376740358018,16756000,0.010322123408243981,-13051000,903000.0,0.010322123408243981,709000.0,194000.0,0.002217599048947212,0.01,0.01,31215000,31735000,https://www.sec.gov/Archives/edgar/data/1296205/000101376213000403/0001013762-13-000403-index.html,https://www.sec.gov/Archives/edgar/data/1296205/000101376213000403/form10k.htm
0,2012-09-30,ZAGG,2012-11-08 00:00:00,2012-11-08 11:01:23,Q3,59828000,33203000,26625000,0.4450257404559738,0.0,17085000,3378000.0,0.0,0.0,52710000,1012000.0,0.0,9408000.0,0.15725078558534467,7118000.0,0.08935615430901919,-760000.0,5346000.0,0.08935615430901919,1958000.0,3388000.0,0.05662900314234138,0.11,0.11,30800000,31734000,https://www.sec.gov/Archives/edgar/data/1296205/000101376212002047/0001013762-12-002047-index.html,https://www.sec.gov/Archives/edgar/data/1296205/000101376212002047/form10q.htm
0,2012-06-30,ZAGG,2012-08-08 00:00:00,2012-08-08 13:14:22,Q2,61636000,33231000,28405000,0.46085080147965474,0.0,15149000,2301000.0,0.0,0.0,50849000,986000.0,0.0,13180000,0.21383606982932052,10787000,0.1549743656304757,-249000.0,9552000.0,0.1549743656304757,3740000.0,5812000.0,0.09429554156661692,0.19,0.18,30589474,31738000,https://www.sec.gov/Archives/edgar/data/1296205/000101376212001550/0001013762-12-001550-index.html,https://www.sec.gov/Archives/edgar/data/1296205/000101376212001550/form10q.htm
0,2012-03-31,ZAGG,2012-05-10 00:00:00,2012-05-10 13:50:39,Q1,55480000,28547000,26933000,0.48545421773612113,0.0,14283000,2441000.0,0.0,0.0,45252000,1521000.0,0.0,12583000,0.226802451333814,10228000,0.14594448449891853,-610000.0,8097000.0,0.14594448449891853,2985000.0,5112000.0,0.09214131218457101,0.17,0.16,30070588,31950000,https://www.sec.gov/Archives/edgar/data/1296205/000101376212001016/0001013762-12-001016-index.html,https://www.sec.gov/Archives/edgar/data/1296205/000101376212001016/form10q.htm
0,2011-12-31,ZAGG,2012-03-15 00:00:00,2012-03-15 17:02:02,Q4,67560000,36158000,31402000,0.464801657785672,0.0,13041000,2366000.0,0.0,0.0,53148000,1452000.0,0.0,18625000,0.2756808762581409,14412000,0.21773238602723505,0.0,14710000,0.21773238602723505,5083000.0,9946000.0,0.14721728833629366,0.0,0.0,0.0,0.0,https://www.sec.gov/Archives/edgar/data/1296205/000101376212000492/0001013762-12-000492-index.html,https://www.sec.gov/Archives/edgar/data/1296205/000101376212000492/form10k.htm
0,2011-09-30,ZAGG,2011-11-18 00:00:00,2011-11-18 15:04:59,Q3,45887000,26414000,19473000,0.42436855754353087,0.0,14859000,2763000.0,0.0,0.0,41273000,1399000.0,0.0,7148247.0,0.15577934927103537,4614000.0,0.07280929239218079,0.0,3341000.0,0.07280929239218079,1241000.0,2248000.0,0.048989909996295246,0.07,0.07,29442000,31375000,https://www.sec.gov/Archives/edgar/data/1296205/000101376211003118/0001013762-11-003118-index.html,https://www.sec.gov/Archives/edgar/data/1296205/000101376211003118/form10q.htm
0,2011-06-30,ZAGG,2011-08-15 00:00:00,2011-08-15 16:54:56,Q2,38788465,21027434,17761031,0.45789466017796787,0.0,13515053,2615702.0,0.0,0.0,34542487,159147.0,0.0,5132475.0,0.13231962131009825,4245978.0,0.10556697719283298,0.0,4094781.0,0.10556697719283298,1496540.0,2743061.0,0.07071847261808376,0.11,0.1,25240163,27278895,https://www.sec.gov/Archives/edgar/data/1296205/000101376211002217/0001013762-11-002217-index.html,https://www.sec.gov/Archives/edgar/data/1296205/000101376211002217/form10q.htm
0,2011-03-31,ZAGG,2011-05-10 00:00:00,2011-05-10 16:10:51,Q1,26976320,13329740,13646580,0.5058725578581511,0.0,8782294.0,2511816.0,0.0,0.0,22112034,11341.0,0.0,5040574.0,0.18685180187660883,4864286.0,0.1798995192820963,0.0,4853027.0,0.1798995192820963,1594573.0,3310380.0,0.12271429164541346,0.14,0.13,24095788,26216190,https://www.sec.gov/Archives/edgar/data/1296205/000101376211001291/0001013762-11-001291-index.html,https://www.sec.gov/Archives/edgar/data/1296205/000101376211001291/form10q.htm
0,2010-12-31,ZAGG,2011-03-25,2011-03-25 06:02:54,Q4,29252986,15898108,13354878,0.4565304205184387,0.0,7250822.0,1508966.0,0.0,0.0,23148930,0.0,0.0,6202000.0,0.21201254463390506,6104056.0,0.2082847200624237,0.0,6092950.0,0.2082847200624237,2726500.0,3401864.0,0.1162911710961746,0.0,0.0,0.0,0.0,https://www.sec.gov/Archives/edgar/data/1296205/000101376211000711/form10k.htm,https://www.sec.gov/Archives/edgar/data/1296205/000101376211000711/form10k.htm
0,2010-09-30,ZAGG,2010-11-09 00:00:00,2010-11-09 16:14:37,Q3,23055763,11475606,11580157,0.5022673506836447,0.0,5426861.0,1480740.0,0.0,0.0,16902467,0.0,0.0,6245872.0,0.2709028540933562,6153296.0,0.2670669368001397,0.0,6157432.0,0.2670669368001397,2298340.0,3859092.0,0.16738079759060673,0.17,0.16,22565300,24029177,https://www.sec.gov/Archives/edgar/data/1296205/000101376210002616/0001013762-10-002616-index.html,https://www.sec.gov/Archives/edgar/data/1296205/000101376210002616/form10q.htm
0,2010-06-30,ZAGG,2010-08-10 00:00:00,2010-08-10 16:05:57,Q2,15058783,7539580.0,7519203.0,0.49932341810091824,0.0,4294925.0,1016660.0,0.0,0.0,11834505,171088.0,0.0,3308608.0,0.2197128413365144,3224278.0,0.20320652738006784,0.0,3060043.0,0.20320652738006784,1149003.0,1911040.0,0.1269053415538294,0.09,0.08,22061570,23536603,https://www.sec.gov/Archives/edgar/data/1296205/000101376210001830/0001013762-10-001830-index.html,https://www.sec.gov/Archives/edgar/data/1296205/000101376210001830/form10q.htm
0,2010-03-31,ZAGG,2010-05-10 00:00:00,2010-05-10 16:36:14,Q1,8775559.0,3831857.0,4943702.0,0.5633489558898755,0.0,3611910.0,1061050.0,0.0,0.0,7443767.0,71529.0,0.0,1411712.0,0.16086861247243622,1331792.0,0.14437519023004688,0.0,1266973.0,0.14437519023004688,475897.0,791076.0,0.09014536851726483,0.04,0.03,21719274,23370610,https://www.sec.gov/Archives/edgar/data/1296205/000101376210001078/0001013762-10-001078-index.html,https://www.sec.gov/Archives/edgar/data/1296205/000101376210001078/form10q.htm
0,2009-12-31,ZAGG,2010-03-15 00:00:00,2010-03-15 16:14:44,Q4,11397588,5252598.0,6144990.0,0.5391482829524984,0.0,5373229.0,1676947.0,0.0,0.0,10625827,166791.0,0.0,736359.0,0.06460656412567291,771761.0,0.043730480519211606,0.0,498422.0,0.043730480519211606,247578.0,250844.0,0.022008516187810963,0.0,0.0,0.0,0.0,https://www.sec.gov/Archives/edgar/data/1296205/000101376210000508/0001013762-10-000508-index.html,https://www.sec.gov/Archives/edgar/data/1296205/000101376210000508/form10k.htm
0,2009-09-30,ZAGG,2009-11-12 00:00:00,2009-11-12 16:53:45,Q3,9728528.0,4521555.0,5206973.0,0.5352272203975771,0.0,3735685.0,1327126.0,0.0,0.0,8257240.0,62034.0,0.0,1584065.0,0.1628267914734891,1471288.0,0.14990561778719247,0.0,1458361.0,0.14990561778719247,550280.0,908081.0,0.09334207600574311,0.04,0.04,21540033,24252718,https://www.sec.gov/Archives/edgar/data/1296205/000101376209002038/0001013762-09-002038-index.html,https://www.sec.gov/Archives/edgar/data/1296205/000101376209002038/form10q.htm
0,2009-06-30,ZAGG,2009-08-13 00:00:00,2009-08-13 06:19:37,Q2,9214971.0,3699517.0,5515454.0,0.5985318890314467,0.0,3652344.0,1393194.0,0.0,0.0,7351861.0,178.0,0.0,1969393.0,0.2137166790866732,1863110.0,0.20761410969171798,0.0,1913158.0,0.20761410969171798,718894.0,1194264.0,0.12960040785803884,0.06,0.05,20062839,22614394,https://www.sec.gov/Archives/edgar/data/1296205/000114420409042534/0001144204-09-042534-index.html,https://www.sec.gov/Archives/edgar/data/1296205/000114420409042534/v157545_10q.htm
0,2009-03-31,ZAGG,2009-05-14 00:00:00,2009-05-14 06:32:45,Q1,8090951.0,2895143.0,5195808.0,0.6421751905307547,0.0,3591916.0,1454871.0,0.0,0.0,6487059.0,2442.0,0.0,1698186.0,0.2098870701355131,1603892.0,0.20312791413518633,0.0,1643498.0,0.20312791413518633,615258.0,1028240.0,0.12708518442393238,0.05,0.05,19185642,19869440,https://www.sec.gov/Archives/edgar/data/1296205/000114420409026260/0001144204-09-026260-index.html,https://www.sec.gov/Archives/edgar/data/1296205/000114420409026260/v149363_10q.htm
0,2008-12-31,ZAGG,2009-03-30 00:00:00,2009-03-30 06:15:55,Q4,7330791.0,2673715.0,4657076.0,0.6352760568402509,0.0,3620042.0,1492659.0,0.0,0.0,6293757.0,0.0,0.0,1312364.0,0.17902079052587913,1037034.0,0.1478197918887607,0.0,1083636.0,0.1478197918887607,-65048.0,1148684.0,0.1566930499041645,0.0,0.0,0.0,0.0,https://www.sec.gov/Archives/edgar/data/1296205/000114420409016754/0001144204-09-016754-index.html,https://www.sec.gov/Archives/edgar/data/1296205/000114420409016754/v144349_10k.htm
0,2008-09-30,ZAGG,2008-11-14 00:00:00,2008-11-14 10:24:14,Q3,6854916.0,2416988.0,4437928.0,0.6474080791070234,0.0,3067222.0,1169073.0,0.0,0.0,5484210.0,0.0,0.0,1412907.0,0.20611587362996134,1370706.0,0.2070118729390703,0.0,1419049.0,0.2070118729390703,529306.0,889743.0,0.12979633886104514,0.05,0.05,18981386,19436146,https://www.sec.gov/Archives/edgar/data/1296205/000114420408063797/0001144204-08-063797-index.html,https://www.sec.gov/Archives/edgar/data/1296205/000114420408063797/v132233_10q.htm
0,2008-06-30,ZAGG,2008-08-14 00:00:00,2008-08-14 16:16:15,Q2,2739176.0,712214.0,2026962.0,0.7399896903302307,0.0,1828506.0,484728.0,0.0,0.0,2540720.0,0.0,0.0,236253.0,0.08624966048183834,198456.0,0.10172146660163495,0.0,278633.0,0.10172146660163495,103930.0,174703.0,0.06377939935221395,0.01,0.01,18884105,18936055,https://www.sec.gov/Archives/edgar/data/1296205/000114420408047328/0001144204-08-047328-index.html,https://www.sec.gov/Archives/edgar/data/1296205/000114420408047328/v123526_10q.htm
0,2008-03-31,ZAGG,2008-05-15 00:00:00,2008-05-15 12:11:28,Q1,2845362.0,777742.0,2067620.0,0.7266632505811211,0.0,2294865.0,790022.0,0.0,0.0,3072607.0,0.0,0.0,-195081.0,-0.06856104776826288,-227245.0,-0.06367239036720108,0.0,-181171.0,-0.06367239036720108,-67000.0,-114171.0,-0.04012529864389839,-0.01,-0.01,18863885,18863885,https://www.sec.gov/Archives/edgar/data/1296205/000114420408029262/0001144204-08-029262-index.html,https://www.sec.gov/Archives/edgar/data/1296205/000114420408029262/v114573_10q.htm
0,2007-12-31,ZAGG,2008-03-27,2008-03-27 09:55:44,Q4,2101001.0,650992.0,1450009.0,0.6901515039735822,0.0,715324.0,477305.0,0.0,0.0,2294045.0,0.0,0.0,-165314.0,-0.07868344660473746,-193044.0,-0.07547925964813915,0.0,-158582.0,-0.07547925964813915,-451364.0,292782.0,0.1393535747960139,0.0,0.0,0.0,0.0,https://www.sec.gov/Archives/edgar/data/1296205/000114420408017684/v108284_10ksb.htm,https://www.sec.gov/Archives/edgar/data/1296205/000114420408017684/v108284_10ksb.htm
0,2007-09-30,ZAGG,2007-11-14,2007-11-14 08:00:12,Q3,1437408.0,299027.0,1138381.0,0.791967903337118,0.0,1888346.0,227624.0,0.0,0.0,2187373.0,0.0,0.0,-728511.0,-0.5068226975222067,-749965.0,-0.5100806451612904,0.0,-733194.0,-0.5100806451612904,234.0,-733428.0,-0.5102434381887397,-0.04,-0.04,17631495,17631495,https://www.sec.gov/Archives/edgar/data/1296205/000114420407060799/v094061_10qsb.htm,https://www.sec.gov/Archives/edgar/data/1296205/000114420407060799/v094061_10qsb.htm
0,2007-06-30,ZAGG,2007-08-08,2007-08-08 10:55:48,Q2,804458.0,203672.0,600786.0,0.7468208408642838,0.0,633225.0,78651.0,0.0,0.0,836897.0,0.0,0.0,-13428.0,-0.016691983919607984,-32439.0,-0.060538896996487075,0.0,-48701.0,-0.060538896996487075,-408.0,-48293.0,-0.06003172322234349,-0.003184,-0.003184,15168995,15168995,https://www.sec.gov/Archives/edgar/data/1296205/000114420407040981/v083468_10qsb.htm,https://www.sec.gov/Archives/edgar/data/1296205/000114420407040981/v083468_10qsb.htm
0,2007-03-31,ZAGG,2007-05-15,2007-05-15 17:12:08,Q1,792849.0,187159.0,605690.0,0.7639411792157145,0.0,867791.0,161135.0,0.0,0.0,1054950.0,0.0,0.0,-244136.0,-0.3079224417259781,-262101.0,-0.3378373435546996,0.0,-267854.0,-0.3378373435546996,2718.0,-270572.0,-0.3412654868707661,-0.02,-0.02,12695638,12695638,https://www.sec.gov/Archives/edgar/data/1296205/000109690607000734/zagg10qsb033107.htm,https://www.sec.gov/Archives/edgar/data/1296205/000109690607000734/zagg10qsb033107.htm
0,2006-12-31,ZAGG,2007-02-14,2007-02-14 14:07:14,Q4,800000.0,200000.0,600000.0,0.75,0.0,700000.0,0.0,0.0,800000.0,1000000.0,7044000.0,20000.0,6764000.0,8.455,-200000.0,-0.25,0.0,-200000.0,-0.25,-100000.0,-200000.0,-0.25,-0.0198,-0.0198,10100000,10100000,https://www.sec.gov/Archives/edgar/data/1296205/000125529407000116/mainbody.htm,https://www.sec.gov/Archives/edgar/data/1296205/000125529407000116/mainbody.htm
0,2006-09-30,ZAGG,2006-11-14,2006-11-14 15:18:10,Q3,800000.0,200000.0,600000.0,0.75,0.0,600000.0,0.0,0.0,600000.0000000001,800000.0000000001,4696000.0,20000.0,4716000.0,5.895,0.0,0.0,0.0,0.0,0.0,0.0,0.0,0.0,0.0,0.0,10000000,10000000,https://www.sec.gov/Archives/edgar/data/1296205/000125529406000789/mainbody.htm,https://www.sec.gov/Archives/edgar/data/1296205/000125529406000789/mainbody.htm
0,2006-06-30,ZAGG,2006-08-14,2006-08-14 17:30:55,Q2,600000.0,200000.0,500000.0,0.833333,0.0,400000.0,0.0,0.0,399999.99999999994,600000.0,2348000.0,0.0,2448000.0,4.08,0.0,0.0,0.0,0.0,0.0,0.0,100000.0,0.166667,0.0098,0.0098,10200000,10200000,https://www.sec.gov/Archives/edgar/data/1296205/000125529406000576/mainbody.htm,https://www.sec.gov/Archives/edgar/data/1296205/000125529406000576/mainbody.htm
