,date,symbol,fillingDate,acceptedDate,period,revenue,costOfRevenue,grossProfit,grossProfitRatio,researchAndDevelopmentExpenses,generalAndAdministrativeExpenses,sellingAndMarketingExpenses,otherExpenses,operatingExpenses,costAndExpenses,interestExpense,depreciationAndAmortization,ebitda,ebitdaratio,operatingIncome,operatingIncomeRatio,totalOtherIncomeExpensesNet,incomeBeforeTax,incomeBeforeTaxRatio,incomeTaxExpense,netIncome,netIncomeRatio,eps,epsdiluted,weightedAverageShsOut,weightedAverageShsOutDil,link,finalLink
0,2020-07-31,GIII,2020-09-09 00:00:00,2020-09-09 16:50:56,Q2,297212000,162519000,134693000,0.453188,0.0,120830000,0.0,0.0,146094999.99999997,308613999.99999994,-7277000.0,9690999.999999998,-16222000.000000002,-0.054581,-11402000,-0.038363,43000.0,-18636000,-0.062703,-3660000.0,-14976000,-0.050388,-0.31062,-0.31062,48214000,48214000,https://www.sec.gov/Archives/edgar/data/821002/000155837020011104/0001558370-20-011104-index.htm,https://www.sec.gov/Archives/edgar/data/821002/000155837020011104/giii-20200731x10q.htm
0,2020-04-30,GIII,2020-06-09 00:00:00,2020-06-09 17:23:04,Q1,405131000,280730000,124401000,0.307064,0.0,154620000,0.0,0.0,167673999.99999997,448404000,-10379000,9867000.0,-56220000,-0.13877,-43273000,-0.106812,-2056000.0,-55708000,-0.137506,-16413000,-39295000,-0.096993,-0.81822,-0.81822,48025000,48025000,https://www.sec.gov/Archives/edgar/data/821002/000155837020007395/0001558370-20-007395-index.htm,https://www.sec.gov/Archives/edgar/data/821002/000155837020007395/giii-20200609x10q.htm
0,2020-01-31,GIII,2020-03-30 00:00:00,2020-03-30 17:27:49,Q4,754617000,503529000,251088000,0.332736,0.0,187293000,0.0,0.0,218782000.00000003,722311000,-10784000,9771999.999999998,20082999.999999996,0.026614,32306000,0.042811,-427000.0,21095000,0.027955,-4193000.0,25288000,0.033511,0.52235,0.52235,48412000,48412000,https://www.sec.gov/Archives/edgar/data/821002/000155837020003389/0001558370-20-003389-index.html,https://www.sec.gov/Archives/edgar/data/821002/000155837020003389/giii-20200131x10k3bd50d.htm
0,2019-10-31,GIII,2019-12-06 00:00:00,2019-12-06 15:58:08,Q3,1128403000,729384000,399019000,0.353614,0.0,246580000,0.0,0.0,256157000.00000003,985541000,-12518000,9701000.0,128204000,0.113615,142862000,0.126605,677000.0,131021000,0.116112,35634000,95387000,0.084533,1.9726,1.9726,48356000,48356000,https://www.sec.gov/Archives/edgar/data/821002/000155837019011409/0001558370-19-011409-index.html,https://www.sec.gov/Archives/edgar/data/821002/000155837019011409/giii-20191031x10qddea6d.htm
0,2019-07-31,GIII,2019-09-06,2019-09-06 16:06:24,Q2,643892000,412123000,231769000,0.35995,0.0,196448000,0.0,0.0,204844000,616967000,-10785000,9789000.0,14393000,0.022353,26925000,0.041816,-751000.0,15389000,0.0239,4270000.0,11119000,0.017268,0.22638,0.22638,49116000,49116000,https://www.sec.gov/Archives/edgar/data/821002/000155837019008519/giii-20190731x10q.htm,https://www.sec.gov/Archives/edgar/data/821002/000155837019008519/giii-20190731x10q.htm
0,2019-04-30,GIII,2019-06-10 00:00:00,2019-06-10 16:14:25,Q1,633552000,397488000,236064000,0.372604,0.0,201859000,0.0,0.0,210503000,607991000,-10320000,9473000.0,13746000,0.021697,25561000,0.040346,-648000.0,14593000,0.023034,2550000.0,12043000,0.019009,0.24195,0.24195,49774000,49774000,https://www.sec.gov/Archives/edgar/data/821002/000155837019005591/0001558370-19-005591-index.html,https://www.sec.gov/Archives/edgar/data/821002/000155837019005591/giii-20190430x10q.htm
0,2019-01-31,GIII,2019-03-28 00:00:00,2019-03-28 17:11:31,Q4,766785000,507847000,258938000,0.337693,0.0,201780000,0.0,0.0,214543999.99999997,722391000,-11771000,9951000.000000004,28146000.000000004,0.036707,44394000,0.057896,-2657000.0,29966000,0.03908,5886000.0,24080000,0.031404,0.48101,0.48101,50061000,50061000,https://www.sec.gov/Archives/edgar/data/821002/000155837019002565/0001558370-19-002565-index.html,https://www.sec.gov/Archives/edgar/data/821002/000155837019002565/giii-20190131x10k.htm
0,2018-10-31,GIII,2018-12-06 00:00:00,2018-12-06 16:25:00,Q3,1072982000,690882000,382100000,0.35611,0.0,232052000,0.0,0.0,242085000.00000003,932967000,-12323000,10067999.999999998,125613000,0.117069,140015000,0.130491,176000.0,127868000,0.119171,33843000,94025000,0.08763,1.8621,1.8621,50494000,50494000,https://www.sec.gov/Archives/edgar/data/821002/000155837018009614/0001558370-18-009614-index.html,https://www.sec.gov/Archives/edgar/data/821002/000155837018009614/giii-20181031x10q.htm
0,2018-07-31,GIII,2018-09-06 00:00:00,2018-09-06 17:22:56,Q2,624700000,393200000,231500000,0.370578,0.0,198900000,0.0,0.0,208300000,601500000,-10200000,9400000.0,12200000,0.019529,23200000,0.037138,0.0,13000000,0.02081,2900000.0,10100000,0.016168,0.2004,0.2004,50400000,50400000,https://www.sec.gov/Archives/edgar/data/821002/000114420418048328/0001144204-18-048328-index.html,https://www.sec.gov/Archives/edgar/data/821002/000114420418048328/tv502242_10q.htm
0,2018-04-30,GIII,2018-06-11 00:00:00,2018-06-11 17:31:01,Q1,611700000,377200000,234500000,0.383358,0.0,202100000,0.0,0.0,211500000.00000006,588700000.0000001,-9600000.0,9400000.0,12800000,0.020925,23100000,0.037764,-500000.0,13000000,0.021252,3100000.0,9900000.0,0.016184,0.1976,0.1976,50100000,50100000,https://www.sec.gov/Archives/edgar/data/821002/000114420418033788/0001144204-18-033788-index.html,https://www.sec.gov/Archives/edgar/data/821002/000114420418033788/tv495005_10q.htm
0,2018-01-31,GIII,2018-04-02 00:00:00,2018-04-02 15:20:16,Q4,714900000,455600000,259300000,0.362708,0.0,219200000,0.0,-454000.0,237399999.99999997,693000000,-10000000,10299999.999999996,4599999.999999997,0.006434,21900000,0.030634,100000.0,11900000,0.016646,4800000.0,-500000.0,-0.000699,-0.01018,-0.01018,49100000,49100000,https://www.sec.gov/Archives/edgar/data/821002/000114420418018565/0001144204-18-018565-index.html,https://www.sec.gov/Archives/edgar/data/821002/000114420418018565/tv489439-10k.htm
0,2017-10-31,GIII,2017-12-08 00:00:00,2017-12-08 15:53:01,Q3,1025000000,634100000,390900000,0.381366,0.0,242700000,0.0,0.0,249699999.99999994,883799999.9999999,-13300000,6899999.999999999,121500000,0.118537,141200000,0.137756,0.0,127900000,0.12478,46300000,81600000,0.07961,1.64848,1.64848,49500000,49500000,https://www.sec.gov/Archives/edgar/data/821002/000157104917008662/0001571049-17-008662-index.html,https://www.sec.gov/Archives/edgar/data/821002/000157104917008662/tv480716_10q.htm
0,2017-07-31,GIII,2017-09-08 00:00:00,2017-09-08 17:20:28,Q2,538000000,335100000,202900000,0.377138,0.0,195800000,0.0,0.0,206600000.00000003,541700000,-9600000.0,10800000,-12200000,-0.022677,-3700000.0,-0.006877,0.0,-13300000,-0.024721,-4800000.0,-8600000.0,-0.015985,-0.17659,-0.17659,48700000,48700000,https://www.sec.gov/Archives/edgar/data/821002/000157104917007814/0001571049-17-007814-index.html,https://www.sec.gov/Archives/edgar/data/821002/000157104917007814/t1702409_10q.htm
0,2017-04-30,GIII,2017-06-09 00:00:00,2017-06-09 16:21:27,Q1,529000000,327300000,201700000,0.381285,0.0,197400000,0.0,0.0,207300000,534600000,-9700000.0,9800000.0,-16400000,-0.031002,-5500000.0,-0.010397,-1200000.0,-16500000,-0.031191,-6100000.0,-10400000,-0.01966,-0.21399,-0.21399,48600000,48600000,https://www.sec.gov/Archives/edgar/data/821002/000157104917005842/0001571049-17-005842-index.html,https://www.sec.gov/Archives/edgar/data/821002/000157104917005842/t1701783_10q.htm
0,2017-01-31,GIII,2017-04-03 00:00:00,2017-04-03 17:00:04,Q4,603300000,405200000,198100000,0.328361,0.0,199900000,0.0,-27000.0,219900000.00000003,625100000,-10900000,9600000.000000002,-34000000,-0.056357,-21900000,-0.0363,0.0,-32700000,-0.054202,-12600000,-20100000,-0.033317,-0.41788,-0.41788,48100000,48100000,https://www.sec.gov/Archives/edgar/data/821002/000157104917003132/0001571049-17-003132-index.html,https://www.sec.gov/Archives/edgar/data/821002/000157104917003132/t1700141-10k.htm
0,2016-10-31,GIII,2016-12-06 00:00:00,2016-12-06 16:10:15,Q3,883500000,562000000,321500000,0.363894,0.0,198300000,0.0,0.0,206299999.99999994,768300000,-3100000.0,7999999.999999998,116900000,0.132315,115100000,0.130277,0.0,112000000,0.126769,41400000,70600000,0.079909,1.50533,1.50533,46900000,46900000,https://www.sec.gov/Archives/edgar/data/821002/000157104916020378/0001571049-16-020378-index.html,https://www.sec.gov/Archives/edgar/data/821002/000157104916020378/t1602962_10q.htm
0,2016-07-31,GIII,2016-09-01 00:00:00,2016-09-01 16:32:16,Q2,442300000,286600000,155600000,0.351797,0.0,153200000,0.0,0.0,160899999.99999997,447500000,-700000.0,7700000.0,1100000.0,0.002487,-5200000.0,-0.011757,0.0,-5900000.0,-0.013339,-4600000.0,-1300000.0,-0.002939,-0.02845,-0.02845,45700000,45700000,https://www.sec.gov/Archives/edgar/data/821002/000157104916017949/0001571049-16-017949-index.html,https://www.sec.gov/Archives/edgar/data/821002/000157104916017949/t1602117_10q.htm
0,2016-04-30,GIII,2016-06-02 00:00:00,2016-06-02 17:21:31,Q1,457400000,291700000,165700000,0.362265,0.0,153100000,0.0,0.0,160300000,452000000,-1000000.0,7200000.0,10600000,0.023174,5400000.0,0.011806,0.0,4400000.0,0.00962,1600000.0,2800000.0,0.006122,0.0597,0.0597,46900000,46900000,https://www.sec.gov/Archives/edgar/data/821002/000157104916015748/0001571049-16-015748-index.html,https://www.sec.gov/Archives/edgar/data/821002/000157104916015748/t1601421_10q.htm
0,2016-01-31,GIII,2016-03-29 00:00:00,2016-03-29 17:01:10,Q4,527400000,348600000,178800000,0.339022,0.0,159200000,0.0,1340000.0,166399999.99999997,515000000,-2600000.0,7199999.999999999,14899999.999999998,0.028252,12400000,0.023512,400000.0,10300000,0.01953,2300000.0,8000000.0,0.015169,0.17058,0.17058,46900000,46900000,https://www.sec.gov/Archives/edgar/data/821002/000157104916013440/0001571049-16-013440-index.html,https://www.sec.gov/Archives/edgar/data/821002/000157104916013440/t1600804-10k.htm
0,2015-10-31,GIII,2015-12-04 00:00:00,2015-12-04 15:02:31,Q3,909900000,572800000,337100000,0.37048,0.0,191000000,0.0,0.0,197700000.00000006,770500000,-2000000.0,6600000.0,143000000,0.15716,139400000,0.153204,900000.0,138300000,0.151995,51200000,87200000,0.095835,1.87527,1.87527,46500000,46500000,https://www.sec.gov/Archives/edgar/data/821002/000157104915009798/0001571049-15-009798-index.html,https://www.sec.gov/Archives/edgar/data/821002/000157104915009798/t1502810_10q.htm
0,2015-07-31,GIII,2015-09-03 00:00:00,2015-09-03 16:20:28,Q2,473900000,305500000,168300000,0.355138,0.0,141500000,0.0,0.0,147399999.99999997,452900000,-1200000.0,5899999.999999999,24500000,0.051699,20900000,0.044102,0.0,19800000,0.041781,7300000.0,12500000,0.026377,0.2694,0.2694,46400000,46400000,https://www.sec.gov/Archives/edgar/data/821002/000157104915007280/0001571049-15-007280-index.html,https://www.sec.gov/Archives/edgar/data/821002/000157104915007280/t1502033_10q.htm
0,2015-04-30,GIII,2015-06-05 00:00:00,2015-06-05 15:14:43,Q1,433000000,278500000,154400000,0.356582,0.0,137000000,0.0,0.0,142800000,421300000,-1000000.0,5700000.0,15500000,0.035797,11700000,0.027021,0.0,10700000,0.024711,4000000.0,6800000.0,0.015704,0.14719,0.14719,46200000,46200000,https://www.sec.gov/Archives/edgar/data/821002/000157104915004902/0001571049-15-004902-index.html,https://www.sec.gov/Archives/edgar/data/821002/000157104915004902/t1501306_10q.htm
0,2015-01-31,GIII,2015-03-30,2015-03-30 17:22:34,Q4,514300000,330800000,183500000,0.356796,0.0,141600000,0.0,0.0,147200000,478000000,-2000000.0,5599999.999999998,37500000,0.072915,36300000,0.070581,-500000.0,33900000,0.065915,11700000,22200000,0.043165,0.47537,0.47537,46700000,46700000,https://www.sec.gov/Archives/edgar/data/821002/000157104915002473/t1500627-10k.htm,https://www.sec.gov/Archives/edgar/data/821002/000157104915002473/t1500627-10k.htm
0,2014-10-31,GIII,2014-12-09 00:00:00,2014-12-09 14:41:02,Q3,812300000,517100000,295300000,0.363536,0.0,176400000,0.0,0.0,182000000,699100000,-2000000.0,5600000.000000001,127700000,0.157208,113300000,0.13948,12000000,123200000,0.151668,43500000,80600000,0.099224,1.76368,1.76368,45700000,45700000,https://www.sec.gov/Archives/edgar/data/821002/000157104914007106/0001571049-14-007106-index.html,https://www.sec.gov/Archives/edgar/data/821002/000157104914007106/t1402345_10q.htm
0,2014-07-31,GIII,2014-09-08 00:00:00,2014-09-08 15:50:27,Q2,424000000,276000000,148100000,0.349292,0.0,131600000,0.0,0.0,136500000,412500000,-2000000.0,4999999.999999999,12799999.999999998,0.030189,11500000,0.027123,0.0,9500000.0,0.022406,3600000.0,6200000.0,0.014623,0.14319,0.14319,43300000,43300000,https://www.sec.gov/Archives/edgar/data/821002/000157104914004460/0001571049-14-004460-index.html,https://www.sec.gov/Archives/edgar/data/821002/000157104914004460/t1401670_10q.htm
0,2014-04-30,GIII,2014-06-05 00:00:00,2014-06-05 15:21:00,Q1,366200000,236100000,130100000,0.35527,0.0,122400000,0.0,0.0,126600000,362700000,-1700000.0,4200000.0,4500000.0,0.012288,3500000.0,0.009558,0.0,1800000.0,0.004915,700000.0,1300000.0,0.00355,0.03095,0.03095,42000000,42000000,https://www.sec.gov/Archives/edgar/data/821002/000157104914002294/0001571049-14-002294-index.html,https://www.sec.gov/Archives/edgar/data/821002/000157104914002294/t1401027_10q.htm
0,2014-01-31,GIII,2014-03-31,2014-03-31 17:02:07,Q4,472800000,306900000,165900000,0.350888,0.0,140200000,0.0,0.0,144300000,451200000,-2100000.0,4199999.999999999,22000000,0.046531,21600000,0.045685,0.0,19400000,0.041032,6800000.0,13100000,0.027707,0.3119,0.3119,42000000,42000000,https://www.sec.gov/Archives/edgar/data/821002/000157104914000998/t1400483-10k.htm,https://www.sec.gov/Archives/edgar/data/821002/000157104914000998/t1400483-10k.htm
0,2013-10-31,GIII,2013-12-09 00:00:00,2013-12-09 17:08:14,Q3,668700000,441400000,227300000,0.339913,0.0,125500000,0.0,0.0,128600000.00000001,570000000,-2900000.0,3099999.9999999995,96200000,0.143861,98700000,0.1476,0.0,95700000,0.143114,36400000,59600000,0.089128,1.42584,1.42584,41800000,41800000,https://www.sec.gov/Archives/edgar/data/821002/000157104913001238/0001571049-13-001238-index.html,https://www.sec.gov/Archives/edgar/data/821002/000157104913001238/t1300664_10q.htm
0,2013-07-31,GIII,2013-09-09 00:00:00,2013-09-09 16:04:03,Q2,304200000,204700000,99400000,0.326759,0.0,89000000,0.0,0.0,92300000.00000001,297000000,-1800000.0,3300000.0000000005,7100000.0,0.02334,7100000.0,0.02334,0.0,5400000.0,0.017751,2000000.0,3600000.0,0.011834,0.08491,0.08491,42400000,42400000,https://www.sec.gov/Archives/edgar/data/821002/000157104913000712/0001571049-13-000712-index.html,https://www.sec.gov/Archives/edgar/data/821002/000157104913000712/t1300208_10q.htm
0,2013-04-30,GIII,2013-06-10 00:00:00,2013-06-10 16:43:41,Q1,272600000,180200000,92400000,0.338958,0.0,85800000,0.0,0.0,89000000,269200000,-1800000.0,3100000.0,3000000.0,0.011005,3400000.0,0.012472,0.0,1700000.0,0.006236,600000.0,1100000.0,0.004035,0.02696,0.02696,40800000,40800000,https://www.sec.gov/Archives/edgar/data/821002/000119312513253469/0001193125-13-253469-index.html,https://www.sec.gov/Archives/edgar/data/821002/000119312513253469/d529922d10q.htm
0,2013-01-31,GIII,2013-04-12 00:00:00,2013-04-12 16:52:44,Q4,375300000,257400000,117900000,0.314149,0.0,98900000,0.0,0.0,101800000.00000001,359200000,7764000.0,2900000.0000000005,24364000,0.064919,16100000,0.042899,0.0,13500000,0.035971,5600000.0,8100000.0,0.021583,0.19853,0.19853,40800000,40800000,https://www.sec.gov/Archives/edgar/data/821002/000119312513153157/0001193125-13-153157-index.html,https://www.sec.gov/Archives/edgar/data/821002/000119312513153157/d474442d10k.htm
0,2012-10-31,GIII,2012-12-10 00:00:00,2012-12-10 15:12:15,Q3,543500000,353300000,190200000,0.349954,0.0,106300000,0.0,0.0,109099999.99999997,462399999.99999994,-3300000.0,2800000.0,77400000,0.14241,81100000,0.149218,0.0,77800000,0.143146,29600000,48300000,0.088868,1.18382,1.18382,40800000,40800000,https://www.sec.gov/Archives/edgar/data/821002/000119312512496817/0001193125-12-496817-index.html,https://www.sec.gov/Archives/edgar/data/821002/000119312512496817/d398979d10q.htm
0,2012-07-31,GIII,2012-09-10 00:00:00,2012-09-10 16:49:04,Q2,251500000,176600000,74800000,0.297416,0.0,69500000,0.0,0.0,71600000,248200000,-1200000.0,2100000.0,3100000.0,0.012326,3300000.0,0.013121,0.0,2100000.0,0.00835,800000.0,1400000.0,0.005567,0.0344,0.0344,40700000,40700000,https://www.sec.gov/Archives/edgar/data/821002/000119312512386700/0001193125-12-386700-index.html,https://www.sec.gov/Archives/edgar/data/821002/000119312512386700/d370926d10q.htm
0,2012-04-30,GIII,2012-06-07 00:00:00,2012-06-07 15:05:44,Q1,229400000,160800000,68700000,0.299477,0.0,66600000,0.0,0.0,68600000,229400000,-1400000.0,2100000.0,-600000.0,-0.002616,0.0,0.0,0.0,-1400000.0,-0.006103,-500000.0,-800000.0,-0.003487,-0.02015,-0.02015,39700000,39700000,https://www.sec.gov/Archives/edgar/data/821002/000119312512263282/0001193125-12-263282-index.html,https://www.sec.gov/Archives/edgar/data/821002/000119312512263282/d359124d10q.htm
0,2012-01-31,GIII,2012-04-11,2012-04-11 16:08:33,Q4,294300000,210900000,83400000,0.283384,0.0,72300000,0.0,0.0,74600000,285500000,-2200000.0,2200000.0,6700000.0,0.022766,8900000.0,0.030241,0.0,6700000.0,0.022766,1700000.0,5000000.0,0.016989,0.12438,0.12438,40200000,40200000,https://www.sec.gov/Archives/edgar/data/821002/000119312512158857/d312043d10k.htm,https://www.sec.gov/Archives/edgar/data/821002/000119312512158857/d312043d10k.htm
0,2011-10-31,GIII,2011-12-09 00:00:00,2011-12-09 16:11:07,Q3,510000000,347700000,162300000,0.318235,0.0,87000000,0.0,0.0,88900000.00000003,436600000.00000006,-2600000.0,1900000.0,70200000,0.137647,73400000,0.143922,0.0,70800000,0.138824,27300000,43600000,0.08549,1.08189,1.08189,40300000,40300000,https://www.sec.gov/Archives/edgar/data/821002/000095012311102624/0000950123-11-102624-index.html,https://www.sec.gov/Archives/edgar/data/821002/000095012311102624/y05361e10vq.htm
0,2011-07-31,GIII,2011-09-08 00:00:00,2011-09-08 15:24:00,Q2,230000000,164400000,65600000,0.285217,0.0,59800000,0.0,0.0,61699999.99999999,226100000,-1300000.0,1900000.0,3200000.0,0.013913,3900000.0,0.016957,0.0,2600000.0,0.011304,1000000.0,1600000.0,0.006957,0.03951,0.03951,40500000,40500000,https://www.sec.gov/Archives/edgar/data/821002/000095012311083384/0000950123-11-083384-index.html,https://www.sec.gov/Archives/edgar/data/821002/000095012311083384/y05121e10vq.htm
0,2011-04-30,GIII,2011-06-09 00:00:00,2011-06-09 16:10:28,Q1,196900000,137400000,59500000,0.302184,0.0,57900000,0.0,0.0,59500000,196900000,-900000.0,1500000.0,-200000.0,-0.001016,0.0,0.0,0.0,-900000.0,-0.004571,-300000.0,-500000.0,-0.002539,-0.01269,-0.01269,39400000,39400000,https://www.sec.gov/Archives/edgar/data/821002/000095012311057884/0000950123-11-057884-index.html,https://www.sec.gov/Archives/edgar/data/821002/000095012311057884/y04824e10vq.htm
0,2011-01-31,GIII,2011-04-14 00:00:00,2011-04-13 18:23:51,Q4,270200000,182900000,87300000,0.323094,0.0,64700000,0.0,0.0,66299999.99999998,249199999.99999997,-1300000.0,1600000.0000000005,19900000,0.073649,20900000,0.07735,0.0,19600000,0.072539,7300000.0,12300000,0.045522,0.30827,0.30827,39900000,39900000,https://www.sec.gov/Archives/edgar/data/821002/000095012311035353/0000950123-11-035353-index.html,https://www.sec.gov/Archives/edgar/data/821002/000095012311035353/y04577e10vk.htm
0,2010-10-31,GIII,2010-12-10 00:00:00,2010-12-10 16:08:59,Q3,450000000,296100000,153900000,0.342,0.0,80100000,0.0,0.0,81599999.99999997,377699999.99999994,-1700000.0,1499999.9999999995,70400000,0.156444,72300000,0.160667,0.0,70600000,0.156889,27900000,42700000,0.094889,1.08101,1.08101,39500000,39500000,https://www.sec.gov/Archives/edgar/data/821002/000095012310112815/0000950123-10-112815-index.html,https://www.sec.gov/Archives/edgar/data/821002/000095012310112815/y04204e10vq.htm
0,2010-07-31,GIII,2010-09-09 00:00:00,2010-09-09 13:41:37,Q2,189000000,128200000,60800000,0.321693,0.0,53800000,0.0,0.0,55100000.00000002,183300000.00000003,-600000.0,1300000.0,5700000.0,0.030159,5600000.0,0.02963,0.0,5000000.0,0.026455,2000000.0,3000000.0,0.015873,0.07634,0.07634,39300000,39300000,https://www.sec.gov/Archives/edgar/data/821002/000095012310084826/0000950123-10-084826-index.html,https://www.sec.gov/Archives/edgar/data/821002/000095012310084826/c05749e10vq.htm
0,2010-04-30,GIII,2010-06-07 00:00:00,2010-06-07 16:19:57,Q1,154300000,105200000,49000000,0.317563,0.0,49700000,0.0,0.0,50999999.999999985,156200000,-400000.0,1300000.0,-1400000.0,-0.009073,-1900000.0,-0.012314,0.0,-2300000.0,-0.014906,-900000.0,-1400000.0,-0.009073,-0.03704,-0.03704,37800000,37800000,https://www.sec.gov/Archives/edgar/data/821002/000095012310056304/0000950123-10-056304-index.html,https://www.sec.gov/Archives/edgar/data/821002/000095012310056304/c02076e10vq.htm
0,2010-01-31,GIII,2010-04-15 00:00:00,2010-04-15 13:17:05,Q4,193800000,124600000,69200000,0.357069,0.0,54500000,0.0,0.0,55800000.00000001,180400000,-1100000.0,1300000.0000000007,12500000,0.064499,13500000,0.069659,0.0,12400000,0.063983,3300000.0,9000000.0,0.04644,0.24658,0.24658,36500000,36500000,https://www.sec.gov/Archives/edgar/data/821002/000095012310035136/0000950123-10-035136-index.html,https://www.sec.gov/Archives/edgar/data/821002/000095012310035136/y03256e10vk.htm
0,2009-10-31,GIII,2009-12-04 00:00:00,2009-12-04 13:54:42,Q3,363500000,237900000,125600000,0.34553,0.0,66700000,0.0,0.0,68100000,306000000,-1900000.0,1299999.9999999998,55100000,0.151582,57600000,0.158459,0.0,55700000,0.153232,23400000,32300000,0.088858,0.93623,0.93623,34500000,34500000,https://www.sec.gov/Archives/edgar/data/821002/000095012309068398/0000950123-09-068398-index.html,https://www.sec.gov/Archives/edgar/data/821002/000095012309068398/c93293e10vq.htm
0,2009-07-31,GIII,2009-09-08 00:00:00,2009-09-08 16:46:48,Q2,135900000,95100000,40800000,0.300221,0.0,43200000,0.0,0.0,44599999.99999999,139700000,-1000000.0,1400000.0,-4400000.0,-0.032377,-3800000.0,-0.027962,0.0,-4800000.0,-0.03532,-2000000.0,-2800000.0,-0.020603,-0.08358,-0.08358,33500000,33500000,https://www.sec.gov/Archives/edgar/data/821002/000095012309041698/0000950123-09-041698-index.html,https://www.sec.gov/Archives/edgar/data/821002/000095012309041698/c89921e10vq.htm
0,2009-04-30,GIII,2009-06-09 00:00:00,2009-06-09 12:47:07,Q1,107600000,76300000,31200000,0.289963,0.0,40900000,0.0,0.0,42300000,118600000,-700000.0,1400000.0,-11000000,-0.10223,-11100000,-0.10316,0.0,-11800000,-0.109665,-4900000.0,-6800000.0,-0.063197,-0.20359,-0.20359,33400000,33400000,https://www.sec.gov/Archives/edgar/data/821002/000095012309012486/0000950123-09-012486-index.html,https://www.sec.gov/Archives/edgar/data/821002/000095012309012486/c86556e10vq.htm
0,2009-01-31,GIII,2009-04-16 00:00:00,2009-04-16 15:45:01,Q4,170700000,128900000,41800000,0.244874,0.0,45500000,0.0,0.0,80699999.99999999,209600000,-1400000.0,1600000.0000000005,-40100000,-0.234915,-38900000,-0.227885,0.0,-40300000,-0.236087,-8200000.0,-32100000,-0.188049,-0.96687,-0.96687,33200000,33200000,https://www.sec.gov/Archives/edgar/data/821002/000095012309006668/0000950123-09-006668-index.html,https://www.sec.gov/Archives/edgar/data/821002/000095012309006668/y01491e10vk.htm
0,2008-10-31,GIII,2008-12-10 00:00:00,2008-12-10 13:44:15,Q3,351600000,239100000,112500000,0.319966,0.0,58900000,0.0,0.0,60799999.99999998,299900000,-2500000.0,1900000.0,48600000,0.138225,51700000,0.147042,0.0,49200000,0.139932,20400000,28800000,0.081911,0.83965,0.83965,34300000,34300000,https://www.sec.gov/Archives/edgar/data/821002/000095012308017309/0000950123-08-017309-index.html,https://www.sec.gov/Archives/edgar/data/821002/000095012308017309/y00750e10vq.htm
0,2008-07-31,GIII,2008-09-09 00:00:00,2008-09-09 16:20:44,Q2,113500000,84600000,28900000,0.254626,0.0,32500000,0.0,0.0,34300000.00000001,118900000.00000001,-1100000.0,1799999.9999999998,-5900000.0,-0.051982,-5400000.0,-0.047577,0.0,-6500000.0,-0.057269,-2700000.0,-3900000.0,-0.034361,-0.11818,-0.11818,33000000,33000000,https://www.sec.gov/Archives/edgar/data/821002/000095012308010786/0000950123-08-010786-index.html,https://www.sec.gov/Archives/edgar/data/821002/000095012308010786/y00091e10vq.htm
0,2008-04-30,GIII,2008-06-09 00:00:00,2008-06-09 17:04:23,Q1,75400000,57900000,17500000,0.232095,0.0,27200000,0.0,0.0,28699999.999999996,86600000,-600000.0,1600000.0,-10800000,-0.143236,-11200000,-0.148541,0.0,-11800000,-0.156499,-4900000.0,-6900000.0,-0.091512,-0.20909,-0.20909,33000000,33000000,https://www.sec.gov/Archives/edgar/data/821002/000095013608003021/0000950136-08-003021-index.html,https://www.sec.gov/Archives/edgar/data/821002/000095013608003021/file1.htm
0,2008-01-31,GIII,2008-04-15 00:00:00,2008-04-15 14:44:24,Q4,128700000,98800000,29900000,0.232323,0.0,26700000,0.0,0.0,27900000.000000007,126700000,-900000.0,1300000.0000000007,1600000.0000000007,0.012432,2000000.0,0.01554,0.0,1100000.0,0.008547,100000.0,1100000.0,0.008547,0.03264,0.03264,33700000,33700000,https://www.sec.gov/Archives/edgar/data/821002/000095013608001896/0000950136-08-001896-index.html,https://www.sec.gov/Archives/edgar/data/821002/000095013608001896/file1.htm
0,2007-10-31,GIII,2007-12-14 00:00:00,2007-12-14 14:01:31,Q3,271200000,190900000,80300000,0.296091,0.0,36500000,0.0,0.0,37799999.99999998,228699999.99999997,-1900000.0,1299999.9999999998,40100000,0.147861,42500000,0.156711,0.0,40600000,0.149705,16900000,23800000,0.087758,0.70623,0.70623,33700000,33700000,https://www.sec.gov/Archives/edgar/data/821002/000095013607008387/0000950136-07-008387-index.html,https://www.sec.gov/Archives/edgar/data/821002/000095013607008387/file1.htm
0,2007-07-31,GIII,2007-09-13 00:00:00,2007-09-13 12:17:27,Q2,83900000,62000000,21900000,0.261025,0.0,22100000,0.0,0.0,23299999.999999996,85300000,-100000.0,1199999.9999999998,-400000.0000000003,-0.004768,-1400000.0,-0.016687,0.0,-1500000.0,-0.017878,-600000.0,-900000.0,-0.010727,-0.02744,-0.02744,32800000,32800000,https://www.sec.gov/Archives/edgar/data/821002/000095013607006366/0000950136-07-006366-index.html,https://www.sec.gov/Archives/edgar/data/821002/000095013607006366/file1.htm
0,2007-04-30,GIII,2007-06-08 00:00:00,2007-06-08 15:53:00,Q1,35100000,27800000,7300000.0,0.207977,0.0,16500000,0.0,0.0,17999999.999999996,45799999.99999999,-300000.0,1600000.0,-9700000.0,-0.276353,-10800000,-0.307692,0.0,-11000000,-0.31339,-4600000.0,-6400000.0,-0.182336,-0.20984,-0.20984,30500000,30500000,https://www.sec.gov/Archives/edgar/data/821002/000095013607004055/0000950136-07-004055-index.html,https://www.sec.gov/Archives/edgar/data/821002/000095013607004055/file1.htm
0,2007-01-31,GIII,2007-04-27 00:00:00,2007-04-27 16:29:30,Q4,98800000,73200000,25700000,0.260121,0.0,21800000,0.0,0.0,22899999.99999999,96099999.99999999,-1800000.0,1100000.0000000005,300000.0000000005,0.003036,2800000.0,0.02834,0.0,1000000.0,0.010121,500000.0,500000.0,0.005061,0.01672,0.01672,29900000,29900000,https://www.sec.gov/Archives/edgar/data/821002/000095013607002886/0000950136-07-002886-index.html,https://www.sec.gov/Archives/edgar/data/821002/000095013607002886/file1.htm
0,2006-10-31,GIII,2006-12-14,2006-12-14 16:23:37,Q3,244700000,172400000,72300000,0.295464,0.0,29700000,0.0,0.0,30699999.99999999,203100000,-2700000.0,1099999.9999999995,37400000,0.15284,41600000,0.170004,0.0,38900000,0.15897,15700000,23300000,0.095219,0.79795,0.79795,29200000,29200000,https://www.sec.gov/Archives/edgar/data/821002/000095013606003332/file001.htm,https://www.sec.gov/Archives/edgar/data/821002/000095013606003332/file001.htm
0,2006-07-31,GIII,,,Q2,69100000,52200000,16800000,0.243126,0.0,17500000,0.0,0.0,18599999.999999993,70800000,-1300000.0,1100000.0,-3200000.0,-0.04631,-1800000.0,-0.026049,0.0,-3000000.0,-0.043415,-1300000.0,-1700000.0,-0.024602,-0.06667,-0.06667,25500000,25500000,,
0,2006-04-30,GIII,,,Q1,14400000,13700000,700000.0,0.048611,0.0,14300000,0.0,0.0,15400000.000000002,29100000.000000004,-600000.0,1100000.0,-14900000,-1.034722,-14700000,-1.020833,0.0,-15400000,-1.069444,-6500000.0,-8900000.0,-0.618056,-0.36475,-0.36475,24400000,24400000,,
0,2006-01-31,GIII,,,Q4,69100000,53100000,16100000,0.232996,0.0,17800000,0.0,0.0,18800000.000000004,71900000,-1600000.0,1000000.0,-5000000.0,-0.072359,-2800000.0,-0.040521,0.0,-4400000.0,-0.063676,-1600000.0,-2800000.0,-0.040521,-0.11667,-0.11667,24000000,24000000,,
0,2005-12-31,GIII,2006-05-01,2006-05-01 17:06:43,Q4,214278000,161534000,52744000,0.24614752797767386,0.0,47452000,0.0,0.0,47452000,208986000,0.0,0.0,1980000.0,0.00924033265197547,1980000.0,0.00924033265197547,0.0,1980000.0,0.00924033265197547,1277000.0,703000.0,0.003280784774918564,0.06526,0.06526,10773000,10773000,https://www.sec.gov/Archives/edgar/data/821002/000095013606003332/0000950136-06-003332-index.htm,https://www.sec.gov/Archives/edgar/data/821002/000095013606003332/file001.htm
0,2005-10-31,GIII,,,Q3,186600000,131500000,55100000,0.295284,0.0,26100000,0.0,0.0,27300000.00000001,158800000,-2200000.0,1300000.0,24600000,0.131833,27800000,0.148982,0.0,25500000,0.136656,10700000,14800000,0.079314,0.57588,0.57588,25700000,25700000,,
0,2005-07-31,GIII,,,Q2,54600000,41800000,12700000,0.232601,0.0,12100000,0.0,0.0,12600000.000000002,54400000,-500000.0,500000.0,-400000.0,-0.007326,100000.0,0.001832,0.0,-400000.0,-0.007326,-100000.0,-300000.0,-0.005495,-0.01333,-0.01333,22500000,22500000,,
0,2005-04-30,GIII,,,Q1,13800000,12900000,900000.0,0.065217,0.0,8800000.0,0.0,0.0,9100000.0,22000000,0.0,300000.0,-7900000.0,-0.572464,-8200000.0,-0.594203,0.0,-8200000.0,-0.594203,-3500000.0,-4700000.0,-0.34058,-0.21461,-0.21461,21900000,21900000,,
0,2005-01-31,GIII,2005-04-27 00:00:00,2005-04-27 15:58:15,Q4,38400000,32100000,6300000.0,0.164063,0.0,10400000,0.0,0.0,10699999.999999996,42799999.99999999,-300000.0,300000.00000000006,-4700000.0,-0.122396,-4400000.0,-0.114583,0.0,-4700000.0,-0.122396,-2000000.0,-2700000.0,-0.070313,-0.12385,-0.12385,21800000,21800000,https://www.sec.gov/Archives/edgar/data/821002/000095013605002346/0000950136-05-002346-index.html,https://www.sec.gov/Archives/edgar/data/821002/000095013605002346/file001.htm
0,2004-10-31,GIII,,,Q3,115400000,81400000,34000000,0.294627,0.0,15100000,0.0,0.0,16099999.999999994,97500000,-600000.0,400000.0,17200000,0.149047,17900000,0.155113,0.0,17400000,0.15078,7500000.0,9900000.0,0.085789,0.3587,0.3587,27600000,27600000,,
0,2004-07-31,GIII,,,Q2,44000000,33400000,10600000,0.240909,0.0,11800000,0.0,0.0,12600000.000000002,46000000,-200000.0,300000.0,-2200000.0,-0.05,-2100000.0,-0.047727,0.0,-2200000.0,-0.05,-600000.0,-1700000.0,-0.038636,-0.07907,-0.07907,21500000,21500000,,
0,2004-04-30,GIII,,,Q1,16500000,14800000,1700000.0,0.10303,0.0,10100000,0.0,0.0,10099999.999999998,24899999.999999996,-100000.0,300000.0,-8200000.0,-0.49697,-8400000.0,-0.509091,0.0,-8500000.0,-0.515152,-3600000.0,-4800000.0,-0.290909,-0.2243,-0.2243,21400000,21400000,,
0,2004-01-31,GIII,,,Q4,34700000,30000000,4700000.0,0.135447,0.0,10900000,0.0,0.0,10899999.999999998,40900000,-300000.0,300000.00000000006,-6500000.0,-0.18732,-6200000.0,-0.178674,0.0,-6500000.0,-0.18732,-3400000.0,-3100000.0,-0.089337,-0.14762,-0.14762,21000000,21000000,,
0,2003-10-31,GIII,,,Q3,126300000,88200000,38100000,0.301663,0.0,17500000,0.0,0.0,17599999.999999993,105800000,-600000.0,400000.0,19800000,0.15677,20600000,0.163104,0.0,20000000,0.158353,8600000.0,11400000,0.090261,0.42537,0.42537,26800000,26800000,,
0,2003-07-31,GIII,,,Q2,45300000,29600000,15700000,0.346578,0.0,10800000,0.0,0.0,10899999.999999998,40500000,-200000.0,300000.0,4700000.0,0.103753,4800000.0,0.10596,0.0,4600000.0,0.101545,1900000.0,2700000.0,0.059603,0.12162,0.12162,22200000,22200000,,
0,2003-04-30,GIII,,,Q1,18700000,14400000,4400000.0,0.235294,0.0,8800000.0,0.0,0.0,8700000.000000002,23100000,0.0,300000.0,-4100000.0,-0.219251,-4400000.0,-0.235294,0.0,-4500000.0,-0.240642,-1800000.0,-2600000.0,-0.139037,-0.12621,-0.12621,20600000,20600000,,
0,2003-01-31,GIII,,,Q4,47700000,38000000,9600000.0,0.201258,0.0,11400000,0.0,0.0,15000000,53000000,-500000.0,399999.9999999999,-6000000.0,-0.125786,-5400000.0,-0.113208,0.0,-5900000.0,-0.12369,-1400000.0,-4500000.0,-0.09434,-0.21845,-0.21845,20600000,20600000,,
0,2002-10-31,GIII,,,Q3,102300000,74300000,28000000,0.273705,0.0,13200000,0.0,0.0,13200000.000000004,87500000,-900000.0,400000.0000000001,13400000,0.130987,14800000,0.144673,0.0,13900000,0.135875,5400000.0,8500000.0,0.083089,0.38813,0.38813,21900000,21900000,,
0,2002-07-31,GIII,,,Q2,40000000,29200000,10800000,0.27,0.0,9500000.0,0.0,0.0,9500000.000000004,38700000.00000001,-400000.0,299999.99999999994,899999.9999999999,0.0225,1400000.0,0.035,0.0,1000000.0,0.025,400000.0,600000.0,0.015,0.02715,0.02715,22100000,22100000,,
0,2002-04-30,GIII,,,Q1,12700000,11800000,900000.0,0.070866,0.0,7500000.0,0.0,0.0,7500000.0,19300000,-100000.0,400000.0,-6500000.0,-0.511811,-6600000.0,-0.519685,0.0,-6700000.0,-0.527559,-2600000.0,-4200000.0,-0.330709,-0.20896,-0.20896,20100000,20100000,,
0,2002-01-31,GIII,,,Q4,30700000,27700000,3000000.0,0.09772,0.0,8400000.0,0.0,0.0,8400000.000000002,36100000,-800000.0,299999.99999999994,-6700000.0,-0.218241,-5400000.0,-0.175896,0.0,-6200000.0,-0.201954,-2500000.0,-3700000.0,-0.120521,-0.18408,-0.18408,20100000,20100000,,
0,2001-10-31,GIII,2001-12-12 00:00:00,2001-12-12 00:00:00,Q3,90600000,69900000,20700000,0.228477,0.0,10900000,0.0,0.0,10899999.99999999,80799999.99999999,-1400000.0,300000.00000000006,7300000.0,0.080574,9800000.0,0.108168,0.0,8400000.0,0.092715,3400000.0,5000000.0,0.055188,0.22624,0.22624,22100000,22100000,https://www.sec.gov/Archives/edgar/data/821002/000095011701501799/0000950117-01-501799-index.html,https://www.sec.gov/Archives/edgar/data/821002/000095011701501799/a31739.txt
0,2001-07-31,GIII,2001-09-14 00:00:00,2001-09-14 00:00:00,Q2,62900000,46300000,16600000,0.263911,0.0,9000000.0,0.0,0.0,9000000.0,55300000,-1100000.0,300000.0,5700000.0,0.09062,7600000.0,0.120827,0.0,6500000.0,0.103339,2600000.0,3900000.0,0.062003,0.17411,0.17411,22400000,22400000,https://www.sec.gov/Archives/edgar/data/821002/000095013601501373/0000950136-01-501373-index.html,https://www.sec.gov/Archives/edgar/data/821002/000095013601501373/file001.txt
0,2001-04-30,GIII,2001-06-08 00:00:00,2001-06-08 00:00:00,Q1,17200000,14200000,3000000.0,0.174419,0.0,7500000.0,0.0,0.0,7500000.0,21700000,-300000.0,300000.0,-4800000.0,-0.27907,-4500000.0,-0.261628,0.0,-4800000.0,-0.27907,-1900000.0,-2900000.0,-0.168605,-0.14573,-0.14573,19900000,19900000,https://www.sec.gov/Archives/edgar/data/821002/000095011701500542/0000950117-01-500542-index.html,https://www.sec.gov/Archives/edgar/data/821002/000095011701500542/a29875.txt
0,2001-01-31,GIII,2001-04-27 00:00:00,2001-04-27 00:00:00,Q4,41100000,31500000,9700000.0,0.23601,0.0,8100000.0,0.0,0.0,7399999.999999999,38900000,-700000.0,399999.9999999999,999999.9999999999,0.024331,2200000.0,0.053528,-300000.0,1300000.0,0.03163,500000.0,800000.0,0.019465,0.03509,0.03509,22800000,22800000,https://www.sec.gov/Archives/edgar/data/821002/000095011701500129/0000950117-01-500129-index.html,https://www.sec.gov/Archives/edgar/data/821002/000095011701500129/a29515.txt
0,2000-10-31,GIII,2000-12-14 00:00:00,2000-12-14 00:00:00,Q3,88000000,62600000,25300000,0.2875,0.0,8200000.0,0.0,0.0,8300000.000000004,70900000,-1300000.0,400000.0,14900000,0.169318,17100000,0.194318,0.0,15800000,0.179545,6300000.0,9500000.0,0.107955,0.43779,0.43779,21700000,21700000,https://www.sec.gov/Archives/edgar/data/821002/000095011700002629/0000950117-00-002629-index.html,https://www.sec.gov/Archives/edgar/data/821002/000095011700002629/0000950117-00-002629-0001.txt
0,2000-07-31,GIII,2000-09-13 00:00:00,2000-09-13 00:00:00,Q2,47400000,33600000,13800000,0.291139,0.0,7300000.0,0.0,0.0,7299999.999999997,40900000,-800000.0,200000.0,5100000.0,0.107595,6500000.0,0.137131,0.0,5700000.0,0.120253,2300000.0,3400000.0,0.07173,0.16114,0.16114,21100000,21100000,https://www.sec.gov/Archives/edgar/data/821002/000095011700002131/0000950117-00-002131-index.html,https://www.sec.gov/Archives/edgar/data/821002/000095011700002131/0000950117-00-002131-0001.txt
0,2000-04-30,GIII,2000-06-12 00:00:00,2000-06-12 00:00:00,Q1,10600000,8400000.0,2200000.0,0.207547,0.0,6300000.0,0.0,0.0,6299999.999999999,14699999.999999998,-100000.0,200000.0,-4100000.0,-0.386792,-4100000.0,-0.386792,0.0,-4200000.0,-0.396226,-1700000.0,-2500000.0,-0.235849,-0.12626,-0.12626,19800000,19800000,https://www.sec.gov/Archives/edgar/data/821002/000095011700001429/0000950117-00-001429-index.html,https://www.sec.gov/Archives/edgar/data/821002/000095011700001429/0000950117-00-001429-0001.txt
0,2000-01-31,GIII,2000-04-28 00:00:00,2000-04-28 00:00:00,Q4,33400000,25300000,8100000.0,0.242515,0.0,6600000.0,0.0,0.0,6300000.000000001,31600000,-400000.0,299999.9999999998,1199999.9999999998,0.035928,1700000.0,0.050898,-100000.0,1200000.0,0.035928,600000.0,700000.0,0.020958,0.03318,0.03318,21100000,21100000,https://www.sec.gov/Archives/edgar/data/821002/000095011700001093/0000950117-00-001093-index.html,https://www.sec.gov/Archives/edgar/data/821002/0000950117-00-001093.txt
0,1999-10-31,GIII,,,Q3,74500000,54000000,20500000,0.275168,0.0,7900000.0,0.0,0.0,9399999.999999998,63400000,-1000000.0,400000.0000000001,10900000,0.146309,11200000,0.150336,1300000.0,11500000,0.154362,4600000.0,6900000.0,0.092617,0.33495,0.33495,20600000,20600000,,
0,1999-07-31,GIII,,,Q2,33200000,23800000,9500000.0,0.286145,0.0,6800000.0,0.0,0.0,6699999.999999999,30500000,-400000.0,399999.99999999994,2700000.0,0.081325,2700000.0,0.081325,400000.0,2700000.0,0.081325,1100000.0,1600000.0,0.048193,0.07843,0.07843,20400000,20400000,,
0,1999-04-30,GIII,,,Q1,8500000.0,7600000.0,800000.0,0.094118,0.0,6900000.0,0.0,0.0,6900000.0,14500000,-100000.0,300000.0,-5500000.0,-0.647059,-6100000.0,-0.717647,400000.0,-5700000.0,-0.670588,-2300000.0,-3400000.0,-0.4,-0.16832,-0.16832,20200000,20200000,,
0,1999-01-31,GIII,,,Q4,19700000,17900000,1900000.0,0.096447,0.0,7000000.0,0.0,0.0,6900000.000000002,24800000.000000004,-200000.0,399999.9999999999,-4700000.0,-0.238579,-5100000.0,-0.258883,400000.0,-4900000.0,-0.248731,-1800000.0,-3100000.0,-0.15736,-0.15657,-0.15657,19800000,19800000,,
0,1998-10-31,GIII,,,Q3,61200000,46000000,15300000,0.25,0.0,7200000.0,0.0,0.0,7100000.000000001,53100000,-1100000.0,300000.00000000006,6500000.0,0.106209,8100000.0,0.132353,400000.0,7400000.0,0.120915,2900000.0,4400000.0,0.071895,0.21675,0.21675,20300000,20300000,,
0,1998-07-31,GIII,,,Q2,35700000,26300000,9400000.0,0.263305,0.0,6700000.0,0.0,0.0,6800000.000000001,33100000,-700000.0,399999.99999999994,2000000.0,0.056022,2700000.0,0.07563,300000.0,2400000.0,0.067227,900000.0,1400000.0,0.039216,0.06604,0.06604,21200000,21200000,,
0,1998-04-30,GIII,,,Q1,5000000.0,5200000.0,-300000.0,-0.06,0.0,6300000.0,0.0,0.0,6399999.999999999,11600000,-200000.0,300000.0,-6400000.0,-1.28,-6600000.0,-1.32,300000.0,-6600000.0,-1.32,-2600000.0,-3900000.0,-0.78,-0.2,-0.2,19500000,19500000,,
0,1998-01-31,GIII,,,Q4,19400000,18300000,1100000.0,0.056701,0.0,5000000.0,0.0,0.0,5000000.0,23300000,-300000.0,299999.99999999994,-4000000.0,-0.206186,-3900000.0,-0.201031,200000.0,-4000000.0,-0.206186,-1900000.0,-2100000.0,-0.108247,-0.13208,-0.13208,15900000,15900000,,
0,1997-10-31,GIII,,,Q3,61100000,45600000,15500000,0.253682,0.0,6000000.0,0.0,0.0,6000000.0,51600000,-700000.0,300000.00000000006,8700000.0,0.14239,9600000.0,0.157119,100000.0,9000000.0,0.1473,3400000.0,5700000.0,0.09329,0.26761,0.26761,21300000,21300000,,
0,1997-07-31,GIII,1997-09-15 00:00:00,1997-09-15 00:00:00,Q2,33100000,22700000,10400000,0.314199,0.0,5900000.0,0.0,0.0,5900000.000000002,28600000.000000004,-500000.0,300000.0,3800000.0,0.114804,4500000.0,0.135952,100000.0,4100000.0,0.123867,1600000.0,2400000.0,0.072508,0.11321,0.11321,21200000,21200000,https://www.sec.gov/Archives/edgar/data/821002/000095011797001505/0000950117-97-001505-index.html,https://www.sec.gov/Archives/edgar/data/821002/0000950117-97-001505.txt
0,1997-04-30,GIII,1997-06-16 00:00:00,1997-06-16 00:00:00,Q1,6500000.0,6100000.0,500000.0,0.076923,0.0,5800000.0,0.0,0.0,5800000.000000001,11900000.000000002,-100000.0,300000.0,-5200000.0,-0.8,-5400000.0,-0.830769,0.0,-5400000.0,-0.830769,-2200000.0,-3200000.0,-0.492308,-0.16495,-0.16495,19400000,19400000,https://www.sec.gov/Archives/edgar/data/821002/000095011797001042/0000950117-97-001042-index.html,https://www.sec.gov/Archives/edgar/data/821002/0000950117-97-001042.txt
0,1997-01-31,GIII,1997-04-30 00:00:00,1997-04-30 00:00:00,Q4,21000000,18300000,2800000.0,0.133333,0.0,5200000.0,0.0,0.0,5199999.999999999,23500000,-500000.0,300000.00000000006,-3100000.0,-0.147619,-2400000.0,-0.114286,0.0,-2900000.0,-0.138095,-1900000.0,-1000000.0,-0.047619,-0.04695,-0.04695,21300000,21300000,https://www.sec.gov/Archives/edgar/data/821002/000095011797000764/0000950117-97-000764-index.html,https://www.sec.gov/Archives/edgar/data/821002/0000950117-97-000764.txt
0,1996-10-31,GIII,1996-12-16 00:00:00,1996-12-16 00:00:00,Q3,65300000,49000000,16300000,0.249617,0.0,6200000.0,0.0,0.0,6200000.000000003,55200000,-900000.0,399999.9999999999,8800000.0,0.134763,10200000,0.156202,0.0,9300000.0,0.14242,3700000.0,5600000.0,0.085758,0.28,0.28,20000000,20000000,https://www.sec.gov/Archives/edgar/data/821002/000095011796001580/0000950117-96-001580-index.html,https://www.sec.gov/Archives/edgar/data/821002/0000950117-96-001580.txt
0,1996-07-31,GIII,1996-09-16 00:00:00,1996-09-16 00:00:00,Q2,26200000,17000000,9200000.0,0.351145,0.0,5400000.0,0.0,0.0,5399999.999999999,22400000,-500000.0,400000.0,3200000.0,0.122137,3800000.0,0.145038,0.0,3300000.0,0.125954,1300000.0,2000000.0,0.076336,0.09901,0.09901,20200000,20200000,https://www.sec.gov/Archives/edgar/data/821002/000095011796001106/0000950117-96-001106-index.html,https://www.sec.gov/Archives/edgar/data/821002/0000950117-96-001106.txt
0,1996-04-30,GIII,1996-06-14 00:00:00,1996-06-14 00:00:00,Q1,5100000.0,4900000.0,200000.0,0.039216,0.0,5700000.0,0.0,0.0,5699999.999999999,10599999.999999998,-200000.0,400000.0,-5500000.0,-1.078431,-5500000.0,-1.078431,0.0,-5700000.0,-1.117647,-2300000.0,-3400000.0,-0.666667,-0.17526,-0.17526,19400000,19400000,https://www.sec.gov/Archives/edgar/data/821002/000095011796000614/0000950117-96-000614-index.html,https://www.sec.gov/Archives/edgar/data/821002/0000950117-96-000614.txt
0,1996-01-31,GIII,1996-04-30 00:00:00,1996-04-30 00:00:00,Q4,18700000,17300000,1400000.0,0.074866,0.0,5200000.0,0.0,0.0,5099999.999999998,22399999.999999996,-200000.0,400000.0000000001,-3700000.0,-0.197861,-3800000.0,-0.203209,0.0,-4000000.0,-0.213904,-1500000.0,-2400000.0,-0.128342,-0.125,-0.125,19200000,19200000,https://www.sec.gov/Archives/edgar/data/821002/000095011796000364/0000950117-96-000364-index.html,https://www.sec.gov/Archives/edgar/data/821002/0000950117-96-000364.txt
0,1995-10-31,GIII,1995-12-15 00:00:00,1995-12-15 00:00:00,Q3,57700000,45500000,12200000,0.211438,0.0,5800000.0,0.0,0.0,5799999.999999997,51300000,-900000.0,600000.0,5300000.0,0.091854,6400000.0,0.110919,0.0,5600000.0,0.097054,2200000.0,3400000.0,0.058925,0.16749,0.16749,20300000,20300000,https://www.sec.gov/Archives/edgar/data/821002/000095011795000505/0000950117-95-000505-index.html,https://www.sec.gov/Archives/edgar/data/821002/0000950117-95-000505.txt
0,1995-07-31,GIII,1995-09-14 00:00:00,1995-09-14 00:00:00,Q2,36000000,26400000,9600000.0,0.266667,0.0,5500000.0,0.0,0.0,5500000.0,31900000,-1000000.0,300000.0,2400000.0,0.066667,4100000.0,0.113889,0.0,3100000.0,0.086111,1400000.0,1700000.0,0.047222,0.08763,0.08763,19400000,19400000,https://www.sec.gov/Archives/edgar/data/821002/000095011795000365/0000950117-95-000365-index.html,https://www.sec.gov/Archives/edgar/data/821002/0000950117-95-000365.txt
