,date,symbol,fillingDate,acceptedDate,period,revenue,costOfRevenue,grossProfit,grossProfitRatio,researchAndDevelopmentExpenses,generalAndAdministrativeExpenses,sellingAndMarketingExpenses,otherExpenses,operatingExpenses,costAndExpenses,interestExpense,depreciationAndAmortization,ebitda,ebitdaratio,operatingIncome,operatingIncomeRatio,totalOtherIncomeExpensesNet,incomeBeforeTax,incomeBeforeTaxRatio,incomeTaxExpense,netIncome,netIncomeRatio,eps,epsdiluted,weightedAverageShsOut,weightedAverageShsOutDil,link,finalLink
0,2020-09-30,FLXS,2020-10-30,2020-10-30 15:17:58,Q1,105239000,82424000,22815000,0.2167922538222522,0.0,14175000,0.0,0.0,14175000,96599000,0.0,1360000.0,9271000.0,0.0880947177377208,7911000.0,0.07517175191706496,49000.0,7960000.0,0.07563735877383859,4081000.0,3879000.0,0.03685895913112059,0.5,0.49,7702000.0,7908000.0,https://www.sec.gov/Archives/edgar/data/37472/000003747220000054/0000037472-20-000054-index.htm,https://www.sec.gov/Archives/edgar/data/37472/000003747220000054/flxs-20200930x10q.htm
0,2020-06-30,FLXS,2020-08-31,,Q4,64808000,55909000,8899000.0,0.13731329465498088,0.0,13864000,0.0,0.0,40556000.00000001,96465000,-16000.0,1704999.9999999993,-29642000,-0.457382,-31657000,-0.488474,392000.0,-31331000,-0.483443,-5590000.0,-25741000,-0.397189,-3.2342,-3.2342,7959000.0,7959000.0,https://www.sec.gov/Archives/edgar/data/37472/000003747220000043/0000037472-20-000043-index.htm,https://www.sec.gov/Archives/edgar/data/37472/000003747220000043/flxs-20200630x10k.htm
0,2020-03-31,FLXS,2020-05-01 00:00:00,2020-05-01 15:14:33,Q3,98821000,84903000,13918000,0.140841,0.0,20115000,0.0,0.0,22259999.99999999,107162999.99999999,16000.0,1735000.0000000002,-6472000.0,-0.065492,-8342000.0,-0.084415,135000.0,-8223000.0,-0.083211,-2953000.0,-5270000.0,-0.053329,-0.66164,-0.66164,7965000.0,7965000.0,https://www.sec.gov/Archives/edgar/data/37472/000003747220000027/0000037472-20-000027-index.html,https://www.sec.gov/Archives/edgar/data/37472/000003747220000027/flxs-20200331x10q.htm
0,2019-12-31,FLXS,2020-01-31 00:00:00,2020-01-31 14:32:00,Q2,102949000,86872000,16077000,0.156165,0.0,18088000,0.0,-86000.0,23156000.000000007,110028000,0.0,2445999.9999999995,-4526000.0,-0.043964,-7079000.0,-0.068762,107000.0,-6972000.0,-0.067723,-1588000.0,-5384000.0,-0.052298,-0.67774,-0.67774,7944000.0,7944000.0,https://www.sec.gov/Archives/edgar/data/37472/000003747220000011/0000037472-20-000011-index.html,https://www.sec.gov/Archives/edgar/data/37472/000003747220000011/flxs-20191231x10q.htm
0,2019-09-30,FLXS,2019-10-31 00:00:00,2019-10-31 15:12:34,Q1,100348000,82948000,17400000,0.173397,0.0,17475000,0.0,86000.0,4717000.000000013,87665000.00000001,0.0,2484000.0,15253000,0.152001,12683000,0.12639,86000.0,12769000,0.127247,3218000.0,9551000.0,0.095179,1.16618,1.16618,8190000.0,8190000.0,https://www.sec.gov/Archives/edgar/data/37472/000003747219000016/0000037472-19-000016-index.html,https://www.sec.gov/Archives/edgar/data/37472/000003747219000016/flxs-20190930x10q.htm
0,2019-06-30,FLXS,2019-09-13 00:00:00,2019-09-13 15:43:46,Q4,100207000,94862000,5345000.0,0.05334,0.0,18814000,0.0,546000.0,31942000.000000007,126804000,0.0,1746000.0000000005,-24702000,-0.24651,-26597000,-0.265421,149000.0,-26448000,-0.263934,-6533000.0,-19915000,-0.198739,-2.51961,-2.51961,7904000.0,7904000.0,https://www.sec.gov/Archives/edgar/data/37472/000089710119000829/0000897101-19-000829-index.html,https://www.sec.gov/Archives/edgar/data/37472/000089710119000829/a191841_10k.htm
0,2019-03-31,FLXS,2019-05-02 00:00:00,2019-05-02 15:17:01,Q3,111542000,90214000,21328000,0.19121,0.0,22915000,0.0,0.0,41583000,131797000,0.0,1960000.0,-18137000,-0.162602,-20255000,-0.181591,158000.0,-20097000,-0.180174,-4545000.0,-15552000,-0.139427,-1.9706,-1.9706,7892000.0,7892000.0,https://www.sec.gov/Archives/edgar/data/37472/000089710119000407/0000897101-19-000407-index.html,https://www.sec.gov/Archives/edgar/data/37472/000089710119000407/flexsteel191002_10q.htm
0,2018-12-31,FLXS,2019-02-06 00:00:00,2019-02-06 17:10:14,Q2,118352000,96878000,21474000,0.181442,0.0,19371000,0.0,0.0,19370999.999999996,116249000,0.0,1834000.0,3995000.0,0.033755,2103000.0,0.017769,58000.0,2161000.0,0.018259,595000.0,1566000.0,0.013232,0.1978,0.1978,7917000.0,7917000.0,https://www.sec.gov/Archives/edgar/data/37472/000089710119000081/0000897101-19-000081-index.html,https://www.sec.gov/Archives/edgar/data/37472/000089710119000081/a190241_10q.htm
0,2018-09-30,FLXS,2018-10-30 00:00:00,2018-10-30 11:52:25,Q1,113500000,91700000,21800000,0.19207,0.0,20200000,0.0,0.0,20200000.000000004,111900000,0.0,1900000.0,3900000.0,0.034361,1600000.0,0.014097,200000.0,1800000.0,0.015859,700000.0,1300000.0,0.011454,0.16456,0.16456,7900000.0,7900000.0,https://www.sec.gov/Archives/edgar/data/37472/000089710118001048/0000897101-18-001048-index.html,https://www.sec.gov/Archives/edgar/data/37472/000089710118001048/flexsteel182363_10q.htm
0,2018-06-30,FLXS,2018-09-06 00:00:00,2018-09-06 17:05:59,Q4,113100000,96000000,17000000,0.150309,0.0,14400000,0.0,0.0,14400000.000000006,110400000,0.0,1969999.9999999998,5070000.0,0.044828,2700000.0,0.023873,200000.0,2900000.0,0.025641,900000.0,2200000.0,0.019452,0.27848,0.27848,7900000.0,7900000.0,https://www.sec.gov/Archives/edgar/data/37472/000089710118000887/0000897101-18-000887-index.html,https://www.sec.gov/Archives/edgar/data/37472/000089710118000887/flexsteel182008_10k.htm
0,2018-03-31,FLXS,2018-05-02 00:00:00,2018-05-02 17:11:50,Q3,126900000,99200000,27600000,0.217494,0.0,19700000,0.0,3600000.0,23299999.999999996,122500000,0.0,1770000.0000000005,6570000.000000001,0.051773,4400000.0,0.034673,200000.0,4500000.0,0.035461,1700000.0,3100000.0,0.024429,0.39241,0.39241,7900000.0,7900000.0,https://www.sec.gov/Archives/edgar/data/37472/000089710118000429/0000897101-18-000429-index.html,https://www.sec.gov/Archives/edgar/data/37472/000089710118000429/flexsteel181106_10-q.htm
0,2017-12-31,FLXS,2018-01-30 00:00:00,2018-01-30 16:07:39,Q2,129400000,102000000,27400000,0.211747,0.0,19700000,0.0,0.0,19700000.000000004,121700000,0.0,1779999.9999999998,10980000,0.084853,7700000.0,0.059505,200000.0,7900000.0,0.061051,3000000.0,6200000.0,0.047913,0.78481,0.78481,7900000.0,7900000.0,https://www.sec.gov/Archives/edgar/data/37472/000089710118000080/0000897101-18-000080-index.html,https://www.sec.gov/Archives/edgar/data/37472/000089710118000080/flexsteel180199_10q.htm
0,2017-09-30,FLXS,2017-10-25 00:00:00,2017-10-25 16:48:31,Q1,119800000,93700000,26100000,0.217863,0.0,18200000,0.0,0.0,16399999.99999999,110099999.99999999,0.0,1850000.0,11750000,0.09808,9700000.0,0.080968,100000.0,9900000.0,0.082638,3700000.0,6200000.0,0.051753,0.78481,0.78481,7900000.0,7900000.0,https://www.sec.gov/Archives/edgar/data/37472/000089710117001310/0000897101-17-001310-index.html,https://www.sec.gov/Archives/edgar/data/37472/000089710117001310/flexsteel172867_10q.htm
0,2017-06-30,FLXS,2017-08-22 00:00:00,2017-08-22 16:41:10,Q4,117400000,90600000,26800000,0.228279,0.0,17700000,0.0,70000.0,17700000.000000004,108300000,0.0,1900000.0000000005,11100000,0.094549,9100000.0,0.077513,100000.0,9200000.0,0.078365,3200000.0,6000000.0,0.051107,0.75949,0.75949,7900000.0,7900000.0,https://www.sec.gov/Archives/edgar/data/37472/000089710117001032/0000897101-17-001032-index.html,https://www.sec.gov/Archives/edgar/data/37472/000089710117001032/flexsteel172302_10k.htm
0,2017-03-31,FLXS,2017-04-26 00:00:00,2017-04-26 16:57:16,Q3,120800000,92300000,28400000,0.235099,0.0,17500000,0.0,101000.0,16400000.000000006,108700000,0.0,1980000.0000000005,14080000,0.116556,12000000,0.099338,100000.0,12100000,0.100166,4500000.0,7600000.0,0.062914,0.96203,0.96203,7900000.0,7900000.0,https://www.sec.gov/Archives/edgar/data/37472/000089710117000480/0000897101-17-000480-index.html,https://www.sec.gov/Archives/edgar/data/37472/000089710117000480/flexsteel171289_10q.htm
0,2016-12-31,FLXS,2017-02-08 00:00:00,2017-02-08 16:27:29,Q2,118500000,91800000,26700000,0.225316,0.0,18200000,0.0,103000.0,18299999.999999996,110100000,0.0,2030000.0,10530000,0.088861,8400000.0,0.070886,100000.0,8500000.0,0.07173,3100000.0,5400000.0,0.04557,0.68354,0.68354,7900000.0,7900000.0,https://www.sec.gov/Archives/edgar/data/37472/000089710117000193/0000897101-17-000193-index.html,https://www.sec.gov/Archives/edgar/data/37472/000089710117000193/flexsteel170343_10q.htm
0,2016-09-30,FLXS,2016-10-25 00:00:00,2016-10-25 16:00:45,Q1,112100000,85400000,26600000,0.237288,0.0,18800000,0.0,48000.0,18899999.99999999,104299999.99999999,0.0,2030000.0,9830000.0,0.08769,7700000.0,0.068689,0.0,7800000.0,0.069581,3000000.0,4800000.0,0.042819,0.61538,0.61538,7800000.0,7800000.0,https://www.sec.gov/Archives/edgar/data/37472/000089710116003162/0000897101-16-003162-index.html,https://www.sec.gov/Archives/edgar/data/37472/000089710116003162/flexsteel163660_10-q.htm
0,2016-06-30,FLXS,2016-08-24,2016-08-24 17:06:35,Q4,122800000,93300000,29400000,0.239414,0.0,22200000,0.0,-78000.0,20500000,113800000,0.0,2029999.9999999993,10930000,0.089007,9000000.0,0.07329,-100000.0,8900000.0,0.072476,2700000.0,6200000.0,0.050489,0.80519,0.80519,7700000.0,7700000.0,https://www.sec.gov/Archives/edgar/data/37472/000089710116002836/flexsteel162877_10-k.htm,https://www.sec.gov/Archives/edgar/data/37472/000089710116002836/flexsteel162877_10-k.htm
0,2016-03-31,FLXS,2016-04-22 00:00:00,2016-04-22 13:54:12,Q3,125400000,96700000,28700000,0.228868,0.0,17400000,0.0,6000.0,17399999.99999999,114099999.99999999,8000.0,1940000.0000000005,13148000,0.104848,11300000,0.090112,-100000.0,11200000,0.089314,4300000.0,6900000.0,0.055024,0.88462,0.88462,7800000.0,7800000.0,https://www.sec.gov/Archives/edgar/data/37472/000089710116002224/0000897101-16-002224-index.html,https://www.sec.gov/Archives/edgar/data/37472/000089710116002224/flexsteel161480_10q.htm
0,2015-12-31,FLXS,2016-02-09 00:00:00,2016-02-09 15:08:28,Q2,125400000,97700000,27700000,0.220893,0.0,19300000,0.0,50000.0,19299999.999999996,117000000,24000.0,1850000.0,10474000,0.083525,8400000.0,0.066986,100000.0,8500000.0,0.067783,3200000.0,5400000.0,0.043062,0.69231,0.69231,7800000.0,7800000.0,https://www.sec.gov/Archives/edgar/data/37472/000089710116001856/0000897101-16-001856-index.html,https://www.sec.gov/Archives/edgar/data/37472/000089710116001856/flexsteel160454_10q.htm
0,2015-09-30,FLXS,2015-10-21 00:00:00,2015-10-21 16:22:58,Q1,126500000,98700000,27900000,0.220553,0.0,18400000,0.0,-50000.0,18500000,117200000,37000.0,1740000.0,11077000,0.087565,9400000.0,0.074308,-100000.0,9300000.0,0.073518,3500000.0,5800000.0,0.04585,0.74359,0.74359,7800000.0,7800000.0,https://www.sec.gov/Archives/edgar/data/37472/000089710115001434/0000897101-15-001434-index.html,https://www.sec.gov/Archives/edgar/data/37472/000089710115001434/flexsteel153602_10q.htm
0,2015-06-30,FLXS,2015-08-28 00:00:00,2015-08-28 15:09:12,Q4,121300000,93700000,27600000,0.227535,0.0,18800000,0.0,0.0,19000000,112700000,130000.0,1590000.0000000002,10720000,0.088376,8600000.0,0.070899,400000.0,9000000.0,0.074196,3200000.0,5800000.0,0.047815,0.74359,0.74359,7800000.0,7800000.0,https://www.sec.gov/Archives/edgar/data/37472/000089710115001165/0000897101-15-001165-index.html,https://www.sec.gov/Archives/edgar/data/37472/000089710115001165/flexsteel152991_10k.htm
0,2015-03-31,FLXS,2015-04-23 00:00:00,2015-04-23 16:22:17,Q3,122500000,92900000,29700000,0.242449,0.0,18500000,0.0,0.0,18399999.99999999,111299999.99999999,-100000.0,1159999.9999999998,12360000,0.100898,11200000,0.091429,100000.0,11300000,0.092245,4300000.0,7000000.0,0.057143,0.90909,0.90909,7700000.0,7700000.0,https://www.sec.gov/Archives/edgar/data/37472/000089710115000532/0000897101-15-000532-index.html,https://www.sec.gov/Archives/edgar/data/37472/000089710115000532/flexsteel151492_10q.htm
0,2014-12-31,FLXS,2015-02-09,2015-02-09 16:28:22,Q2,114400000,87300000,27100000,0.236888,0.0,19500000,0.0,0.0,19600000.00000001,106900000.00000001,0.0,1100000.0,8700000.0,0.076049,7500000.0,0.065559,100000.0,7600000.0,0.066434,2900000.0,4700000.0,0.041084,0.60256,0.60256,7800000.0,7800000.0,https://www.sec.gov/Archives/edgar/data/37472/000089710115000162/flexsteel150454_10q.htm,https://www.sec.gov/Archives/edgar/data/37472/000089710115000162/flexsteel150454_10q.htm
0,2014-09-30,FLXS,2014-10-17 00:00:00,2014-10-17 17:12:25,Q1,108700000,83100000,25500000,0.234591,0.0,18300000,0.0,0.0,18400000.000000007,101500000,0.0,1100000.0,8900000.0,0.081877,7100000.0,0.065317,600000.0,7700000.0,0.070837,2900000.0,4900000.0,0.045078,0.63636,0.63636,7700000.0,7700000.0,https://www.sec.gov/Archives/edgar/data/37472/000089710114001515/0000897101-14-001515-index.html,https://www.sec.gov/Archives/edgar/data/37472/000089710114001515/flexsteel143739_10q.htm
0,2014-06-30,FLXS,2014-08-28 00:00:00,2014-08-28 17:02:26,Q4,111100000,85600000,25500000,0.229523,0.0,16700000,0.0,0.0,16700000.000000004,102300000,0.0,1110000.0000000002,10010000,0.090099,8800000.0,0.079208,100000.0,8900000.0,0.080108,3300000.0,5600000.0,0.050405,0.75676,0.75676,7400000.0,7400000.0,https://www.sec.gov/Archives/edgar/data/37472/000089710114001201/0000897101-14-001201-index.html,https://www.sec.gov/Archives/edgar/data/37472/000089710114001201/flexsteel143144_10k.htm
0,2014-03-31,FLXS,2014-04-22 00:00:00,2014-04-21 17:36:57,Q3,110500000,85500000,25000000,0.226244,0.0,18100000,0.0,0.0,18400000.000000007,103900000,0.0,1060000.0,8060000.0,0.072941,6600000.0,0.059729,500000.0,7100000.0,0.064253,2600000.0,4400000.0,0.039819,0.57143,0.57143,7700000.0,7700000.0,https://www.sec.gov/Archives/edgar/data/37472/000114036114017190/0001140361-14-017190-index.html,https://www.sec.gov/Archives/edgar/data/37472/000114036114017190/flexsteel141436_10q.htm
0,2013-12-31,FLXS,2014-02-10,2014-02-10 16:03:44,Q2,112500000,86500000,26100000,0.232,0.0,17600000,0.0,0.0,24599999.999999993,111100000,0.0,1019999.9999999998,2920000.0,0.025956,1500000.0,0.013333,400000.0,1900000.0,0.016889,700000.0,1200000.0,0.010667,0.16,0.16,7500000.0,7500000.0,https://www.sec.gov/Archives/edgar/data/37472/000089710114000154/flexsteel140459_10q.htm,https://www.sec.gov/Archives/edgar/data/37472/000089710114000154/flexsteel140459_10q.htm
0,2013-09-30,FLXS,2013-10-18 00:00:00,2013-10-18 12:13:31,Q1,104300000,80700000,23600000,0.22627,0.0,17200000,0.0,0.0,18200000.000000004,98900000,0.0,1010000.0,7010000.0,0.06721,5400000.0,0.051774,500000.0,5900000.0,0.056568,2200000.0,3800000.0,0.036433,0.51351,0.51351,7400000.0,7400000.0,https://www.sec.gov/Archives/edgar/data/37472/000089710113001554/0000897101-13-001554-index.html,https://www.sec.gov/Archives/edgar/data/37472/000089710113001554/flexsteel134327_10q.htm
0,2013-06-30,FLXS,2013-08-23 00:00:00,2013-08-23 15:33:47,Q4,102000000,78200000,23800000,0.233333,0.0,17000000,0.0,0.0,17399999.99999999,95599999.99999999,0.0,1009999.9999999998,7610000.0,0.074608,6400000.0,0.062745,200000.0,6700000.0,0.065686,2400000.0,4200000.0,0.041176,0.56757,0.56757,7400000.0,7400000.0,https://www.sec.gov/Archives/edgar/data/37472/000089710113001233/0000897101-13-001233-index.html,https://www.sec.gov/Archives/edgar/data/37472/000089710113001233/flexsteel133615_10k.htm
0,2013-03-31,FLXS,2013-04-18 00:00:00,2013-04-18 16:10:41,Q3,98400000,75500000,22800000,0.231707,0.0,17200000,0.0,0.0,18000000,93500000,0.0,1020000.0,6020000.0,0.061179,4900000.0,0.049797,100000.0,5000000.0,0.050813,1900000.0,3100000.0,0.031504,0.41892,0.41892,7400000.0,7400000.0,https://www.sec.gov/Archives/edgar/data/37472/000089710113000550/0000897101-13-000550-index.html,https://www.sec.gov/Archives/edgar/data/37472/000089710113000550/flexsteel131838_10q.htm
0,2012-12-31,FLXS,2013-02-08 00:00:00,2013-02-08 15:21:09,Q2,94600000,71800000,22700000,0.239958,0.0,17800000,0.0,0.0,18200000.000000004,90000000,0.0,980000.0,5580000.0,0.058985,4600000.0,0.048626,100000.0,4700000.0,0.049683,1700000.0,2900000.0,0.030655,0.39726,0.39726,7300000.0,7300000.0,https://www.sec.gov/Archives/edgar/data/37472/000089710113000161/0000897101-13-000161-index.html,https://www.sec.gov/Archives/edgar/data/37472/000089710113000161/flexsteel130546_10q.htm
0,2012-09-30,FLXS,2012-10-19 00:00:00,2012-10-19 15:29:06,Q1,91200000,70100000,21100000,0.23136,0.0,16100000,0.0,0.0,16700000.000000004,86800000,0.0,790000.0,5390000.0,0.059101,4400000.0,0.048246,200000.0,4600000.0,0.050439,1700000.0,2900000.0,0.031798,0.40278,0.40278,7200000.0,7200000.0,https://www.sec.gov/Archives/edgar/data/37472/000089710112001800/0000897101-12-001800-index.html,https://www.sec.gov/Archives/edgar/data/37472/000089710112001800/flexsteel124370_10q.htm
0,2012-06-30,FLXS,2012-08-22 00:00:00,2012-08-22 15:38:13,Q4,93900000,70200000,23800000,0.253461,0.0,16500000,0.0,0.0,16899999.99999999,87099999.99999999,0.0,730000.0,7630000.0,0.081257,6800000.0,0.072417,100000.0,6900000.0,0.073482,2500000.0,4400000.0,0.046858,0.61111,0.61111,7200000.0,7200000.0,https://www.sec.gov/Archives/edgar/data/37472/000089710112001424/0000897101-12-001424-index.html,https://www.sec.gov/Archives/edgar/data/37472/000089710112001424/flexsteel123444_10k.htm
0,2012-03-31,FLXS,2012-04-19,2012-04-18 18:19:58,Q3,91600000,69500000,22100000,0.241266,0.0,16200000,0.0,0.0,17000000,86500000,0.0,710000.0,5910000.0,0.06452,5100000.0,0.055677,100000.0,5300000.0,0.05786,1900000.0,3300000.0,0.036026,0.47143,0.47143,7000000.0,7000000.0,https://www.sec.gov/Archives/edgar/data/37472/000089710112000619/flexsteel121743_10q.htm,https://www.sec.gov/Archives/edgar/data/37472/000089710112000619/flexsteel121743_10q.htm
0,2011-12-31,FLXS,2012-02-07 00:00:00,2012-02-07 14:05:39,Q2,85000000,64500000,20500000,0.241176,0.0,15200000,0.0,0.0,15799999.999999996,80300000,0.0,710000.0,5410000.0,0.063647,4700000.0,0.055294,0.0,4700000.0,0.055294,1800000.0,2900000.0,0.034118,0.41429,0.41429,7000000.0,7000000.0,https://www.sec.gov/Archives/edgar/data/37472/000089710112000150/0000897101-12-000150-index.html,https://www.sec.gov/Archives/edgar/data/37472/000089710112000150/flexsteel120478_10q.htm
0,2011-09-30,FLXS,2011-10-24 00:00:00,2011-10-24 15:45:13,Q1,81500000,62600000,19000000,0.233129,0.0,14800000,0.0,0.0,15300000.000000004,77900000,0.0,690000.0,4490000.0,0.055092,3600000.0,0.044172,100000.0,3800000.0,0.046626,1400000.0,2400000.0,0.029448,0.34286,0.34286,7000000.0,7000000.0,https://www.sec.gov/Archives/edgar/data/37472/000089710111001797/0000897101-11-001797-index.html,https://www.sec.gov/Archives/edgar/data/37472/000089710111001797/flexsteel114979_10q.htm
0,2011-06-30,FLXS,2011-08-19 00:00:00,2011-08-19 15:44:50,Q4,84200000,63500000,20700000,0.245843,0.0,15500000,0.0,0.0,15500000,79000000,0.0,660000.0000000001,5960000.0,0.070784,5200000.0,0.061758,100000.0,5300000.0,0.062945,1800000.0,3500000.0,0.041568,0.5,0.5,7000000.0,7000000.0,https://www.sec.gov/Archives/edgar/data/37472/000089710111001464/0000897101-11-001464-index.html,https://www.sec.gov/Archives/edgar/data/37472/000089710111001464/flexsteel113842_10k.htm
0,2011-03-31,FLXS,2011-04-21 00:00:00,2011-04-21 15:14:07,Q3,85200000,67000000,18200000,0.213615,0.0,14600000,0.0,0.0,14500000,81500000,0.0,619999.9999999999,4420000.0,0.051878,3600000.0,0.042254,100000.0,3800000.0,0.044601,1300000.0,2500000.0,0.029343,0.35714,0.35714,7000000.0,7000000.0,https://www.sec.gov/Archives/edgar/data/37472/000089710111000675/0000897101-11-000675-index.html,https://www.sec.gov/Archives/edgar/data/37472/000089710111000675/flexsteel112160_10q.htm
0,2010-12-31,FLXS,2011-02-08,2011-02-08 12:08:05,Q2,82800000,64000000,18800000,0.227053,0.0,15500000,0.0,0.0,15500000,79500000,0.0,690000.0,3990000.0,0.048188,3300000.0,0.039855,0.0,3300000.0,0.039855,1200000.0,2100000.0,0.025362,0.30435,0.30435,6900000.0,6900000.0,https://www.sec.gov/Archives/edgar/data/37472/000089710111000177/flexsteel110589_10q.htm,https://www.sec.gov/Archives/edgar/data/37472/000089710111000177/flexsteel110589_10q.htm
0,2010-09-30,FLXS,2010-10-22 00:00:00,2010-10-22 14:04:16,Q1,87200000,67600000,19600000,0.224771,0.0,14900000,0.0,0.0,15900000.000000006,83500000,0.0,720000.0,4520000.0,0.051835,3700000.0,0.042431,100000.0,3800000.0,0.043578,1500000.0,2300000.0,0.026376,0.33824,0.33824,6800000.0,6800000.0,https://www.sec.gov/Archives/edgar/data/37472/000089710110002056/0000897101-10-002056-index.html,https://www.sec.gov/Archives/edgar/data/37472/000089710110002056/flexsteel105281_10q.htm
0,2010-06-30,FLXS,2010-08-26 00:00:00,2010-08-25 20:15:33,Q4,85600000,65400000,20200000,0.235981,0.0,13700000,0.0,0.0,13699999.999999989,79099999.99999999,0.0,730000.0000000003,7230000.0,0.084463,6400000.0,0.074766,100000.0,6500000.0,0.075935,2400000.0,4100000.0,0.047897,0.60294,0.60294,6800000.0,6800000.0,https://www.sec.gov/Archives/edgar/data/37472/000089710110001710/0000897101-10-001710-index.html,https://www.sec.gov/Archives/edgar/data/37472/000089710110001710/flexsteel104151_10k.htm
0,2010-03-31,FLXS,2010-04-23 00:00:00,2010-04-23 17:19:56,Q3,81500000,63400000,18000000,0.220859,0.0,14100000,0.0,0.0,14100000.000000002,77500000,206000.0,709999.9999999997,4716000.0,0.057865,3900000.0,0.047853,100000.0,3800000.0,0.046626,1500000.0,2300000.0,0.028221,0.34328,0.34328,6700000.0,6700000.0,https://www.sec.gov/Archives/edgar/data/37472/000089710110000853/0000897101-10-000853-index.html,https://www.sec.gov/Archives/edgar/data/37472/000089710110000853/flexsteel102050_10q.htm
0,2009-12-31,FLXS,2010-02-09 00:00:00,2010-02-09 15:01:42,Q2,83500000,63500000,20000000,0.239521,0.0,15300000,0.0,0.0,15200000.000000004,78700000,96000.0,740000.0,5636000.0,0.067497,4800000.0,0.057485,100000.0,4800000.0,0.057485,1800000.0,3000000.0,0.035928,0.45455,0.45455,6600000.0,6600000.0,https://www.sec.gov/Archives/edgar/data/37472/000089710110000226/0000897101-10-000226-index.html,https://www.sec.gov/Archives/edgar/data/37472/000089710110000226/flexsteel100551_10q.htm
0,2009-09-30,FLXS,2009-10-23 00:00:00,2009-10-23 14:16:14,Q1,75900000,59400000,16600000,0.218709,0.0,14100000,0.0,0.0,14100000.000000002,73500000,137000.0,810000.0,3247000.0,0.04278,2400000.0,0.031621,0.0,2300000.0,0.030303,900000.0,1400000.0,0.018445,0.21212,0.21212,6600000.0,6600000.0,https://www.sec.gov/Archives/edgar/data/37472/000089710109002101/0000897101-09-002101-index.html,https://www.sec.gov/Archives/edgar/data/37472/000089710109002101/flexsteel094816_10q.htm
0,2009-06-30,FLXS,2009-08-26 00:00:00,2009-08-26 16:55:40,Q4,74600000,58900000,15600000,0.209115,0.0,14200000,0.0,0.0,14399999.999999998,73300000,220095000,879999.9999999999,222075000,2.976877,1300000.0,0.017426,0.0,1000000.0,0.013405,300000.0,800000.0,0.010724,0.12121,0.12121,6600000.0,6600000.0,https://www.sec.gov/Archives/edgar/data/37472/000089710109001735/0000897101-09-001735-index.html,https://www.sec.gov/Archives/edgar/data/37472/000089710109001735/flexsteel093809_10k.htm
0,2009-03-31,FLXS,2009-05-06 00:00:00,2009-05-06 09:24:45,Q3,73600000,61500000,12200000,0.165761,0.0,14500000,0.0,0.0,14900000.000000006,76400000,190810000,860000.0000000001,188670000,2.563451,-2800000.0,-0.038043,100000.0,-2900000.0,-0.039402,-1100000.0,-1900000.0,-0.025815,-0.28788,-0.28788,6600000.0,6600000.0,https://www.sec.gov/Archives/edgar/data/37472/000089710109000957/0000897101-09-000957-index.html,https://www.sec.gov/Archives/edgar/data/37472/000089710109000957/flexsteel091858_10q.htm
0,2008-12-31,FLXS,2009-02-09 00:00:00,2009-02-09 14:08:21,Q2,84500000,68400000,16100000,0.190533,0.0,15400000,0.0,0.0,15899999.99999999,84299999.99999999,271196000,929999.9999999999,272626000,3.226343,200000.0,0.002367,500000.0,500000.0,0.005917,200000.0,300000.0,0.00355,0.04545,0.04545,6600000.0,6600000.0,https://www.sec.gov/Archives/edgar/data/37472/000089710109000260/0000897101-09-000260-index.html,https://www.sec.gov/Archives/edgar/data/37472/000089710109000260/flexsteel090584_10-q.htm
0,2008-09-30,FLXS,2008-10-24 00:00:00,2008-10-24 16:40:21,Q1,91400000,74300000,17100000,0.18709,0.0,16800000,0.0,0.0,18100000.00000001,92400000.00000001,286661000,1060000.0,286621000,3.135897,-1000000.0,-0.010941,100000.0,-1200000.0,-0.013129,-400000.0,-700000.0,-0.007659,-0.10606,-0.10606,6600000.0,6600000.0,https://www.sec.gov/Archives/edgar/data/37472/000089710108002130/0000897101-08-002130-index.html,https://www.sec.gov/Archives/edgar/data/37472/000089710108002130/flexsteel084362_10q.htm
0,2008-06-30,FLXS,2008-09-15 00:00:00,2008-09-15 16:46:39,Q4,100600000,82000000,18600000,0.184891,0.0,18000000,0.0,0.0,18000000,100000000,284798000,1040000.0000000005,286238000,2.845308,600000.0,0.005964,100000.0,500000.0,0.00497,100000.0,300000.0,0.002982,0.04545,0.04545,6600000.0,6600000.0,https://www.sec.gov/Archives/edgar/data/37472/000089710108001892/0000897101-08-001892-index.html,https://www.sec.gov/Archives/edgar/data/37472/000089710108001892/flexsteel083787_10k.htm
0,2008-03-31,FLXS,2008-04-22 00:00:00,2008-04-22 17:20:14,Q3,98100000,80100000,18000000,0.183486,0.0,16500000,0.0,0.0,16500000,96600000,341728000,1040000.0,344068000,3.507319,1500000.0,0.015291,100000.0,1300000.0,0.013252,500000.0,800000.0,0.008155,0.12121,0.12121,6600000.0,6600000.0,https://www.sec.gov/Archives/edgar/data/37472/000089710108000902/0000897101-08-000902-index.html,https://www.sec.gov/Archives/edgar/data/37472/000089710108000902/flexsteel081817_10q.htm
0,2007-12-31,FLXS,2008-02-11,2008-02-11 17:28:37,Q2,106000000,83900000,22100000,0.208491,0.0,18800000,0.0,0.0,18799999.999999996,102700000,414560000,1130000.0,418690000,3.949906,3300000.0,0.031132,100000.0,3000000.0,0.028302,1100000.0,1900000.0,0.017925,0.28788,0.28788,6600000.0,6600000.0,https://www.sec.gov/Archives/edgar/data/37472/000089710108000291/flexsteel080600_10q.htm,https://www.sec.gov/Archives/edgar/data/37472/000089710108000291/flexsteel080600_10q.htm
0,2007-09-30,FLXS,2007-10-26 00:00:00,2007-10-26 16:00:19,Q1,100900000,81100000,19800000,0.196234,0.0,17600000,0.0,0.0,17600000.00000001,98700000.00000001,427390000000,1230000.0,427393130000,4235.809019,2200000.0,0.021804,100000.0,1900000.0,0.018831,700000.0,1200000.0,0.011893,0.18182,0.18182,6600000.0,6600000.0,https://www.sec.gov/Archives/edgar/data/37472/000089710107002234/0000897101-07-002234-index.html,https://www.sec.gov/Archives/edgar/data/37472/000089710107002234/flexsteel074344_10q.htm
0,2007-06-30,FLXS,2007-08-29 00:00:00,2007-08-29 17:28:43,Q4,114300000,91700000,22600000,0.197725,0.0,18000000,0.0,0.0,14099999.999999994,105800000,381212000,1279999.9999999993,391392000,3.424252,8500000.0,0.074366,800000.0,9000000.0,0.07874,3100000.0,5800000.0,0.050744,0.87879,0.87879,6600000.0,6600000.0,https://www.sec.gov/Archives/edgar/data/37472/000089710107001852/0000897101-07-001852-index.html,https://www.sec.gov/Archives/edgar/data/37472/000089710107001852/flexsteel073537_10k.htm
0,2007-03-31,FLXS,2007-04-25 00:00:00,2007-04-25 14:56:01,Q3,104100000,83600000,20500000,0.196926,0.0,18300000,0.0,0.0,17900000.000000007,101500000,329681000000,1270000.0,329684670000,3166.999712,2600000.0,0.024976,100000.0,2400000.0,0.023055,900000.0,1500000.0,0.014409,0.22727,0.22727,6600000.0,6600000.0,https://www.sec.gov/Archives/edgar/data/37472/000089710107000905/0000897101-07-000905-index.html,https://www.sec.gov/Archives/edgar/data/37472/000089710107000905/flexsteel071841_10q.htm
0,2006-12-31,FLXS,2007-02-09,2007-02-09 16:02:49,Q2,105700000,85900000,19800000,0.187323,0.0,17300000,0.0,0.0,17399999.99999999,103299999.99999999,391772000000,1360000.0,391775560000,3706.485904,2400000.0,0.022706,200000.0,2200000.0,0.020814,800000.0,1400000.0,0.013245,0.21212,0.21212,6600000.0,6600000.0,https://www.sec.gov/Archives/edgar/data/37472/000089710107000349/flexsteel070564_10q.htm,https://www.sec.gov/Archives/edgar/data/37472/000089710107000349/flexsteel070564_10q.htm
0,2006-09-30,FLXS,2006-10-27,2006-10-27 15:23:29,Q1,101300000,82900000,18400000,0.181639,0.0,17300000,0.0,0.0,17299999.999999996,100200000,388845000000,1360000.0,388847260000,3838.571175,1100000.0,0.010859,200000.0,900000.0,0.008885,300000.0,600000.0,0.005923,0.09091,0.09091,6600000.0,6600000.0,https://www.sec.gov/Archives/edgar/data/37472/000089710106002204/flex064118_10q.htm,https://www.sec.gov/Archives/edgar/data/37472/000089710106002204/flex064118_10q.htm
0,2006-06-30,FLXS,2006-09-07,2006-09-07 16:48:42,Q4,112300000,91200000,21100000,0.18789,0.0,18500000,0.0,0.0,18500000,109700000,1069773000,1390000.0000000007,1073663000,9.560668,2700000.0,0.024043,200000.0,2500000.0,0.022262,1000000.0,1500000.0,0.013357,0.22727,0.22727,6600000.0,6600000.0,https://www.sec.gov/Archives/edgar/data/37472/000089710106001915/flexsteel063421_10k.htm,https://www.sec.gov/Archives/edgar/data/37472/000089710106001915/flexsteel063421_10k.htm
0,2006-03-31,FLXS,2006-04-21,2006-04-21 15:53:10,Q3,110300000,89000000,21400000,0.194016,0.0,18200000,0.0,0.0,18200000.000000004,107200000,487530000000,1399999.9999999995,487534300000,4420.075249,3100000.0,0.028105,200000.0,2900000.0,0.026292,1100000.0,1800000.0,0.016319,0.27273,0.27273,6600000.0,6600000.0,https://www.sec.gov/Archives/edgar/data/37472/000089710106000840/flex061733_10q.htm,https://www.sec.gov/Archives/edgar/data/37472/000089710106000840/flex061733_10q.htm
0,2005-12-31,FLXS,2006-02-09,2006-02-09 17:23:53,Q2,106300000,86600000,19700000,0.185325,0.0,18600000,0.0,0.0,18600000.00000001,105200000.00000001,371123000000,1380000.0,371125280000,3491.300847,1100000.0,0.010348,100000.0,900000.0,0.008467,400000.0,500000.0,0.004704,0.07576,0.07576,6600000.0,6600000.0,https://www.sec.gov/Archives/edgar/data/37472/000089710106000348/flex060614_10q.htm,https://www.sec.gov/Archives/edgar/data/37472/000089710106000348/flex060614_10q.htm
0,2005-09-30,FLXS,2005-10-26,2005-10-26 13:04:03,Q1,97400000,78300000,19100000,0.196099,0.0,17500000,0.0,0.0,17500000,95800000,260281000000,1320000.0,260283920000,2672.319507,1700000.0,0.017454,200000.0,1600000.0,0.016427,600000.0,1000000.0,0.010267,0.15152,0.15152,6600000.0,6600000.0,https://www.sec.gov/Archives/edgar/data/37472/000089710105002239/flex054378_10q.htm,https://www.sec.gov/Archives/edgar/data/37472/000089710105002239/flex054378_10q.htm
0,2005-06-30,FLXS,2005-08-30,2005-08-30 16:59:05,Q4,105800000,85300000,20400000,0.192817,0.0,18000000,0.0,0.0,18000000,103300000,742306000,1410000.0,746116000,7.052136,2500000.0,0.023629,200000.0,2500000.0,0.023629,900000.0,1500000.0,0.014178,0.22727,0.22727,6600000.0,6600000.0,https://www.sec.gov/Archives/edgar/data/37472/000089710105001916/flexsteel053631_10k.htm,https://www.sec.gov/Archives/edgar/data/37472/000089710105001916/flexsteel053631_10k.htm
0,2005-03-31,FLXS,2005-04-25,2005-04-25 16:18:23,Q3,101300000,83200000,18200000,0.179664,0.0,16600000,0.0,0.0,16399999.99999999,99599999.99999999,247448000,1440000.0,250488000,2.472734,1700000.0,0.016782,100000.0,1600000.0,0.015795,-100000.0,1700000.0,0.016782,0.25758,0.25758,6600000.0,6600000.0,https://www.sec.gov/Archives/edgar/data/37472/000089710105000984/flex051902_10q.htm,https://www.sec.gov/Archives/edgar/data/37472/000089710105000984/flex051902_10q.htm
0,2004-12-31,FLXS,2005-02-09,2005-02-09 15:05:07,Q2,105100000,84700000,20400000,0.194101,0.0,17700000,0.0,0.0,17599999.999999993,102300000,266870000,1460000.0,270930000,2.577831,2700000.0,0.02569,200000.0,2600000.0,0.024738,1000000.0,1600000.0,0.015224,0.24242,0.24242,6600000.0,6600000.0,https://www.sec.gov/Archives/edgar/data/37472/000089710105000373/flex050586_10q.htm,https://www.sec.gov/Archives/edgar/data/37472/000089710105000373/flex050586_10q.htm
0,2004-09-30,FLXS,2004-10-25,2004-10-25 15:32:46,Q1,97900000,80000000,17900000,0.18284,0.0,16300000,0.0,0.0,15700000.000000004,95700000,277123000,1480000.0,280603000,2.866221,2100000.0,0.02145,100000.0,2000000.0,0.020429,800000.0,1200000.0,0.012257,0.18182,0.18182,6600000.0,6600000.0,https://www.sec.gov/Archives/edgar/data/37472/000089710104002217/flex045016_10q.htm,https://www.sec.gov/Archives/edgar/data/37472/000089710104002217/flex045016_10q.htm
0,2004-06-30,FLXS,,,Q4,108300000,86400000,21900000,0.202216,0.0,17300000,0.0,0.0,17199999.99999999,103599999.99999999,-500000.0,1519999.9999999995,5520000.0,0.05097,4700000.0,0.043398,300000.0,4500000.0,0.041551,1800000.0,2700000.0,0.024931,0.40909,0.40909,6600000.0,6600000.0,,
0,2004-03-31,FLXS,2004-04-23,2004-04-23 15:19:27,Q3,107000000,85800000,21200000,0.198131,0.0,17000000,0.0,0.0,17000000,102800000,214583000,1450000.0000000002,220233000,2.058252,4200000.0,0.039252,200000.0,4200000.0,0.039252,1700000.0,2500000.0,0.023364,0.37879,0.37879,6600000.0,6600000.0,https://www.sec.gov/Archives/edgar/data/37472/000089710104000795/flexsteel042090_10q.htm,https://www.sec.gov/Archives/edgar/data/37472/000089710104000795/flexsteel042090_10q.htm
0,2003-12-31,FLXS,,,Q2,109100000,85900000,23200000,0.212649,0.0,18400000,0.0,0.0,18399999.99999999,104299999.99999999,-100000.0,1520000.0,6420000.0,0.058845,4800000.0,0.043996,300000.0,5000000.0,0.04583,2000000.0,3000000.0,0.027498,0.46154,0.46154,6500000.0,6500000.0,,
0,2003-09-30,FLXS,,,Q1,76900000,60000000,16900000,0.219766,0.0,14000000,0.0,0.0,14000000,74000000,0.0,1190000.0,4290000.0,0.055787,2900000.0,0.037711,200000.0,3100000.0,0.040312,1200000.0,1900000.0,0.024707,0.29688,0.29688,6400000.0,6400000.0,,
0,2003-06-30,FLXS,,,Q4,74900000,57500000,17400000,0.23231,0.0,12800000,0.0,0.0,12799999.999999996,70300000,0.0,1179999.9999999998,5980000.0,0.07984,4600000.0,0.061415,200000.0,4800000.0,0.064085,2200000.0,2600000.0,0.034713,0.40625,0.40625,6400000.0,6400000.0,,
0,2003-03-31,FLXS,,,Q3,73500000,58000000,15500000,0.210884,0.0,13200000,0.0,0.0,13200000.000000004,71200000,-100000.0,1170000.0,3470000.0,0.047211,2300000.0,0.031293,300000.0,2400000.0,0.032653,1000000.0,1400000.0,0.019048,0.21875,0.21875,6400000.0,6400000.0,,
0,2002-12-31,FLXS,,,Q2,73600000,56200000,17400000,0.236413,0.0,14000000,0.0,0.0,14000000,70200000,0.0,1260000.0,4860000.0,0.066033,3400000.0,0.046196,300000.0,3600000.0,0.048913,1400000.0,2200000.0,0.029891,0.34375,0.34375,6400000.0,6400000.0,,
0,2002-09-30,FLXS,2002-10-18 00:00:00,2002-10-18 13:53:30,Q1,70000000,54700000,15300000,0.218571,0.0,12700000,0.0,0.0,12299999.999999996,67000000,0.0,1160000.0,4460000.0,0.063714,3000000.0,0.042857,300000.0,3300000.0,0.047143,1300000.0,2000000.0,0.028571,0.31746,0.31746,6300000.0,6300000.0,https://www.sec.gov/Archives/edgar/data/37472/000089710102000713/0000897101-02-000713-index.html,https://www.sec.gov/Archives/edgar/data/37472/000089710102000713/flexsteel025002_10q.txt
0,2002-06-30,FLXS,,,Q4,76900000,57900000,19000000,0.247074,0.0,14900000,0.0,0.0,14899999.999999998,72800000,0.0,1090000.0000000002,5490000.0,0.071391,4100000.0,0.053316,300000.0,4400000.0,0.057217,1700000.0,2700000.0,0.035111,0.43548,0.43548,6200000.0,6200000.0,,
0,2002-03-31,FLXS,2002-04-19 00:00:00,2002-04-19 00:00:00,Q3,73700000,57200000,16500000,0.223881,0.0,13500000,0.0,0.0,13500000,70700000,0.0,1090000.0000000002,4390000.0,0.059566,3000000.0,0.040706,300000.0,3300000.0,0.044776,1300000.0,2000000.0,0.027137,0.32258,0.32258,6200000.0,6200000.0,https://www.sec.gov/Archives/edgar/data/37472/000089710102000281/0000897101-02-000281-index.html,https://www.sec.gov/Archives/edgar/data/37472/000089710102000281/flexsteel022114_10q.txt
0,2001-12-31,FLXS,2002-02-08 00:00:00,2002-02-08 00:00:00,Q2,65800000,52600000,13200000,0.200608,0.0,12300000,0.0,0.0,12300000.000000004,64900000.00000001,0.0,1400000.0,2500000.0,0.037994,900000.0,0.013678,200000.0,1100000.0,0.016717,400000.0,700000.0,0.010638,0.11475,0.11475,6100000.0,6100000.0,https://www.sec.gov/Archives/edgar/data/37472/000089710102000080/0000897101-02-000080-index.html,https://www.sec.gov/Archives/edgar/data/37472/000089710102000080/flexsteel020679_10q.txt
0,2001-09-30,FLXS,2001-10-19 00:00:00,2001-10-19 00:00:00,Q1,63200000,50400000,12800000,0.202532,0.0,12700000,0.0,0.0,12800000.000000004,63200000.00000001,0.0,1400000.0,1700000.0,0.026899,100000.0,0.001582,300000.0,300000.0,0.004747,100000.0,200000.0,0.003165,0.03279,0.03279,6100000.0,6100000.0,https://www.sec.gov/Archives/edgar/data/37472/000089710101500671/0000897101-01-500671-index.html,https://www.sec.gov/Archives/edgar/data/37472/000089710101500671/flexsteel014215_10q.txt
0,2001-06-30,FLXS,,,Q4,68900000,54100000,14800000,0.214804,0.0,14700000,0.0,0.0,14699999.999999996,68800000,0.0,1380000.0000000007,1680000.0000000007,0.024383,100000.0,0.001451,200000.0,300000.0,0.004354,100000.0,200000.0,0.002903,0.03333,0.03333,6000000.0,6000000.0,,
0,2001-03-31,FLXS,2001-04-17 00:00:00,2001-04-17 00:00:00,Q3,72000000,57300000,14600000,0.202778,0.0,13500000,0.0,0.0,13600000.00000001,70900000.00000001,-100000.0,1379999.9999999993,2579999.9999999995,0.035833,1100000.0,0.015278,300000.0,1300000.0,0.018056,500000.0,800000.0,0.011111,0.13115,0.13115,6100000.0,6100000.0,https://www.sec.gov/Archives/edgar/data/37472/000089710101500166/0000897101-01-500166-index.html,https://www.sec.gov/Archives/edgar/data/37472/000089710101500166/flexsteel011010-10q.txt
0,2000-12-31,FLXS,2001-02-13 00:00:00,2001-02-13 00:00:00,Q2,73900000,57400000,16500000,0.223275,0.0,13900000,0.0,0.0,14000000.000000007,71400000,-100000.0,1510000.0000000002,4110000.0,0.055616,2600000.0,0.035183,300000.0,2700000.0,0.036536,1000000.0,1700000.0,0.023004,0.27419,0.27419,6200000.0,6200000.0,https://www.sec.gov/Archives/edgar/data/37472/000089710101000122/0000897101-01-000122-index.html,https://www.sec.gov/Archives/edgar/data/37472/000089710101000122/0000897101-01-000122-0001.txt
0,2000-09-30,FLXS,2000-10-30 00:00:00,2000-10-30 00:00:00,Q1,70000000,55500000,14500000,0.207143,0.0,11800000,0.0,0.0,11799999.999999996,67300000,-100000.0,1460000.0,4360000.0,0.062286,2700000.0,0.038571,400000.0,3000000.0,0.042857,1100000.0,1900000.0,0.027143,0.30159,0.30159,6300000.0,6300000.0,https://www.sec.gov/Archives/edgar/data/37472/000089710100001035/0000897101-00-001035-index.html,https://www.sec.gov/Archives/edgar/data/37472/000089710100001035/0000897101-00-001035-0001.txt
0,2000-06-30,FLXS,,,Q4,73800000,56700000,17000000,0.230352,0.0,12200000,0.0,0.0,12299999.999999996,69000000,0.0,0.0,4700000.0,0.063686,4800000.0,0.065041,0.0,4800000.0,0.065041,1700000.0,3000000.0,0.04065,0.46154,0.46154,6500000.0,6500000.0,,
0,2000-03-31,FLXS,2000-04-20 00:00:00,2000-04-20 00:00:00,Q3,75000000,58400000,16600000,0.221333,0.0,12100000,0.0,0.0,12100000.000000002,70500000,0.0,0.0,4600000.0,0.061333,4500000.0,0.06,200000.0,4700000.0,0.062667,1700000.0,2900000.0,0.038667,0.44615,0.44615,6500000.0,6500000.0,https://www.sec.gov/Archives/edgar/data/37472/000089710100000412/0000897101-00-000412-index.html,https://www.sec.gov/Archives/edgar/data/37472/0000897101-00-000412.txt
0,1999-12-31,FLXS,,,Q2,70400000,54800000,15600000,0.221591,0.0,12000000,0.0,0.0,10799999.999999996,65600000,0.0,0.0,5500000.0,0.078125,4800000.0,0.068182,700000.0,5500000.0,0.078125,1900000.0,3600000.0,0.051136,0.54545,0.54545,6600000.0,6600000.0,,
0,1999-09-30,FLXS,1999-11-12 00:00:00,1999-11-12 00:00:00,Q1,67700000,52700000,15000000,0.221566,0.0,11500000,0.0,0.0,11399999.99999999,64099999.99999999,0.0,0.0,3800000.0,0.05613,3600000.0,0.053176,200000.0,3800000.0,0.05613,1400000.0,2400000.0,0.035451,0.35821,0.35821,6700000.0,6700000.0,https://www.sec.gov/Archives/edgar/data/37472/000089710199001051/0000897101-99-001051-index.html,https://www.sec.gov/Archives/edgar/data/37472/0000897101-99-001051.txt
0,1999-06-30,FLXS,,,Q4,69300000,52800000,16500000,0.238095,0.0,11200000,0.0,0.0,11100000.000000002,63900000,0.0,0.0,5500000.0,0.079365,5300000.0,0.076479,200000.0,5500000.0,0.079365,2000000.0,3500000.0,0.050505,0.52239,0.52239,6700000.0,6700000.0,,
0,1999-03-31,FLXS,1999-05-07 00:00:00,1999-05-07 00:00:00,Q3,68600000,52900000,15700000,0.228863,0.0,11500000,0.0,0.0,11500000.000000007,64400000.00000001,0.0,0.0,4400000.0,0.06414,4200000.0,0.061224,200000.0,4400000.0,0.06414,1600000.0,2800000.0,0.040816,0.4058,0.4058,6900000.0,6900000.0,https://www.sec.gov/Archives/edgar/data/37472/000089710199000484/0000897101-99-000484-index.html,https://www.sec.gov/Archives/edgar/data/37472/0000897101-99-000484.txt
0,1998-12-31,FLXS,,,Q2,62600000,48400000,14100000,0.22524,0.0,10900000,0.0,0.0,10899999.999999998,59300000,0.0,0.0,3500000.0,0.055911,3300000.0,0.052716,200000.0,3500000.0,0.055911,1300000.0,2200000.0,0.035144,0.31884,0.31884,6900000.0,6900000.0,,
0,1998-09-30,FLXS,1998-11-12 00:00:00,1998-11-12 00:00:00,Q1,60100000,46900000,13200000,0.219634,0.0,10500000,0.0,0.0,10500000,57400000,0.0,0.0,2800000.0,0.046589,2600000.0,0.043261,200000.0,2800000.0,0.046589,1000000.0,1800000.0,0.02995,0.26087,0.26087,6900000.0,6900000.0,https://www.sec.gov/Archives/edgar/data/37472/000089710198001091/0000897101-98-001091-index.html,https://www.sec.gov/Archives/edgar/data/37472/0000897101-98-001091.txt
0,1998-06-30,FLXS,,,Q4,62600000,48800000,13800000,0.220447,0.0,10300000,0.0,0.0,10400000.000000006,59200000.00000001,0.0,0.0,3800000.0,0.060703,3400000.0,0.054313,300000.0,3700000.0,0.059105,1400000.0,2400000.0,0.038339,0.33333,0.33333,7200000.0,7200000.0,,
0,1998-03-31,FLXS,1998-04-23 00:00:00,1998-04-23 00:00:00,Q3,62100000,48300000,13800000,0.222222,0.0,10700000,0.0,0.0,10700000.000000004,59000000,0.0,0.0,3300000.0,0.05314,3100000.0,0.049919,200000.0,3300000.0,0.05314,1200000.0,2100000.0,0.033816,0.3,0.3,7000000.0,7000000.0,https://www.sec.gov/Archives/edgar/data/37472/000089710198000464/0000897101-98-000464-index.html,https://www.sec.gov/Archives/edgar/data/37472/0000897101-98-000464.txt
0,1997-12-31,FLXS,,,Q2,56300000,44300000,11900000,0.211368,0.0,10100000,0.0,0.0,10100000.000000002,54400000,0.0,0.0,2900000.0,0.05151,1900000.0,0.033748,1000000.0,2900000.0,0.05151,800000.0,2100000.0,0.0373,0.3,0.3,7000000.0,7000000.0,,
0,1997-09-30,FLXS,1997-10-30 00:00:00,1997-10-30 00:00:00,Q1,55200000,43900000,11300000,0.20471,0.0,9800000.0,0.0,0.0,9800000.000000004,53700000.00000001,0.0,0.0,1600000.0,0.028986,1500000.0,0.027174,200000.0,1600000.0,0.028986,600000.0,1000000.0,0.018116,0.14286,0.14286,7000000.0,7000000.0,https://www.sec.gov/Archives/edgar/data/37472/000089710197001115/0000897101-97-001115-index.html,https://www.sec.gov/Archives/edgar/data/37472/0000897101-97-001115.txt
0,1997-06-30,FLXS,,,Q4,60100000,47700000,12400000,0.206323,0.0,10000000,0.0,0.0,10000000,57700000,0.0,0.0,2700000.0,0.044925,2300000.0,0.03827,300000.0,2700000.0,0.044925,1000000.0,1700000.0,0.028286,0.23611,0.23611,7200000.0,7200000.0,,
0,1997-03-31,FLXS,1997-05-01 00:00:00,1997-05-01 00:00:00,Q3,56800000,45000000,11800000,0.207746,0.0,9900000.0,0.0,0.0,9899999.999999998,54900000,0.0,0.0,2600000.0,0.045775,1900000.0,0.033451,700000.0,2600000.0,0.045775,900000.0,1700000.0,0.02993,0.24286,0.24286,7000000.0,7000000.0,https://www.sec.gov/Archives/edgar/data/37472/000089710197000484/0000897101-97-000484-index.html,https://www.sec.gov/Archives/edgar/data/37472/0000897101-97-000484.txt
0,1996-12-31,FLXS,1997-02-13 00:00:00,1997-02-13 00:00:00,Q2,50600000,39800000,10800000,0.213439,0.0,9200000.0,0.0,0.0,9100000.000000002,48900000,0.0,0.0,1900000.0,0.037549,1600000.0,0.031621,300000.0,1900000.0,0.037549,700000.0,1200000.0,0.023715,0.17143,0.17143,7000000.0,7000000.0,https://www.sec.gov/Archives/edgar/data/37472/000089710197000131/0000897101-97-000131-index.html,https://www.sec.gov/Archives/edgar/data/37472/0000897101-97-000131.txt
0,1996-09-30,FLXS,1996-10-29 00:00:00,1996-10-29 00:00:00,Q1,52000000,40600000,11400000,0.219231,0.0,9300000.0,0.0,0.0,9399999.999999998,50000000,0.0,0.0,2300000.0,0.044231,2000000.0,0.038462,300000.0,2300000.0,0.044231,800000.0,1500000.0,0.028846,0.21127,0.21127,7100000.0,7100000.0,https://www.sec.gov/Archives/edgar/data/37472/000089710196000896/0000897101-96-000896-index.html,https://www.sec.gov/Archives/edgar/data/37472/0000897101-96-000896.txt
0,1996-06-30,FLXS,,,Q4,54400000,42100000,12300000,0.226103,0.0,9500000.0,0.0,0.0,9500000.0,51600000,0.0,0.0,3000000.0,0.055147,2800000.0,0.051471,200000.0,3000000.0,0.055147,1100000.0,1900000.0,0.034926,0.26761,0.26761,7100000.0,7100000.0,,
0,1996-03-31,FLXS,1996-04-26 00:00:00,1996-04-26 00:00:00,Q3,53200000,41500000,11700000,0.219925,0.0,9600000.0,0.0,0.0,9600000.000000002,51100000,0.0,0.0,2200000.0,0.041353,2100000.0,0.039474,200000.0,2200000.0,0.041353,800000.0,1400000.0,0.026316,0.19444,0.19444,7200000.0,7200000.0,https://www.sec.gov/Archives/edgar/data/37472/000089710196000167/0000897101-96-000167-index.html,https://www.sec.gov/Archives/edgar/data/37472/0000897101-96-000167.txt
0,1995-12-31,FLXS,1996-02-09 00:00:00,1996-02-09 00:00:00,Q2,48200000,38500000,9700000.0,0.201245,0.0,8700000.0,0.0,0.0,8700000.000000004,47200000,0.0,0.0,1100000.0,0.022822,900000.0,0.018672,200000.0,1100000.0,0.022822,400000.0,700000.0,0.014523,0.09722,0.09722,7200000.0,7200000.0,https://www.sec.gov/Archives/edgar/data/37472/000089710196000048/0000897101-96-000048-index.html,https://www.sec.gov/Archives/edgar/data/37472/0000897101-96-000048.txt
0,1995-09-30,FLXS,1995-10-30 00:00:00,1995-10-30 00:00:00,Q1,49200000,39400000,9900000.0,0.20122,0.0,9300000.0,0.0,0.0,9300000.000000004,48700000.00000001,0.0,0.0,600000.0,0.012195,500000.0,0.010163,200000.0,700000.0,0.014228,200000.0,400000.0,0.00813,0.05556,0.05556,7200000.0,7200000.0,https://www.sec.gov/Archives/edgar/data/37472/000089710195000396/0000897101-95-000396-index.html,https://www.sec.gov/Archives/edgar/data/37472/0000897101-95-000396.txt
0,1995-06-30,FLXS,,,Q4,48500000,39300000,9200000.0,0.189691,0.0,8900000.0,0.0,0.0,8900000.000000006,48200000.00000001,0.0,0.0,500000.0,0.010309,300000.0,0.006186,200000.0,500000.0,0.010309,200000.0,300000.0,0.006186,0.04167,0.04167,7200000.0,7200000.0,,
0,1995-03-31,FLXS,1995-05-04 00:00:00,1995-05-04 00:00:00,Q3,56800000,44700000,12100000,0.213028,0.0,9400000.0,0.0,0.0,9399999.999999998,54100000,0.0,0.0,2800000.0,0.049296,2600000.0,0.045775,100000.0,2800000.0,0.049296,1000000.0,1800000.0,0.03169,0.25,0.25,7200000.0,7200000.0,https://www.sec.gov/Archives/edgar/data/37472/000089710195000115/0000897101-95-000115-index.html,https://www.sec.gov/Archives/edgar/data/37472/0000897101-95-000115.txt
