,date,symbol,fillingDate,acceptedDate,period,revenue,costOfRevenue,grossProfit,grossProfitRatio,researchAndDevelopmentExpenses,generalAndAdministrativeExpenses,sellingAndMarketingExpenses,otherExpenses,operatingExpenses,costAndExpenses,interestExpense,depreciationAndAmortization,ebitda,ebitdaratio,operatingIncome,operatingIncomeRatio,totalOtherIncomeExpensesNet,incomeBeforeTax,incomeBeforeTaxRatio,incomeTaxExpense,netIncome,netIncomeRatio,eps,epsdiluted,weightedAverageShsOut,weightedAverageShsOutDil,link,finalLink
0,2020-06-30,NIU,2020-07-06 00:00:00,2020-07-06 08:39:23,Q2,644934410,496852342,148082068,0.22960795036506115,23976687,68614393,45603755,0.0,-826367.0,588617055,1576485.0,0.0,58695797,0.09101049050863948,56317355,0.09213728726305671,2303195.0,59422507,0.09213728726305671,2595658.0,56826849,0.08811260202413451,0.76,0.74,75151000,77587822,https://www.sec.gov/Archives/edgar/data/1744781/000110465920080928/0001104659-20-080928-index.htm,https://www.sec.gov/Archives/edgar/data/1744781/000110465920080928/a20-24135_16k.htm
0,2020-03-31,NIU,2020-04-22 00:00:00,2020-04-22 16:05:48,Q1,232940508,178023007,54917501,0.2357576252903166,22735585,68421852,44172610,0.0,-7265883.0,261914561,2172474.0,0.0,-25984616,-0.11155043930787684,-28974053,-0.11403785124397514,1593055.0,-26564035,-0.11403785124397514,-188109.0,-26375926,-0.11323031029021367,-0.36,-0.36,74850840,74850840,https://www.sec.gov/Archives/edgar/data/1744781/000110465920049703/0001104659-20-049703-index.html,https://www.sec.gov/Archives/edgar/data/1744781/000110465920049703/a20-16610_16k.htm
0,2019-12-31,NIU,2020-03-17 00:00:00,2020-03-17 06:36:58,Q4,536106506,395945845,140160661,0.2614418206668807,19089544,71114818,48879563,0.0,-13462650,472687557,3211489.0,0.0,65666784,0.12248831764783694,63418949,0.11403024831039824,-1322937.0,61132358,0.11403024831039824,426039.0,60706319,0.1132355573390486,0.82,0.78,74727286,76876144,https://www.sec.gov/Archives/edgar/data/1744781/000110465920034355/0001104659-20-034355-index.html,https://www.sec.gov/Archives/edgar/data/1744781/000110465920034355/a20-12823_16k.htm
0,2019-09-30,NIU,2019-11-26 00:00:00,2019-11-26 06:01:16,Q3,654457316,509226828,145230488,0.22190979373206365,17061618,74694467,57130290,0.0,-12593190,588389723,3181184.0,0.0,70911093,0.10835098220523216,66067593,0.11336643687240865,6463585.0,74193494,0.11336643687240865,7778647.0,66414847,0.10148079236996413,0.9,0.86,74569557,76574617,https://www.sec.gov/Archives/edgar/data/1744781/000110465919067192/0001104659-19-067192-index.html,https://www.sec.gov/Archives/edgar/data/1744781/000110465919067192/a19-23814_16k.htm
0,2019-06-30,NIU,,,Q2,530505579,405017981,125487598,0.2365434087169138,16703606,66197877,47040468,0.0,-2530930.0,485388534,2596692.0,0.0,50799146,0.09575610136985949,45117045,0.09613096076412798,2795557.0,50998011,0.09613096076412798,16616.0,50981395,0.09609963969860531,0.686,0.666,74411538,76651326,,
0,2019-03-31,NIU,2019-04-25 00:00:00,2019-04-25 06:10:36,Q1,355219700,279547894,75671806,0.2130281794618936,14332580,50480913,29822193,0.0,-1247000.0,343114387,2407633.0,0.0,16230662,0.04569189715547871,12105313,0.03371223217631229,-1847780.0,11975249,0.03371223217631229,-6961.0,11982210,0.03373182849937658,0.162,0.156,74337029,76547249,https://www.sec.gov/Archives/edgar/data/1744781/000110465919023545/0001104659-19-023545-index.html,https://www.sec.gov/Archives/edgar/data/1744781/000110465919023545/a19-6256_120f.htm
0,2018-12-31,NIU,2019-03-18 00:00:00,2019-03-18 06:46:27,Q4,427505084,369961904,57543180,0.13460232908013792,22105334,68536556,41802946,0.0,-84100.0,460519694,1458859.0,0.0,-31934504,-0.07469970579344035,-33014610,-0.07485098118739565,1394188.0,-31999175,-0.07485098118739565,0.0,-31999175,-0.07485098118739565,-0.49,-0.49,65390071,65390071,https://www.sec.gov/Archives/edgar/data/1744781/000110465919015396/0001104659-19-015396-index.html,https://www.sec.gov/Archives/edgar/data/1744781/000110465919015396/a19-6727_16k.htm
0,2018-09-30,NIU,2018-11-20 00:00:00,2018-11-20 16:19:09,Q3,493196944,432008871,61188073,0.1240641770886561,13652474,52178478,38118554,0.0,-200000.0,497639823,2357501.0,0.0,-3852878.0,-0.007812047594520375,-4442879.0,-0.004376493054669049,4051906.0,-2158473.0,-0.004376493054669049,0.0,-2158473.0,-0.004376493054669049,-0.028537,-0.028537,75637029,75637029,https://www.sec.gov/Archives/edgar/data/1744781/000110465918069406/0001104659-18-069406-index.html,https://www.sec.gov/Archives/edgar/data/1744781/000110465918069406/a18-40502_16k.htm
