,date,symbol,fillingDate,acceptedDate,period,revenue,costOfRevenue,grossProfit,grossProfitRatio,researchAndDevelopmentExpenses,generalAndAdministrativeExpenses,sellingAndMarketingExpenses,otherExpenses,operatingExpenses,costAndExpenses,interestExpense,depreciationAndAmortization,ebitda,ebitdaratio,operatingIncome,operatingIncomeRatio,totalOtherIncomeExpensesNet,incomeBeforeTax,incomeBeforeTaxRatio,incomeTaxExpense,netIncome,netIncomeRatio,eps,epsdiluted,weightedAverageShsOut,weightedAverageShsOutDil,link,finalLink
0,2020-09-30,RMBL,2020-11-16,2020-11-16 16:26:08,Q3,117257404,100453349,16804055,0.14330911675308794,180061.0,13099090,839752.0,0.0,0.0,114268881,1488090.0,0.0,3524904.0,0.03006124884020117,2988523.0,0.012680777070589077,-13518.0,1486915.0,0.012680777070589077,0.0,1486915.0,0.012680777070589077,0.67,0.67,2234838.0,2234838.0,https://www.sec.gov/Archives/edgar/data/1596961/000165495420012496/0001654954-20-012496-index.htm,https://www.sec.gov/Archives/edgar/data/1596961/000165495420012496/rmbl_10q.htm
0,2020-06-30,RMBL,2020-08-14 00:00:00,2020-08-14 16:17:11,Q2,84341293,75884559,8456734.0,0.10026801462481728,235014.0,10939274,541922.0,0.0,0.0,87567169,1482408.0,0.0,-2717554.0,-0.03222091935441398,-3225876.0,0.012383874646076388,5752756.0,1044472.0,0.012383874646076388,0.0,1044472.0,0.012383874646076388,0.47,0.47,2214241.0,2214241.0,https://www.sec.gov/Archives/edgar/data/1596961/000165495420009176/0001654954-20-009176-index.htm,https://www.sec.gov/Archives/edgar/data/1596961/000165495420009176/rmbl_10q.htm
0,2020-03-31,RMBL,2020-06-30,2020-05-29 17:20:04,Q1,144424750,145738263,-1313513.0,-0.009094791578313274,622144.0,17434282,2948155.0,0.0,0.0,164317684,2216757.0,0.0,-19369939,-0.13411786414724622,-19892934,-0.15259394252023978,71349.0,-22038342,-0.15259394252023978,0.0,-22038342,-0.15259394252023978,-10.77,-10.77,2046423.0,2046423.0,https://www.sec.gov/Archives/edgar/data/1596961/000165495420007105/0001654954-20-007105-index.htm,https://www.sec.gov/Archives/edgar/data/1596961/000165495420007105/rmbl_10q.htm
0,2019-12-31,RMBL,2020-05-29,2020-05-29 17:20:04,Q4,126951361,117956492,8994869.0,0.07085287569307745,656622.0,21509107,3488035.0,0.0,0.0,140625314,1835915.0,0.0,-13170860,-0.10374729263438144,-13673953,-0.11837106653783727,482500.0,-15027368,-0.11837106653783727,0.0,-15027368,-0.11837106653783727,0.0,0.0,0.0,0.0,https://www.sec.gov/Archives/edgar/data/1596961/000165495420006126/rmbl_10k.htm,https://www.sec.gov/Archives/edgar/data/1596961/000165495420006126/rmbl_10k.htm
0,2019-09-30,RMBL,2019-11-13 00:00:00,2019-11-13 07:47:34,Q3,220320323,208305798,12014525,0.054532077823796585,720423.0,18290516,3288545.0,0.0,0.0,227790407,2031697.0,0.0,-6996414.0,-0.0317556451657889,-7470084.0,-0.04026764702954797,630000.0,-8871781.0,-0.04026764702954797,0.0,-8871781.0,-0.04026764702954797,-7.6,-7.6,1158914.0,1158914.0,https://www.sec.gov/Archives/edgar/data/1596961/000165495419012772/0001654954-19-012772-index.html,https://www.sec.gov/Archives/edgar/data/1596961/000165495419012772/rmbl_10q.htm
0,2019-06-30,RMBL,2019-08-13,2019-08-13 09:02:12,Q2,270179904,254562392,15617512,0.057804121508607836,538580.0,24468985,5960110.0,0.0,0.0,279997395,1874858.0,0.0,-9390053.0,-0.03475481655363975,-9817491.0,-0.04812200614298834,-1309250.0,-13001599,-0.04812200614298834,0.0,-13001599,-0.04812200614298834,-11.6,-11.6,1111808.0,1111808.0,https://www.sec.gov/Archives/edgar/data/1596961/000165495419009295/rmbl_10q.htm,https://www.sec.gov/Archives/edgar/data/1596961/000165495419009295/rmbl_10q.htm
0,2019-03-31,RMBL,2019-04-01 00:00:00,2019-04-01 16:15:33,Q1,223177759,209186690,13991069,0.062690247732078,492713.0,19947303,5491572.0,0.0,0.0,230008931,1445133.0,0.0,-6448947.0,-0.0288960110940087,-6831172.0,-0.03708391479995101,0.0,-8276305.0,-0.03708391479995101,0.0,-8276305.0,-0.03708391479995101,-8.0,-8.0,1024221.0,1024221.0,https://www.sec.gov/Archives/edgar/data/1596961/000165495419003849/0001654954-19-003849-index.html,https://www.sec.gov/Archives/edgar/data/1596961/000165495419003849/rmbl_10k.htm
0,2018-12-31,RMBL,2019-04-01 00:00:00,2019-04-01 16:15:33,Q4,115148470,106342346,8806124.0,0.07647625713133661,422902.0,16772954,4008916.0,0.0,0.0,123850944,1122897.0,0.0,-8389732.0,-0.07286012571421921,-8702474.0,-0.08532784673561013,0.0,-9825371.0,-0.08532784673561013,0.0,-9825371.0,-0.08532784673561013,0.0,0.0,0.0,0.0,https://www.sec.gov/Archives/edgar/data/1596961/000165495419003849/0001654954-19-003849-index.html,https://www.sec.gov/Archives/edgar/data/1596961/000165495419003849/rmbl_10k.htm
0,2018-09-30,RMBL,2018-11-14 00:00:00,2018-11-14 08:37:42,Q3,19255022,17248588,2006434.0,0.10420315281904119,234378.0,8197183.0,4096521.0,0.0,0.0,25927818,333448.0,0.0,-6425127.0,-0.33368577818295925,-6672796.0,-0.36386580082847997,0.0,-7006244.0,-0.36386580082847997,0.0,-7006244.0,-0.36386580082847997,-9.2,-9.2,746034.0,746034.0,https://www.sec.gov/Archives/edgar/data/1596961/000165495418012614/0001654954-18-012614-index.html,https://www.sec.gov/Archives/edgar/data/1596961/000165495418012614/rmbl_10q.htm
0,2018-06-30,RMBL,2018-07-27 00:00:00,2018-07-27 08:31:25,Q2,13914534,12649704,1264830.0,0.09089991802815675,211489.0,5334020.0,2229837.0,0.0,0.0,18413040,237820.0,0.0,-4280678.0,-0.30764077330940437,-4498506.0,-0.34038696516893774,0.0,-4736326.0,-0.34038696516893774,0.0,-4736326.0,-0.34038696516893774,-7.2,-7.2,650344.0,650344.0,https://www.sec.gov/Archives/edgar/data/1596961/000165495418008109/0001654954-18-008109-index.html,https://www.sec.gov/Archives/edgar/data/1596961/000165495418008109/rmbl_10q.htm
0,2018-03-31,RMBL,2018-04-30 00:00:00,2018-04-30 16:06:28,Q1,8080205.0,7521301.0,558904.0,0.06916953220865064,283339.0,3597153.0,1122299.0,0.0,0.0,11607560,86521.0,0.0,-3321588.0,-0.41107719420485,-3527355.0,-0.4472505338664056,0.0,-3613876.0,-0.4472505338664056,0.0,-3613876.0,-0.4472505338664056,-5.6,-5.6,646427.0,646427.0,https://www.sec.gov/Archives/edgar/data/1596961/000165495418004524/0001654954-18-004524-index.html,https://www.sec.gov/Archives/edgar/data/1596961/000165495418004524/rmbl_10q.htm
0,2017-12-31,RMBL,2018-02-27 00:00:00,2018-02-27 16:06:40,Q4,3444349.0,3400338.0,44011.0,0.012777741163859992,174289.0,2722494.0,670833.0,0.0,0.0,6662891.0,222158.0,0.0,-2852772.0,-0.8282470794916543,-3218542.0,-0.9989405835471377,0.0,-3440700.0,-0.9989405835471377,0.0,-3440700.0,-0.9989405835471377,-5.6,-5.6,616378.0,616378.0,https://www.sec.gov/Archives/edgar/data/1596961/000165495418001935/0001654954-18-001935-index.html,https://www.sec.gov/Archives/edgar/data/1596961/000165495418001935/rmbl10k.htm
0,2017-09-30,RMBL,2017-11-09 00:00:00,2017-11-09 06:57:45,Q3,3706142.0,3478124.0,228018.0,0.061524356055434465,91967.0,2234076.0,752017.0,0.0,0.0,5933444.0,90201.0,0.0,-2098025.0,-0.5660940676315155,-2227302.0,-0.625314140688619,0.0,-2317503.0,-0.625314140688619,0.0,-2317503.0,-0.625314140688619,-4.6,-4.6,500927.0,500927.0,https://www.sec.gov/Archives/edgar/data/1596961/000165495417010245/0001654954-17-010245-index.html,https://www.sec.gov/Archives/edgar/data/1596961/000165495417010245/rmbl_10q.htm
0,2017-06-30,RMBL,2017-08-14 00:00:00,2017-08-14 16:28:37,Q2,116522.0,114643.0,1879.0,0.016125710166320525,108694.0,1600273.0,242906.0,0.0,0.0,1936945.0,71804.0,0.0,-1707088.0,-14.650349290262783,-1820423.0,-16.239225210689828,0.0,-1892227.0,-16.239225210689828,0.0,-1892227.0,-16.239225210689828,-3.8,-3.8,500199.0,500199.0,https://www.sec.gov/Archives/edgar/data/1596961/000165495417007558/0001654954-17-007558-index.html,https://www.sec.gov/Archives/edgar/data/1596961/000165495417007558/rmbl_10q.htm
0,2017-03-31,RMBL,2017-05-15 00:00:00,2017-05-15 16:10:42,Q1,38889.0,34688.0,4201.0,0.10802540564169817,78009.0,577199.0,0.0,0.0,0.0,749981.0,211803.0,0.0,-651007.0,-16.74013217105094,-711092.0,-23.731517909948828,0.0,-922895.0,-23.731517909948828,0.0,-922895.0,-23.731517909948828,-2.6,-2.6,363174.0,363174.0,https://www.sec.gov/Archives/edgar/data/1596961/000165495417004746/0001654954-17-004746-index.html,https://www.sec.gov/Archives/edgar/data/1596961/000165495417004746/rmbl_10-q.htm
0,2016-12-31,RMBL,2017-02-14 00:00:00,2017-02-14 17:54:57,Q4,0.0,0.0,0.0,0.0,0.0,57825000,0.0,155568000,213393000,213393000,11698000,475000.0,-224616000,0.0,-225091000,0.0,0.0,-225091000,0.0,0.0,-224578000,0.0,-40.23707,-40.23707,5581370.0,5581370.0,https://www.sec.gov/Archives/edgar/data/1596961/000165495417001101/0001654954-17-001101-index.html,https://www.sec.gov/Archives/edgar/data/1596961/000165495417001101/svtc_10k.htm
0,2016-08-31,RMBL,2016-10-17 00:00:00,2016-10-17 16:24:39,Q3,0.0,0.0,0.0,0.0,0.0,24725.0,0.0,0.0,0.0,25200.0,2681.0,0.0,-24725.0,0.0,-25200.0,0.0,0.0,-27881.0,0.0,0.0,-27881.0,0.0,-0.4,-0.4,275000.0,275000.0,https://www.sec.gov/Archives/edgar/data/1596961/000165495416002904/0001654954-16-002904-index.html,https://www.sec.gov/Archives/edgar/data/1596961/000165495416002904/svtc_10q.htm
0,2016-05-31,RMBL,2016-07-05 00:00:00,2016-07-05 15:17:25,Q2,0.0,0.0,0.0,0.0,0.0,15279.0,0.0,0.0,0.0,15754.0,2359.0,0.0,-15279.0,0.0,-15754.0,0.0,0.0,-18113.0,0.0,0.0,-18113.0,0.0,-0.065865,-0.065865,275000.0,275000.0,https://www.sec.gov/Archives/edgar/data/1596961/000139390516000964/0001393905-16-000964-index.html,https://www.sec.gov/Archives/edgar/data/1596961/000139390516000964/svtc_10q.htm
0,2016-02-29,RMBL,2016-03-14 00:00:00,2016-03-14 15:10:31,Q1,0.0,0.0,0.0,0.0,0.0,6001.0,0.0,0.0,0.0,6476.0,2176.0,0.0,-6001.0,0.0,-6476.0,0.0,0.0,-8652.0,0.0,0.0,-8652.0,0.0,-0.031462,-0.031462,275000.0,275000.0,https://www.sec.gov/Archives/edgar/data/1596961/000139390516000769/0001393905-16-000769-index.html,https://www.sec.gov/Archives/edgar/data/1596961/000139390516000769/svtc_10k.htm
0,2015-11-30,RMBL,2016-03-14,2016-03-14 15:10:31,Q4,0.0,0.0,0.0,0.0,0.0,12090.0,0.0,0.0,0.0,12565.0,1989.0,0.0,-12090.0,0.0,-12565.0,0.0,0.0,-14554.0,0.0,0.0,-14554.0,0.0,0.0,0.0,0.0,0.0,https://www.sec.gov/Archives/edgar/data/1596961/000139390516000769/0001393905-16-000769-index.htm,https://www.sec.gov/Archives/edgar/data/1596961/000139390516000769/svtc_10k.htm
0,2015-08-31,RMBL,2015-10-20 00:00:00,2015-10-20 13:13:56,Q3,0.0,0.0,0.0,0.0,0.0,5884.0,0.0,0.0,0.0,6359.0,1972.0,0.0,-5884.0,0.0,-6359.0,0.0,0.0,-8331.0,0.0,0.0,-8331.0,0.0,-0.095211,-0.095211,87500.0,87500.0,https://www.sec.gov/Archives/edgar/data/1596961/000139390515000560/0001393905-15-000560-index.html,https://www.sec.gov/Archives/edgar/data/1596961/000139390515000560/svtc_10q.htm
0,2015-05-31,RMBL,2015-07-15 00:00:00,2015-07-15 14:33:18,Q2,0.0,0.0,0.0,0.0,0.0,9162.0,0.0,0.0,0.0,9637.0,1743.0,0.0,-9162.0,0.0,-9637.0,0.0,0.0,-11380.0,0.0,0.0,-11380.0,0.0,-0.041382,-0.041382,275000.0,275000.0,https://www.sec.gov/Archives/edgar/data/1596961/000139390515000359/0001393905-15-000359-index.html,https://www.sec.gov/Archives/edgar/data/1596961/000139390515000359/svtc_10q.htm
0,2015-02-28,RMBL,2015-04-17 00:00:00,2015-04-16 20:25:15,Q1,0.0,0.0,0.0,0.0,0.0,12516.0,0.0,0.0,0.0,12991.0,1553.0,0.0,-12516.0,0.0,-12991.0,0.0,0.0,-14544.0,0.0,0.0,-14544.0,0.0,-0.052887,-0.052887,275000.0,275000.0,https://www.sec.gov/Archives/edgar/data/1596961/000107704815000029/0001077048-15-000029-index.html,https://www.sec.gov/Archives/edgar/data/1596961/000107704815000029/form10q.htm
0,2014-11-30,RMBL,2015-03-17,2015-03-17 16:00:51,Q4,0.0,0.0,0.0,0.0,0.0,4982.0,0.0,0.0,0.0,5457.0,1495.0,0.0,-4982.0,0.0,-5457.0,0.0,0.0,-6952.0,0.0,0.0,-6952.0,0.0,0.0,0.0,0.0,0.0,https://www.sec.gov/Archives/edgar/data/1596961/000107704815000013/0001077048-15-000013-index.htm,https://www.sec.gov/Archives/edgar/data/1596961/000107704815000013/form10k.htm
0,2014-10-16,RMBL,2014-10-17 00:00:00,2014-10-16 20:37:54,Q3,0.0,0.0,0.0,0.0,0.0,547000.0,0.0,124641000,125188000,125188000,-1219.0,475000.0,-128168000,0.0,-128643000,0.0,0.0,-128643000,0.0,0.0,-128643000,0.0,-23.38964,-23.38964,5500000.0,5500000.0,https://www.sec.gov/Archives/edgar/data/1596961/000107704814000241/0001077048-14-000241-index.html,https://www.sec.gov/Archives/edgar/data/1596961/000107704814000241/svtz10-q.htm
0,2014-05-31,RMBL,2014-07-21 00:00:00,2014-07-21 14:26:24,Q2,0.0,0.0,0.0,0.0,0.0,42503.0,0.0,0.0,0.0,42503.0,1219.0,0.0,-42503.0,0.0,-42503.0,0.0,0.0,-43722.0,0.0,0.0,-43722.0,0.0,-0.158989,-0.158989,275000.0,275000.0,https://www.sec.gov/Archives/edgar/data/1596961/000107704814000155/0001077048-14-000155-index.html,https://www.sec.gov/Archives/edgar/data/1596961/000107704814000155/form10q6-30.htm
0,2014-02-28,RMBL,2014-04-21 00:00:00,2014-04-21 16:20:12,Q1,0.0,0.0,0.0,0.0,0.0,27275.0,0.0,0.0,0.0,27275.0,723.0,0.0,-27275.0,0.0,-27275.0,0.0,0.0,-27998.0,0.0,0.0,-27998.0,0.0,-0.101811,-0.101811,275000.0,275000.0,https://www.sec.gov/Archives/edgar/data/1596961/000107704814000096/0001077048-14-000096-index.html,https://www.sec.gov/Archives/edgar/data/1596961/000107704814000096/smartserver10q.htm
