,date,symbol,fillingDate,acceptedDate,period,revenue,costOfRevenue,grossProfit,grossProfitRatio,researchAndDevelopmentExpenses,generalAndAdministrativeExpenses,sellingAndMarketingExpenses,otherExpenses,operatingExpenses,costAndExpenses,interestExpense,depreciationAndAmortization,ebitda,ebitdaratio,operatingIncome,operatingIncomeRatio,totalOtherIncomeExpensesNet,incomeBeforeTax,incomeBeforeTaxRatio,incomeTaxExpense,netIncome,netIncomeRatio,eps,epsdiluted,weightedAverageShsOut,weightedAverageShsOutDil,link,finalLink
0,2020-09-30,GDEN,2020-11-06,2020-11-06 16:29:09,Q3,205396000,51339000,154057000,0.7500486864398528,0.0,52132000,0.0,0.0,-16422000,34917000,16422000,31551000,41000000,0.19961440339636605,9449000.0,0.046003817016884455,0.0,-6973000.0,-0.03394905450933806,17000.0,-6956000.0,-0.03386628756158835,-0.24779139355941865,-0.24779139355941865,28072000,28072000,https://www.sec.gov/Archives/edgar/data/1071255/000107125520000019/0001071255-20-000019-index.htm,https://www.sec.gov/Archives/edgar/data/1071255/000107125520000019/gden-20200930.htm
0,2020-06-30,GDEN,2020-08-07,2020-08-07 18:43:24,Q2,75974000,50960000,25014000,0.32924421512622737,0.0,32557000,0.0,-15003000,86966999.99999999,137926999.99999997,-16407000,31930000,-62837000,-0.827086,-61953000,-0.81545,0.0,-78360000,-1.031405,206000.0,-78566000,-1.034117,-2.79873,-2.79873,28072000,28072000,https://www.sec.gov/Archives/edgar/data/1071255/000156459020038398/0001564590-20-038398-index.htm,https://www.sec.gov/Archives/edgar/data/1071255/000156459020038398/gden-10q_20200630.htm
0,2020-03-31,GDEN,2020-05-08,2020-05-08 16:32:03,Q1,207157000,132081000,75076000,0.3624111181374513,0.0,47715000,0.0,-13619000,88897000.00000001,220978000.00000003,-18747000,31156000,-20159000,-0.097313,-13821000,-0.066718,0.0,-32568000,-0.157214,52000.0,-32620000,-0.157465,-1.16792,-1.16792,27930000,27930000,https://www.sec.gov/Archives/edgar/data/1071255/000156459020023594/0001564590-20-023594-index.htm,https://www.sec.gov/Archives/edgar/data/1071255/000156459020010818/gden-10k_20191231.htm
0,2019-12-31,GDEN,2020-03-13,2020-03-13 16:11:15,Q4,242134000,145446000,96688000,0.39931608117819056,0.0,55735000,0.0,-13250000,86187999.99999999,231634000,-18253000,29739999.999999996,3733999.999999995,0.015421,10500000,0.043364,0.0,-7753000.0,-0.032019,-81000.0,-7672000.0,-0.031685,-0.27555,-0.27555,27842000,27842000,https://www.sec.gov/Archives/edgar/data/1071255/000156459020010818/0001564590-20-010818-index.htm,https://www.sec.gov/Archives/edgar/data/1071255/000156459020010818/gden-10k_20191231.htm
0,2019-09-30,GDEN,2019-11-08,2019-11-08 17:13:07,Q3,243314000,146278000,97036000,0.3988097684473561,0.0,57349000,0.0,-13961000,87155000,233433000,-19128000,29611000.000000004,1236000.000000004,0.00508,9881000.0,0.04061,0.0,-9247000.0,-0.038004,200000.0,-9447000.0,-0.038826,-0.33975,-0.33975,27806000,27806000,https://www.sec.gov/Archives/edgar/data/1071255/000156459019042332/0001564590-19-042332-index.htm,https://www.sec.gov/Archives/edgar/data/1071255/000156459019042332/gden-10q_20190930.htm
0,2019-06-30,GDEN,2019-08-09,2019-08-08 20:42:58,Q2,248070000,145391000,102679000,0.413911395976942,0.0,56973000,0.0,-13975000,97807000.00000001,243198000.00000003,-20624000,29976000,-6400000.0,-0.025799,4872000.0,0.01964,0.0,-15752000,-0.063498,-1344000.0,-14408000,-0.05808,-0.51898,-0.51898,27762000,27762000,https://www.sec.gov/Archives/edgar/data/1071255/000156459019030976/0001564590-19-030976-index.htm,https://www.sec.gov/Archives/edgar/data/1071255/000156459019030976/gden-10q_20190630.htm
0,2019-03-31,GDEN,2019-05-10,2019-05-10 15:14:17,Q1,239892000,141397000,98495000,0.41058059460090374,0.0,57725000,0.0,-11701000,86781000,228178000,-20383000,27265000,-1787000.0,-0.007449,11714000,0.04883,0.0,-8669000.0,-0.036137,-651000.0,-8018000.0,-0.033423,-0.29082,-0.29082,27570000,27570000,https://www.sec.gov/Archives/edgar/data/1071255/000156459019018479/0001564590-19-018479-index.htm,https://www.sec.gov/Archives/edgar/data/1071255/000156459019008099/gden-10k_20181231.htm
0,2018-12-31,GDEN,2019-03-18,2019-03-15 19:22:05,Q4,210125000,129697000,80428000,0.3827626412849494,0.0,48347000,0.0,0.0,74960000.00000001,204657000,-21037000,23034999.999999996,-14071000.000000004,-0.066965,5468000.0,0.026023,0.0,-15569000,-0.074094,9245000.0,-25314000,-0.120471,-0.90417,-0.90417,27997000,27997000,https://www.sec.gov/Archives/edgar/data/1071255/000156459019008099/0001564590-19-008099-index.htm,https://www.sec.gov/Archives/edgar/data/1071255/000156459019008099/gden-10k_20181231.htm
0,2018-09-30,GDEN,2018-11-09,2018-11-08 18:19:29,Q3,210337000,127887000,82450000,0.3919899970048066,0.0,47500000,0.0,0.0,72727000,200614000,-15069000,23331000.000000004,2916000.000000003,0.013863,9723000.0,0.046226,0.0,-5346000.0,-0.025416,-2222000.0,-3124000.0,-0.014852,-0.11296,-0.11296,27655000,27655000,https://www.sec.gov/Archives/edgar/data/1071255/000156459018028685/0001564590-18-028685-index.htm,https://www.sec.gov/Archives/edgar/data/1071255/000156459018028685/gden-10q_20180930.htm
0,2018-06-30,GDEN,2018-08-09,2018-08-09 08:01:54,Q2,216500000,129800000,86700000,0.4004618937644342,0.0,44400000,0.0,-90099000,67600000,197400000,-14600000,22850000.000000004,12750000.000000006,0.058891,19100000,0.088222,0.0,4500000.0,0.020785,900000.0,3600000.0,0.016628,0.12121,0.12121,29700000,29700000,https://www.sec.gov/Archives/edgar/data/1071255/000156459018020758/0001564590-18-020758-index.htm,https://www.sec.gov/Archives/edgar/data/1071255/000156459018020758/gden-10q_20180630.htm
0,2018-03-31,GDEN,2018-05-10,2018-05-09 18:01:18,Q1,214800000,126800000,88000000,0.409683426443203,0.0,44800000,0.0,66941000,71300000,198100000,-11500000,25240000,18840000,0.087709,16700000,0.077747,0.0,5100000.0,0.023743,1200000.0,3900000.0,0.018156,0.1322,0.1322,29500000,29500000,https://www.sec.gov/Archives/edgar/data/1071255/000156459018012566/0001564590-18-012566-index.htm,https://www.sec.gov/Archives/edgar/data/1071255/000156459018006007/gden-10k_20171231.htm
0,2017-12-31,GDEN,2018-03-16,2018-03-16 13:59:16,Q4,183700000,115700000,68000000,0.37016875340228633,0.0,42600000,0.0,1000000.0,64700000,180400000,-13900000,19290000,-9410000.0,-0.051225,3300000.0,0.017964,-200000.0,-10600000,-0.057703,-1300000.0,-13500000,-0.073489,-0.52734,-0.52734,25600000,25600000,https://www.sec.gov/Archives/edgar/data/1071255/000156459018006007/0001564590-18-006007-index.htm,https://www.sec.gov/Archives/edgar/data/1071255/000156459018006007/gden-10k_20171231.htm
0,2017-09-30,GDEN,2017-11-09,2017-11-09 06:05:07,Q3,107700000,76400000,31300000,0.2906220984215413,0.0,19700000,0.0,64634000,28899999.99999999,105299999.99999999,-1900000.0,7539999.999999999,6139999.999999999,0.05701,2400000.0,0.022284,0.0,500000.0,0.004643,-8100000.0,8600000.0,0.079851,0.35685,0.35685,24100000,24100000,https://www.sec.gov/Archives/edgar/data/1071255/000156459017022976/0001564590-17-022976-index.htm,https://www.sec.gov/Archives/edgar/data/1071255/000156459017022976/gden-10q_20170930.htm
0,2017-06-30,GDEN,2017-08-08,2017-08-07 21:33:13,Q2,110500000,78400000,32100000,0.2904977375565611,0.0,20000000,0.0,66430000,29500000,107900000,-2000000.0,7410000.000000001,6010000.000000001,0.054389,2600000.0,0.023529,0.0,600000.0,0.00543,-1100000.0,1700000.0,0.015385,0.07296,0.07296,23300000,23300000,https://www.sec.gov/Archives/edgar/data/1071255/000156459017016210/0001564590-17-016210-index.htm,https://www.sec.gov/Archives/edgar/data/1071255/000156459017016210/gden-10q_20170630.htm
0,2017-03-31,GDEN,2017-05-10,2017-05-09 21:08:09,Q1,105900000,75800000,30100000,0.2842304060434372,0.0,18300000,0.0,64404000,24799999.999999996,100600000,-1700000.0,6550000.0,8450000.0,0.079792,5300000.0,0.050047,0.0,3600000.0,0.033994,-1700000.0,5300000.0,0.050047,0.23246,0.23246,22800000,22800000,https://www.sec.gov/Archives/edgar/data/1071255/000156459017010032/0001564590-17-010032-index.htm,https://www.sec.gov/Archives/edgar/data/1071255/000156459017004528/gden-10k_20161231.htm
0,2016-12-31,GDEN,2017-03-16,2017-03-16 06:31:52,Q4,105400000,76700000,28700000,0.27229601518026564,0.0,18500000,0.0,1000000.0,27500000,104200000,-1700000.0,7650000.000000002,10850000.000000002,0.102941,1200000.0,0.011385,900000.0,4900000.0,0.04649,-5100000.0,10000000,0.094877,0.44248,0.44248,22600000,22600000,https://www.sec.gov/Archives/edgar/data/1071255/000156459017004528/0001564590-17-004528-index.htm,https://www.sec.gov/Archives/edgar/data/1071255/000156459017004528/gden-10k_20161231.htm
0,2016-09-30,GDEN,2016-11-08,2016-11-08 16:06:41,Q3,104200000,75500000,28700000,0.27543186180422263,0.0,18600000,0.0,64819000,25599999.999999993,101100000,-1700000.0,7219999.999999999,6919999.999999999,0.066411,3100000.0,0.02975,0.0,1400000.0,0.013436,100000.0,1300000.0,0.012476,0.05702,0.05702,22800000,22800000,https://www.sec.gov/Archives/edgar/data/1071255/000156459016028320/0001564590-16-028320-index.htm,https://www.sec.gov/Archives/edgar/data/1071255/000156459016028320/gden-10q_20160930.htm
0,2016-06-30,GDEN,2016-08-08,2016-08-08 17:25:06,Q2,102600000,73500000,29100000,0.28362573099415206,0.0,16700000,0.0,0.0,24000000,97500000,-1600000.0,6850000.000000001,8650000.0,0.084308,5100000.0,0.049708,0.0,3400000.0,0.033138,600000.0,2800000.0,0.02729,0.125,0.125,22400000,22400000,https://www.sec.gov/Archives/edgar/data/1071255/000156459016023362/0001564590-16-023362-index.htm,https://www.sec.gov/Archives/edgar/data/1071255/000156459016023362/gden-10q_20160630.htm
0,2016-03-31,GDEN,2016-05-10,2016-05-10 15:58:34,Q1,91000000,64700000,26300000,0.289010989010989,0.0,16800000,0.0,54795000,22599999.999999993,87300000,-1500000.0,5790000.0,6590000.0,0.072418,3700000.0,0.040659,0.0,2300000.0,0.025275,100000.0,2200000.0,0.024176,0.09865,0.09865,22300000,22300000,https://www.sec.gov/Archives/edgar/data/1071255/000143774916031419/0001437749-16-031419-index.htm,https://www.sec.gov/Archives/edgar/data/1071255/000143774916027532/gden20151231_10k.htm
0,2015-12-31,GDEN,2016-03-14,2016-03-11 19:29:09,Q4,86400000,61200000,25200000,0.2916666666666667,0.0,16200000,0.0,300000.0,-2200000.000000003,59000000,1387000.0,3940000.0000000005,31427000,0.363738,27400000,0.31713,-3834000.0,26100000,0.302083,2700000.0,23400000,0.270833,1.05882,1.05882,22100000,22100000,https://www.sec.gov/Archives/edgar/data/1071255/000143774916027532/0001437749-16-027532-index.htm,https://www.sec.gov/Archives/edgar/data/1071255/000143774916027532/gden20151231_10k.htm
0,2015-09-30,GDEN,2015-11-06,2015-11-06 16:18:41,Q3,62500000,43600000,18900000,0.3024,0.0,12300000,0.0,47065000,27800000.000000004,71400000,923000.0,5100000.000000001,-3876999.9999999995,-0.062032,-8900000.0,-0.1424,100000.0,-9900000.0,-0.1584,-12900000,3000000.0,0.048,0.15707,0.15707,19100000,19100000,https://www.sec.gov/Archives/edgar/data/1071255/000143774915020057/0001437749-15-020057-index.htm,https://www.sec.gov/Archives/edgar/data/1071255/000143774915020057/gden20150927_10q.htm
0,2015-06-28,GDEN,2015-07-30,2015-07-30 16:08:05,Q2,15300000,8500000.0,6800000.0,0.4444444444444444,0.0,5500000.0,0.0,7074000.0,6800000.000000001,15300000.000000002,200000.0,880000.0,880000.0,0.057516,16000.0,0.0010437732402635528,-178000.0,-200000.0,-0.013072,17000.0,-200000.0,-0.013072,-0.01493,-0.01493,13400000,13400000,https://www.sec.gov/Archives/edgar/data/1071255/000143774915014351/0001437749-15-014351-index.htm,https://www.sec.gov/Archives/edgar/data/1071255/000143774915014351/laco20150628_10q.htm
0,2015-03-29,GDEN,2015-05-07,2015-05-07 16:02:13,Q1,12800000,7500000.0,5300000.0,0.4140625,0.0,6100000.0,0.0,6291000.0,6600000.0,14100000,300000.0,880000.0,-320000.0,-0.025,-1300000.0,-0.101563,-229000.0,-1600000.0,-0.125,200000.0,-1700000.0,-0.132813,-0.12687,-0.12687,13400000,13400000,https://www.sec.gov/Archives/edgar/data/1071255/000143774915009293/0001437749-15-009293-index.htm,https://www.sec.gov/Archives/edgar/data/1071255/000143774915004902/laco20141231_10k.htm
0,2014-12-28,GDEN,2015-03-12,2015-03-12 16:14:58,Q4,12800000,7500000.0,5300000.0,0.4140625,0.0,5600000.0,0.0,6111000.0,5100000.0,12600000,300000.0,899999.9999999999,1100000.0,0.085937,200000.0,0.015625,-250000.0,-100000.0,-0.007813,0.0,-100000.0,-0.007813,-0.00746,-0.00746,13400000,13400000,https://www.sec.gov/Archives/edgar/data/1071255/000143774915004902/0001437749-15-004902-index.htm,https://www.sec.gov/Archives/edgar/data/1071255/000143774915004902/laco20141231_10k.htm
0,2014-09-28,GDEN,2014-11-12,2014-11-12 16:05:48,Q3,15900000,8900000.0,7000000.0,0.44025157232704404,0.0,5500000.0,0.0,7311000.0,29900000,38800000,1500000.0,889999.9999999999,-20710000,-1.302516,-22800000,-1.433962,-254000.0,-23100000,-1.45283,0.0,-23100000,-1.45283,-1.72388,-1.72388,13400000,13400000,https://www.sec.gov/Archives/edgar/data/1071255/000143774914020491/0001437749-14-020491-index.htm,https://www.sec.gov/Archives/edgar/data/1071255/000143774914020491/laco20140928_10q.htm
0,2014-06-29,GDEN,2014-08-07,2014-08-07 16:01:39,Q2,14100000,8200000.0,5900000.0,0.41843971631205673,0.0,5700000.0,0.0,6832000.0,5600000.000000001,13800000.000000002,-300000.0,870000.0,670000.0,0.047518,300000.0,0.021277,-269000.0,100000.0,0.007092,0.0,100000.0,0.007092,0.00735,0.00735,13600000,13600000,https://www.sec.gov/Archives/edgar/data/1071255/000143774914014580/0001437749-14-014580-index.htm,https://www.sec.gov/Archives/edgar/data/1071255/000143774914014580/laco20140630_10q.htm
0,2014-03-30,GDEN,2014-05-08,2014-05-08 16:02:20,Q1,12300000,7300000.0,5000000.0,0.4065040650406504,0.0,5700000.0,0.0,6196000.0,6700000.0,14000000,-300000.0,850000.0,-1250000.0,-0.101626,-1600000.0,-0.130081,200000.0,-1800000.0,-0.146341,0.0,-1800000.0,-0.146341,-0.13433,-0.13433,13400000,13400000,https://www.sec.gov/Archives/edgar/data/1071255/000143774914008410/0001437749-14-008410-index.htm,https://www.sec.gov/Archives/edgar/data/1071255/000143774914004229/laco20131231_10k.htm
0,2013-12-29,GDEN,2014-03-14,2014-03-14 16:29:32,Q4,11400000,7300000.0,4100000.0,0.35964912280701755,0.0,5600000.0,0.0,5719000.0,4700000.0,12000000,300000.0,790000.0,190000.0,0.016667,-600000.0,-0.052632,1369000.0,-900000.0,-0.078947,0.0,-900000.0,-0.078947,-0.06767,-0.06767,13300000,13300000,https://www.sec.gov/Archives/edgar/data/1071255/000143774914004229/0001437749-14-004229-index.htm,https://www.sec.gov/Archives/edgar/data/1071255/000143774914004229/laco20131231_10k.htm
0,2013-09-29,GDEN,2013-11-07,2013-11-07 16:05:47,Q3,15500000,8200000.0,7300000.0,0.47096774193548385,0.0,5400000.0,0.0,6520000.0,-11500000,-3300000.0,900000.0,950000.0,21450000,1.383871,18800000,1.212903,841000.0,19600000,1.264516,0.0,19600000,1.264516,1.46269,1.46269,13400000,13400000,https://www.sec.gov/Archives/edgar/data/1071255/000143774913014154/0001437749-13-014154-index.htm,https://www.sec.gov/Archives/edgar/data/1071255/000143774913014154/laco20130930_10q.htm
0,2013-06-30,GDEN,2013-08-09,2013-08-09 16:03:18,Q2,8500000.0,3400000.0,5100000.0,0.6,0.0,4600000.0,0.0,2436000.0,6400000.0,9800000.0,1500000.0,730000.0,2430000.0,0.285882,-1200000.0,-0.141176,1487000.0,200000.0,0.023529,0.0,200000.0,0.023529,0.01504,0.01504,13300000,13300000,https://www.sec.gov/Archives/edgar/data/1071255/000143774913010420/0001437749-13-010420-index.htm,https://www.sec.gov/Archives/edgar/data/1071255/000143774913010420/laco20130630_10q.htm
0,2013-03-31,GDEN,2013-05-09,2013-05-09 16:02:30,Q1,3300000.0,600000.0,2700000.0,0.8181818181818182,0.0,3800000.0,0.0,215000.0,4600000.000000001,5200000.000000001,1500000.0,520000.0,1720000.0,0.521212,-1900000.0,-0.575758,1545.0,-300000.0,-0.090909,0.0,-300000.0,-0.090909,-0.02273,-0.02273,13200000,13200000,https://www.sec.gov/Archives/edgar/data/1071255/000143774913005627/0001437749-13-005627-index.htm,https://www.sec.gov/Archives/edgar/data/1071255/000143774913003001/lakes_10k-123012.htm
0,2012-12-30,GDEN,2013-03-15,2013-03-15 16:35:36,Q4,2800000.0,800000.0,2000000.0,0.7142857142857143,0.0,3100000.0,0.0,199000.0,3900000.0000000005,4700000.0,1400000.0,610000.0000000001,3810000.0,1.360714,-1900000.0,-0.678571,2200000.0,1700000.0,0.607143,-200000.0,2000000.0,0.714286,0.15152,0.15152,13200000,13200000,https://www.sec.gov/Archives/edgar/data/1071255/000143774913003001/0001437749-13-003001-index.htm,https://www.sec.gov/Archives/edgar/data/1071255/000143774913003001/lakes_10k-123012.htm
0,2012-09-30,GDEN,2012-11-07,2012-11-07 17:08:10,Q3,3600000.0,800000.0,2800000.0,0.7777777777777778,0.0,2800000.0,0.0,216000.0,5400000.0,6200000.0,1400000.0,490000.00000000006,790000.0,0.219444,-2500000.0,-0.694444,100000.0,-1100000.0,-0.305556,-100000.0,-1000000.0,-0.277778,-0.07576,-0.07576,13200000,13200000,https://www.sec.gov/Archives/edgar/data/1071255/000143774912011180/0001437749-12-011180-index.htm,https://www.sec.gov/Archives/edgar/data/1071255/000143774912011180/laco_10q-093012.htm
0,2012-07-01,GDEN,2012-08-09,2012-08-09 16:23:25,Q2,2500000.0,0.0,2500000.0,1.0,0.0,1900000.0,0.0,0.0,3600000.0,3600000.0,1300000.0,330000.0,1930000.0,0.772,-1100000.0,-0.44,1380.0,300000.0,0.12,-100000.0,400000.0,0.16,0.0303,0.0303,13200000,13200000,https://www.sec.gov/Archives/edgar/data/1071255/000143774912008081/0001437749-12-008081-index.htm,https://www.sec.gov/Archives/edgar/data/1071255/000143774912008081/lakes_10q-070112.htm
0,2012-04-01,GDEN,2012-05-09,2012-05-09 16:03:07,Q1,2000000.0,0.0,2000000.0,1.0,0.0,2300000.0,0.0,0.0,3600000.0,3600000.0,1300000.0,310000.0,1410000.0,0.705,-1600000.0,-0.8,1345.0,-200000.0,-0.1,-2000000.0,1800000.0,0.9,0.13636,0.13636,13200000,13200000,https://www.sec.gov/Archives/edgar/data/1071255/000119312512221967/0001193125-12-221967-index.htm,https://www.sec.gov/Archives/edgar/data/1071255/000119312512120010/d271807d10k.htm
0,2012-01-01,GDEN,2012-03-16,2012-03-16 17:30:24,Q4,1300000.0,0.0,1300000.0,1.0,0.0,2000000.0,0.0,0.0,18000000,18000000,1300000.0,329999.9999999996,-13770000,-10.592308,-16800000,-12.923077,100000.0,-15400000,-11.846154,-2700000.0,-12700000,-9.769231,-0.96212,-0.96212,13200000,13200000,https://www.sec.gov/Archives/edgar/data/1071255/000119312512120010/0001193125-12-120010-index.htm,https://www.sec.gov/Archives/edgar/data/1071255/000119312512120010/d271807d10k.htm
0,2011-10-02,GDEN,2011-11-16,2011-11-16 17:03:48,Q3,300000.0,0.0,300000.0,1.0,0.0,6500000.0,0.0,0.0,10700000,10700000,1200000.0,389999.9999999998,-7510000.0,-25.033333,-10500000,-35.0,100000.0,-9200000.0,-30.666667,-9100000.0,-9205000.0,-36.82,0.05,0.05,13200000,13200000,https://www.sec.gov/Archives/edgar/data/1071255/000119312511314446/0001193125-11-314446-index.htm,https://www.sec.gov/Archives/edgar/data/1071255/000119312511314446/d238796d10q.htm
0,2011-07-03,GDEN,2011-08-10,2011-08-10 16:18:29,Q2,28200000,0.0,28200000,1.0,0.0,2300000.0,0.0,-1147000.0,12300000,12300000,1200000.0,9270000.000000002,27670000,0.981206,15800000,0.560284,100000.0,17200000,0.609929,7700000.0,9500000.0,0.336879,0.7197,0.7197,13200000,13200000,https://www.sec.gov/Archives/edgar/data/1071255/000095012311075650/0000950123-11-075650-index.htm,https://www.sec.gov/Archives/edgar/data/1071255/000095012311075650/c64646e10vq.htm
0,2011-04-03,GDEN,2011-05-11,2011-05-11 16:09:02,Q1,5900000.0,0.0,5900000.0,1.0,0.0,2700000.0,0.0,1147000.0,4800000.0,4800000.0,321000.0,2000000.0,4721000.0,0.800169,1100000.0,0.186441,100000.0,2400000.0,0.40678,1000000.0,1400000.0,0.237288,0.10606,0.10606,13200000,13200000,https://www.sec.gov/Archives/edgar/data/1071255/000095012311048883/0000950123-11-048883-index.htm,https://www.sec.gov/Archives/edgar/data/1071255/000095012311031586/c62086e10vk.htm
0,2011-01-02,GDEN,2011-03-31,2011-03-31 17:03:39,Q4,4700000.0,0.0,4700000.0,1.0,0.0,2300000.0,0.0,978000.0,44200000,44200000,329000.0,2840000.000000001,-35331000,-7.517234,-39500000,-8.404255,978000.0,-38500000,-8.191489,-10400000,-28100000,-5.978723,-2.12879,-2.12879,13200000,13200000,https://www.sec.gov/Archives/edgar/data/1071255/000095012311031586/0000950123-11-031586-index.htm,https://www.sec.gov/Archives/edgar/data/1071255/000095012311031586/c62086e10vk.htm
0,2010-10-03,GDEN,2010-11-10,2010-11-10 16:01:48,Q3,8200000.0,0.0,8200000.0,1.0,0.0,2900000.0,0.0,23828000,6000000.0,6000000.0,446000.0,2859999.999999999,29406000,3.586098,2200000.0,0.268293,-500000.0,26000000,3.170732,11000000,15100000,1.841463,1.14394,1.14394,13200000,13200000,https://www.sec.gov/Archives/edgar/data/1071255/000095012310103882/0000950123-10-103882-index.htm,https://www.sec.gov/Archives/edgar/data/1071255/000095012310103882/c61194e10vq.htm
0,2010-07-04,GDEN,2010-08-11,2010-08-11 16:46:36,Q2,4800000.0,0.0,4800000.0,1.0,0.0,3300000.0,0.0,1825000.0,8300000.0,8300000.0,545000.0,2840000.0000000005,1685000.0000000002,0.351042,-3500000.0,-0.729167,600000.0,-1600000.0,-0.333333,-5600000.0,3900000.0,0.8125,0.29545,0.29545,13200000,13200000,https://www.sec.gov/Archives/edgar/data/1071255/000095012310076179/0000950123-10-076179-index.htm,https://www.sec.gov/Archives/edgar/data/1071255/000095012310076179/c59640e10vq.htm
0,2010-04-04,GDEN,2010-05-14,2010-05-14 15:20:55,Q1,7000000.0,0.0,7000000.0,1.0,0.0,3200000.0,0.0,1461000.0,7000000.0,7000000.0,687000.0,2860000.0,4947000.0,0.706714,-25000.0,-0.0035950532067874604,-100000.0,1400000.0,0.2,6100000.0,-4700000.0,-0.671429,-0.35606,-0.35606,13200000,13200000,https://www.sec.gov/Archives/edgar/data/1071255/000095012310049599/0000950123-10-049599-index.htm,https://www.sec.gov/Archives/edgar/data/1071255/000095012310025623/c56944e10vk.htm
0,2010-01-03,GDEN,2010-03-17,2010-03-17 17:11:39,Q4,5300000.0,0.0,5300000.0,1.0,0.0,2900000.0,0.0,2196000.0,8400000.0,8400000.0,693000.0,2860000.0,2653000.0,0.500566,-3200000.0,-0.603774,2196000.0,-1000000.0,-0.188679,1500000.0,-2400000.0,-0.45283,-0.18182,-0.18182,13200000,13200000,https://www.sec.gov/Archives/edgar/data/1071255/000095012310025623/0000950123-10-025623-index.htm,https://www.sec.gov/Archives/edgar/data/1071255/000095012310025623/c56944e10vk.htm
0,2009-09-27,GDEN,2009-11-06,2009-11-06 16:34:22,Q3,6600000.0,0.0,6600000.0,1.0,0.0,3500000.0,0.0,1139000.0,5900000.0,5900000.0,509000.0,2690000.0,5099000.0,0.772576,700000.0,0.106061,400000.0,1900000.0,0.287879,-400000.0,2300000.0,0.348485,0.17293,0.17293,13300000,13300000,https://www.sec.gov/Archives/edgar/data/1071255/000095012309059357/0000950123-09-059357-index.htm,https://www.sec.gov/Archives/edgar/data/1071255/000095012309059357/c54461e10vq.htm
0,2009-06-28,GDEN,2009-08-05,2009-08-05 17:10:12,Q2,7100000.0,0.0,7100000.0,1.0,0.0,3800000.0,0.0,1328000.0,5600000.0,5600000.0,417000.0,2599999.9999999995,5817000.0,0.819296,1500000.0,0.211268,1328000.0,2800000.0,0.394366,0.0,2800000.0,0.394366,0.21212,0.21212,13200000,13200000,https://www.sec.gov/Archives/edgar/data/1071255/000095012309030390/0000950123-09-030390-index.htm,https://www.sec.gov/Archives/edgar/data/1071255/000095012309030390/c52819e10vq.htm
0,2009-03-29,GDEN,2009-05-08,2009-05-08 17:14:53,Q1,7300000.0,0.0,7300000.0,1.0,0.0,4000000.0,0.0,1459000.0,7300000.0,7300000.0,395000.0,2550000.0,4345000.0,0.595205,-48000.0,-0.006595218466611707,1459000.0,1400000.0,0.191781,400000.0,1000000.0,0.136986,0.07576,0.07576,13200000,13200000,https://www.sec.gov/Archives/edgar/data/1071255/000095013709003796/0000950137-09-003796-index.htm,https://www.sec.gov/Archives/edgar/data/1071255/000095013709001785/c48412e10vk.htm
0,2008-12-28,GDEN,2009-03-13,2009-03-12 18:12:07,Q4,5500000.0,18400000,-12900000,-2.3454545454545452,0.0,3500000.0,0.0,-250000.0,48199999.99999999,66599999.99999999,1551000.0,1900000.0000000005,-59449000,-10.808909,-61100000,-11.109091,100000.0,-61400000,-11.163636,5600000.0,-68500000,-12.454545,-5.26923,-5.26923,13000000,13000000,https://www.sec.gov/Archives/edgar/data/1071255/000095013709001785/0000950137-09-001785-index.htm,https://www.sec.gov/Archives/edgar/data/1071255/000095013709001785/c48412e10vk.htm
0,2008-09-28,GDEN,2008-11-07,2008-11-07 15:44:46,Q3,8400000.0,998000.0,7402000.0,0.8811904761904762,0.0,4200000.0,0.0,-791000.0,8900000.0,8900000.0,350000.0,1770000.0000000002,-1179999.9999999998,-0.140476,-500000.0,-0.059524,100000.0,-600000.0,-0.071429,2400000.0,-5700000.0,-0.678571,-0.49138,-0.49138,11600000,11600000,https://www.sec.gov/Archives/edgar/data/1071255/000095013708013523/0000950137-08-013523-index.htm,https://www.sec.gov/Archives/edgar/data/1071255/000095013708013523/c46994e10vq.htm
0,2008-06-29,GDEN,2008-08-07,2008-08-07 11:48:11,Q2,5900000.0,2784000.0,3116000.0,0.528135593220339,0.0,3600000.0,0.0,261000.0,8300000.0,8300000.0,347000.0,1760000.0,-2693000.0,-0.456441,-2400000.0,-0.40678,100000.0,-2400000.0,-0.40678,400000.0,-5200000.0,-0.881356,-0.416,-0.416,12500000,12500000,https://www.sec.gov/Archives/edgar/data/1071255/000095013708010346/0000950137-08-010346-index.htm,https://www.sec.gov/Archives/edgar/data/1071255/000095013708010346/c34395e10vq.htm
0,2008-03-30,GDEN,2008-05-09,2008-05-09 14:15:35,Q1,4600000.0,2670000.0,1930000.0,0.41956521739130437,0.0,3900000.0,0.0,530000.0,9300000.0,9300000.0,367000.0,1770000.0,-4063000.0,-0.883261,-4700000.0,-1.021739,100000.0,-4500000.0,-0.978261,700000.0,-6900000.0,-1.5,-0.56098,-0.56098,12300000,12300000,https://www.sec.gov/Archives/edgar/data/1071255/000095013708007147/0000950137-08-007147-index.htm,https://www.sec.gov/Archives/edgar/data/1071255/000095013708003584/c23462e10vk.htm
0,2007-12-30,GDEN,2008-03-12,2008-03-12 16:21:55,Q4,3300000.0,1630000.0,1670000.0,0.5060606060606061,0.0,4600000.0,0.0,-305000.0,7600000.0,7600000.0,305000.0,1230000.0000000002,-3765000.0,-1.140909,-4400000.0,-1.333333,651000.0,-4100000.0,-1.242424,1300000.0,-6600000.0,-2.0,-0.53659,-0.53659,12300000,12300000,https://www.sec.gov/Archives/edgar/data/1071255/000095013708003584/0000950137-08-003584-index.htm,https://www.sec.gov/Archives/edgar/data/1071255/000095013708003584/c23462e10vk.htm
0,2007-09-30,GDEN,2007-11-09,2007-11-09 16:28:09,Q3,-9600000.0,5200000.0,4400000.0,-0.4583333333333333,0.0,-6500000.0,0.0,-646000.0,-7200000.0,-12400000,646000.0,1400000.0,-2754000.0,0.286875,2800000.0,-0.291667,100000.0,2200000.0,-0.229167,400000.0,-5200000.0,0.541667,-0.49057,-0.49057,10600000,10600000,https://www.sec.gov/Archives/edgar/data/1071255/000095013707016941/0000950137-07-016941-index.htm,https://www.sec.gov/Archives/edgar/data/1071255/000095013707016941/c21338e10vq.htm
0,2007-07-01,GDEN,2007-08-10,2007-08-10 12:42:48,Q2,8100000.0,3100000.0,5000000.0,0.6172839506172839,0.0,10000000,0.0,0.0,3499999.9999999995,6600000.0,5500000.0,270000.0,14070000,1.737037,1600000.0,0.197531,5518000.0,7100000.0,0.876543,300000.0,8000000.0,0.987654,0.61538,0.61538,13000000,13000000,https://www.sec.gov/Archives/edgar/data/1071255/000095013707011952/0000950137-07-011952-index.htm,https://www.sec.gov/Archives/edgar/data/1071255/000095013707011952/c17667e10vq.htm
0,2007-04-01,GDEN,2007-05-11,2007-05-11 12:43:55,Q1,5000000.0,2200000.0,2800000.0,0.56,0.0,9800000.0,0.0,-2588000.0,13900000.000000002,16100000.000000002,2588000.0,280000.0,-6632000.0,-1.3264,-11100000,-2.22,-5370000.0,-10400000,-2.08,300000.0,-9800000.0,-1.96,-0.85217,-0.85217,11500000,11500000,https://www.sec.gov/Archives/edgar/data/1071255/000095013707007307/0000950137-07-007307-index.htm,https://www.sec.gov/Archives/edgar/data/1071255/000095013707003877/c11165e10vk.htm
0,2006-12-31,GDEN,2007-03-15,2007-03-15 16:58:40,Q4,6100000.0,2000000.0,4100000.0,0.6721311475409836,0.0,8400000.0,0.0,-3177000.0,-3000000.0,-1000000.0,-3400000.0,-329999.99999999994,470000.00000000006,0.077049,7100000.0,1.163934,-2660000.0,3700000.0,0.606557,-500000.0,4700000.0,0.770492,0.37302,0.37302,12600000,12600000,https://www.sec.gov/Archives/edgar/data/1071255/000095013707003877/0000950137-07-003877-index.htm,https://www.sec.gov/Archives/edgar/data/1071255/000095013707003877/c11165e10vk.htm
0,2006-10-01,GDEN,2006-11-09,2006-11-09 17:23:51,Q3,5900000.0,1700000.0,4200000.0,0.711864406779661,0.0,8800000.0,0.0,-3210000.0,3200000.0,4900000.0,5300000.0,269999.99999999994,10770000,1.825424,1000000.0,0.169492,2545000.0,6300000.0,1.067797,2200000.0,3000000.0,0.508475,0.2459,0.2459,12200000,12200000,https://www.sec.gov/Archives/edgar/data/1071255/000095013706012200/0000950137-06-012200-index.htm,https://www.sec.gov/Archives/edgar/data/1071255/000095013706012200/c09882e10vq.htm
0,2006-07-02,GDEN,2006-08-10,2006-08-10 17:26:17,Q2,11200000,4200000.0,7000000.0,0.625,0.0,8800000.0,0.0,-1303000.0,-1900000.0000000005,2299999.9999999995,-2000000.0,159999.99999999997,4060000.0,0.3625,8900000.0,0.794643,-7469000.0,6900000.0,0.616071,3800000.0,2100000.0,0.1875,0.168,0.168,12500000,12500000,https://www.sec.gov/Archives/edgar/data/1071255/000095013406015747/0000950134-06-015747-index.htm,https://www.sec.gov/Archives/edgar/data/1071255/000095013406015747/c07606e10vq.htm
0,2006-04-02,GDEN,2006-05-12,2006-05-12 14:06:17,Q1,6600000.0,2400000.0,4200000.0,0.6363636363636364,0.0,9200000.0,0.0,-531000.0,-6100000.0,-3700000.0,137000.0,270000.0,13107000,1.985909,10400000,1.575758,100000.0,14100000,2.136364,2700000.0,10000000,1.515152,0.83333,0.83333,12000000,12000000,https://www.sec.gov/Archives/edgar/data/1071255/000095013406009752/0000950134-06-009752-index.htm,https://www.sec.gov/Archives/edgar/data/1071255/000095013406004548/c02716e10vk.htm
0,2006-01-01,GDEN,2006-03-08,2006-03-08 17:23:48,Q4,5400000.0,1900000.0,3500000.0,0.6481481481481481,0.0,8200000.0,0.0,0.0,3600000.0,5500000.0,66000.0,-60000.00000000005,706000.0,0.130741,-100000.0,-0.018519,308000.0,200000.0,0.037037,-2200000.0,2900000.0,0.537037,0.25893,0.25893,11200000,11200000,https://www.sec.gov/Archives/edgar/data/1071255/000095013406004548/0000950134-06-004548-index.htm,https://www.sec.gov/Archives/edgar/data/1071255/000095013406004548/c02716e10vk.htm
0,2005-10-02,GDEN,2005-12-16,2005-12-16 17:30:49,Q3,2100000.0,600000.0,1500000.0,0.7142857142857143,0.0,6900000.0,0.0,0.0,9200000.000000002,9800000.000000002,400000.0,190000.0,-6010000.0,-2.861905,-7700000.0,-3.666667,442000.0,-7300000.0,-3.47619,400000.0,-7000000.0,-3.333333,-0.625,-0.625,11200000,11200000,https://www.sec.gov/Archives/edgar/data/1071255/000095013405023325/0000950134-05-023325-index.htm,https://www.sec.gov/Archives/edgar/data/1071255/000095013405023325/c00022e10vq.htm
0,2005-07-03,GDEN,2005-12-16,2005-12-16 17:31:15,Q2,6600000.0,4400000.0,2200000.0,0.3333333333333333,0.0,7000000.0,0.0,0.0,8000000.0,12400000,400000.0,250000.0,-4650000.0,-0.704545,-5800000.0,-0.878788,365000.0,-5500000.0,-0.833333,400000.0,-5700000.0,-0.863636,-0.50893,-0.50893,11200000,11200000,https://www.sec.gov/Archives/edgar/data/1071255/000095013405023327/0000950134-05-023327-index.htm,https://www.sec.gov/Archives/edgar/data/1071255/000095013405023327/n97723e10vq.htm
0,2005-04-03,GDEN,2005-12-16,2005-12-16 17:31:00,Q1,4100000.0,3200000.0,900000.0,0.21951219512195122,0.0,6500000.0,0.0,0.0,3700000.0,6900000.0,400000.0,90000.0,-1210000.0,-0.295122,-2800000.0,-0.682927,449.0,-2400000.0,-0.585366,400000.0,-2100000.0,-0.512195,-0.18919,-0.18919,11100000,11100000,https://www.sec.gov/Archives/edgar/data/1071255/000095013405023326/0000950134-05-023326-index.htm,https://www.sec.gov/Archives/edgar/data/1071255/000095013405023326/n95329e10vq.htm
0,2005-01-02,GDEN,,,Q4,5700000.0,3200000.0,2500000.0,0.438596,0.0,6400000.0,0.0,0.0,-6100000.0,-2900000.0,600000.0,139999.99999999997,10940000,1.919298,8600000.0,1.508772,0.0,9200000.0,1.614035,6000000.0,4200000.0,0.736842,0.37838,0.37838,11100000,11100000,,
0,2004-10-03,GDEN,2004-11-17 00:00:00,2004-11-17 15:49:58,Q3,3000000.0,1900000.0,1000000.0,0.333333,0.0,3700000.0,0.0,0.0,3100000.0,5000000.0,100000.0,170000.00000000003,-1730000.0,-0.576667,-2000000.0,-0.666667,0.0,-1900000.0,-0.633333,-800000.0,-1200000.0,-0.4,-0.10811,-0.10811,11100000,11100000,https://www.sec.gov/Archives/edgar/data/1071255/000095013404017771/0000950134-04-017771-index.html,https://www.sec.gov/Archives/edgar/data/1071255/000095013404017771/c89762e10vq.txt
0,2004-07-04,GDEN,2004-08-18 00:00:00,2004-08-18 14:53:57,Q2,4700000.0,2600000.0,2100000.0,0.446809,0.0,3100000.0,0.0,0.0,9200000.000000002,11800000.000000002,0.0,149999.99999999997,-6950000.0,-1.478723,-7100000.0,-1.510638,0.0,-7100000.0,-1.510638,-500000.0,-6600000.0,-1.404255,-0.59459,-0.59459,11100000,11100000,https://www.sec.gov/Archives/edgar/data/1071255/000095013404012507/0000950134-04-012507-index.html,https://www.sec.gov/Archives/edgar/data/1071255/000095013404012507/c87666e10vq.txt
0,2004-04-04,GDEN,2004-05-19 00:00:00,2004-05-19 16:33:09,Q1,4100000.0,2500000.0,1700000.0,0.414634,0.0,3200000.0,0.0,0.0,2800000.0,5300000.0,0.0,140000.0,-660000.0,-0.160976,-1100000.0,-0.268293,0.0,-1100000.0,-0.268293,-400000.0,-400000.0,-0.097561,-0.0367,-0.0367,10900000,10900000,https://www.sec.gov/Archives/edgar/data/1071255/000095013404007899/0000950134-04-007899-index.html,https://www.sec.gov/Archives/edgar/data/1071255/000095013404007899/c85533e10vq.txt
0,2003-12-28,GDEN,2004-03-29 00:00:00,2004-03-29 14:01:36,Q4,400000.0,0.0,0.0,0.0,0.0,-2600000.0,0.0,0.0,100000.0,100000.0,200000.0,160000.00000000003,760000.0,1.9,300000.0,0.75,0.0,500000.0,1.25,300000.0,100000.0,0.25,0.00935,0.00935,10700000,10700000,https://www.sec.gov/Archives/edgar/data/1071255/000095013404004234/0000950134-04-004234-index.html,https://www.sec.gov/Archives/edgar/data/1071255/000095013404004234/c83858e10vk.txt
0,2003-09-28,GDEN,2003-11-12 00:00:00,2003-11-12 09:55:08,Q3,400000.0,0.0,0.0,0.0,0.0,2500000.0,0.0,0.0,2600000.0,2600000.0,0.0,130000.0,-2070000.0,-5.175,-2300000.0,-5.75,0.0,-2200000.0,-5.5,-900000.0,-1300000.0,-3.25,-0.12264,-0.12264,10600000,10600000,https://www.sec.gov/Archives/edgar/data/1071255/000095013403014948/0000950134-03-014948-index.html,https://www.sec.gov/Archives/edgar/data/1071255/000095013403014948/c80764e10vq.txt
0,2003-06-29,GDEN,2003-08-13 00:00:00,2003-08-12 18:18:04,Q2,3000000.0,0.0,0.0,0.0,0.0,5000000.0,0.0,0.0,1900000.0,1900000.0,300000.0,130000.0,1730000.0,0.576667,1100000.0,0.366667,0.0,1300000.0,0.433333,500000.0,800000.0,0.266667,0.07547,0.07547,10600000,10600000,https://www.sec.gov/Archives/edgar/data/1071255/000095013403011483/0000950134-03-011483-index.html,https://www.sec.gov/Archives/edgar/data/1071255/000095013403011483/c78855e10vq.txt
0,2003-03-30,GDEN,2003-03-31 00:00:00,2003-03-31 12:02:36,Q1,600000.0,900000.0,-400000.0,-0.666667,0.0,2100000.0,0.0,0.0,2200000.0,3100000.0,200000.0,130000.0,-1870000.0,-3.116667,-2600000.0,-4.333333,200000.0,-2200000.0,-3.666667,-900000.0,-1300000.0,-2.166667,-0.12264,-0.12264,10600000,10600000,https://www.sec.gov/Archives/edgar/data/1071255/000095013403004968/0000950134-03-004968-index.html,https://www.sec.gov/Archives/edgar/data/1071255/000095013403004968/c75214e10vk.txt
0,2002-12-29,GDEN,2003-03-31 00:00:00,2003-03-31 12:02:36,Q4,0.0,0.0,0.0,0.0,0.0,3500000.0,0.0,0.0,3700000.0,3700000.0,0.0,130000.0,-3570000.0,0.0,-3700000.0,0.0,0.0,-3700000.0,0.0,-1100000.0,-2600000.0,0.0,-0.24528,-0.24528,10600000,10600000,https://www.sec.gov/Archives/edgar/data/1071255/000095013403004968/0000950134-03-004968-index.html,https://www.sec.gov/Archives/edgar/data/1071255/000095013403004968/c75214e10vk.txt
0,2002-09-29,GDEN,2002-11-13 00:00:00,2002-11-13 09:58:58,Q3,0.0,0.0,0.0,0.0,0.0,2700000.0,0.0,0.0,2800000.0,2800000.0,0.0,129999.99999999999,-2770000.0,0.0,-2800000.0,0.0,0.0,-2800000.0,0.0,-1200000.0,-1700000.0,0.0,-0.16038,-0.16038,10600000,10600000,https://www.sec.gov/Archives/edgar/data/1071255/000095013402014023/0000950134-02-014023-index.html,https://www.sec.gov/Archives/edgar/data/1071255/000095013402014023/c72931e10vq.txt
0,2002-06-30,GDEN,2002-09-20 00:00:00,2002-09-20 17:06:28,Q2,0.0,0.0,0.0,0.0,0.0,9600000.0,0.0,0.0,9700000.0,9700000.0,300000.0,120000.0,-8980000.0,0.0,-9700000.0,0.0,0.0,-9400000.0,0.0,-2200000.0,-7200000.0,0.0,-0.67925,-0.67925,10600000,10600000,https://www.sec.gov/Archives/edgar/data/1071255/000095013402011556/0000950134-02-011556-index.html,https://www.sec.gov/Archives/edgar/data/1071255/000095013402011556/c71847e10vq.txt
0,2002-03-31,GDEN,2002-05-14 00:00:00,2002-05-14 12:01:00,Q1,1500000.0,0.0,0.0,0.0,0.0,2100000.0,0.0,0.0,2200000.0,2200000.0,600000.0,100000.0,600000.0,0.4,-700000.0,-0.466667,0.0,-100000.0,-0.066667,0.0,-100000.0,-0.066667,-0.00943,-0.00943,10600000,10600000,https://www.sec.gov/Archives/edgar/data/1071255/000095013702002977/0000950137-02-002977-index.html,https://www.sec.gov/Archives/edgar/data/1071255/000095013702002977/c69405e10-q.txt
0,2001-12-30,GDEN,2002-03-28 00:00:00,2002-03-28 00:00:00,Q4,7400000.0,0.0,0.0,0.0,0.0,26600000,0.0,0.0,26900000,26900000,100000.0,350000.0000000001,-23450000,-3.168919,-19600000,-2.648649,-700000.0,-23900000,-3.22973,-9800000.0,-14100000,-1.905405,-1.33019,-1.33019,10600000,10600000,https://www.sec.gov/Archives/edgar/data/1071255/000095013702001706/0000950137-02-001706-index.html,https://www.sec.gov/Archives/edgar/data/1071255/000095013702001706/c68243e10-k.txt
0,2001-09-30,GDEN,2001-11-14 00:00:00,2001-11-14 00:00:00,Q3,8700000.0,0.0,0.0,0.0,0.0,2500000.0,0.0,0.0,2900000.0,2900000.0,100000.0,319999.99999999994,6320000.0,0.726437,5800000.0,0.666667,0.0,5900000.0,0.678161,2400000.0,3500000.0,0.402299,0.33019,0.33019,10600000,10600000,https://www.sec.gov/Archives/edgar/data/1071255/000095013701504622/0000950137-01-504622-index.html,https://www.sec.gov/Archives/edgar/data/1071255/000095013701504622/c65893e10-q.txt
0,2001-07-01,GDEN,2001-08-15 00:00:00,2001-08-15 00:00:00,Q2,9600000.0,0.0,0.0,0.0,0.0,2900000.0,0.0,0.0,3900000.0,3900000.0,400000.0,330000.0,6830000.0,0.711458,5700000.0,0.59375,0.0,6100000.0,0.635417,2500000.0,3600000.0,0.375,0.33333,0.33333,10800000,10800000,https://www.sec.gov/Archives/edgar/data/1071255/000095013701503143/0000950137-01-503143-index.html,https://www.sec.gov/Archives/edgar/data/1071255/000095013701503143/c64262e10-q.txt
0,2001-04-01,GDEN,2001-05-15 00:00:00,2001-05-15 00:00:00,Q1,9200000.0,0.0,0.0,0.0,0.0,2600000.0,0.0,0.0,2900000.0,2900000.0,700000.0,330000.0,8130000.0,0.883696,6300000.0,0.684783,0.0,7100000.0,0.771739,2900000.0,4200000.0,0.456522,0.38889,0.38889,10800000,10800000,https://www.sec.gov/Archives/edgar/data/1071255/000095012401501146/0000950124-01-501146-index.html,https://www.sec.gov/Archives/edgar/data/1071255/000095012401501146/c62458e10-q.txt
0,2000-12-31,GDEN,,,Q4,6700000.0,0.0,0.0,0.0,0.0,1600000.0,0.0,0.0,7400000.0,7400000.0,1300000.0,330000.00000000006,2130000.0,0.31791,-800000.0,-0.119403,-100000.0,500000.0,0.074627,600000.0,-100000.0,-0.014925,-0.00943,-0.00943,10600000,10600000,,
0,2000-10-01,GDEN,2000-11-15 00:00:00,2000-11-15 00:00:00,Q3,10700000,0.0,0.0,0.0,0.0,2600000.0,0.0,0.0,3000000.0,3000000.0,1200000.0,330000.00000000006,10530000,0.984112,7700000.0,0.719626,100000.0,9000000.0,0.841121,4000000.0,5000000.0,0.46729,0.46729,0.46729,10700000,10700000,https://www.sec.gov/Archives/edgar/data/1071255/000095012400007015/0000950124-00-007015-index.html,https://www.sec.gov/Archives/edgar/data/1071255/000095012400007015/c58465e10-q.txt
0,2000-07-02,GDEN,2000-08-16 00:00:00,2000-08-16 00:00:00,Q2,10700000,0.0,0.0,0.0,0.0,2700000.0,0.0,0.0,21100000,21100000,1700000.0,330000.00000000006,-6670000.0,-0.623364,-10400000,-0.971963,0.0,-8700000.0,-0.813084,-3400000.0,-5300000.0,-0.495327,-0.5,-0.5,10600000,10600000,https://www.sec.gov/Archives/edgar/data/1071255/000095012400005143/0000950124-00-005143-index.html,https://www.sec.gov/Archives/edgar/data/1071255/000095012400005143/e10-q.txt
0,2000-04-02,GDEN,2000-05-16 00:00:00,2000-05-16 00:00:00,Q1,31100000,0.0,0.0,0.0,0.0,2100000.0,0.0,0.0,4000000.0,4000000.0,800000.0,1920000.0,30620000,0.984566,27100000,0.871383,0.0,27900000,0.897106,11800000,16100000,0.517685,1.51887,1.51887,10600000,10600000,https://www.sec.gov/Archives/edgar/data/1071255/000095012400003296/0000950124-00-003296-index.html,https://www.sec.gov/Archives/edgar/data/1071255/0000950124-00-003296.txt
0,2000-01-02,GDEN,2000-03-28 00:00:00,2000-03-28 00:00:00,Q4,10300000,0.0,0.0,0.0,0.0,2300000.0,0.0,0.0,2800000.0,2800000.0,600000.0,480000.0,8980000.0,0.871845,7500000.0,0.728155,-100000.0,7900000.0,0.76699,3700000.0,4200000.0,0.407767,0.39252,0.39252,10700000,10700000,https://www.sec.gov/Archives/edgar/data/1071255/000095012400001655/0000950124-00-001655-index.html,https://www.sec.gov/Archives/edgar/data/1071255/0000950124-00-001655.txt
0,1999-10-03,GDEN,1999-11-16 00:00:00,1999-11-16 00:00:00,Q3,14400000,0.0,0.0,0.0,0.0,800000.0,0.0,0.0,1300000.0,1300000.0,300000.0,480000.0,14280000,0.991667,13100000,0.909722,100000.0,13600000,0.944444,6100000.0,7400000.0,0.513889,0.6789,0.6789,10900000,10900000,https://www.sec.gov/Archives/edgar/data/1071255/000095012499006167/0000950124-99-006167-index.html,https://www.sec.gov/Archives/edgar/data/1071255/0000950124-99-006167.txt
0,1999-07-04,GDEN,1999-08-17 00:00:00,1999-08-17 00:00:00,Q2,14900000,0.0,0.0,0.0,0.0,2900000.0,0.0,0.0,3400000.0,3400000.0,2300000.0,480000.0,17480000,1.173154,11500000,0.771812,900000.0,14700000,0.986577,6100000.0,8600000.0,0.577181,0.7963,0.7963,10800000,10800000,https://www.sec.gov/Archives/edgar/data/1071255/000095012499004857/0000950124-99-004857-index.html,https://www.sec.gov/Archives/edgar/data/1071255/0000950124-99-004857.txt
0,1999-04-04,GDEN,1999-05-13 00:00:00,1999-05-13 00:00:00,Q1,15100000,0.0,0.0,0.0,0.0,1700000.0,0.0,0.0,2200000.0,2200000.0,1400000.0,480000.0,16580000,1.098013,12900000,0.854305,400000.0,14700000,0.97351,6100000.0,8600000.0,0.569536,0.80374,0.80374,10700000,10700000,https://www.sec.gov/Archives/edgar/data/1071255/000095012499003195/0000950124-99-003195-index.html,https://www.sec.gov/Archives/edgar/data/1071255/0000950124-99-003195.txt
0,1999-01-03,GDEN,,,Q4,28000000,0.0,0.0,0.0,0.0,6900000.0,0.0,0.0,7800000.0,7800000.0,0.0,910000.0,18310000,0.653929,20200000,0.721429,-2900000.0,17400000,0.621429,5500000.0,11900000,0.425,1.11215,1.11215,10700000,10700000,,
