,date,symbol,fillingDate,acceptedDate,period,revenue,costOfRevenue,grossProfit,grossProfitRatio,researchAndDevelopmentExpenses,generalAndAdministrativeExpenses,sellingAndMarketingExpenses,otherExpenses,operatingExpenses,costAndExpenses,interestExpense,depreciationAndAmortization,ebitda,ebitdaratio,operatingIncome,operatingIncomeRatio,totalOtherIncomeExpensesNet,incomeBeforeTax,incomeBeforeTaxRatio,incomeTaxExpense,netIncome,netIncomeRatio,eps,epsdiluted,weightedAverageShsOut,weightedAverageShsOutDil,link,finalLink
0,2020-09-26,CVCO,2020-10-30,2020-10-30 15:47:21,Q2,257976000,204435000,53541000,0.2075425620987999,0.0,35453000,0.0,0.0,35453000,239888000,194000.0,1569000.0,17977000,0.06968477687846932,16408000,0.06360281576580767,1702000.0,19596000,0.07596055447018327,-4547000.0,15049000,0.05833488386516575,3.46,3.42,9178609000,9280080000,https://www.sec.gov/Archives/edgar/data/278166/000027816620000071/0000278166-20-000071-index.htm,https://www.sec.gov/Archives/edgar/data/278166/000027816620000071/cvco-20200926.htm
0,2020-06-27,CVCO,2020-08-03,2020-07-31 20:06:32,Q1,254801000,199478000,55323000,0.21712238178029128,0.0,35223000,0.0,0.0,35322999.99999998,234800999.99999997,196000.0,1613000.0,23489000,0.092186,20000000,0.078493,1876000.0,21680000,0.085086,5006000.0,16674000,0.065439,1.79974,1.79974,9264660.0,9264660.0,https://www.sec.gov/Archives/edgar/data/278166/000027816620000061/0000278166-20-000061-index.htm,https://www.sec.gov/Archives/edgar/data/278166/000027816620000061/cvco-20200627.htm
0,2020-03-28,CVCO,2020-05-27,2020-05-26 19:47:10,Q4,255335000,203437000,51898000,0.203255,0.0,37020000,0.0,0.0,37419999.99999999,240857000,217000.0,1575000.0000000002,15422000,0.060399,14478000,0.056702,-631000.0,13630000,0.053381,1629000.0,12001000,0.047001,1.29077,1.29077,9297530.0,9297530.0,https://www.sec.gov/Archives/edgar/data/278166/000027816620000028/cvco-2020328x10k.htm,https://www.sec.gov/Archives/edgar/data/278166/000027816620000028/cvco-2020328x10k.htm
0,2019-12-28,CVCO,2020-01-31 00:00:00,2020-01-31 16:21:17,Q3,273722000,213867000,59855000,0.218671,0.0,35944000,0.0,0.0,36844000.00000002,250711000.00000003,490000.0,1560000.0,26782000,0.097844,23011000,0.084067,2211000.0,24732000,0.090354,3834000.0,20898000,0.076348,2.24856,2.24856,9293940.0,9293940.0,https://www.sec.gov/Archives/edgar/data/278166/000027816620000013/0000278166-20-000013-index.html,https://www.sec.gov/Archives/edgar/data/278166/000027816620000013/cvco-20191228x10q.htm
0,2019-09-28,CVCO,2019-10-30 00:00:00,2019-10-29 21:15:10,Q2,268675000,210208000,58467000,0.217612,0.0,35283000,0.0,0.0,36083000,246291000,302000.0,1408000.0,28965000,0.107807,22384000,0.083313,1773000.0,27255000,0.101442,6370000.0,20885000,0.077733,2.25392,2.25392,9266090.0,9266090.0,https://www.sec.gov/Archives/edgar/data/278166/000027816619000105/0000278166-19-000105-index.html,https://www.sec.gov/Archives/edgar/data/278166/000027816619000105/cvco-2019928x10q.htm
0,2019-06-29,CVCO,2019-07-30 00:00:00,2019-07-30 16:16:48,Q1,264042000,203744000,60298000,0.228365,0.0,34464000,0.0,0.0,35264000.00000001,239008000,486000.0,1240000.0,29088000,0.110164,25034000,0.094811,2814000.0,27362000,0.103627,6080000.0,21282000,0.080601,2.30884,2.30884,9217600.0,9217600.0,https://www.sec.gov/Archives/edgar/data/278166/000027816619000099/0000278166-19-000099-index.html,https://www.sec.gov/Archives/edgar/data/278166/000027816619000099/cvco-2019629x10q.htm
0,2019-03-30,CVCO,2019-05-29 00:00:00,2019-05-28 17:48:39,Q4,241113000,185320000,55793000,0.231398,0.0,30687000,0.0,0.0,31486999.999999996,216807000,608000.0,1230000.0000000005,27600000,0.114469,24306000,0.100808,2378000.0,26076000,0.108148,5791000.0,19971000,0.082828,2.16408,2.16408,9228410.0,9228410.0,https://www.sec.gov/Archives/edgar/data/278166/000027816619000053/0000278166-19-000053-index.html,https://www.sec.gov/Archives/edgar/data/278166/000027816619000053/cvco-2019330x10k.htm
0,2018-12-29,CVCO,2019-02-05 00:00:00,2019-02-05 16:13:38,Q3,233700000,184679000,49021000,0.20976,0.0,29533000,0.0,0.0,30833000,215512000,923000.0,1198000.0,19068000,0.081592,18188000,0.077826,-318000.0,16947000,0.072516,3563000.0,13384000,0.05727,1.44376,1.44376,9270220.0,9270220.0,https://www.sec.gov/Archives/edgar/data/278166/000027816619000011/0000278166-19-000011-index.html,https://www.sec.gov/Archives/edgar/data/278166/000027816619000011/cvco-20181229x10q.htm
0,2018-09-29,CVCO,2018-11-08 00:00:00,2018-11-08 17:18:09,Q2,241500000,192100000,49400000,0.204555,0.0,30000000,0.0,0.0,30000000,222100000,941000.0,1170000.0,21611000,0.089487,19400000,0.080331,1100000.0,19500000,0.080745,3900000.0,15600000,0.064596,1.67742,1.67742,9300000.0,9300000.0,https://www.sec.gov/Archives/edgar/data/278166/000027816618000063/0000278166-18-000063-index.html,https://www.sec.gov/Archives/edgar/data/278166/000027816618000063/cvco-2018929x10q.htm
0,2018-06-30,CVCO,2018-08-08 00:00:00,2018-08-07 18:18:28,Q1,246400000,194900000,51500000,0.20901,0.0,29200000,0.0,0.0,29199999.99999999,224100000,972000.0,1100000.0,26172000,0.106218,22300000,0.090503,2800000.0,24100000,0.097808,4400000.0,19700000,0.079951,2.11828,2.11828,9300000.0,9300000.0,https://www.sec.gov/Archives/edgar/data/278166/000027816618000042/0000278166-18-000042-index.html,https://www.sec.gov/Archives/edgar/data/278166/000027816618000042/cvco-2018630x10q.htm
0,2018-03-31,CVCO,2018-05-30 00:00:00,2018-05-30 16:51:01,Q4,242500000,188200000,54300000,0.223918,0.0,28400000,0.0,0.0,28400000.000000007,216600000,1092000.0,1050000.0000000002,35942000,0.148214,25900000,0.106804,5900000.0,30700000,0.126598,11700000,22100000,0.091134,2.40217,2.40217,9200000.0,9200000.0,https://www.sec.gov/Archives/edgar/data/278166/000027816618000019/0000278166-18-000019-index.html,https://www.sec.gov/Archives/edgar/data/278166/000027816618000019/cvco-2018331x10k.htm
0,2017-12-30,CVCO,2018-02-07 00:00:00,2018-02-07 16:07:22,Q3,221400000,171500000,49900000,0.225384,0.0,26000000,0.0,0.0,26099999.999999993,197600000,1236000.0,1030000.0,27566000,0.124508,23800000,0.107498,1100000.0,23700000,0.107046,3900000.0,21400000,0.096658,2.32609,2.32609,9200000.0,9200000.0,https://www.sec.gov/Archives/edgar/data/278166/000027816618000004/0000278166-18-000004-index.html,https://www.sec.gov/Archives/edgar/data/278166/000027816618000004/cvco-20171230x10q.htm
0,2017-09-30,CVCO,2017-11-08 00:00:00,2017-11-08 16:08:24,Q2,200500000,166000000,34600000,0.172569,0.0,26200000,0.0,0.0,26099999.999999993,192100000,1021000.0,980000.0,10501000,0.052374,8400000.0,0.041895,1100000.0,8500000.0,0.042394,2300000.0,6200000.0,0.030923,0.67391,0.67391,9200000.0,9200000.0,https://www.sec.gov/Archives/edgar/data/278166/000027816617000056/0000278166-17-000056-index.html,https://www.sec.gov/Archives/edgar/data/278166/000027816617000056/cvco-2017930x10q.htm
0,2017-07-01,CVCO,2017-08-08 00:00:00,2017-08-08 12:13:47,Q1,206800000,164900000,42000000,0.203095,0.0,26300000,0.0,0.0,26299999.99999998,191199999.99999997,1048000.0,970000.0,17718000,0.085677,15700000,0.075919,1000000.0,15700000,0.075919,3900000.0,11800000,0.05706,1.28261,1.28261,9200000.0,9200000.0,https://www.sec.gov/Archives/edgar/data/278166/000027816617000042/0000278166-17-000042-index.html,https://www.sec.gov/Archives/edgar/data/278166/000027816617000042/cvco-201771x10q.htm
0,2017-04-01,CVCO,2017-06-13 00:00:00,2017-06-13 16:27:12,Q4,198000000,155900000,42100000,0.212626,0.0,25100000,0.0,0.0,25099999.999999993,181000000,1059000.0,930000.0000000002,18489000,0.093379,17000000,0.085859,500000.0,16500000,0.083333,5600000.0,10900000,0.055051,1.1978,1.1978,9100000.0,9100000.0,https://www.sec.gov/Archives/edgar/data/278166/000027816617000024/0000278166-17-000024-index.html,https://www.sec.gov/Archives/edgar/data/278166/000027816617000024/cvco-201741x10k.htm
0,2016-12-31,CVCO,2017-02-07 00:00:00,2017-02-07 16:10:27,Q3,202300000,158800000,43500000,0.215027,0.0,26000000,0.0,0.0,26000000,184800000,1091000.0,909999.9999999997,19301000,0.095408,17500000,0.086505,800000.0,17300000,0.085517,5000000.0,12300000,0.060801,1.35165,1.35165,9100000.0,9100000.0,https://www.sec.gov/Archives/edgar/data/278166/000027816617000004/0000278166-17-000004-index.html,https://www.sec.gov/Archives/edgar/data/278166/000027816617000004/cvco-20161231x10q.htm
0,2016-10-01,CVCO,2016-11-09 00:00:00,2016-11-09 16:07:50,Q2,188300000,149200000,39100000,0.207647,0.0,25400000,0.0,0.0,25500000,174700000,1132000.0,900000.0000000001,15132000,0.080361,13700000,0.072756,600000.0,13100000,0.06957,3800000.0,9300000.0,0.049389,1.02198,1.02198,9100000.0,9100000.0,https://www.sec.gov/Archives/edgar/data/278166/000027816616000138/0000278166-16-000138-index.html,https://www.sec.gov/Archives/edgar/data/278166/000027816616000138/cvco-20161001x10q.htm
0,2016-07-02,CVCO,2016-08-10,2016-08-10 16:06:47,Q1,185100000,151900000,33300000,0.179903,0.0,24700000,0.0,0.0,24699999.99999999,176600000,1161000.0,950000.0,10511000,0.056786,8600000.0,0.046461,1000000.0,8400000.0,0.045381,3000000.0,5400000.0,0.029173,0.59341,0.59341,9100000.0,9100000.0,https://www.sec.gov/Archives/edgar/data/278166/000027816616000106/cvco-201642x10k.htm,https://www.sec.gov/Archives/edgar/data/278166/000027816616000106/cvco-201642x10k.htm
0,2016-04-02,CVCO,2016-06-21 00:00:00,2016-06-21 13:59:10,Q4,177300000,140600000,36700000,0.206994,0.0,25100000,0.0,0.0,25200000.00000002,165800000.00000003,1139000.0,1000000.0,13039000,0.073542,11500000,0.064862,500000.0,10900000,0.061478,3900000.0,7000000.0,0.039481,0.76923,0.76923,9100000.0,9100000.0,https://www.sec.gov/Archives/edgar/data/278166/000027816616000106/0000278166-16-000106-index.html,https://www.sec.gov/Archives/edgar/data/278166/000027816616000106/cvco-201642x10k.htm
0,2015-12-26,CVCO,2016-02-04 00:00:00,2016-02-03 17:43:14,Q3,181400000,145000000,36400000,0.200662,0.0,23700000,0.0,0.0,23800000.00000001,168800000,1244000.0,1040000.0,14284000,0.078743,12700000,0.070011,600000.0,12000000,0.066152,3900000.0,8100000.0,0.044653,0.89011,0.89011,9100000.0,9100000.0,https://www.sec.gov/Archives/edgar/data/278166/000027816616000084/0000278166-16-000084-index.html,https://www.sec.gov/Archives/edgar/data/278166/000027816616000084/cvco-20151226x10q.htm
0,2015-09-26,CVCO,2015-11-05 00:00:00,2015-11-05 15:31:45,Q2,192000000,152400000,39600000,0.20625,0.0,26600000,0.0,0.0,26599999.999999993,179000000,965000.0,949999.9999999998,14415000,0.075078,13000000,0.067708,500000.0,12500000,0.065104,4400000.0,8100000.0,0.042188,0.9,0.9,9000000.0,9000000.0,https://www.sec.gov/Archives/edgar/data/278166/000027816615000071/0000278166-15-000071-index.html,https://www.sec.gov/Archives/edgar/data/278166/000027816615000071/cvco-20150926x10q.htm
0,2015-06-27,CVCO,2015-08-06 00:00:00,2015-08-06 17:05:39,Q1,161700000,129800000,31800000,0.19666,0.0,22700000,0.0,0.0,22699999.99999999,152500000,1015000.0,930000.0,10545000,0.065213,9200000.0,0.056895,500000.0,8600000.0,0.053185,3200000.0,5400000.0,0.033395,0.6,0.6,9000000.0,9000000.0,https://www.sec.gov/Archives/edgar/data/278166/000027816615000049/0000278166-15-000049-index.html,https://www.sec.gov/Archives/edgar/data/278166/000027816615000049/cvco-20150627x10q.htm
0,2015-03-28,CVCO,2015-06-10 00:00:00,2015-06-10 17:30:35,Q4,141200000,110200000,31000000,0.219547,0.0,21200000,0.0,0.0,21200000.000000004,131400000,1155000.0,929999.9999999997,11285000,0.079922,9800000.0,0.069405,500000.0,9100000.0,0.064448,3200000.0,6000000.0,0.042493,0.66667,0.66667,9000000.0,9000000.0,https://www.sec.gov/Archives/edgar/data/278166/000027816615000026/0000278166-15-000026-index.html,https://www.sec.gov/Archives/edgar/data/278166/000027816615000026/cvco-2015328x10k.htm
0,2014-12-27,CVCO,2015-02-03,2015-02-03 17:01:21,Q3,146900000,115100000,31800000,0.216474,0.0,22000000,0.0,0.0,22000000,137100000,1095000.0,910000.0000000001,12505000,0.085126,9800000.0,0.066712,1800000.0,10600000,0.072158,3900000.0,6600000.0,0.044929,0.73333,0.73333,9000000.0,9000000.0,https://www.sec.gov/Archives/edgar/data/278166/000027816615000006/cvco-20141227x10q.htm,https://www.sec.gov/Archives/edgar/data/278166/000027816615000006/cvco-20141227x10q.htm
0,2014-09-27,CVCO,2014-11-05 00:00:00,2014-11-05 17:21:14,Q2,139300000,107700000,31600000,0.226849,0.0,22300000,0.0,0.0,22299999.999999996,130000000,1161000.0,940000.0,10801000,0.077538,9300000.0,0.066762,500000.0,8700000.0,0.062455,3200000.0,5500000.0,0.039483,0.61111,0.61111,9000000.0,9000000.0,https://www.sec.gov/Archives/edgar/data/278166/000027816614000050/0000278166-14-000050-index.html,https://www.sec.gov/Archives/edgar/data/278166/000027816614000050/cvco-2014927x10q.htm
0,2014-06-28,CVCO,2014-08-06 00:00:00,2014-08-06 17:26:58,Q1,139200000,107400000,31700000,0.22773,0.0,22200000,0.0,0.0,22299999.99999998,129699999.99999999,1176000.0,980000.0,11156000,0.080144,9500000.0,0.068247,600000.0,8900000.0,0.063937,3200000.0,5800000.0,0.041667,0.64444,0.64444,9000000.0,9000000.0,https://www.sec.gov/Archives/edgar/data/278166/000027816614000036/0000278166-14-000036-index.html,https://www.sec.gov/Archives/edgar/data/278166/000027816614000036/cvco-2014628x10q.htm
0,2014-03-29,CVCO,2014-06-11 00:00:00,2014-06-11 17:24:26,Q4,131200000,102600000,28600000,0.217988,0.0,21400000,0.0,0.0,21300000.00000001,123900000.00000001,1174000.0,1040000.0,8714000.0,0.066418,7300000.0,0.05564,400000.0,6500000.0,0.049543,2300000.0,4200000.0,0.032012,0.46667,0.46667,9000000.0,9000000.0,https://www.sec.gov/Archives/edgar/data/278166/000027816614000019/0000278166-14-000019-index.html,https://www.sec.gov/Archives/edgar/data/278166/000027816614000019/cvco-2014329x10k.htm
0,2013-12-28,CVCO,2014-02-06,2014-02-05 19:59:33,Q3,138300000,106700000,31600000,0.228489,0.0,22000000,0.0,0.0,22100000.00000001,128800000.00000001,1219000.0,980000.0,10699000,0.077361,9600000.0,0.069414,200000.0,8500000.0,0.061461,2600000.0,5900000.0,0.042661,0.65556,0.65556,9000000.0,9000000.0,https://www.sec.gov/Archives/edgar/data/278166/000027816614000005/cvco-20131228x10q.htm,https://www.sec.gov/Archives/edgar/data/278166/000027816614000005/cvco-20131228x10q.htm
0,2013-09-28,CVCO,2013-11-06 00:00:00,2013-11-06 17:20:12,Q2,129800000,99900000,29900000,0.230354,0.0,22100000,0.0,0.0,22099999.999999993,122000000,1198000.0,1020000.0,8518000.0,0.065624,7800000.0,0.060092,100000.0,6700000.0,0.051618,2000000.0,4300000.0,0.033128,0.50588,0.50588,8500000.0,8500000.0,https://www.sec.gov/Archives/edgar/data/278166/000027816613000014/0000278166-13-000014-index.html,https://www.sec.gov/Archives/edgar/data/278166/000027816613000014/cvco-2013928x10q.htm
0,2013-06-29,CVCO,2013-08-06 00:00:00,2013-08-06 16:56:03,Q1,134000000,104600000,29400000,0.219403,0.0,22500000,0.0,0.0,22500000,127100000,1254000.0,960000.0,6214000.0,0.046373,6900000.0,0.051493,400000.0,6000000.0,0.044776,2200000.0,1800000.0,0.013433,0.25714,0.25714,7000000.0,7000000.0,https://www.sec.gov/Archives/edgar/data/278166/000144530513001926/0001445305-13-001926-index.html,https://www.sec.gov/Archives/edgar/data/278166/000144530513001926/cvco-2013629x10q.htm
0,2013-03-30,CVCO,2013-06-11 00:00:00,2013-06-11 17:09:55,Q4,108800000,84800000,24000000,0.220588,0.0,18900000,0.0,0.0,18900000.000000007,103700000,1317000.0,969999.9999999998,4887000.0,0.044917,5100000.0,0.046875,400000.0,4200000.0,0.038603,1200000.0,1400000.0,0.012868,0.2,0.2,7000000.0,7000000.0,https://www.sec.gov/Archives/edgar/data/278166/000144530513001462/0001445305-13-001462-index.html,https://www.sec.gov/Archives/edgar/data/278166/000144530513001462/cvco-2013330x10k.htm
0,2012-12-29,CVCO,2013-02-06 00:00:00,2013-02-06 17:23:30,Q3,114600000,88000000,26600000,0.232112,0.0,20300000,0.0,0.0,20299999.999999996,108300000,1403000.0,980000.0,6183000.0,0.053953,6300000.0,0.054974,400000.0,5300000.0,0.046248,2300000.0,1500000.0,0.013089,0.21429,0.21429,7000000.0,7000000.0,https://www.sec.gov/Archives/edgar/data/278166/000119312513041410/0001193125-13-041410-index.html,https://www.sec.gov/Archives/edgar/data/278166/000119312513041410/d450062d10q.htm
0,2012-09-30,CVCO,2012-11-07 00:00:00,2012-11-07 17:03:25,Q2,110100000,84400000,25700000,0.233424,0.0,20100000,0.0,0.0,20099999.999999993,104500000,1570000.0,970000.0,5540000.0,0.050318,5600000.0,0.050863,400000.0,4400000.0,0.039964,1700000.0,1300000.0,0.011807,0.18571,0.18571,7000000.0,7000000.0,https://www.sec.gov/Archives/edgar/data/278166/000119312512457692/0001193125-12-457692-index.html,https://www.sec.gov/Archives/edgar/data/278166/000119312512457692/d407817d10q.htm
0,2012-06-30,CVCO,2012-08-09 00:00:00,2012-08-09 16:35:40,Q1,118800000,94700000,24100000,0.202862,0.0,20000000,0.0,0.0,20000000,114700000,1683000.0,1090000.0,4873000.0,0.041019,4100000.0,0.034512,400000.0,2800000.0,0.023569,1200000.0,900000.0,0.007576,0.12857,0.12857,7000000.0,7000000.0,https://www.sec.gov/Archives/edgar/data/278166/000119312512347706/0001193125-12-347706-index.html,https://www.sec.gov/Archives/edgar/data/278166/000119312512347706/d393536d10q.htm
0,2012-03-31,CVCO,2012-06-12 00:00:00,2012-06-11 17:32:09,Q4,99500000,74900000,24600000,0.247236,0.0,20700000,0.0,0.0,20699999.99999999,95599999.99999999,-1800000.0,1329999.9999999993,729999.9999999992,0.007337,3900000.0,0.039196,300000.0,2400000.0,0.024121,-500000.0,1700000.0,0.017085,0.24286,0.24286,7000000.0,7000000.0,https://www.sec.gov/Archives/edgar/data/278166/000119312512266959/0001193125-12-266959-index.html,https://www.sec.gov/Archives/edgar/data/278166/000119312512266959/d359236d10k.htm
0,2011-12-31,CVCO,2012-02-08 00:00:00,2012-02-07 20:42:01,Q3,114600000,87600000,26900000,0.234729,0.0,20500000,0.0,0.0,20600000.00000001,108200000.00000001,-2000000.0,1480000.0000000005,2980000.0000000005,0.026003,6400000.0,0.055846,400000.0,4800000.0,0.041885,1800000.0,1700000.0,0.014834,0.24286,0.24286,7000000.0,7000000.0,https://www.sec.gov/Archives/edgar/data/278166/000119312512044428/0001193125-12-044428-index.html,https://www.sec.gov/Archives/edgar/data/278166/000119312512044428/d291218d10q.htm
0,2011-09-30,CVCO,2011-11-09 00:00:00,2011-11-08 21:41:14,Q2,130000000,101800000,28200000,0.216923,0.0,21600000,0.0,0.0,21600000.00000001,123400000.00000001,-1900000.0,1880000.0,3480000.0,0.026769,6600000.0,0.050769,300000.0,5000000.0,0.038462,1800000.0,1700000.0,0.013077,0.24638,0.24638,6900000.0,6900000.0,https://www.sec.gov/Archives/edgar/data/278166/000095012311096679/0000950123-11-096679-index.html,https://www.sec.gov/Archives/edgar/data/278166/000095012311096679/c24093e10vq.htm
0,2011-06-30,CVCO,2011-08-09 00:00:00,2011-08-09 17:16:54,Q1,99000000,82800000,16200000,0.163636,0.0,17000000,0.0,0.0,-5000000.0,77800000,-1500000.0,870000.0,8970000.0,0.090606,21200000,0.214141,400000.0,20100000,0.20303,-600000.0,10200000,0.10303,1.47826,1.47826,6900000.0,6900000.0,https://www.sec.gov/Archives/edgar/data/278166/000095012311075187/0000950123-11-075187-index.html,https://www.sec.gov/Archives/edgar/data/278166/000095012311075187/c21097e10vq.htm
0,2011-03-31,CVCO,2011-06-03 00:00:00,2011-06-03 17:27:44,Q4,38800000,33500000,5300000.0,0.136598,0.0,5300000.0,0.0,0.0,5399999.999999999,38900000,0.0,340000.0000000001,1240000.0,0.031959,0.0,0.0,1100000.0,1000000.0,0.025773,-700000.0,1600000.0,0.041237,0.23188,0.23188,6900000.0,6900000.0,https://www.sec.gov/Archives/edgar/data/278166/000095012311056537/0000950123-11-056537-index.html,https://www.sec.gov/Archives/edgar/data/278166/000095012311056537/c18375e10vk.htm
0,2010-12-31,CVCO,2011-02-09,2011-02-09 14:07:59,Q3,39600000,34300000,5300000.0,0.133838,0.0,5300000.0,0.0,0.0,5200000.000000003,39500000,0.0,339999.99999999994,640000.0,0.016162,100000.0,0.002525,500000.0,600000.0,0.015152,300000.0,0.0,0.0,0.0,0.0,6800000.0,6800000.0,https://www.sec.gov/Archives/edgar/data/278166/000095012311010900/c11941e10vq.htm,https://www.sec.gov/Archives/edgar/data/278166/000095012311010900/c11941e10vq.htm
0,2010-09-30,CVCO,2010-11-05 00:00:00,2010-11-05 16:16:06,Q2,45900000,38700000,7200000.0,0.156863,0.0,5500000.0,0.0,0.0,5500000.0,44200000,0.0,340000.0,1840000.0,0.040087,1700000.0,0.037037,300000.0,2000000.0,0.043573,800000.0,700000.0,0.015251,0.10448,0.10448,6700000.0,6700000.0,https://www.sec.gov/Archives/edgar/data/278166/000095012310101703/0000950123-10-101703-index.html,https://www.sec.gov/Archives/edgar/data/278166/000095012310101703/c07938e10vq.htm
0,2010-06-30,CVCO,2010-08-06 00:00:00,2010-08-06 16:15:20,Q1,47500000,41100000,6400000.0,0.134737,0.0,5200000.0,0.0,0.0,5199999.999999996,46299999.99999999,0.0,340000.0,1340000.0,0.028211,1200000.0,0.025263,200000.0,1400000.0,0.029474,500000.0,500000.0,0.010526,0.07353,0.07353,6800000.0,6800000.0,https://www.sec.gov/Archives/edgar/data/278166/000095012310074320/0000950123-10-074320-index.html,https://www.sec.gov/Archives/edgar/data/278166/000095012310074320/c04432e10vq.htm
0,2010-03-31,CVCO,2010-05-21 00:00:00,2010-05-21 17:20:23,Q4,36300000,33100000,3200000.0,0.088154,0.0,4800000.0,0.0,0.0,4699999.999999996,37799999.99999999,0.0,339999.99999999994,-860000.0,-0.023691,-1600000.0,-0.044077,100000.0,-1400000.0,-0.038567,-500000.0,-700000.0,-0.019284,-0.10769,-0.10769,6500000.0,6500000.0,https://www.sec.gov/Archives/edgar/data/278166/000095012310052053/0000950123-10-052053-index.html,https://www.sec.gov/Archives/edgar/data/278166/000095012310052053/c01493e10vk.htm
0,2009-12-31,CVCO,2010-02-09 00:00:00,2010-02-09 16:00:59,Q3,36400000,33100000,3300000.0,0.090659,0.0,5000000.0,0.0,0.0,5000000.0,38100000,0.0,339999.99999999994,-1160000.0,-0.031868,-1700000.0,-0.046703,100000.0,-1600000.0,-0.043956,-500000.0,-1000000.0,-0.027473,-0.15385,-0.15385,6500000.0,6500000.0,https://www.sec.gov/Archives/edgar/data/278166/000095012310010413/0000950123-10-010413-index.html,https://www.sec.gov/Archives/edgar/data/278166/000095012310010413/c95891e10vq.htm
0,2009-09-30,CVCO,2009-11-06 00:00:00,2009-11-06 15:12:51,Q2,29400000,25200000,4100000.0,0.139456,0.0,4500000.0,0.0,0.0,4600000.000000001,29800000,0.0,240000.0,-60000.0,-0.002041,-400000.0,-0.013605,0.0,-400000.0,-0.013605,-100000.0,-200000.0,-0.006803,-0.03077,-0.03077,6500000.0,6500000.0,https://www.sec.gov/Archives/edgar/data/278166/000095012309059233/0000950123-09-059233-index.html,https://www.sec.gov/Archives/edgar/data/278166/000095012309059233/c92190e10vq.htm
0,2009-06-30,CVCO,2009-08-07 00:00:00,2009-08-07 17:30:58,Q1,13600000,13500000,100000.0,0.007353,0.0,2500000.0,0.0,0.0,2500000.0,16000000,0.0,280000.0,-2020000.0,-0.148529,-2400000.0,-0.176471,0.0,-2300000.0,-0.169118,-900000.0,-1400000.0,-0.102941,-0.21538,-0.21538,6500000.0,6500000.0,https://www.sec.gov/Archives/edgar/data/278166/000095012309032273/0000950123-09-032273-index.html,https://www.sec.gov/Archives/edgar/data/278166/000095012309032273/c89018e10vq.htm
0,2009-03-31,CVCO,2009-05-21 00:00:00,2009-05-21 16:25:35,Q4,14700000,14500000,200000.0,0.013605,0.0,2100000.0,0.0,0.0,2100000.0000000014,16600000.000000002,0.0,199999.99999999997,-1600000.0,-0.108844,-1900000.0,-0.129252,0.0,-1800000.0,-0.122449,-800000.0,-1000000.0,-0.068027,-0.15385,-0.15385,6500000.0,6500000.0,https://www.sec.gov/Archives/edgar/data/278166/000136231009008044/0001362310-09-008044-index.html,https://www.sec.gov/Archives/edgar/data/278166/000136231009008044/c85729e10vk.htm
0,2008-12-31,CVCO,2009-02-06 00:00:00,2009-02-06 16:54:23,Q3,25100000,22400000,2700000.0,0.10757,0.0,2900000.0,0.0,0.0,2900000.000000002,25300000.000000004,0.0,190000.0,90000.0,0.003586,-200000.0,-0.007968,200000.0,-100000.0,-0.003984,-200000.0,100000.0,0.003984,0.01493,0.01493,6700000.0,6700000.0,https://www.sec.gov/Archives/edgar/data/278166/000095015309000113/0000950153-09-000113-index.html,https://www.sec.gov/Archives/edgar/data/278166/000095015309000113/p14082e10vq.htm
0,2008-09-30,CVCO,2008-11-06 00:00:00,2008-11-06 16:17:34,Q2,30000000,26300000,3700000.0,0.123333,0.0,3100000.0,0.0,0.0,3199999.999999999,29500000,0.0,199999.99999999997,1000000.0,0.033333,600000.0,0.02,300000.0,800000.0,0.026667,300000.0,500000.0,0.016667,0.07463,0.07463,6700000.0,6700000.0,https://www.sec.gov/Archives/edgar/data/278166/000095015308001864/0000950153-08-001864-index.html,https://www.sec.gov/Archives/edgar/data/278166/000095015308001864/p13486e10vq.htm
0,2008-06-30,CVCO,2008-08-06 00:00:00,2008-08-06 16:16:02,Q1,35500000,31300000,4200000.0,0.11831,0.0,3100000.0,0.0,0.0,3099999.999999998,34400000,0.0,230000.0,1630000.0,0.045915,1100000.0,0.030986,300000.0,1400000.0,0.039437,500000.0,900000.0,0.025352,0.13433,0.13433,6700000.0,6700000.0,https://www.sec.gov/Archives/edgar/data/278166/000095015308001369/0000950153-08-001369-index.html,https://www.sec.gov/Archives/edgar/data/278166/000095015308001369/p76071e10vq.htm
0,2008-03-31,CVCO,2008-05-30 00:00:00,2008-05-30 16:05:36,Q4,34200000,29400000,4800000.0,0.140351,0.0,3400000.0,0.0,0.0,3399999.9999999986,32800000,0.0,200000.00000000006,2100000.0,0.061404,1400000.0,0.040936,500000.0,1900000.0,0.055556,600000.0,1300000.0,0.038012,0.19403,0.19403,6700000.0,6700000.0,https://www.sec.gov/Archives/edgar/data/278166/000095015308001062/0000950153-08-001062-index.html,https://www.sec.gov/Archives/edgar/data/278166/000095015308001062/p75585e10vk.htm
0,2007-12-31,CVCO,2008-02-07,2008-02-06 18:42:55,Q3,31900000,27300000,4600000.0,0.144201,0.0,3300000.0,0.0,0.0,3300000.000000001,30600000,0.0,199999.99999999997,2200000.0,0.068966,1300000.0,0.040752,700000.0,1900000.0,0.059561,600000.0,1400000.0,0.043887,0.20896,0.20896,6700000.0,6700000.0,https://www.sec.gov/Archives/edgar/data/278166/000095015308000181/p74940e10vq.htm,https://www.sec.gov/Archives/edgar/data/278166/000095015308000181/p74940e10vq.htm
0,2007-09-30,CVCO,2007-11-08 00:00:00,2007-11-08 16:06:27,Q2,38400000,32900000,5500000.0,0.143229,0.0,3600000.0,0.0,0.0,3500000.0,36400000,0.0,200000.0,2900000.0,0.075521,2000000.0,0.052083,700000.0,2700000.0,0.070313,800000.0,1900000.0,0.049479,0.28358,0.28358,6700000.0,6700000.0,https://www.sec.gov/Archives/edgar/data/278166/000095015307002347/0000950153-07-002347-index.html,https://www.sec.gov/Archives/edgar/data/278166/000095015307002347/p74601e10vq.htm
0,2007-06-30,CVCO,2007-08-01 00:00:00,2007-08-01 16:04:11,Q1,37400000,31900000,5400000.0,0.144385,0.0,3600000.0,0.0,0.0,3600000.0000000014,35500000,0.0,190000.0,2690000.0,0.071925,1900000.0,0.050802,700000.0,2500000.0,0.066845,800000.0,1700000.0,0.045455,0.25373,0.25373,6700000.0,6700000.0,https://www.sec.gov/Archives/edgar/data/278166/000095015307001637/0000950153-07-001637-index.html,https://www.sec.gov/Archives/edgar/data/278166/000095015307001637/p74170e10vq.htm
0,2007-03-31,CVCO,2007-05-22 00:00:00,2007-05-22 17:16:42,Q4,33800000,28500000,5300000.0,0.156805,0.0,3400000.0,0.0,0.0,3399999.9999999986,31900000,0.0,169999.99999999994,2770000.0,0.081953,1900000.0,0.056213,600000.0,2500000.0,0.073964,800000.0,1800000.0,0.053254,0.27273,0.27273,6600000.0,6600000.0,https://www.sec.gov/Archives/edgar/data/278166/000095015307001202/0000950153-07-001202-index.html,https://www.sec.gov/Archives/edgar/data/278166/000095015307001202/p73816e10vk.htm
0,2006-12-31,CVCO,2007-02-06,2007-02-06 17:25:38,Q3,38200000,31900000,6300000.0,0.164921,0.0,3800000.0,0.0,0.0,3700000.000000003,35600000,0.0,150000.00000000003,3350000.0,0.087696,2600000.0,0.068063,600000.0,3100000.0,0.081152,1000000.0,2200000.0,0.057592,0.33333,0.33333,6600000.0,6600000.0,https://www.sec.gov/Archives/edgar/data/278166/000095015307000229/p73430e10vq.htm,https://www.sec.gov/Archives/edgar/data/278166/000095015307000229/p73430e10vq.htm
0,2006-09-30,CVCO,2006-11-03,2006-11-03 17:21:24,Q2,43100000,35000000,8000000.0,0.185615,0.0,3700000.0,0.0,0.0,3700000.000000003,38700000,0.0,140000.0,5040000.0,0.116937,4300000.0,0.099768,600000.0,5000000.0,0.116009,1700000.0,3200000.0,0.074246,0.48485,0.48485,6600000.0,6600000.0,https://www.sec.gov/Archives/edgar/data/278166/000095015306002706/p73102e10vq.htm,https://www.sec.gov/Archives/edgar/data/278166/000095015306002706/p73102e10vq.htm
0,2006-06-30,CVCO,2006-08-09,2006-08-09 17:23:26,Q1,54100000,43400000,10600000,0.195933,0.0,4400000.0,0.0,0.0,4500000.0,47900000,0.0,230000.0,6930000.0,0.128096,6200000.0,0.114603,600000.0,6800000.0,0.125693,2400000.0,4300000.0,0.079482,0.65152,0.65152,6600000.0,6600000.0,https://www.sec.gov/Archives/edgar/data/278166/000095015306001486/p72404e10vk.htm,https://www.sec.gov/Archives/edgar/data/278166/000095015306001486/p72404e10vk.htm
0,2006-03-31,CVCO,2006-05-24,2006-05-23 19:58:40,Q4,51200000,41100000,10200000,0.199219,0.0,4100000.0,0.0,0.0,4100000.000000001,45200000,0.0,220000.0000000001,6720000.0,0.13125,6100000.0,0.119141,400000.0,6500000.0,0.126953,2300000.0,4200000.0,0.082031,0.61765,0.61765,6800000.0,6800000.0,https://www.sec.gov/Archives/edgar/data/278166/000095015306001486/p72404e10vk.htm,https://www.sec.gov/Archives/edgar/data/278166/000095015306001486/p72404e10vk.htm
0,2005-12-31,CVCO,2006-01-31,2006-01-31 17:17:36,Q3,45300000,36400000,9000000.0,0.198675,0.0,3900000.0,0.0,0.0,3899999.9999999986,40300000,0.0,239999.99999999994,5940000.0,0.131126,5000000.0,0.110375,400000.0,5400000.0,0.119205,1900000.0,3800000.0,0.083885,0.55882,0.55882,6800000.0,6800000.0,https://www.sec.gov/Archives/edgar/data/278166/000095015306000207/p71804e10vq.htm,https://www.sec.gov/Archives/edgar/data/278166/000095015306000207/p71804e10vq.htm
0,2005-09-30,CVCO,2005-11-08,2005-11-08 16:10:21,Q2,47100000,37500000,9600000.0,0.203822,0.0,4200000.0,0.0,0.0,4200000.000000003,41700000,0.0,230000.0,5930000.0,0.125902,5400000.0,0.11465,400000.0,5800000.0,0.123142,2200000.0,3500000.0,0.07431,0.52239,0.52239,6700000.0,6700000.0,https://www.sec.gov/Archives/edgar/data/278166/000095015305002817/p71443e10vq.htm,https://www.sec.gov/Archives/edgar/data/278166/000095015305002817/p71443e10vq.htm
0,2005-08-03,CVCO,2005-08-04,2005-08-04 16:46:47,Q1,45876000,36239000,9637000.0,0.21006626558549132,0.0,4112000.0,0.0,0.0,4112000.0,40351000,0.0,233000.0,5758000.0,0.12551225041415992,5525000.0,0.12043334205248932,0.0,5807000.0,0.12658034702240822,-2265000.0,3542000.0,0.07720812625337867,0.53295,0.53295,6288730.0,6646042.0,https://www.sec.gov/Archives/edgar/data/278166/000095015305001862/0000950153-05-001862-index.htm,https://www.sec.gov/Archives/edgar/data/278166/000095015305001194/p70639e10vk.htm
0,2005-06-30,CVCO,,,Q1,45900000,36200000,9600000.0,0.20915,0.0,4100000.0,0.0,0.0,4199999.999999996,40399999.99999999,0.0,230000.0,6030000.0,0.131373,5500000.0,0.119826,300000.0,5800000.0,0.126362,2300000.0,3500000.0,0.076253,0.5303,0.5303,6600000.0,6600000.0,,
0,2005-03-31,CVCO,2005-05-20,2005-05-20 10:26:37,Q4,44000000,35000000,9100000.0,0.206818,0.0,3300000.0,0.0,0.0,3299999.999999997,38300000,-532000.0,220000.0000000001,5988000.0,0.136091,5800000.0,0.131818,200000.0,6000000.0,0.136364,2300000.0,4000000.0,0.090909,0.60606,0.60606,6600000.0,6600000.0,https://www.sec.gov/Archives/edgar/data/278166/000095015305001194/p70639e10vk.htm,https://www.sec.gov/Archives/edgar/data/278166/000095015305001194/p70639e10vk.htm
0,2004-12-31,CVCO,2005-02-07,2005-02-07 16:20:14,Q3,38800000,31700000,7100000.0,0.18299,0.0,3500000.0,0.0,0.0,3599999.999999998,35300000,100000.0,279999.9999999999,4080000.0,0.105155,3600000.0,0.092784,0.0,3700000.0,0.095361,1400000.0,2300000.0,0.059278,0.35385,0.35385,6500000.0,6500000.0,https://www.sec.gov/Archives/edgar/data/278166/000095012405000581/p70176e10vq.htm,https://www.sec.gov/Archives/edgar/data/278166/000095012405000581/p70176e10vq.htm
0,2004-09-30,CVCO,2004-11-03,2004-11-03 14:54:20,Q2,38600000,31400000,7300000.0,0.189119,0.0,4100000.0,0.0,0.0,4000000.0,35400000,100000.0,270000.0,3770000.0,0.097668,3200000.0,0.082902,0.0,3300000.0,0.085492,1300000.0,2100000.0,0.054404,0.32308,0.32308,6500000.0,6500000.0,https://www.sec.gov/Archives/edgar/data/278166/000095012404005271/p69807e10vq.htm,https://www.sec.gov/Archives/edgar/data/278166/000095012404005271/p69807e10vq.htm
0,2004-06-30,CVCO,2004-07-30,2004-07-30 16:42:13,Q1,35900000,29800000,6100000.0,0.169916,0.0,3400000.0,0.0,0.0,3400000.000000002,33200000.000000004,100000.0,280000.0,3180000.0,0.088579,2700000.0,0.075209,0.0,2800000.0,0.077994,1100000.0,1700000.0,0.047354,0.26154,0.26154,6500000.0,6500000.0,https://www.sec.gov/Archives/edgar/data/278166/000095015304001296/p69164e10vk.htm,https://www.sec.gov/Archives/edgar/data/278166/000095015304001296/p69164e10vk.htm
0,2004-03-31,CVCO,2004-05-24,2004-05-24 13:54:20,Q4,35000000,29200000,5800000.0,0.165714,0.0,3300000.0,0.0,0.0,3300000.000000001,32500000,-95000.0,259999.9999999999,2765000.0,0.079,2500000.0,0.071429,0.0,2600000.0,0.074286,1000000.0,1600000.0,0.045714,0.25,0.25,6400000.0,6400000.0,https://www.sec.gov/Archives/edgar/data/278166/000095015304001296/p69164e10vk.htm,https://www.sec.gov/Archives/edgar/data/278166/000095015304001296/p69164e10vk.htm
0,2003-12-31,CVCO,2004-01-29,2004-01-29 11:09:57,Q3,33500000,27300000,6200000.0,0.185075,0.0,3100000.0,0.0,0.0,3099999.999999998,30399999.999999996,-63000.0,300000.00000000006,3437000.0,0.102597,3100000.0,0.092537,0.0,3200000.0,0.095522,1300000.0,1900000.0,0.056716,0.30159,0.30159,6300000.0,6300000.0,https://www.sec.gov/Archives/edgar/data/278166/000095015304000198/p68722e10vq.htm,https://www.sec.gov/Archives/edgar/data/278166/000095015304000198/p68722e10vq.htm
0,2003-09-30,CVCO,2003-11-10,2003-11-10 12:07:35,Q2,30800000,25500000,5300000.0,0.172078,0.0,3500000.0,0.0,0.0,3500000.0,29000000,-48000.0,290000.0,2142000.0,0.069545,1800000.0,0.058442,0.0,1900000.0,0.061688,800000.0,1100000.0,0.035714,0.1746,0.1746,6300000.0,6300000.0,https://www.sec.gov/Archives/edgar/data/278166/000095015303002249/p68453e10vq.htm,https://www.sec.gov/Archives/edgar/data/278166/000095015303002249/p68453e10vq.htm
0,2003-06-30,CVCO,,,Q1,29500000,24200000,5300000.0,0.179661,0.0,3700000.0,0.0,0.0,3699999.999999999,27900000,0.0,310000.0,1910000.0,0.064746,1600000.0,0.054237,0.0,1600000.0,0.054237,0.0,1600000.0,0.054237,0.25806,0.25806,6200000.0,6200000.0,,
0,2003-03-31,CVCO,,,Q4,28000000,23400000,4600000.0,0.164286,0.0,3100000.0,0.0,0.0,3100000.0000000014,26500000,-100000.0,299999.99999999994,-6600000.0,-0.235714,1500000.0,0.053571,0.0,1400000.0,0.05,0.0,-6800000.0,-0.242857,-1.09677,-1.09677,6200000.0,6200000.0,,
0,2002-12-31,CVCO,,,Q3,27500000,22500000,5000000.0,0.181818,0.0,3000000.0,0.0,0.0,3100000.0000000014,25600000,-100000.0,290000.00000000006,1190000.0,0.043273,2000000.0,0.072727,0.0,1900000.0,0.069091,0.0,1000000.0,0.036364,0.16129,0.16129,6200000.0,6200000.0,,
0,2002-09-30,CVCO,,,Q2,28300000,23300000,5000000.0,0.176678,0.0,3000000.0,0.0,0.0,2899999.9999999986,26200000,-100000.0,279999.99999999994,980000.0,0.034629,2100000.0,0.074205,0.0,2000000.0,0.070671,0.0,800000.0,0.028269,0.12903,0.12903,6200000.0,6200000.0,,
0,2002-06-30,CVCO,,,Q1,26200000,21500000,4700000.0,0.179389,0.0,3100000.0,0.0,0.0,3100000.0000000014,24600000,-100000.0,300000.0,700000.0,0.026718,1600000.0,0.061069,0.0,1500000.0,0.057252,0.0,500000.0,0.019084,0.08065,0.08065,6200000.0,6200000.0,,
