,date,symbol,fillingDate,acceptedDate,period,revenue,costOfRevenue,grossProfit,grossProfitRatio,researchAndDevelopmentExpenses,generalAndAdministrativeExpenses,sellingAndMarketingExpenses,otherExpenses,operatingExpenses,costAndExpenses,interestExpense,depreciationAndAmortization,ebitda,ebitdaratio,operatingIncome,operatingIncomeRatio,totalOtherIncomeExpensesNet,incomeBeforeTax,incomeBeforeTaxRatio,incomeTaxExpense,netIncome,netIncomeRatio,eps,epsdiluted,weightedAverageShsOut,weightedAverageShsOutDil,link,finalLink
0,2019-09-31,SMAR.BR,,2019-09-31,Q3,12866500,3956250.0,8910250.0,1.4440111107993603,0.0,0.0,0.0,0.0,4144500.0,11523500,37250.0,703250.0,2030250.0,6.337396872306366,1343000.0,9.580416976917348,0.0,1214500.0,10.594071634417455,-517000.0,1731500.0,7.430840311868322,0.43925,0.43925,3941950.0,3941950.0,,
0,2019-06-31,SMAR.BR,,2019-06-31,Q2,12866500,3956250.0,8910250.0,1.4440111107993603,0.0,0.0,0.0,0.0,4144500.0,11523500,37250.0,703250.0,2030250.0,6.337396872306366,1343000.0,9.580416976917348,0.0,1214500.0,10.594071634417455,-517000.0,1731500.0,7.430840311868322,0.43925,0.43925,3941950.0,3941950.0,,
0,2019-03-31,SMAR.BR,,2019-03-31,Q1,12866500,3956250.0,8910250.0,1.4440111107993603,0.0,0.0,0.0,0.0,4144500.0,11523500,37250.0,703250.0,2030250.0,6.337396872306366,1343000.0,9.580416976917348,0.0,1214500.0,10.594071634417455,-517000.0,1731500.0,7.430840311868322,0.43925,0.43925,3941950.0,3941950.0,,
0,2019-01-31,SMAR.BR,,2019-01-31,Q1,12866500,3956250.0,8910250.0,1.4440111107993603,0.0,0.0,0.0,0.0,4144500.0,11523500,37250.0,703250.0,2030250.0,6.337396872306366,1343000.0,9.580416976917348,0.0,1214500.0,10.594071634417455,-517000.0,1731500.0,7.430840311868322,0.43925,0.43925,3941950.0,3941950.0,,
0,2018-09-31,SMAR.BR,,2018-09-31,Q3,11638250,3559500.0,8078750.0,1.4406003403991954,0.0,0.0,0.0,0.0,3991000.0,10312000,22250.0,408000.0,1708250.0,6.812966486170057,1326250.0,8.77530631479736,0.0,1144000.0,10.173295454545455,128500.0,1015500.0,11.460610536681438,0.2575,0.2575,3941950.0,3941950.0,,
0,2018-06-31,SMAR.BR,,2018-06-31,Q2,11638250,3559500.0,8078750.0,1.4406003403991954,0.0,0.0,0.0,0.0,3991000.0,10312000,22250.0,408000.0,1708250.0,6.812966486170057,1326250.0,8.77530631479736,0.0,1144000.0,10.173295454545455,128500.0,1015500.0,11.460610536681438,0.2575,0.2575,3941950.0,3941950.0,,
0,2018-03-31,SMAR.BR,,2018-03-31,Q1,11638250,3559500.0,8078750.0,1.4406003403991954,0.0,0.0,0.0,0.0,3991000.0,10312000,22250.0,408000.0,1708250.0,6.812966486170057,1326250.0,8.77530631479736,0.0,1144000.0,10.173295454545455,128500.0,1015500.0,11.460610536681438,0.2575,0.2575,3941950.0,3941950.0,,
0,2018-01-31,SMAR.BR,,2018-01-31,Q1,11638250,3559500.0,8078750.0,1.4406003403991954,0.0,0.0,0.0,0.0,3991000.0,10312000,22250.0,408000.0,1708250.0,6.812966486170057,1326250.0,8.77530631479736,0.0,1144000.0,10.173295454545455,128500.0,1015500.0,11.460610536681438,0.2575,0.2575,3941950.0,3941950.0,,
0,2017-09-31,SMAR.BR,,2017-09-31,Q3,11397250,3549500.0,7847750.0,1.452295243859705,0.0,0.0,0.0,0.0,3890750.0,10181500,26250.0,453500.0,1710000.0,6.6650584795321635,1215750.0,9.374665844129138,0.0,1155000.0,9.867748917748917,-153000.0,1308000.0,8.713493883792049,0.33175,0.33175,3941950.0,3941950.0,,
0,2017-06-31,SMAR.BR,,2017-06-31,Q2,11397250,3549500.0,7847750.0,1.452295243859705,0.0,0.0,0.0,0.0,3890750.0,10181500,26250.0,453500.0,1710000.0,6.6650584795321635,1215750.0,9.374665844129138,0.0,1155000.0,9.867748917748917,-153000.0,1308000.0,8.713493883792049,0.33175,0.33175,3941950.0,3941950.0,,
0,2017-03-31,SMAR.BR,,2017-03-31,Q1,11397250,3549500.0,7847750.0,1.452295243859705,0.0,0.0,0.0,0.0,3890750.0,10181500,26250.0,453500.0,1710000.0,6.6650584795321635,1215750.0,9.374665844129138,0.0,1155000.0,9.867748917748917,-153000.0,1308000.0,8.713493883792049,0.33175,0.33175,3941950.0,3941950.0,,
0,2017-01-31,SMAR.BR,,2017-01-31,Q1,11397250,3549500.0,7847750.0,1.452295243859705,0.0,0.0,0.0,0.0,3890750.0,10181500,26250.0,453500.0,1710000.0,6.6650584795321635,1215750.0,9.374665844129138,0.0,1155000.0,9.867748917748917,-153000.0,1308000.0,8.713493883792049,0.33175,0.33175,3941950.0,3941950.0,,
0,2016-09-31,SMAR.BR,,2016-09-31,Q3,11272500,3697500.0,7575000.0,1.488118811881188,0.0,0.0,0.0,0.0,3692250.0,10304750,30250.0,385500.0,1433250.0,7.864992150706437,967750.0,11.648152932058899,0.0,457000.0,24.666301969365428,128750.0,328250.0,34.34120335110434,0.1,0.1,3747270.0,3747270.0,,
0,2016-06-31,SMAR.BR,,2016-06-31,Q2,11272500,3697500.0,7575000.0,1.488118811881188,0.0,0.0,0.0,0.0,3692250.0,10304750,30250.0,385500.0,1433250.0,7.864992150706437,967750.0,11.648152932058899,0.0,457000.0,24.666301969365428,128750.0,328250.0,34.34120335110434,0.1,0.1,3747270.0,3747270.0,,
0,2016-03-31,SMAR.BR,,2016-03-31,Q1,11272500,3697500.0,7575000.0,1.488118811881188,0.0,0.0,0.0,0.0,3692250.0,10304750,30250.0,385500.0,1433250.0,7.864992150706437,967750.0,11.648152932058899,0.0,457000.0,24.666301969365428,128750.0,328250.0,34.34120335110434,0.1,0.1,3747270.0,3747270.0,,
0,2016-01-31,SMAR.BR,,2016-01-31,Q1,11272500,3697500.0,7575000.0,1.488118811881188,0.0,0.0,0.0,0.0,3692250.0,10304750,30250.0,385500.0,1433250.0,7.864992150706437,967750.0,11.648152932058899,0.0,457000.0,24.666301969365428,128750.0,328250.0,34.34120335110434,0.1,0.1,3747270.0,3747270.0,,
0,2015-09-31,SMAR.BR,,2015-09-31,Q3,8558250.0,2699500.0,5858750.0,1.4607638148069126,0.0,0.0,0.0,0.0,2893000.0,7913500.0,42000.0,344750.0,948750.0,9.020553359683795,644750.0,13.273749515316014,0.0,499250.0,17.14221331997997,109500.0,389750.0,21.95830660679923,0.11,0.11,3541343.0,3541343.0,,
0,2015-06-31,SMAR.BR,,2015-06-31,Q2,8558250.0,2699500.0,5858750.0,1.4607638148069126,0.0,0.0,0.0,0.0,2893000.0,7913500.0,42000.0,344750.0,948750.0,9.020553359683795,644750.0,13.273749515316014,0.0,499250.0,17.14221331997997,109500.0,389750.0,21.95830660679923,0.11,0.11,3541343.0,3541343.0,,
0,2015-03-31,SMAR.BR,,2015-03-31,Q1,8558250.0,2699500.0,5858750.0,1.4607638148069126,0.0,0.0,0.0,0.0,2893000.0,7913500.0,42000.0,344750.0,948750.0,9.020553359683795,644750.0,13.273749515316014,0.0,499250.0,17.14221331997997,109500.0,389750.0,21.95830660679923,0.11,0.11,3541343.0,3541343.0,,
0,2015-01-31,SMAR.BR,,2015-01-31,Q1,8558250.0,2699500.0,5858750.0,1.4607638148069126,0.0,0.0,0.0,0.0,2893000.0,7913500.0,42000.0,344750.0,948750.0,9.020553359683795,644750.0,13.273749515316014,0.0,499250.0,17.14221331997997,109500.0,389750.0,21.95830660679923,0.11,0.11,3541343.0,3541343.0,,
0,2014-09-31,SMAR.BR,,2014-09-31,Q3,8156500.0,2542750.0,5613750.0,1.4529503451347139,0.0,0.0,0.0,0.0,2953750.0,7934250.0,66250.0,337000.0,535500.0,15.231559290382819,222250.0,36.699662542182224,0.0,89250.0,91.38935574229691,46250.0,39750.0,205.19496855345912,0.01,0.01,3541243.0,3541243.0,,
0,2014-06-31,SMAR.BR,,2014-06-31,Q2,8156500.0,2542750.0,5613750.0,1.4529503451347139,0.0,0.0,0.0,0.0,2953750.0,7934250.0,66250.0,337000.0,535500.0,15.231559290382819,222250.0,36.699662542182224,0.0,89250.0,91.38935574229691,46250.0,39750.0,205.19496855345912,0.01,0.01,3541243.0,3541243.0,,
0,2014-03-31,SMAR.BR,,2014-03-31,Q1,8156500.0,2542750.0,5613750.0,1.4529503451347139,0.0,0.0,0.0,0.0,2953750.0,7934250.0,66250.0,337000.0,535500.0,15.231559290382819,222250.0,36.699662542182224,0.0,89250.0,91.38935574229691,46250.0,39750.0,205.19496855345912,0.01,0.01,3541243.0,3541243.0,,
0,2014-01-31,SMAR.BR,,2014-01-31,Q1,8156500.0,2542750.0,5613750.0,1.4529503451347139,0.0,0.0,0.0,0.0,2953750.0,7934250.0,66250.0,337000.0,535500.0,15.231559290382819,222250.0,36.699662542182224,0.0,89250.0,91.38935574229691,46250.0,39750.0,205.19496855345912,0.01,0.01,3541243.0,3541243.0,,
0,2013-09-31,SMAR.BR,,2013-09-31,Q3,13007250,7097750.0,5909500.0,2.2010745409933157,0.0,0.0,0.0,0.0,3282000.0,13089000,75000.0,415750.0,302750.0,42.963666391412055,-81750.0,-159.11009174311926,0.0,-378500.0,-34.36525759577279,130250.0,-508750.0,-25.567076167076166,-0.1425,-0.1425,3541243.0,3541243.0,,
0,2013-06-31,SMAR.BR,,2013-06-31,Q2,13007250,7097750.0,5909500.0,2.2010745409933157,0.0,0.0,0.0,0.0,3282000.0,13089000,75000.0,415750.0,302750.0,42.963666391412055,-81750.0,-159.11009174311926,0.0,-378500.0,-34.36525759577279,130250.0,-508750.0,-25.567076167076166,-0.1425,-0.1425,3541243.0,3541243.0,,
0,2013-03-31,SMAR.BR,,2013-03-31,Q1,13007250,7097750.0,5909500.0,2.2010745409933157,0.0,0.0,0.0,0.0,3282000.0,13089000,75000.0,415750.0,302750.0,42.963666391412055,-81750.0,-159.11009174311926,0.0,-378500.0,-34.36525759577279,130250.0,-508750.0,-25.567076167076166,-0.1425,-0.1425,3541243.0,3541243.0,,
0,2013-01-31,SMAR.BR,,2013-01-31,Q1,13007250,7097750.0,5909500.0,2.2010745409933157,0.0,0.0,0.0,0.0,3282000.0,13089000,75000.0,415750.0,302750.0,42.963666391412055,-81750.0,-159.11009174311926,0.0,-378500.0,-34.36525759577279,130250.0,-508750.0,-25.567076167076166,-0.1425,-0.1425,3541243.0,3541243.0,,
0,2012-09-31,SMAR.BR,,2012-09-31,Q3,13751250,7176000.0,6575250.0,2.0913653473251967,0.0,0.0,0.0,0.0,3401250.0,13216250,90750.0,446250.0,1370000.0,10.037408759124087,535000.0,25.703271028037385,0.0,320500.0,42.90561622464899,633000.0,-962250.0,-14.290724863600936,-0.2725,-0.2725,3541243.0,3541243.0,,
0,2012-06-31,SMAR.BR,,2012-06-31,Q2,13751250,7176000.0,6575250.0,2.0913653473251967,0.0,0.0,0.0,0.0,3401250.0,13216250,90750.0,446250.0,1370000.0,10.037408759124087,535000.0,25.703271028037385,0.0,320500.0,42.90561622464899,633000.0,-962250.0,-14.290724863600936,-0.2725,-0.2725,3541243.0,3541243.0,,
0,2012-03-31,SMAR.BR,,2012-03-31,Q1,13751250,7176000.0,6575250.0,2.0913653473251967,0.0,0.0,0.0,0.0,3401250.0,13216250,90750.0,446250.0,1370000.0,10.037408759124087,535000.0,25.703271028037385,0.0,320500.0,42.90561622464899,633000.0,-962250.0,-14.290724863600936,-0.2725,-0.2725,3541243.0,3541243.0,,
0,2012-01-31,SMAR.BR,,2012-01-31,Q1,13751250,7176000.0,6575250.0,2.0913653473251967,0.0,0.0,0.0,0.0,3401250.0,13216250,90750.0,446250.0,1370000.0,10.037408759124087,535000.0,25.703271028037385,0.0,320500.0,42.90561622464899,633000.0,-962250.0,-14.290724863600936,-0.2725,-0.2725,3541243.0,3541243.0,,
0,2011-09-31,SMAR.BR,,2011-09-31,Q3,49351250,35072750,14278500,3.4563329481388103,0.0,0.0,0.0,0.0,6476500.0,49771000,583250.0,1103750.0,1314000.0,37.55802891933029,-419750.0,-117.57296009529482,0.0,-806000.0,-61.229838709677416,-275250.0,-530750.0,-92.9839849269901,-0.1449365,-0.1449365,3661950.0,3661950.0,,
0,2011-06-31,SMAR.BR,,2011-06-31,Q2,49351250,35072750,14278500,3.4563329481388103,0.0,0.0,0.0,0.0,6476500.0,49771000,583250.0,1103750.0,1314000.0,37.55802891933029,-419750.0,-117.57296009529482,0.0,-806000.0,-61.229838709677416,-275250.0,-530750.0,-92.9839849269901,-0.1449365,-0.1449365,3661950.0,3661950.0,,
0,2011-03-31,SMAR.BR,,2011-03-31,Q1,49351250,35072750,14278500,3.4563329481388103,0.0,0.0,0.0,0.0,6476500.0,49771000,583250.0,1103750.0,1314000.0,37.55802891933029,-419750.0,-117.57296009529482,0.0,-806000.0,-61.229838709677416,-275250.0,-530750.0,-92.9839849269901,-0.1449365,-0.1449365,3661950.0,3661950.0,,
0,2011-01-31,SMAR.BR,,2011-01-31,Q1,49351250,35072750,14278500,3.4563329481388103,0.0,0.0,0.0,0.0,6476500.0,49771000,583250.0,1103750.0,1314000.0,37.55802891933029,-419750.0,-117.57296009529482,0.0,-806000.0,-61.229838709677416,-275250.0,-530750.0,-92.9839849269901,-0.1449365,-0.1449365,3661950.0,3661950.0,,
0,2010-09-31,SMAR.BR,,2010-09-31,Q3,55836750,39958500,15878250,3.5165556657692125,0.0,0.0,0.0,0.0,6066750.0,55053000,1003250.0,1434500.0,2406250.0,23.204883116883117,783750.0,71.24306220095694,0.0,-78250.0,-713.5686900958466,-103250.0,24750.0,2256.030303030303,0.0,0.0,3541243.0,3541243.0,,
0,2010-06-31,SMAR.BR,,2010-06-31,Q2,55836750,39958500,15878250,3.5165556657692125,0.0,0.0,0.0,0.0,6066750.0,55053000,1003250.0,1434500.0,2406250.0,23.204883116883117,783750.0,71.24306220095694,0.0,-78250.0,-713.5686900958466,-103250.0,24750.0,2256.030303030303,0.0,0.0,3541243.0,3541243.0,,
0,2010-03-31,SMAR.BR,,2010-03-31,Q1,55836750,39958500,15878250,3.5165556657692125,0.0,0.0,0.0,0.0,6066750.0,55053000,1003250.0,1434500.0,2406250.0,23.204883116883117,783750.0,71.24306220095694,0.0,-78250.0,-713.5686900958466,-103250.0,24750.0,2256.030303030303,0.0,0.0,3541243.0,3541243.0,,
0,2010-01-31,SMAR.BR,,2010-01-31,Q1,55836750,39958500,15878250,3.5165556657692125,0.0,0.0,0.0,0.0,6066750.0,55053000,1003250.0,1434500.0,2406250.0,23.204883116883117,783750.0,71.24306220095694,0.0,-78250.0,-713.5686900958466,-103250.0,24750.0,2256.030303030303,0.0,0.0,3541243.0,3541243.0,,
0,2009-09-31,SMAR.BR,,2009-09-31,Q3,60994500,43980750,17013750,3.585012122547939,0.0,0.0,0.0,0.0,6691250.0,60839250,1207250.0,2235250.0,2524250.0,24.163414875705655,155250.0,392.8792270531401,0.0,-918250.0,-66.42472093656411,-236500.0,-947000.0,-64.40813093980992,-0.275,-0.275,3541243.0,3541243.0,,
0,2009-06-31,SMAR.BR,,2009-06-31,Q2,60994500,43980750,17013750,3.585012122547939,0.0,0.0,0.0,0.0,6691250.0,60839250,1207250.0,2235250.0,2524250.0,24.163414875705655,155250.0,392.8792270531401,0.0,-918250.0,-66.42472093656411,-236500.0,-947000.0,-64.40813093980992,-0.275,-0.275,3541243.0,3541243.0,,
0,2009-03-31,SMAR.BR,,2009-03-31,Q1,60994500,43980750,17013750,3.585012122547939,0.0,0.0,0.0,0.0,6691250.0,60839250,1207250.0,2235250.0,2524250.0,24.163414875705655,155250.0,392.8792270531401,0.0,-918250.0,-66.42472093656411,-236500.0,-947000.0,-64.40813093980992,-0.275,-0.275,3541243.0,3541243.0,,
0,2009-01-31,SMAR.BR,,2009-01-31,Q1,60994500,43980750,17013750,3.585012122547939,0.0,0.0,0.0,0.0,6691250.0,60839250,1207250.0,2235250.0,2524250.0,24.163414875705655,155250.0,392.8792270531401,0.0,-918250.0,-66.42472093656411,-236500.0,-947000.0,-64.40813093980992,-0.275,-0.275,3541243.0,3541243.0,,
0,2008-09-31,SMAR.BR,,2008-09-31,Q3,66539750,47709750,18830000,3.5337095061072756,0.0,0.0,0.0,0.0,6902750.0,65296750,1518500.0,2660500.0,3804500.0,17.48974898146931,1243000.0,53.5315768302494,0.0,-652500.0,-101.97662835249042,227000.0,-1937000.0,-34.35196179659267,-0.55,-0.55,3566873.0,3566873.0,,
0,2008-06-31,SMAR.BR,,2008-06-31,Q2,66539750,47709750,18830000,3.5337095061072756,0.0,0.0,0.0,0.0,6902750.0,65296750,1518500.0,2660500.0,3804500.0,17.48974898146931,1243000.0,53.5315768302494,0.0,-652500.0,-101.97662835249042,227000.0,-1937000.0,-34.35196179659267,-0.55,-0.55,3566873.0,3566873.0,,
0,2008-03-31,SMAR.BR,,2008-03-31,Q1,66539750,47709750,18830000,3.5337095061072756,0.0,0.0,0.0,0.0,6902750.0,65296750,1518500.0,2660500.0,3804500.0,17.48974898146931,1243000.0,53.5315768302494,0.0,-652500.0,-101.97662835249042,227000.0,-1937000.0,-34.35196179659267,-0.55,-0.55,3566873.0,3566873.0,,
0,2008-01-31,SMAR.BR,,2008-01-31,Q1,66539750,47709750,18830000,3.5337095061072756,0.0,0.0,0.0,0.0,6902750.0,65296750,1518500.0,2660500.0,3804500.0,17.48974898146931,1243000.0,53.5315768302494,0.0,-652500.0,-101.97662835249042,227000.0,-1937000.0,-34.35196179659267,-0.55,-0.55,3566873.0,3566873.0,,
0,2007-09-31,SMAR.BR,,2007-09-31,Q3,73814000,51915250,21898750,3.370694674353559,0.0,0.0,0.0,0.0,8712750.0,72741750,1633000.0,3349250.0,4827000.0,15.291899730681584,1072250.0,68.84028911168105,0.0,-188500.0,-391.58620689655174,39000.0,-291000.0,-253.65635738831614,-0.075,-0.075,3661950.0,3661950.0,,
0,2007-06-31,SMAR.BR,,2007-06-31,Q2,73814000,51915250,21898750,3.370694674353559,0.0,0.0,0.0,0.0,8712750.0,72741750,1633000.0,3349250.0,4827000.0,15.291899730681584,1072250.0,68.84028911168105,0.0,-188500.0,-391.58620689655174,39000.0,-291000.0,-253.65635738831614,-0.075,-0.075,3661950.0,3661950.0,,
0,2007-03-31,SMAR.BR,,2007-03-31,Q1,73814000,51915250,21898750,3.370694674353559,0.0,0.0,0.0,0.0,8712750.0,72741750,1633000.0,3349250.0,4827000.0,15.291899730681584,1072250.0,68.84028911168105,0.0,-188500.0,-391.58620689655174,39000.0,-291000.0,-253.65635738831614,-0.075,-0.075,3661950.0,3661950.0,,
0,2007-01-31,SMAR.BR,,2007-01-31,Q1,73814000,51915250,21898750,3.370694674353559,0.0,0.0,0.0,0.0,8712750.0,72741750,1633000.0,3349250.0,4827000.0,15.291899730681584,1072250.0,68.84028911168105,0.0,-188500.0,-391.58620689655174,39000.0,-291000.0,-253.65635738831614,-0.075,-0.075,3661950.0,3661950.0,,
0,2006-09-31,SMAR.BR,,2006-09-31,Q3,79462250,54214000,25248250,3.1472379273811057,0.0,64750.0,0.0,0.0,11141500,78787500,1333250.0,3643250.0,5861250.0,13.557219023245894,674750.0,117.76546869210819,0.0,-381000.0,-208.56233595800524,373750.0,-2149500.0,-36.96778320539661,-0.6,-0.6,3661950.0,3661950.0,,
0,2006-06-31,SMAR.BR,,2006-06-31,Q2,79462250,54214000,25248250,3.1472379273811057,0.0,64750.0,0.0,0.0,11141500,78787500,1333250.0,3643250.0,5861250.0,13.557219023245894,674750.0,117.76546869210819,0.0,-381000.0,-208.56233595800524,373750.0,-2149500.0,-36.96778320539661,-0.6,-0.6,3661950.0,3661950.0,,
0,2006-03-31,SMAR.BR,,2006-03-31,Q1,79462250,54214000,25248250,3.1472379273811057,0.0,64750.0,0.0,0.0,11141500,78787500,1333250.0,3643250.0,5861250.0,13.557219023245894,674750.0,117.76546869210819,0.0,-381000.0,-208.56233595800524,373750.0,-2149500.0,-36.96778320539661,-0.6,-0.6,3661950.0,3661950.0,,
0,2006-01-31,SMAR.BR,,2006-01-31,Q1,79462250,54214000,25248250,3.1472379273811057,0.0,64750.0,0.0,0.0,11141500,78787500,1333250.0,3643250.0,5861250.0,13.557219023245894,674750.0,117.76546869210819,0.0,-381000.0,-208.56233595800524,373750.0,-2149500.0,-36.96778320539661,-0.6,-0.6,3661950.0,3661950.0,,
0,2005-09-31,SMAR.BR,,2005-09-31,Q3,81582000,53399750,28182250,2.894800805471529,0.0,0.0,0.0,0.0,12453750,81510500,1524500.0,4332000.0,4215500.0,19.35286442889337,71500.0,1141.006993006993,0.0,-3242750.0,-25.1582761544985,-88750.0,-4263250.0,-19.136105084149417,-1.175,-1.175,3661950.0,3661950.0,,
0,2005-06-31,SMAR.BR,,2005-06-31,Q2,81582000,53399750,28182250,2.894800805471529,0.0,0.0,0.0,0.0,12453750,81510500,1524500.0,4332000.0,4215500.0,19.35286442889337,71500.0,1141.006993006993,0.0,-3242750.0,-25.1582761544985,-88750.0,-4263250.0,-19.136105084149417,-1.175,-1.175,3661950.0,3661950.0,,
0,2005-03-31,SMAR.BR,,2005-03-31,Q1,81582000,53399750,28182250,2.894800805471529,0.0,0.0,0.0,0.0,12453750,81510500,1524500.0,4332000.0,4215500.0,19.35286442889337,71500.0,1141.006993006993,0.0,-3242750.0,-25.1582761544985,-88750.0,-4263250.0,-19.136105084149417,-1.175,-1.175,3661950.0,3661950.0,,
0,2005-01-31,SMAR.BR,,2005-01-31,Q1,81582000,53399750,28182250,2.894800805471529,0.0,0.0,0.0,0.0,12453750,81510500,1524500.0,4332000.0,4215500.0,19.35286442889337,71500.0,1141.006993006993,0.0,-3242750.0,-25.1582761544985,-88750.0,-4263250.0,-19.136105084149417,-1.175,-1.175,3661950.0,3661950.0,,
0,2004-09-31,SMAR.BR,,2004-09-31,Q3,182381250,0.0,0.0,0.0,0.0,12097250,0.0,0.0,70071750,88624500,651000.0,6455500.0,6954000.0,26.22681190681622,93756750,1.9452599412842275,0.0,-762000.0,-239.3454724409449,0.0,-967250.0,-188.55647454122513,-0.24537348266720785,-0.24537348266720785,3941950.0,3941950.0,,
0,2004-06-31,SMAR.BR,,2004-06-31,Q2,182381250,0.0,0.0,0.0,0.0,12097250,0.0,0.0,70071750,88624500,651000.0,6455500.0,6954000.0,26.22681190681622,93756750,1.9452599412842275,0.0,-762000.0,-239.3454724409449,0.0,-967250.0,-188.55647454122513,-0.24537348266720785,-0.24537348266720785,3941950.0,3941950.0,,
0,2004-03-31,SMAR.BR,,2004-03-31,Q1,182381250,0.0,0.0,0.0,0.0,12097250,0.0,0.0,70071750,88624500,651000.0,6455500.0,6954000.0,26.22681190681622,93756750,1.9452599412842275,0.0,-762000.0,-239.3454724409449,0.0,-967250.0,-188.55647454122513,-0.24537348266720785,-0.24537348266720785,3941950.0,3941950.0,,
0,2004-01-31,SMAR.BR,,2004-01-31,Q1,182381250,0.0,0.0,0.0,0.0,12097250,0.0,0.0,70071750,88624500,651000.0,6455500.0,6954000.0,26.22681190681622,93756750,1.9452599412842275,0.0,-762000.0,-239.3454724409449,0.0,-967250.0,-188.55647454122513,-0.24537348266720785,-0.24537348266720785,3941950.0,3941950.0,,
0,2003-09-31,SMAR.BR,,2003-09-31,Q3,192291750,0.0,0.0,0.0,0.0,12378750,0.0,0.0,78000750,90379500,856250.0,0.0,15266250,12.59587324981577,101912250,1.886836469609885,0.0,2902500.0,66.25038759689923,0.0,2256500.0,85.21681808109905,0.5724324255761742,0.5724324255761742,3941950.0,3941950.0,,
0,2003-06-31,SMAR.BR,,2003-06-31,Q2,192291750,0.0,0.0,0.0,0.0,12378750,0.0,0.0,78000750,90379500,856250.0,0.0,15266250,12.59587324981577,101912250,1.886836469609885,0.0,2902500.0,66.25038759689923,0.0,2256500.0,85.21681808109905,0.5724324255761742,0.5724324255761742,3941950.0,3941950.0,,
0,2003-03-31,SMAR.BR,,2003-03-31,Q1,192291750,0.0,0.0,0.0,0.0,12378750,0.0,0.0,78000750,90379500,856250.0,0.0,15266250,12.59587324981577,101912250,1.886836469609885,0.0,2902500.0,66.25038759689923,0.0,2256500.0,85.21681808109905,0.5724324255761742,0.5724324255761742,3941950.0,3941950.0,,
0,2003-01-31,SMAR.BR,,2003-01-31,Q1,192291750,0.0,0.0,0.0,0.0,12378750,0.0,0.0,78000750,90379500,856250.0,0.0,15266250,12.59587324981577,101912250,1.886836469609885,0.0,2902500.0,66.25038759689923,0.0,2256500.0,85.21681808109905,0.5724324255761742,0.5724324255761742,3941950.0,3941950.0,,
0,2002-09-31,SMAR.BR,,2002-09-31,Q3,194212000,0.0,0.0,0.0,0.0,12804250,0.0,0.0,71402000,90802750,767500.0,6596500.0,9722000.0,19.976548035383665,103409250,1.878091176563025,0.0,1779750.0,109.12319145947464,0.0,1348250.0,144.0474689412201,0.3420261545681706,0.3420261545681706,3941950.0,3941950.0,,
0,2002-06-31,SMAR.BR,,2002-06-31,Q2,194212000,0.0,0.0,0.0,0.0,12804250,0.0,0.0,71402000,90802750,767500.0,6596500.0,9722000.0,19.976548035383665,103409250,1.878091176563025,0.0,1779750.0,109.12319145947464,0.0,1348250.0,144.0474689412201,0.3420261545681706,0.3420261545681706,3941950.0,3941950.0,,
0,2002-03-31,SMAR.BR,,2002-03-31,Q1,194212000,0.0,0.0,0.0,0.0,12804250,0.0,0.0,71402000,90802750,767500.0,6596500.0,9722000.0,19.976548035383665,103409250,1.878091176563025,0.0,1779750.0,109.12319145947464,0.0,1348250.0,144.0474689412201,0.3420261545681706,0.3420261545681706,3941950.0,3941950.0,,
0,2002-01-31,SMAR.BR,,2002-01-31,Q1,194212000,0.0,0.0,0.0,0.0,12804250,0.0,0.0,71402000,90802750,767500.0,6596500.0,9722000.0,19.976548035383665,103409250,1.878091176563025,0.0,1779750.0,109.12319145947464,0.0,1348250.0,144.0474689412201,0.3420261545681706,0.3420261545681706,3941950.0,3941950.0,,
