,date,symbol,fillingDate,acceptedDate,period,revenue,costOfRevenue,grossProfit,grossProfitRatio,researchAndDevelopmentExpenses,generalAndAdministrativeExpenses,sellingAndMarketingExpenses,otherExpenses,operatingExpenses,costAndExpenses,interestExpense,depreciationAndAmortization,ebitda,ebitdaratio,operatingIncome,operatingIncomeRatio,totalOtherIncomeExpensesNet,incomeBeforeTax,incomeBeforeTaxRatio,incomeTaxExpense,netIncome,netIncomeRatio,eps,epsdiluted,weightedAverageShsOut,weightedAverageShsOutDil,link,finalLink
0,2020-06-30,BBX,2020-08-10 00:00:00,2020-08-10 16:31:55,Q2,94319000,64784000,29535000,0.3131394522842693,0.0,59327000,0.0,409000.0,-1525000.0,122586000,0.0,0.0,-18226000,-0.1932378417922158,-28267000,-0.3289263032898992,-2757000.0,-31024000,-0.3289263032898992,5627000.0,-35800000,-0.379562972465781,-1.96,-1.96,18298000,18298000,https://www.sec.gov/Archives/edgar/data/315858/000031585820000079/0000315858-20-000079-index.htm,https://www.sec.gov/Archives/edgar/data/315858/000031585820000079/c858-20200630x10q.htm
0,2020-03-31,BBX,2020-05-11 00:00:00,2020-05-11 16:28:06,Q1,204086000,90167000,113919000,0.5581911547092893,0.0,126853000,0.0,231000.0,-3512000.0,213508000,0.0,0.0,25485000,0.12487382770008722,-9422000.0,-0.17955665748752977,-27223000,-36645000,-0.17955665748752977,-5830000.0,-28310000,-0.1387160314769264,-1.55,-1.55,18297600,18297600,https://www.sec.gov/Archives/edgar/data/315858/000031585820000054/0000315858-20-000054-index.htm,https://www.sec.gov/Archives/edgar/data/315858/000031585820000054/c858-20200331x10q.htm
0,2019-12-31,BBX,2020-03-13 00:00:00,2020-03-13 08:22:52,Q4,219367000,73735000,145632000,0.6638737822917758,0.0,137176000,0.0,0.0,-1222000.0,209689000,11103000,0.0,16451000,0.07499304817953475,9678000.0,0.0464016921414798,501000.0,10179000,0.0464016921414798,1590000.0,5452000.0,0.024853327984610266,0.0,0.0,0.0,0.0,https://www.sec.gov/Archives/edgar/data/315858/000031585820000029/0000315858-20-000029-index.html,https://www.sec.gov/Archives/edgar/data/315858/000031585820000029/c858-20191231x10k.htm
0,2019-09-30,BBX,2019-11-01 00:00:00,2019-11-01 16:44:39,Q3,255114000,91708000,163406000,0.6405214923524385,0.0,148549000,0.0,0.0,-1821000.0,238436000,11870000,0.0,28167000,0.11040946400432748,16678000,0.161425872355104,24504000,41182000,0.161425872355104,14682000,22388000,0.08775684595906144,1.2,1.2,18517400,18811800,https://www.sec.gov/Archives/edgar/data/315858/000031585819000101/0000315858-19-000101-index.html,https://www.sec.gov/Archives/edgar/data/315858/000031585819000101/c858-20190930x10q.htm
0,2019-06-30,BBX,2019-08-07 00:00:00,2019-08-07 08:01:41,Q2,251333000,90343000,160990000,0.6405446161069179,0.0,177968000,0.0,0.0,-1424000.0,266887000,11661000,0.0,-6571000.0,-0.026144597008749347,-15554000,-0.03565787222529473,6592000.0,-8962000.0,-0.03565787222529473,-1338000.0,-11648000,-0.04634488905157699,-0.6,-0.6,18641400,18641400,https://www.sec.gov/Archives/edgar/data/315858/000031585819000063/0000315858-19-000063-index.html,https://www.sec.gov/Archives/edgar/data/315858/000031585819000063/c858-20190630x10q.htm
0,2019-03-31,BBX,2019-05-06 00:00:00,2019-05-06 16:32:01,Q1,221057000,93033000,128024000,0.5791447454728871,0.0,121993000,0.0,0.0,-961000.0,214065000,11148000,0.0,14480000,0.06550346743147695,6992000.0,0.028779907444686212,-630000.0,6362000.0,0.028779907444686212,1724000.0,1499000.0,0.006781056469598339,0.1,0.1,18644000,18897400,https://www.sec.gov/Archives/edgar/data/315858/000031585819000033/0000315858-19-000033-index.html,https://www.sec.gov/Archives/edgar/data/315858/000031585819000033/c858-20190331x10q.htm
0,2018-12-31,BBX,2019-03-12 00:00:00,2019-03-12 16:40:33,Q4,231901000,89973000,141928000,0.6120197843045092,0.0,127451000,0.0,0.0,-1367000.0,216057000,11206000,0.0,26597000,0.11469118287545116,15844000,0.10913708867145894,9465000.0,25309000,0.10913708867145894,9642000.0,11300000,0.048727689833161565,0.0,0.0,0.0,0.0,https://www.sec.gov/Archives/edgar/data/315858/000031585819000023/0000315858-19-000023-index.html,https://www.sec.gov/Archives/edgar/data/315858/000031585819000023/c858-20181231x10k.htm
0,2018-09-30,BBX,2018-11-06 00:00:00,2018-11-06 17:11:08,Q3,254403000,92819000,161584000,0.6351497427310212,0.0,143558000,0.0,0.0,-443000.0,235934000,11130000,0.0,25265000,0.09931093579871307,18469000,0.07361155332287748,258000.0,18727000,0.07361155332287748,6742000.0,6179000.0,0.024288235594706036,0.35,0.3,18638600,19315200,https://www.sec.gov/Archives/edgar/data/315858/000031585818000110/0000315858-18-000110-index.html,https://www.sec.gov/Archives/edgar/data/315858/000031585818000110/bbx-20180930x10q.htm
0,2018-06-30,BBX,2018-08-06 00:00:00,2018-08-06 16:49:43,Q2,243226000,81921000,161305000,0.6631897905651534,0.0,141563000,0.0,0.0,-1981000.0,221503000,10403000,0.0,27716000,0.11395163346023862,21723000,0.08672592568228725,-629000.0,21094000,0.08672592568228725,8655000.0,6481000.0,0.026646000016445612,0.35,0.35,18878000,19555800,https://www.sec.gov/Archives/edgar/data/315858/000031585818000073/0000315858-18-000073-index.html,https://www.sec.gov/Archives/edgar/data/315858/000031585818000073/c858-20180630x10q.htm
0,2018-03-31,BBX,2018-05-08 00:00:00,2018-05-08 16:44:48,Q1,213972000,76297000,137675000,0.6434253079842223,0.0,125356000,0.0,0.0,-4813000.0,196840000,9191000.0,0.0,19259000,0.09000710373319874,17132000,0.10422859065672144,5170000.0,22302000,0.10422859065672144,6600000.0,11142000,0.052072233750210306,0.55,0.55,19930400,20525600,https://www.sec.gov/Archives/edgar/data/315858/000031585818000056/0000315858-18-000056-index.html,https://www.sec.gov/Archives/edgar/data/315858/000031585818000056/c858-20180331x10q.htm
0,2017-12-31,BBX,2018-03-09 00:00:00,2018-03-09 17:17:42,Q4,214529000,61418000,153111000,0.7137077038535583,0.0,139590000,0.0,0.0,-1397000.0,199611000,7628000.0,0.0,24864000,0.11590041439618887,14918000,0.0731229810421901,769000.0,15687000,0.0731229810421901,-37251000,44003000,0.20511446004969025,0.0,0.0,0.0,0.0,https://www.sec.gov/Archives/edgar/data/315858/000031585818000018/0000315858-18-000018-index.html,https://www.sec.gov/Archives/edgar/data/315858/000031585818000018/c858-20171231x10k.htm
0,2017-09-30,BBX,2017-11-06 00:00:00,2017-11-06 16:26:17,Q3,226297000,62928000,163369000,0.721922959650371,0.0,148536000,0.0,-87000.0,-2005000.0,209459000,9480000.0,0.0,23155000,0.10232128574395595,16838000,0.08699187351135897,2848000.0,19686000,0.08699187351135897,8195000.0,8235000.0,0.03639023053774464,0.4,0.4,19614600,21204200,https://www.sec.gov/Archives/edgar/data/315858/000031585817000085/0000315858-17-000085-index.html,https://www.sec.gov/Archives/edgar/data/315858/000031585817000085/c858-20170930x10q.htm
0,2017-06-30,BBX,2017-08-08 00:00:00,2017-08-08 16:55:12,Q2,200982000,47111000,153871000,0.7655959240130957,0.0,135804000,0.0,326000.0,-999000.0,181916000,9273000.0,0.0,23145000,0.11515956652834582,19066000,0.1207819605735837,5209000.0,24275000,0.1207819605735837,8779000.0,12081000,0.06010986058452996,0.6,0.55,19648000,21234600,https://www.sec.gov/Archives/edgar/data/315858/000031585817000046/0000315858-17-000046-index.html,https://www.sec.gov/Archives/edgar/data/315858/000031585817000046/c858-20170630x10q.htm
0,2017-03-31,BBX,2017-05-09 00:00:00,2017-05-09 14:57:28,Q1,171531000,47278000,124253000,0.7243763517964683,0.0,114195000,0.0,-175000.0,-3094000.0,158379000,8824000.0,0.0,-662000.0,-0.0038593606986492236,13152000,0.1966116911811859,20573000,33725000,0.1966116911811859,13054000,17875000,0.104208568713527,0.9,0.85,19784200,21173200,https://www.sec.gov/Archives/edgar/data/315858/000031585817000022/0000315858-17-000022-index.html,https://www.sec.gov/Archives/edgar/data/315858/000031585817000022/c858-20170331x10q.htm
0,2016-12-31,BBX,2017-03-15 00:00:00,2017-03-14 17:34:28,Q4,191079000,55148000,135931000,0.7113863899224928,0.0,128914000,0.0,1389000.0,-1529000.0,182533000,7715000.0,0.0,5540000.0,0.02899324363221495,8546000.0,0.10874036393324227,12232000,20778000,0.10874036393324227,12522000,4861000.0,0.025439739584151057,1.059786,0.25,19605845,19605845,https://www.sec.gov/Archives/edgar/data/315858/000031585817000008/0000315858-17-000008-index.html,https://www.sec.gov/Archives/edgar/data/315858/000031585817000008/c858-20161231x10k.htm
0,2016-09-30,BBX,2016-11-08 00:00:00,2016-11-08 17:07:32,Q3,208236000,49075000,159161000,0.7643298949269098,0.0,133584000,0.0,1459000.0,-10944000,171715000,9517000.0,0.0,36486000,0.17521466028928714,36521000,0.20407134213104364,5974000.0,42495000,0.20407134213104364,19118000,17775000,0.08535988013599954,1.05,1.05,17172800,17314600,https://www.sec.gov/Archives/edgar/data/315858/000031585816000125/0000315858-16-000125-index.html,https://www.sec.gov/Archives/edgar/data/315858/000031585816000125/bfcf-20160930x10q.htm
0,2016-06-30,BBX,2016-08-09 00:00:00,2016-08-09 12:09:06,Q2,192965000,54940000,138025000,0.7152851553390511,0.0,142204000,0.0,189000.0,-6287000.0,190857000,9738000.0,0.0,3757000.0,0.01946985204570777,2108000.0,0.011934806830254191,195000.0,2303000.0,0.011934806830254191,-368000.0,244000.0,0.0012644780141476434,0.014195,0.014162,17189200,17229000,https://www.sec.gov/Archives/edgar/data/315858/000031585816000108/0000315858-16-000108-index.html,https://www.sec.gov/Archives/edgar/data/315858/000031585816000108/bfcf-20160630x10q.htm
0,2016-03-31,BBX,2016-05-06 00:00:00,2016-05-06 17:10:33,Q1,165639000,43040000,122599000,0.740157813075423,0.0,112055000,0.0,263000.0,-1748000.0,153347000,9067000.0,0.0,12045000,0.0727183815405792,12292000,0.07522383013662241,168000.0,12460000,0.07522383013662241,5107000.0,5482000.0,0.03309607036990081,0.3,0.3,17367800,17402600,https://www.sec.gov/Archives/edgar/data/315858/000031585816000099/0000315858-16-000099-index.html,https://www.sec.gov/Archives/edgar/data/315858/000031585816000099/bfcf-20160331x10q.htm
0,2015-12-31,BBX,2016-03-15 00:00:00,2016-03-15 15:30:42,Q4,168813000,47309000,121504000,0.7197549951721728,0.0,122332000,0.0,630000.0,1399000.0,171040000,10624000,0.0,-31433000,-0.18620011492005947,-2227000.0,0.15258895938109032,27986000,25759000,0.15258895938109032,935000.0,19935000,0.118089246681239,1.178779,1.15,16911571,17334783,https://www.sec.gov/Archives/edgar/data/315858/000031585816000090/0000315858-16-000090-index.html,https://www.sec.gov/Archives/edgar/data/315858/000031585816000090/bfcf-20151231x10k.htm
0,2015-09-30,BBX,2015-11-16 00:00:00,2015-11-16 16:20:03,Q3,199291000,47283000,152008000,0.762743927222002,0.0,132324000,0.0,1205000.0,-4427000.0,175180000,9261000.0,0.0,24385000,0.12235876181061864,24111000,0.12486263805189396,773000.0,24884000,0.12486263805189396,4213000.0,16358000,0.08208097706369079,0.95,0.95,17404600,17434800,https://www.sec.gov/Archives/edgar/data/315858/000031585815000080/0000315858-15-000080-index.html,https://www.sec.gov/Archives/edgar/data/315858/000031585815000080/bfcf-20150930x10q.htm
0,2015-06-30,BBX,2015-08-07 00:00:00,2015-08-07 17:12:59,Q2,190971000,48227000,142744000,0.7474642746804488,0.0,114226000,0.0,1114000.0,-6608000.0,155845000,9903000.0,0.0,70816000,0.37082070052521066,35126000,0.0013562268616700965,-34867000,259000.0,0.0013562268616700965,-90353000,84295000,0.441402097700698,4.85,4.85,17418600,17457200,https://www.sec.gov/Archives/edgar/data/315858/000031585815000040/0000315858-15-000040-index.html,https://www.sec.gov/Archives/edgar/data/315858/000031585815000040/bfcf-20150630x10q.htm
0,2015-03-31,BBX,2015-05-08 00:00:00,2015-05-08 16:59:06,Q1,149893000,44158000,105735000,0.7054031876071598,0.0,97782000,0.0,1248000.0,-3821000.0,138119000,10656000,0.0,10711000,0.07145763978304524,11774000,0.09193891642705129,2007000.0,13781000,0.09193891642705129,8609000.0,1886000.0,0.012582308713548998,0.1,0.1,17427200,17466400,https://www.sec.gov/Archives/edgar/data/315858/000031585815000023/0000315858-15-000023-index.html,https://www.sec.gov/Archives/edgar/data/315858/000031585815000023/bfcf-20150331x10q.htm
0,2014-12-31,BBX,2015-03-16,2015-03-16 16:32:13,Q4,162001000,49284000,112717000,0.6957796556811378,0.0,115376000,0.0,2456000.0,-4517000.0,160143000,11640000,0.0,1103000.0,0.006808599946913908,1858000.0,0.027752915105462312,2638000.0,4496000.0,0.027752915105462312,5492000.0,-2374000.0,-0.014654230529441176,-0.142198,-0.2,16695023,16695023,https://www.sec.gov/Archives/edgar/data/315858/000031585815000009/bfcf-20141231x10k.htm,https://www.sec.gov/Archives/edgar/data/315858/000031585815000009/bfcf-20141231x10k.htm
0,2014-09-30,BBX,2014-11-10 00:00:00,2014-11-10 15:52:09,Q3,184494000,48337000,136157000,0.7380023198586404,0.0,113038000,0.0,243000.0,656000.0,162031000,10785000,0.0,27358000,0.14828666514900213,22463000,0.09653972486910144,-4652000.0,17811000,0.09653972486910144,11136000,3828000.0,0.020748642232267717,0.238122,0.238122,16075773,16075773,https://www.sec.gov/Archives/edgar/data/315858/000031585814000059/0000315858-14-000059-index.html,https://www.sec.gov/Archives/edgar/data/315858/000031585814000059/bfcf-20140930x10q.htm
0,2014-06-30,BBX,2014-08-08 00:00:00,2014-08-08 17:07:08,Q2,169393000,46792000,122601000,0.7237666255394261,0.0,103299000,0.0,811000.0,-2046000.0,148045000,12300000,0.0,17328000,0.10229466388811816,21348000,0.15454593755349985,4831000.0,26179000,0.15454593755349985,11447000,9260000.0,0.054665777216295834,0.584945,0.55,15830556,16836364,https://www.sec.gov/Archives/edgar/data/921768/000092176814000036/0000921768-14-000036-index.html,https://www.sec.gov/Archives/edgar/data/921768/000092176814000036/bbx-20140630x10q.htm
0,2014-03-31,BBX,2014-05-12 00:00:00,2014-05-12 16:10:27,Q1,150771000,45049000,105722000,0.7012091184644261,0.0,90986000,0.0,754000.0,-1248000.0,134787000,12677000,0.0,17352000,0.11508844539069184,15984000,0.10194268128486247,-614000.0,15370000,0.10194268128486247,8782000.0,3136000.0,0.020799755921231535,0.199398,0.199398,15727344,15727344,https://www.sec.gov/Archives/edgar/data/315858/000031585814000020/0000315858-14-000020-index.html,https://www.sec.gov/Archives/edgar/data/315858/000031585814000020/bfcf-20140331x10q.htm
0,2013-12-31,BBX,2014-03-17,2014-03-17 15:53:10,Q4,158714000,42258000,116456000,0.7337474954950414,0.0,104317000,0.0,-535000.0,-38298000,108277000,12682000,0.0,48510000,0.3056441145708633,50437000,0.32703479214184006,1468000.0,51905000,0.32703479214184006,1700000.0,23720000,0.1494512141335988,0.0,0.0,0.0,0.0,https://www.sec.gov/Archives/edgar/data/315858/000031585814000005/bfcf-20131231x10k.htm,https://www.sec.gov/Archives/edgar/data/315858/000031585814000005/bfcf-20131231x10k.htm
0,2013-09-30,BBX,2013-11-14 00:00:00,2013-11-14 13:48:18,Q3,150822000,35639000,115183000,0.7637015819973213,0.0,93849000,0.0,570000.0,-5831000.0,123657000,12131000,0.0,26180000,0.1735821034066648,27165000,0.19042314781663153,1555000.0,28720000,0.19042314781663153,11552000,9603000.0,0.06367108246807494,0.6,0.55,16657400,16940600,https://www.sec.gov/Archives/edgar/data/315858/000031585813000041/0000315858-13-000041-index.html,https://www.sec.gov/Archives/edgar/data/315858/000031585813000041/bfcf-20130930x10q.htm
0,2013-06-30,BBX,2013-08-14 00:00:00,2013-08-14 14:31:44,Q2,128509000,33400000,95109000,0.7400960244029601,0.0,88442000,0.0,329000.0,-111000.0,121731000,13306000,0.0,7567000.0,0.058883035429425176,6778000.0,0.04916387179108078,-460000.0,6318000.0,0.04916387179108078,5540000.0,-1702000.0,-0.013244208576831194,-0.1,-0.1,15543000,15543000,https://www.sec.gov/Archives/edgar/data/315858/000031585813000026/0000315858-13-000026-index.html,https://www.sec.gov/Archives/edgar/data/315858/000031585813000026/bfcf-20130630x10q.htm
0,2013-03-31,BBX,2013-04-01 00:00:00,2013-04-01 16:43:14,Q1,118990000,31593000,87397000,0.7344902933019581,0.0,76722000,0.0,368000.0,375000.0,108690000,12502000,0.0,10403000,0.08742751491721994,10300000,0.08878897386334986,265000.0,10565000,0.08878897386334986,7577000.0,-2558000.0,-0.02149760484074292,-0.15,-0.15,15513600,16819400,https://www.sec.gov/Archives/edgar/data/315858/000031585813000007/0000315858-13-000007-index.html,https://www.sec.gov/Archives/edgar/data/315858/000031585813000007/bfcb-20121231x10k.htm
0,2012-12-31,BBX,2013-04-01 00:00:00,2013-04-01 16:43:14,Q4,166436000,0.0,0.0,0.0,0.0,114577000,0.0,41343000,0.0,0.0,11565000,0.0,-91072000,-0.547189310005047,-3528000.0,-0.02119733711456656,0.0,-3528000.0,-0.02119733711456656,1595000.0,-15074000,-0.090569347977601,0.0,0.0,0.0,0.0,https://www.sec.gov/Archives/edgar/data/315858/000031585813000007/0000315858-13-000007-index.html,https://www.sec.gov/Archives/edgar/data/315858/000031585813000007/bfcb-20121231x10k.htm
0,2012-09-30,BBX,2012-11-14 00:00:00,2012-11-14 18:47:59,Q3,116145000,0.0,0.0,0.0,0.0,82271000,92000.0,-9307000.0,0.0,0.0,14821000,0.0,25479000,0.21937233630375824,18581000,0.15998105816005856,0.0,18581000,0.15998105816005856,6923000.0,158130000,1.3614877954281286,10.25,10.0,15427000,15821800,https://www.sec.gov/Archives/edgar/data/315858/000031585812000010/0000315858-12-000010-index.html,https://www.sec.gov/Archives/edgar/data/315858/000031585812000010/bfcf-20120930x10q.htm
0,2012-06-30,BBX,2012-08-14 00:00:00,2012-08-14 16:22:07,Q2,108756000,0.0,0.0,0.0,0.0,68008000,130000.0,-29875000,0.0,0.0,16668000,0.0,34295000,0.31533892382948986,44259000,0.4184872558755379,0.0,45513000,0.4184872558755379,10813000,25679000,0.23611570855860825,1.6,1.6,15427000,15764000,https://www.sec.gov/Archives/edgar/data/315858/000119312512355667/0001193125-12-355667-index.html,https://www.sec.gov/Archives/edgar/data/315858/000119312512355667/d352599d10q.htm
0,2012-03-31,BBX,2012-05-15,2012-05-15 16:37:48,Q1,88452000,0.0,0.0,0.0,0.0,76969000,153000.0,0.0,0.0,0.0,16910000,0.0,20872000,0.23596979152534708,-104000.0,-0.0011757789535567313,0.0,-104000.0,-0.0011757789535567313,5201000.0,-2720000.0,-0.030751141862252973,-0.2,-0.2,15427000,15497800,https://www.sec.gov/Archives/edgar/data/315858/000119312512234783/d352447d10q.htm,https://www.sec.gov/Archives/edgar/data/315858/000119312512234783/d352447d10q.htm
0,2011-12-31,BBX,2012-03-30 00:00:00,2012-03-30 17:29:23,Q4,120768000,0.0,0.0,0.0,0.0,72376000,1608000.0,0.0,0.0,0.0,20374000,0.0,12068000,0.0999271330153683,0.0,0.07872946475887653,0.0,9508000.0,0.07872946475887653,6868000.0,83000.0,0.0006872681505034447,0.0,0.0,0.0,0.0,https://www.sec.gov/Archives/edgar/data/315858/000119312512144075/0001193125-12-144075-index.html,https://www.sec.gov/Archives/edgar/data/315858/000119312512144075/d264321d10k.htm
0,2011-09-30,BBX,2011-11-14 00:00:00,2011-11-14 17:10:00,Q3,151227000,0.0,0.0,0.0,0.0,80758000,1587000.0,0.0,0.0,0.0,22533000,0.0,27211000,0.17993480000264503,8318000.0,0.055003405476535275,0.0,8318000.0,0.055003405476535275,5424000.0,-1804000.0,-0.011929086737156725,-0.15,-0.15,15076200,15076200,https://www.sec.gov/Archives/edgar/data/315858/000119312511311369/0001193125-11-311369-index.html,https://www.sec.gov/Archives/edgar/data/315858/000119312511311369/d255546d10q.htm
0,2011-06-30,BBX,2011-08-15 00:00:00,2011-08-15 13:20:16,Q2,293811000,0.0,0.0,0.0,0.0,78556000,1523000.0,0.0,0.0,0.0,24665000,0.0,71091000,0.24196166923634582,155375000,0.12444394525732529,0.0,36563000,0.12444394525732529,6520000.0,-6938000.0,-0.02361381976849063,-0.5,-0.5,15076200,15076200,https://www.sec.gov/Archives/edgar/data/315858/000095012311077373/0000950123-11-077373-index.html,https://www.sec.gov/Archives/edgar/data/315858/000095012311077373/g26202e10vq.htm
0,2011-03-31,BBX,2011-04-08 00:00:00,2011-04-08 16:56:35,Q1,128937000,0.0,0.0,0.0,0.0,78867000,1695000.0,0.0,0.0,0.0,27152000,0.0,13692000,0.10619139579794784,-10533000,-0.08169105842388143,0.0,-10533000,-0.08169105842388143,1793000.0,-2611000.0,-0.02025019970993586,-0.2,-0.2,15076200,15076200,https://www.sec.gov/Archives/edgar/data/315858/000095012311034226/0000950123-11-034226-index.html,https://www.sec.gov/Archives/edgar/data/315858/000095012311034226/g26703e10vk.htm
0,2010-12-31,BBX,2011-04-08,2011-04-08 16:56:35,Q4,135344000,0.0,0.0,0.0,0.0,101955000,2389000.0,0.0,0.0,0.0,28899000,0.0,-34888000,-0.25777278638136897,-56831000,-0.41990040193876343,0.0,-56831000,-0.41990040193876343,5300000.0,-39211000,-0.28971361863104383,0.0,0.0,0.0,0.0,https://www.sec.gov/Archives/edgar/data/315858/000095012311034226/g26703e10vk.htm,https://www.sec.gov/Archives/edgar/data/315858/000095012311034226/g26703e10vk.htm
0,2010-09-30,BBX,2010-11-15 00:00:00,2010-11-15 17:28:50,Q3,150429000,0.0,0.0,0.0,0.0,95050000,2026000.0,0.0,0.0,0.0,33973000,0.0,-363000.0,-0.002413098538180803,-39857000,-0.2649555604305021,0.0,-39857000,-0.2649555604305021,-996000.0,-27622000,-0.18362150915049624,-1.85,-1.85,15076200,15076200,https://www.sec.gov/Archives/edgar/data/921768/000095012310105861/0000950123-10-105861-index.html,https://www.sec.gov/Archives/edgar/data/921768/000095012310105861/g25275e10vq.htm
0,2010-06-30,BBX,2010-08-16 00:00:00,2010-08-16 16:38:58,Q2,153296000,0.0,0.0,0.0,0.0,91243000,2239000.0,0.0,0.0,0.0,30020000,0.0,-12862000,-0.08390303726124622,-45517000,-0.2969222941237867,0.0,-45517000,-0.2969222941237867,392000.0,-16180000,-0.10554743763698987,-1.1,-1.1,15075800,15075800,https://www.sec.gov/Archives/edgar/data/315858/000095012310078063/0000950123-10-078063-index.html,https://www.sec.gov/Archives/edgar/data/315858/000095012310078063/g24378e10vq.htm
0,2010-03-31,BBX,2010-04-13 00:00:00,2010-04-12 21:26:52,Q1,121159000,0.0,0.0,0.0,0.0,83508000,1944000.0,0.0,0.0,0.0,31775000,0.0,-11062000,-0.09130151288802317,-39842000,-0.3288406143992605,0.0,-39842000,-0.3288406143992605,-4591000.0,-20835000,-0.17196411327264174,-1.4,-1.4,15075200,15075200,https://www.sec.gov/Archives/edgar/data/315858/000095012310034169/0000950123-10-034169-index.html,https://www.sec.gov/Archives/edgar/data/315858/000095012310034169/g22858e10vk.htm
0,2009-12-31,BBX,2010-03-19 00:00:00,2010-03-19 17:23:16,Q4,106486000,0.0,0.0,0.0,0.0,72539000,2286000.0,-172448000,0.0,0.0,20294000,0.0,-194897000,-1.830259376819488,85139000,0.16889544165430198,0.0,17985000,0.16889544165430198,-67221000,103045000,0.967685892981237,0.0,0.0,0.0,0.0,https://www.sec.gov/Archives/edgar/data/921768/000095012310026443/0000950123-10-026443-index.html,https://www.sec.gov/Archives/edgar/data/921768/000095012310026443/g22567e10vk.htm
0,2009-09-30,BBX,2009-11-09 00:00:00,2009-11-09 17:09:41,Q3,73392000,0.0,0.0,0.0,0.0,37972000,1549000.0,0.0,0.0,0.0,20125000,0.0,-67345000,-0.9176068236320035,-97206000,-1.3244767822105952,0.0,-97206000,-1.3244767822105952,3000.0,-54012000,-0.735938521909745,-5.45,-5.45,9901800.0,9901800.0,https://www.sec.gov/Archives/edgar/data/921768/000095012309060289/0000950123-09-060289-index.html,https://www.sec.gov/Archives/edgar/data/921768/000095012309060289/g21154e10vq.htm
0,2009-06-30,BBX,2009-08-10 00:00:00,2009-08-10 16:38:52,Q2,69906000,0.0,0.0,0.0,0.0,39976000,1979000.0,0.0,0.0,0.0,24561000,0.0,-13840000,-0.1979801447658284,-39526000,-0.565416416330501,0.0,-39526000,-0.565416416330501,0.0,-12909000,-0.18466226075015021,-1.45,-1.45,9025200.0,9025200.0,https://www.sec.gov/Archives/edgar/data/921768/000095012309032950/0000950123-09-032950-index.html,https://www.sec.gov/Archives/edgar/data/921768/000095012309032950/g20128e10vq.htm
0,2009-03-31,BBX,2009-05-11 00:00:00,2009-05-11 16:09:15,Q1,73462000,0.0,0.0,0.0,0.0,44173000,2832000.0,0.0,0.0,0.0,27548000,0.0,291000.0,0.003961231657183306,-81367000,-0.45238354523427077,0.0,-33233000,-0.45238354523427077,0.0,-10403000,-0.14161062862432278,-1.15,-1.15,9022800.0,9022800.0,https://www.sec.gov/Archives/edgar/data/921768/000095014409004173/0000950144-09-004173-index.html,https://www.sec.gov/Archives/edgar/data/921768/000095014409004173/g19055e10vq.htm
0,2008-12-31,BBX,2009-03-16 00:00:00,2009-03-16 17:26:44,Q4,73839000,0.0,0.0,0.0,0.0,-405000.0,4348000.0,0.0,0.0,0.0,36053000,0.0,164517000,2.228050217364807,-159676000,0.09998781131922155,0.0,7383000.0,0.09998781131922155,62876000,-53320000,-0.7221116212299733,0.0,0.0,0.0,0.0,https://www.sec.gov/Archives/edgar/data/921768/000095014409002273/0000950144-09-002273-index.html,https://www.sec.gov/Archives/edgar/data/921768/000095014409002273/g18116e10vk.htm
0,2008-09-30,BBX,2008-11-10 00:00:00,2008-11-10 17:23:06,Q3,93328000,0.0,0.0,0.0,0.0,48117000,3430000.0,0.0,0.0,0.0,36468000,0.0,16937000,0.18147822732727584,-73252000,-0.19714340819475398,0.0,-18399000,-0.19714340819475398,-12642000,5209000.0,0.055813903651637235,0.55,0.55,9020400.0,9020400.0,https://www.sec.gov/Archives/edgar/data/315858/000095014408008427/0000950144-08-008427-index.html,https://www.sec.gov/Archives/edgar/data/315858/000095014408008427/g16495e10vq.htm
0,2008-06-30,BBX,2008-08-11 00:00:00,2008-08-11 17:23:16,Q2,94418000,0.0,0.0,0.0,0.0,39187000,3662000.0,0.0,0.0,0.0,34968000,0.0,4264000.0,0.04516088034061302,-43108000,-0.21667478658730327,0.0,-20458000,-0.21667478658730327,-15409000,-4917000.0,-0.05207693448283166,-0.6,-0.6,9022400.0,9022400.0,https://www.sec.gov/Archives/edgar/data/315858/000095014408006358/0000950144-08-006358-index.html,https://www.sec.gov/Archives/edgar/data/315858/000095014408006358/g14690e10vq.htm
0,2008-03-31,BBX,2008-05-12 00:00:00,2008-05-12 17:16:49,Q1,75313000,0.0,0.0,0.0,0.0,40050000,4895000.0,0.0,0.0,0.0,43681000,0.0,23151000,0.3073971293136643,-53418000,-0.3355064862639916,0.0,-25268000,-0.3355064862639916,-19062000,-5871000.0,-0.07795466918061955,-0.65,-0.65,9020600.0,9020600.0,https://www.sec.gov/Archives/edgar/data/315858/000095014408004026/0000950144-08-004026-index.html,https://www.sec.gov/Archives/edgar/data/315858/000095014408004026/g13404e10vq.htm
0,2007-12-31,BBX,2008-03-17,2008-03-17 17:30:48,Q4,98380000,0.0,0.0,0.0,0.0,-49680000,5659000.0,0.0,0.0,0.0,51363000,0.0,42453000,0.4315206342752592,-32010000,-0.17386663956088635,0.0,-17105000,-0.17386663956088635,-12869000,-1725000.0,-0.017534051636511488,0.0,0.0,0.0,0.0,https://www.sec.gov/Archives/edgar/data/315858/000095014408002041/g12254e10vk.htm,https://www.sec.gov/Archives/edgar/data/315858/000095014408002041/g12254e10vk.htm
0,2007-09-30,BBX,2007-11-09 00:00:00,2007-11-09 15:38:37,Q3,213117000,0.0,0.0,0.0,0.0,72396000,4276000.0,0.0,0.0,0.0,51100000,0.0,-3797000.0,-0.017816504549144366,-228966000,-0.30301665282450485,0.0,-64578000,-0.30301665282450485,-39248000,-25247000,-0.1184654438641685,-2.95,-2.95,8588400.0,8588400.0,https://www.sec.gov/Archives/edgar/data/921768/000095014407010223/0000950144-07-010223-index.html,https://www.sec.gov/Archives/edgar/data/921768/000095014407010223/g10480e10vq.htm
0,2007-06-30,BBX,2007-08-09 00:00:00,2007-08-09 16:52:46,Q2,226745000,0.0,0.0,0.0,0.0,78244000,4209000.0,0.0,0.0,0.0,47824000,0.0,27151000,0.11974244195020839,-59980000,-0.09117290348188493,0.0,-20673000,-0.09117290348188493,-17774000,-2914000.0,-0.012851441046109064,-0.45,-0.45,6690200.0,6690200.0,https://www.sec.gov/Archives/edgar/data/315858/000095014407007607/0000950144-07-007607-index.html,https://www.sec.gov/Archives/edgar/data/315858/000095014407007607/g08918e10vq.htm
0,2007-03-31,BBX,2007-05-10 00:00:00,2007-05-10 17:18:09,Q1,233632000,0.0,0.0,0.0,0.0,82337000,5858000.0,0.0,0.0,0.0,46230000,0.0,44548000,0.19067593480345157,0.0,-0.007199356252568141,0.0,-1682000.0,-0.007199356252568141,-102000.0,-527000.0,-0.002255684152855773,-0.1,-0.1,6688800.0,6688800.0,https://www.sec.gov/Archives/edgar/data/921768/000095014407004640/0000950144-07-004640-index.html,https://www.sec.gov/Archives/edgar/data/921768/000095014407004640/g07283e10vq.htm
0,2006-12-31,BBX,2007-03-16,2007-03-16 17:09:40,Q4,115083000,0.0,0.0,0.0,0.0,1026000.0,6083000.0,0.0,0.0,0.0,42115000,0.0,48161000,0.41848926427013544,-4369000.0,-0.02614634654988139,0.0,-3009000.0,-0.02614634654988139,-3818000.0,-715000.0,-0.006212907206103421,0.0,0.0,0.0,0.0,https://www.sec.gov/Archives/edgar/data/315858/000095014407002350/g06100e10vk.htm,https://www.sec.gov/Archives/edgar/data/315858/000095014407002350/g06100e10vk.htm
0,2006-09-30,BBX,2006-11-09,2006-11-09 16:49:52,Q3,276735000,0.0,0.0,0.0,0.0,105431000,10383000,0.0,0.0,0.0,46411000,0.0,53104000,0.1918947729777585,3679000.0,-0.0022729325889388765,0.0,-629000.0,-0.0022729325889388765,539000.0,-1168000.0,-0.00422064429869731,-0.2,-0.2,6685400.0,6685400.0,https://www.sec.gov/Archives/edgar/data/315858/000095014406010634/g03563e10vq.htm,https://www.sec.gov/Archives/edgar/data/315858/000095014406010634/g03563e10vq.htm
0,2006-06-30,BBX,2006-08-09,2006-08-09 16:22:51,Q2,279790000,0.0,0.0,0.0,0.0,103999000,8644000.0,0.0,0.0,0.0,39249000,0.0,47450000,0.16959147932377855,7457000.0,0.006090281997212195,0.0,1704000.0,0.006090281997212195,1777000.0,-73000.0,-0.0002609099681904285,-0.05,-0.05,6684400.0,6684400.0,https://www.sec.gov/Archives/edgar/data/315858/000095014406007667/g02882e10vq.htm,https://www.sec.gov/Archives/edgar/data/315858/000095014406007667/g02882e10vq.htm
0,2006-03-31,BBX,2006-05-10,2006-05-10 16:40:27,Q1,267299000,0.0,0.0,0.0,0.0,119047000,9957000.0,0.0,0.0,0.0,38833000,0.0,48513000,0.18149338381363192,5412000.0,0.002652460353387031,0.0,709000.0,0.002652460353387031,974000.0,-265000.0,-0.0009913991447779453,-0.05,-0.05,6538400.0,6538400.0,https://www.sec.gov/Archives/edgar/data/315858/000095014406004818/g01499e10vq.htm,https://www.sec.gov/Archives/edgar/data/315858/000095014406004818/g01499e10vq.htm
0,2005-12-31,BBX,2006-03-30 00:00:00,2006-03-30 06:20:53,Q4,270879000,0.0,0.0,0.0,0.0,95218000,11701000,0.0,0.0,0.0,45876000,0.0,55356000,0.20435692689355764,11631000,0.022703864086917037,0.0,6150000.0,0.022703864086917037,5384000.0,3586000.0,0.013238383189542194,0.0,0.0,0.0,0.0,https://www.sec.gov/Archives/edgar/data/315858/000095014406002899/0000950144-06-002899-index.html,https://www.sec.gov/Archives/edgar/data/315858/000095014406002899/g00290e10vk.htm
0,2005-09-30,BBX,2005-10-09,2005-11-09 17:31:29,Q3,268168000,0.0,0.0,0.0,0.0,86816000,6667000.0,0.0,0.0,0.0,36063000,0.0,58423000,0.21785969988962142,0.0,0.060887205035649296,0.0,16328000,0.060887205035649296,14271000,2057000.0,0.007670564720622893,0.3,0.25,6350200.0,6824200.0,https://www.sec.gov/Archives/edgar/data/315858/000111367205000161/g98251e10vq.htm,https://www.sec.gov/Archives/edgar/data/315858/000111367205000161/g98251e10vq.htm
0,2005-06-30,BBX,2005-08-09,2005-08-09 16:39:32,Q2,276360000,0.0,0.0,0.0,0.0,96863000,8069000.0,0.0,0.0,0.0,33939000,0.0,60744000,0.2198002605297438,45089000,0.07736647850629613,0.0,21381000,0.07736647850629613,18650000,2731000.0,0.009882037921551599,0.5,0.4,5276200.0,5780400.0,https://www.sec.gov/Archives/edgar/data/315858/000095014405008488/g96832e10vq.htm,https://www.sec.gov/Archives/edgar/data/315858/000095014405008488/g96832e10vq.htm
0,2005-03-31,BBX,2005-05-10,2005-05-10 16:45:54,Q1,334137000,0.0,0.0,0.0,0.0,85470000,6298000.0,0.0,0.0,0.0,29448000,0.0,71148000,0.21293062426489734,76717000,0.10879070560877724,0.0,36351000,0.10879070560877724,31951000,4400000.0,0.013168251346004783,0.8,0.7,5150000.0,5667200.0,https://www.sec.gov/Archives/edgar/data/315858/000095014405005265/g95222e10vq.htm,https://www.sec.gov/Archives/edgar/data/315858/000095014405005265/g95222e10vq.htm
0,2004-12-31,BBX,2005-03-16,2005-03-16 16:56:59,Q4,309658000,0.0,0.0,0.0,0.0,84373000,5955000.0,0.0,0.0,0.0,25284000,0.0,53840000,0.17386923638336488,51182000,0.0764585445879002,0.0,23676000,0.0764585445879002,20739000,2937000.0,0.009484657267049454,0.0,0.0,0.0,0.0,https://www.sec.gov/Archives/edgar/data/315858/000095014405002656/g93858e10vk.htm,https://www.sec.gov/Archives/edgar/data/315858/000095014405002656/g93858e10vk.htm
0,2004-09-30,BBX,2004-11-15,2004-11-15 13:29:53,Q3,263675000,0.0,0.0,0.0,0.0,71791000,4757000.0,0.0,0.0,0.0,22373000,0.0,50063000,0.18986631269555324,0.0,0.08636768749407414,0.0,22773000,0.08636768749407414,19113000,3660000.0,0.013880724376599981,0.72,0.6,4843000.0,5552250.0,https://www.sec.gov/Archives/edgar/data/315858/000095014404011137/g91950e10vq.htm,https://www.sec.gov/Archives/edgar/data/315858/000095014404011137/g91950e10vq.htm
0,2004-06-30,BBX,2004-08-16,2004-08-16 14:27:06,Q2,274656000,0.0,0.0,0.0,0.0,78734000,5630000.0,0.0,0.0,0.0,20051000,0.0,50336000,0.18326925317488058,50774000,0.09174749504835139,0.0,25199000,0.09174749504835139,21938000,3261000.0,0.01187303390422929,0.68,0.56,4839000.0,5559000.0,https://www.sec.gov/Archives/edgar/data/315858/000095014404008364/g90552e10vq.htm,https://www.sec.gov/Archives/edgar/data/315858/000095014404008364/g90552e10vq.htm
0,2004-03-31,BBX,,,Q1,155677000,0.0,0.0,0.0,0.0,81582000,5888000.0,0.0,0.0,0.0,20559000,0.0,27528000,0.17682766240356637,53201000,0.17073170731707318,0.0,26579000,0.17073170731707318,22207000,4372000.0,0.028083788870546068,0.92,0.76,4764750.0,5541250.0,,
0,2003-12-31,BBX,,,Q4,135256000,0.0,0.0,0.0,0.0,67736000,3908000.0,0.0,0.0,0.0,22725000,0.0,42375000,0.31329478914059267,25622000,0.098953096350624,0.0,13384000,0.098953096350624,12393000,991000.0,0.0073268468681611165,0.0,0.0,0.0,0.0,,
0,2003-09-30,BBX,,,Q3,126636000,0.0,0.0,0.0,0.0,64962000,3923000.0,0.0,0.0,0.0,27879000,0.0,48685000,0.38444834012445117,28302000,0.11015824883919265,0.0,13950000,0.11015824883919265,11995000,2261000.0,0.01785432262547775,0.512,0.384,4595703.0,5239062.0,,
0,2003-06-30,BBX,,,Q2,140591000,0.0,0.0,0.0,0.0,74956000,5298000.0,0.0,0.0,0.0,31778000,0.0,49817000,0.3543398937343073,0.0,0.08856185673336131,0.0,12451000,0.08856185673336131,10581000,1870000.0,0.013300993662467725,0.4096,0.34816,4568359.0,5137695.0,,
0,2003-03-31,BBX,,,Q1,127711000,0.0,0.0,0.0,0.0,71374000,3731000.0,0.0,0.0,0.0,32234000,0.0,46213000,0.36185606564822137,0.0,0.08331310537071983,0.0,10640000,0.08331310537071983,8740000.0,1900000.0,0.014877340244771399,0.427409,0.356174,4483764.0,4935229.0,,
0,2002-12-31,BBX,,,Q4,121037000,0.0,0.0,0.0,0.0,62555000,4214000.0,0.0,0.0,0.0,37237000,0.0,70534000,0.5827474243413171,21344000,0.07222584829432323,0.0,8742000.0,0.07222584829432323,6756000.0,1986000.0,0.01640820575526492,0.0,0.0,0.0,0.0,,
0,2002-09-30,BBX,2002-11-14 00:00:00,2002-11-14 16:16:22,Q3,120380000,0.0,0.0,0.0,0.0,64134000,3645000.0,0.0,0.0,0.0,40163000,0.0,52021000,0.43213989034723377,21034000,0.07882538627679017,0.0,9489000.0,0.07882538627679017,7603000.0,1825000.0,0.015160325635487623,0.4096,0.4096,4485449.0,4485449.0,https://www.sec.gov/Archives/edgar/data/315858/000031585802000010/0000315858-02-000010-index.html,https://www.sec.gov/Archives/edgar/data/315858/000031585802000010/bfcf_20020930-10q.txt
0,2002-06-30,BBX,2002-08-14 00:00:00,2002-08-14 09:57:06,Q2,92643000,0.0,0.0,0.0,0.0,58426000,3680000.0,0.0,0.0,0.0,40033000,0.0,16206000,0.17492956834299409,-7789000.0,-0.25882149757671924,0.0,-23978000,-0.25882149757671924,-2201000.0,2033000.0,0.02194445343954751,0.445217,0.445217,4498364.0,4498364.0,https://www.sec.gov/Archives/edgar/data/315858/000031585802000005/0000315858-02-000005-index.html,https://www.sec.gov/Archives/edgar/data/315858/000031585802000005/bfcf_20020610q-doc.txt
0,2002-03-31,BBX,2002-04-01 00:00:00,2002-04-01 00:00:00,Q1,70844000,0.0,0.0,0.0,0.0,29939000,2199000.0,0.0,0.0,0.0,35301000,0.0,42368000,0.5980464118344532,18551000,0.12579752696064592,0.0,8912000.0,0.12579752696064592,7460000.0,1452000.0,0.020495737112528938,0.320557,0.284939,4494433.0,5018896.0,https://www.sec.gov/Archives/edgar/data/315858/000089155402001750/0000891554-02-001750-index.html,https://www.sec.gov/Archives/edgar/data/315858/000089155402001750/d50233_10-k.txt
0,2001-12-31,BBX,2002-04-01 00:00:00,2002-04-01 00:00:00,Q4,69197000,0.0,0.0,0.0,0.0,27947000,2035000.0,0.0,0.0,0.0,36704000,0.0,46228000,0.6680636443776464,15056000,0.11918146740465627,0.0,8247000.0,0.11918146740465627,7146000.0,1101000.0,0.01591109441160744,0.0,0.0,0.0,0.0,https://www.sec.gov/Archives/edgar/data/315858/000089155402001750/0000891554-02-001750-index.html,https://www.sec.gov/Archives/edgar/data/315858/000089155402001750/d50233_10-k.txt
0,2001-09-30,BBX,2001-11-14 00:00:00,2001-11-14 00:00:00,Q3,69821000,0.0,0.0,0.0,0.0,25301000,1943000.0,0.0,0.0,0.0,46341000,0.0,56560000,0.8100714684693717,9972000.0,0.11964881625871872,0.0,8354000.0,0.11964881625871872,7468000.0,633000.0,0.009066040303060683,0.14247,0.124661,4468041.0,5018896.0,https://www.sec.gov/Archives/edgar/data/921768/000095014401509112/0000950144-01-509112-index.html,https://www.sec.gov/Archives/edgar/data/921768/000095014401509112/g72694e10-q.txt
0,2001-06-30,BBX,2001-08-14 00:00:00,2001-08-14 00:00:00,Q2,61100000,0.0,0.0,0.0,0.0,26002000,2407000.0,0.0,0.0,0.0,50892000,0.0,59999000,0.9819803600654664,11641000,0.10896890343698855,0.0,6658000.0,0.10896890343698855,5273000.0,1385000.0,0.02266775777414075,0.302748,0.284939,4468041.0,4897607.0,https://www.sec.gov/Archives/edgar/data/921768/000092176801500011/0000921768-01-500011-index.html,https://www.sec.gov/Archives/edgar/data/921768/000092176801500011/june_10q.txt
0,2001-03-31,BBX,2001-05-15 00:00:00,2001-05-15 00:00:00,Q1,58413000,0.0,0.0,0.0,0.0,25647000,1512000.0,0.0,0.0,0.0,54901000,0.0,64538000,1.104856795576327,11695000,0.11514560115042884,0.0,6726000.0,0.11514560115042884,5509000.0,2355000.0,0.04031636793179601,0.516452,0.480835,4468041.0,4802148.0,https://www.sec.gov/Archives/edgar/data/315858/000031585801500010/0000315858-01-500010-index.html,https://www.sec.gov/Archives/edgar/data/315858/000031585801500010/bfcf_20010331-10q.txt
0,2000-12-31,BBX,,,Q4,64900000,0.0,0.0,0.0,0.0,19554000,0.0,0.0,0.0,0.0,56974000,0.0,46889000,0.7224807395993836,6026000.0,0.051741140215716484,0.0,3358000.0,0.051741140215716484,4826000.0,-707000.0,-0.010893682588597842,0.0,0.0,0.0,0.0,,
0,2000-09-30,BBX,2000-11-13 00:00:00,2000-11-13 00:00:00,Q3,52848000,0.0,0.0,0.0,0.0,24740000,1953000.0,0.0,0.0,0.0,56053000,0.0,65606000,1.2414093248561913,3005000.0,-0.011958825310323948,0.0,-632000.0,-0.011958825310323948,2107000.0,1392000.0,0.02633969118982743,0.320557,0.284939,4468041.0,4768457.0,https://www.sec.gov/Archives/edgar/data/315858/000031585800000011/0000315858-00-000011-index.html,https://www.sec.gov/Archives/edgar/data/315858/000031585800000011/bfcf_20000930-10q.txt
0,2000-06-30,BBX,2000-08-14 00:00:00,2000-08-14 00:00:00,Q2,4703000.0,0.0,0.0,0.0,0.0,340000.0,0.0,0.0,0.0,0.0,326000.0,0.0,2363000.0,0.5024452477142249,0.0,0.4046353391452264,0.0,1903000.0,0.4046353391452264,537000.0,1366000.0,0.29045290240272165,0.302748,0.284939,4468041.0,4776318.0,https://www.sec.gov/Archives/edgar/data/921768/000092176800000013/0000921768-00-000013-index.html,https://www.sec.gov/Archives/edgar/data/921768/000092176800000013/0000921768-00-000013-0001.txt
0,2000-03-31,BBX,2000-05-15 00:00:00,2000-05-15 00:00:00,Q1,5079000.0,0.0,0.0,0.0,0.0,324000.0,0.0,0.0,0.0,0.0,424000.0,0.0,3141000.0,0.6184288245717661,2582000.0,0.5083677889348297,0.0,2582000.0,0.5083677889348297,998000.0,1584000.0,0.3118724158298878,0.356174,0.338365,4468041.0,4786987.0,https://www.sec.gov/Archives/edgar/data/921768/000092176800000008/0000921768-00-000008-index.html,https://www.sec.gov/Archives/edgar/data/921768/0000921768-00-000008.txt
0,1999-12-31,BBX,,,Q4,-8400000.0,0.0,0.0,0.0,0.0,1000000.0,0.0,9900000.0,10600000,10600000,0.0,99999.99999999999,-18800000,2.238095,-19000000,2.261905,9800000.0,-19000000,2.261905,200000.0,-19100000,2.27381,-0.78279,-0.78279,24400000,24400000,,
0,1999-09-30,BBX,1999-11-12 00:00:00,1999-11-12 00:00:00,Q3,1100000.0,0.0,0.0,0.0,0.0,0.0,0.0,4200000.0,4300000.0,4300000.0,0.0,100000.00000000003,-3100000.0,-2.818182,-3300000.0,-3.0,4300000.0,-3300000.0,-3.0,1600000.0,-4800000.0,-4.363636,-0.19433,-0.19433,24700000,24700000,https://www.sec.gov/Archives/edgar/data/315858/000031585899000012/0000315858-99-000012-index.html,https://www.sec.gov/Archives/edgar/data/315858/0000315858-99-000012.txt
0,1999-06-30,BBX,1999-08-06 00:00:00,1999-08-06 00:00:00,Q2,4100000.0,0.0,0.0,0.0,0.0,-500000.0,0.0,-100000.0,-400000.0,-400000.0,0.0,199999.99999999997,4600000.0,1.121951,4400000.0,1.073171,0.0,4400000.0,1.073171,1000000.0,3400000.0,0.829268,0.13655,0.13655,24900000,24900000,https://www.sec.gov/Archives/edgar/data/315858/000031585899000009/0000315858-99-000009-index.html,https://www.sec.gov/Archives/edgar/data/315858/0000315858-99-000009.txt
0,1999-03-31,BBX,1999-05-17 00:00:00,1999-05-17 00:00:00,Q1,4800000.0,0.0,0.0,0.0,0.0,-500000.0,0.0,-500000.0,-800000.0,-800000.0,0.0,100000.0,5800000.0,1.208333,5700000.0,1.1875,0.0,5700000.0,1.1875,1400000.0,4300000.0,0.895833,0.17131,0.17131,25100000,25100000,https://www.sec.gov/Archives/edgar/data/315858/000031585899000006/0000315858-99-000006-index.html,https://www.sec.gov/Archives/edgar/data/315858/0000315858-99-000006.txt
0,1998-12-31,BBX,,,Q4,1800000.0,0.0,0.0,0.0,0.0,0.0,0.0,-3400000.0,-3100000.0,-3100000.0,0.0,199999.99999999997,5100000.0,2.833333,5000000.0,2.777778,0.0,5000000.0,2.777778,-800000.0,5700000.0,3.166667,0.25561,0.25561,22300000,22300000,,
0,1998-09-30,BBX,1998-11-16 00:00:00,1998-11-16 00:00:00,Q3,2000000.0,0.0,0.0,0.0,0.0,-500000.0,0.0,-3100000.0,-3200000.0,-3200000.0,0.0,100000.00000000003,5300000.0,2.65,5200000.0,2.6,0.0,5200000.0,2.6,-900000.0,6100000.0,3.05,0.27354,0.27354,22300000,22300000,https://www.sec.gov/Archives/edgar/data/315858/000031585898000013/0000315858-98-000013-index.html,https://www.sec.gov/Archives/edgar/data/315858/0000315858-98-000013.txt
0,1998-06-30,BBX,1998-08-14 00:00:00,1998-08-14 00:00:00,Q2,6400000.0,0.0,0.0,0.0,0.0,-500000.0,0.0,-2300000.0,-2600000.0,-2600000.0,0.0,99999.99999999999,9100000.0,1.421875,9000000.0,1.40625,0.0,9000000.0,1.40625,1000000.0,8000000.0,1.25,0.31128,0.31128,25700000,25700000,https://www.sec.gov/Archives/edgar/data/315858/000031585898000009/0000315858-98-000009-index.html,https://www.sec.gov/Archives/edgar/data/315858/0000315858-98-000009.txt
0,1998-03-31,BBX,1998-05-15 00:00:00,1998-05-15 00:00:00,Q1,2500000.0,0.0,0.0,0.0,0.0,-500000.0,0.0,100000.0,0.0,0.0,0.0,200000.0,2600000.0,1.04,2400000.0,0.96,0.0,2400000.0,0.96,300000.0,2100000.0,0.84,0.08077,0.08077,26000000,26000000,https://www.sec.gov/Archives/edgar/data/315858/000031585898000005/0000315858-98-000005-index.html,https://www.sec.gov/Archives/edgar/data/315858/0000315858-98-000005.txt
0,1997-12-31,BBX,1998-03-27 00:00:00,1998-03-27 00:00:00,Q4,4000000.0,0.0,0.0,0.0,0.0,0.0,0.0,-300000.0,200000.0,200000.0,0.0,199999.99999999997,4000000.0,1.0,3700000.0,0.925,0.0,3700000.0,0.925,1200000.0,2600000.0,0.65,0.10196,0.10196,25500000,25500000,https://www.sec.gov/Archives/edgar/data/315858/000031585898000003/0000315858-98-000003-index.html,https://www.sec.gov/Archives/edgar/data/315858/0000315858-98-000003.txt
0,1997-09-30,BBX,1997-11-13 00:00:00,1997-11-13 00:00:00,Q3,4100000.0,0.0,0.0,0.0,0.0,0.0,0.0,-1000000.0,-500000.0,-500000.0,0.0,200000.0,5000000.0,1.219512,4600000.0,1.121951,0.0,4600000.0,1.121951,500000.0,4300000.0,1.04878,0.17409,0.17409,24700000,24700000,https://www.sec.gov/Archives/edgar/data/315858/000031585897000018/0000315858-97-000018-index.html,https://www.sec.gov/Archives/edgar/data/315858/0000315858-97-000018.txt
0,1997-06-30,BBX,1997-08-13 00:00:00,1997-08-13 00:00:00,Q2,4500000.0,0.0,0.0,0.0,0.0,0.0,0.0,1800000.0,2300000.0,2300000.0,0.0,99999.99999999999,2900000.0,0.644444,2200000.0,0.488889,1600000.0,2200000.0,0.488889,2200000.0,600000.0,0.133333,0.025,0.025,24000000,24000000,https://www.sec.gov/Archives/edgar/data/315858/000031585897000011/0000315858-97-000011-index.html,https://www.sec.gov/Archives/edgar/data/315858/0000315858-97-000011.txt
0,1997-03-31,BBX,1997-05-14 00:00:00,1997-05-14 00:00:00,Q1,3900000.0,0.0,0.0,0.0,0.0,0.0,0.0,-400000.0,100000.0,100000.0,0.0,200000.0,4100000.0,1.051282,3800000.0,0.974359,0.0,3800000.0,0.974359,300000.0,3600000.0,0.923077,0.15063,0.15063,23900000,23900000,https://www.sec.gov/Archives/edgar/data/315858/000031585897000007/0000315858-97-000007-index.html,https://www.sec.gov/Archives/edgar/data/315858/0000315858-97-000007.txt
0,1996-12-31,BBX,1997-03-26 00:00:00,1997-03-26 00:00:00,Q4,1100000.0,0.0,0.0,0.0,0.0,0.0,0.0,3700000.0,4800000.0,4800000.0,0.0,5.551115123125783e-11,-3700000.0,-3.363636,-3700000.0,-3.363636,3500000.0,-3700000.0,-3.363636,1600000.0,-5300000.0,-4.818182,-0.22269,-0.22269,23800000,23800000,https://www.sec.gov/Archives/edgar/data/315858/000031585897000004/0000315858-97-000004-index.html,https://www.sec.gov/Archives/edgar/data/315858/0000315858-97-000004.txt
0,1996-09-30,BBX,1996-11-14 00:00:00,1996-11-14 00:00:00,Q3,1000000.0,0.0,0.0,0.0,0.0,0.0,0.0,900000.0,2100000.0,2100000.0,0.0,199999.99999999997,-1000000.0,-1.0,-1200000.0,-1.2,600000.0,-1200000.0,-1.2,0.0,-1200000.0,-1.2,-0.05479,-0.05479,21900000,21900000,https://www.sec.gov/Archives/edgar/data/315858/000031585896000036/0000315858-96-000036-index.html,https://www.sec.gov/Archives/edgar/data/315858/0000315858-96-000036.txt
0,1996-06-30,BBX,1996-08-09 00:00:00,1996-08-09 00:00:00,Q2,600000.0,0.0,0.0,0.0,0.0,0.0,0.0,2800000.0,4100000.0,4100000.0,0.0,200000.0,-3300000.0,-5.5,-3500000.0,-5.833333,2400000.0,-3500000.0,-5.833333,-200000.0,-3300000.0,-5.5,-0.14163,-0.14163,23300000,23300000,https://www.sec.gov/Archives/edgar/data/315858/000031585896000025/0000315858-96-000025-index.html,https://www.sec.gov/Archives/edgar/data/315858/0000315858-96-000025.txt
0,1996-03-31,BBX,1996-04-01 00:00:00,1996-04-01 00:00:00,Q1,10400000,0.0,0.0,0.0,0.0,0.0,0.0,3400000.0,11200000,11200000,0.0,200000.0,-600000.0,-0.057692,-800000.0,-0.076923,3000000.0,-800000.0,-0.076923,1500000.0,-2300000.0,-0.221154,-0.1,-0.1,23000000,23000000,https://www.sec.gov/Archives/edgar/data/315858/000031585896000003/0000315858-96-000003-index.html,https://www.sec.gov/Archives/edgar/data/315858/0000315858-96-000003.txt
0,1995-12-31,BBX,1996-04-01 00:00:00,1996-04-01 00:00:00,Q4,1000000.0,0.0,0.0,0.0,0.0,0.0,0.0,4200000.0,5900000.0,5900000.0,0.0,100000.00000000006,-4300000.0,-4.3,-4900000.0,-4.9,3600000.0,-4900000.0,-4.9,0.0,-4400000.0,-4.4,-0.65672,-0.65672,6700000.0,6700000.0,https://www.sec.gov/Archives/edgar/data/315858/000031585896000003/0000315858-96-000003-index.html,https://www.sec.gov/Archives/edgar/data/315858/0000315858-96-000003.txt
0,1995-09-30,BBX,1995-11-13 00:00:00,1995-11-13 00:00:00,Q3,600000.0,0.0,0.0,0.0,0.0,0.0,0.0,3900000.0,5100000.0,5100000.0,0.0,99999.99999999996,-4400000.0,-7.333333,-4500000.0,-7.5,3500000.0,-4500000.0,-7.5,0.0,-4500000.0,-7.5,-0.69231,-0.69231,6500000.0,6500000.0,https://www.sec.gov/Archives/edgar/data/315858/000031585895000019/0000315858-95-000019-index.html,https://www.sec.gov/Archives/edgar/data/315858/0000315858-95-000019.txt
0,1995-06-30,BBX,1995-08-14 00:00:00,1995-08-14 00:00:00,Q2,1200000.0,0.0,0.0,0.0,0.0,0.0,0.0,2900000.0,4300000.0,4300000.0,0.0,200000.0,-2900000.0,-2.416667,-3100000.0,-2.583333,2400000.0,-3100000.0,-2.583333,0.0,-3100000.0,-2.583333,-0.5,-0.5,6200000.0,6200000.0,https://www.sec.gov/Archives/edgar/data/315858/000031585895000013/0000315858-95-000013-index.html,https://www.sec.gov/Archives/edgar/data/315858/0000315858-95-000013.txt
0,1995-03-31,BBX,1995-05-10 00:00:00,1995-05-10 00:00:00,Q1,500000.0,0.0,0.0,0.0,0.0,0.0,0.0,2600000.0,3900000.0,3900000.0,0.0,200000.0,-3200000.0,-6.4,-3400000.0,-6.8,2200000.0,-3400000.0,-6.8,0.0,-3400000.0,-6.8,-0.58621,-0.58621,5800000.0,5800000.0,https://www.sec.gov/Archives/edgar/data/315858/000031585895000006/0000315858-95-000006-index.html,https://www.sec.gov/Archives/edgar/data/315858/0000315858-95-000006.txt
0,1994-12-31,BBX,1995-03-31 00:00:00,1995-03-31 00:00:00,Q4,2300000.0,0.0,0.0,0.0,0.0,0.0,0.0,13400000,27000000,27000000,0.0,199999.99999999997,-8200000.0,-3.565217,-24700000,-10.73913,12600000,-24700000,-10.73913,-2000000.0,-6400000.0,-2.782609,-1.10345,-1.10345,5800000.0,5800000.0,https://www.sec.gov/Archives/edgar/data/315858/000031585895000003/0000315858-95-000003-index.html,https://www.sec.gov/Archives/edgar/data/315858/0000315858-95-000003.txt
0,1994-09-30,BBX,1994-11-14 00:00:00,1994-11-14 00:00:00,Q3,1900000.0,0.0,0.0,0.0,0.0,0.0,0.0,3300000.0,4400000.0,4400000.0,0.0,199999.99999999994,4100000.0,2.157895,-2500000.0,-1.315789,2100000.0,-2500000.0,-1.315789,0.0,3900000.0,2.052632,0.67241,0.67241,5800000.0,5800000.0,https://www.sec.gov/Archives/edgar/data/315858/000031585894000011/0000315858-94-000011-index.html,https://www.sec.gov/Archives/edgar/data/315858/0000315858-94-000011.txt
0,1994-06-30,BBX,1994-08-12 00:00:00,1994-08-12 00:00:00,Q2,3600000.0,0.0,0.0,0.0,0.0,0.0,0.0,3700000.0,6500000.0,6500000.0,0.0,500000.0,-2400000.0,-0.666667,-2900000.0,-0.805556,1900000.0,-2900000.0,-0.805556,0.0,-2900000.0,-0.805556,-0.5,-0.5,5800000.0,5800000.0,https://www.sec.gov/Archives/edgar/data/315858/000031585894000008/0000315858-94-000008-index.html,https://www.sec.gov/Archives/edgar/data/315858/0000315858-94-000008.txt
0,1994-03-31,BBX,1994-05-16 00:00:00,1994-05-16 00:00:00,Q1,1000000.0,0.0,0.0,0.0,0.0,0.0,0.0,3800000.0,5000000.0,5000000.0,0.0,400000.0,-3500000.0,-3.5,-3900000.0,-3.9,2000000.0,-3900000.0,-3.9,0.0,-3900000.0,-3.9,-0.67241,-0.67241,5800000.0,5800000.0,https://www.sec.gov/Archives/edgar/data/315858/000031585894000006/0000315858-94-000006-index.html,https://www.sec.gov/Archives/edgar/data/315858/0000315858-94-000006.txt
