,date,symbol,fillingDate,acceptedDate,period,revenue,costOfRevenue,grossProfit,grossProfitRatio,researchAndDevelopmentExpenses,generalAndAdministrativeExpenses,sellingAndMarketingExpenses,otherExpenses,operatingExpenses,costAndExpenses,interestExpense,depreciationAndAmortization,ebitda,ebitdaratio,operatingIncome,operatingIncomeRatio,totalOtherIncomeExpensesNet,incomeBeforeTax,incomeBeforeTaxRatio,incomeTaxExpense,netIncome,netIncomeRatio,eps,epsdiluted,weightedAverageShsOut,weightedAverageShsOutDil,link,finalLink
0,2019-09-31,CAFO.PA,,2019-09-31,Q3,76079750,42738000,33341750,2.281816341373803,0.0,18751500,0.0,0.0,1437250.0,73617750,455750.0,1350500.0,4225250.0,18.005975977752797,2462000.0,30.901604386677498,0.0,2010750.0,37.83650379211737,424500.0,-5192000.0,-14.653264637904469,-0.515,-0.515,9394662.0,9394662.0,https://www.infogreffe.com/recherche-entreprise-dirigeants/resultats-entreprise-dirigeants.html?ga_cat=globale&ga_q=C.A.F.O#phrase=C.A.F.O,https://www.infogreffe.com/recherche-entreprise-dirigeants/resultats-entreprise-dirigeants.html?ga_cat=globale&ga_q=C.A.F.O#phrase=C.A.F.O
0,2019-06-31,CAFO.PA,,2019-06-31,Q2,76079750,42738000,33341750,2.281816341373803,0.0,18751500,0.0,0.0,1437250.0,73617750,455750.0,1350500.0,4225250.0,18.005975977752797,2462000.0,30.901604386677498,0.0,2010750.0,37.83650379211737,424500.0,-5192000.0,-14.653264637904469,-0.515,-0.515,9394662.0,9394662.0,https://www.infogreffe.com/recherche-entreprise-dirigeants/resultats-entreprise-dirigeants.html?ga_cat=globale&ga_q=C.A.F.O#phrase=C.A.F.O,https://www.infogreffe.com/recherche-entreprise-dirigeants/resultats-entreprise-dirigeants.html?ga_cat=globale&ga_q=C.A.F.O#phrase=C.A.F.O
0,2019-03-31,CAFO.PA,,2019-03-31,Q1,76079750,42738000,33341750,2.281816341373803,0.0,18751500,0.0,0.0,1437250.0,73617750,455750.0,1350500.0,4225250.0,18.005975977752797,2462000.0,30.901604386677498,0.0,2010750.0,37.83650379211737,424500.0,-5192000.0,-14.653264637904469,-0.515,-0.515,9394662.0,9394662.0,https://www.infogreffe.com/recherche-entreprise-dirigeants/resultats-entreprise-dirigeants.html?ga_cat=globale&ga_q=C.A.F.O#phrase=C.A.F.O,https://www.infogreffe.com/recherche-entreprise-dirigeants/resultats-entreprise-dirigeants.html?ga_cat=globale&ga_q=C.A.F.O#phrase=C.A.F.O
0,2019-01-31,CAFO.PA,,2019-01-31,Q1,76079750,42738000,33341750,2.281816341373803,0.0,18751500,0.0,0.0,1437250.0,73617750,455750.0,1350500.0,4225250.0,18.005975977752797,2462000.0,30.901604386677498,0.0,2010750.0,37.83650379211737,424500.0,-5192000.0,-14.653264637904469,-0.515,-0.515,9394662.0,9394662.0,https://www.infogreffe.com/recherche-entreprise-dirigeants/resultats-entreprise-dirigeants.html?ga_cat=globale&ga_q=C.A.F.O#phrase=C.A.F.O,https://www.infogreffe.com/recherche-entreprise-dirigeants/resultats-entreprise-dirigeants.html?ga_cat=globale&ga_q=C.A.F.O#phrase=C.A.F.O
0,2018-09-31,CAFO.PA,,2018-09-31,Q3,103227250,54323500,48903750,2.110824834496332,0.0,19637500,6991500.0,0.0,1003750.0,100940750,673750.0,2407750.0,5177750.0,19.936700304186182,2286500.0,45.14640279903783,0.0,-193750.0,-532.7858064516129,669500.0,-3855000.0,-26.777496757457847,-0.4525,-0.4525,8516822.0,9384246.0,https://www.infogreffe.com/recherche-entreprise-dirigeants/resultats-entreprise-dirigeants.html?ga_cat=globale&ga_q=C.A.F.O#phrase=C.A.F.O,https://www.infogreffe.com/recherche-entreprise-dirigeants/resultats-entreprise-dirigeants.html?ga_cat=globale&ga_q=C.A.F.O#phrase=C.A.F.O
0,2018-06-31,CAFO.PA,,2018-06-31,Q2,103227250,54323500,48903750,2.110824834496332,0.0,19637500,6991500.0,0.0,1003750.0,100940750,673750.0,2407750.0,5177750.0,19.936700304186182,2286500.0,45.14640279903783,0.0,-193750.0,-532.7858064516129,669500.0,-3855000.0,-26.777496757457847,-0.4525,-0.4525,8516822.0,9384246.0,https://www.infogreffe.com/recherche-entreprise-dirigeants/resultats-entreprise-dirigeants.html?ga_cat=globale&ga_q=C.A.F.O#phrase=C.A.F.O,https://www.infogreffe.com/recherche-entreprise-dirigeants/resultats-entreprise-dirigeants.html?ga_cat=globale&ga_q=C.A.F.O#phrase=C.A.F.O
0,2018-03-31,CAFO.PA,,2018-03-31,Q1,103227250,54323500,48903750,2.110824834496332,0.0,19637500,6991500.0,0.0,1003750.0,100940750,673750.0,2407750.0,5177750.0,19.936700304186182,2286500.0,45.14640279903783,0.0,-193750.0,-532.7858064516129,669500.0,-3855000.0,-26.777496757457847,-0.4525,-0.4525,8516822.0,9384246.0,https://www.infogreffe.com/recherche-entreprise-dirigeants/resultats-entreprise-dirigeants.html?ga_cat=globale&ga_q=C.A.F.O#phrase=C.A.F.O,https://www.infogreffe.com/recherche-entreprise-dirigeants/resultats-entreprise-dirigeants.html?ga_cat=globale&ga_q=C.A.F.O#phrase=C.A.F.O
0,2018-01-31,CAFO.PA,,2018-01-31,Q1,103227250,54323500,48903750,2.110824834496332,0.0,19637500,6991500.0,0.0,1003750.0,100940750,673750.0,2407750.0,5177750.0,19.936700304186182,2286500.0,45.14640279903783,0.0,-193750.0,-532.7858064516129,669500.0,-3855000.0,-26.777496757457847,-0.4525,-0.4525,8516822.0,9384246.0,https://www.infogreffe.com/recherche-entreprise-dirigeants/resultats-entreprise-dirigeants.html?ga_cat=globale&ga_q=C.A.F.O#phrase=C.A.F.O,https://www.infogreffe.com/recherche-entreprise-dirigeants/resultats-entreprise-dirigeants.html?ga_cat=globale&ga_q=C.A.F.O#phrase=C.A.F.O
0,2017-09-31,CAFO.PA,,2017-09-31,Q3,99246500,51696250,47550250,2.0871919705995237,0.0,17516250,6093750.0,0.0,2162500.0,97521000,726750.0,2364250.0,4267250.0,23.257718671275413,1725500.0,57.51753115039119,0.0,1053750.0,94.1841043890866,92000.0,-121250.0,-818.5278350515464,-0.015,-0.015,8516422.0,9383846.0,https://www.infogreffe.com/recherche-entreprise-dirigeants/resultats-entreprise-dirigeants.html?ga_cat=globale&ga_q=C.A.F.O#phrase=C.A.F.O,https://www.infogreffe.com/recherche-entreprise-dirigeants/resultats-entreprise-dirigeants.html?ga_cat=globale&ga_q=C.A.F.O#phrase=C.A.F.O
0,2017-06-31,CAFO.PA,,2017-06-31,Q2,99246500,51696250,47550250,2.0871919705995237,0.0,17516250,6093750.0,0.0,2162500.0,97521000,726750.0,2364250.0,4267250.0,23.257718671275413,1725500.0,57.51753115039119,0.0,1053750.0,94.1841043890866,92000.0,-121250.0,-818.5278350515464,-0.015,-0.015,8516422.0,9383846.0,https://www.infogreffe.com/recherche-entreprise-dirigeants/resultats-entreprise-dirigeants.html?ga_cat=globale&ga_q=C.A.F.O#phrase=C.A.F.O,https://www.infogreffe.com/recherche-entreprise-dirigeants/resultats-entreprise-dirigeants.html?ga_cat=globale&ga_q=C.A.F.O#phrase=C.A.F.O
0,2017-03-31,CAFO.PA,,2017-03-31,Q1,99246500,51696250,47550250,2.0871919705995237,0.0,17516250,6093750.0,0.0,2162500.0,97521000,726750.0,2364250.0,4267250.0,23.257718671275413,1725500.0,57.51753115039119,0.0,1053750.0,94.1841043890866,92000.0,-121250.0,-818.5278350515464,-0.015,-0.015,8516422.0,9383846.0,https://www.infogreffe.com/recherche-entreprise-dirigeants/resultats-entreprise-dirigeants.html?ga_cat=globale&ga_q=C.A.F.O#phrase=C.A.F.O,https://www.infogreffe.com/recherche-entreprise-dirigeants/resultats-entreprise-dirigeants.html?ga_cat=globale&ga_q=C.A.F.O#phrase=C.A.F.O
0,2017-01-31,CAFO.PA,,2017-01-31,Q1,99246500,51696250,47550250,2.0871919705995237,0.0,17516250,6093750.0,0.0,2162500.0,97521000,726750.0,2364250.0,4267250.0,23.257718671275413,1725500.0,57.51753115039119,0.0,1053750.0,94.1841043890866,92000.0,-121250.0,-818.5278350515464,-0.015,-0.015,8516422.0,9383846.0,https://www.infogreffe.com/recherche-entreprise-dirigeants/resultats-entreprise-dirigeants.html?ga_cat=globale&ga_q=C.A.F.O#phrase=C.A.F.O,https://www.infogreffe.com/recherche-entreprise-dirigeants/resultats-entreprise-dirigeants.html?ga_cat=globale&ga_q=C.A.F.O#phrase=C.A.F.O
0,2016-09-31,CAFO.PA,,2016-09-31,Q3,97636500,51469750,46166750,2.114866218653035,0.0,26023750,0.0,0.0,1763500.0,95929500,675000.0,2452250.0,4648000.0,21.006131669535286,1707000.0,57.197715289982426,0.0,255000.0,382.88823529411764,171000.0,-669750.0,-145.7805151175812,-0.0775,-0.0775,8519744.0,9387168.0,https://www.infogreffe.com/recherche-entreprise-dirigeants/resultats-entreprise-dirigeants.html?ga_cat=globale&ga_q=C.A.F.O#phrase=C.A.F.O,https://www.infogreffe.com/recherche-entreprise-dirigeants/resultats-entreprise-dirigeants.html?ga_cat=globale&ga_q=C.A.F.O#phrase=C.A.F.O
0,2016-06-31,CAFO.PA,,2016-06-31,Q2,97636500,51469750,46166750,2.114866218653035,0.0,26023750,0.0,0.0,1763500.0,95929500,675000.0,2452250.0,4648000.0,21.006131669535286,1707000.0,57.197715289982426,0.0,255000.0,382.88823529411764,171000.0,-669750.0,-145.7805151175812,-0.0775,-0.0775,8519744.0,9387168.0,https://www.infogreffe.com/recherche-entreprise-dirigeants/resultats-entreprise-dirigeants.html?ga_cat=globale&ga_q=C.A.F.O#phrase=C.A.F.O,https://www.infogreffe.com/recherche-entreprise-dirigeants/resultats-entreprise-dirigeants.html?ga_cat=globale&ga_q=C.A.F.O#phrase=C.A.F.O
0,2016-03-31,CAFO.PA,,2016-03-31,Q1,97636500,51469750,46166750,2.114866218653035,0.0,26023750,0.0,0.0,1763500.0,95929500,675000.0,2452250.0,4648000.0,21.006131669535286,1707000.0,57.197715289982426,0.0,255000.0,382.88823529411764,171000.0,-669750.0,-145.7805151175812,-0.0775,-0.0775,8519744.0,9387168.0,https://www.infogreffe.com/recherche-entreprise-dirigeants/resultats-entreprise-dirigeants.html?ga_cat=globale&ga_q=C.A.F.O#phrase=C.A.F.O,https://www.infogreffe.com/recherche-entreprise-dirigeants/resultats-entreprise-dirigeants.html?ga_cat=globale&ga_q=C.A.F.O#phrase=C.A.F.O
0,2016-01-31,CAFO.PA,,2016-01-31,Q1,97636500,51469750,46166750,2.114866218653035,0.0,26023750,0.0,0.0,1763500.0,95929500,675000.0,2452250.0,4648000.0,21.006131669535286,1707000.0,57.197715289982426,0.0,255000.0,382.88823529411764,171000.0,-669750.0,-145.7805151175812,-0.0775,-0.0775,8519744.0,9387168.0,https://www.infogreffe.com/recherche-entreprise-dirigeants/resultats-entreprise-dirigeants.html?ga_cat=globale&ga_q=C.A.F.O#phrase=C.A.F.O,https://www.infogreffe.com/recherche-entreprise-dirigeants/resultats-entreprise-dirigeants.html?ga_cat=globale&ga_q=C.A.F.O#phrase=C.A.F.O
0,2015-09-31,CAFO.PA,,2015-09-31,Q3,96134000,49997500,46136500,2.0836864521582696,0.0,15721750,4556500.0,0.0,1963000.0,94185000,661000.0,2227000.0,4944000.0,19.44457928802589,1949000.0,49.32478193945613,0.0,-796750.0,-120.6576717916536,-771000.0,-417250.0,-230.39904134212102,-0.05,-0.05,8508848.0,9376272.0,https://www.infogreffe.com/recherche-entreprise-dirigeants/resultats-entreprise-dirigeants.html?ga_cat=globale&ga_q=C.A.F.O#phrase=C.A.F.O,https://www.infogreffe.com/recherche-entreprise-dirigeants/resultats-entreprise-dirigeants.html?ga_cat=globale&ga_q=C.A.F.O#phrase=C.A.F.O
0,2015-06-31,CAFO.PA,,2015-06-31,Q2,96134000,49997500,46136500,2.0836864521582696,0.0,15721750,4556500.0,0.0,1963000.0,94185000,661000.0,2227000.0,4944000.0,19.44457928802589,1949000.0,49.32478193945613,0.0,-796750.0,-120.6576717916536,-771000.0,-417250.0,-230.39904134212102,-0.05,-0.05,8508848.0,9376272.0,https://www.infogreffe.com/recherche-entreprise-dirigeants/resultats-entreprise-dirigeants.html?ga_cat=globale&ga_q=C.A.F.O#phrase=C.A.F.O,https://www.infogreffe.com/recherche-entreprise-dirigeants/resultats-entreprise-dirigeants.html?ga_cat=globale&ga_q=C.A.F.O#phrase=C.A.F.O
0,2015-03-31,CAFO.PA,,2015-03-31,Q1,96134000,49997500,46136500,2.0836864521582696,0.0,15721750,4556500.0,0.0,1963000.0,94185000,661000.0,2227000.0,4944000.0,19.44457928802589,1949000.0,49.32478193945613,0.0,-796750.0,-120.6576717916536,-771000.0,-417250.0,-230.39904134212102,-0.05,-0.05,8508848.0,9376272.0,https://www.infogreffe.com/recherche-entreprise-dirigeants/resultats-entreprise-dirigeants.html?ga_cat=globale&ga_q=C.A.F.O#phrase=C.A.F.O,https://www.infogreffe.com/recherche-entreprise-dirigeants/resultats-entreprise-dirigeants.html?ga_cat=globale&ga_q=C.A.F.O#phrase=C.A.F.O
0,2015-01-31,CAFO.PA,,2015-01-31,Q1,96134000,49997500,46136500,2.0836864521582696,0.0,15721750,4556500.0,0.0,1963000.0,94185000,661000.0,2227000.0,4944000.0,19.44457928802589,1949000.0,49.32478193945613,0.0,-796750.0,-120.6576717916536,-771000.0,-417250.0,-230.39904134212102,-0.05,-0.05,8508848.0,9376272.0,https://www.infogreffe.com/recherche-entreprise-dirigeants/resultats-entreprise-dirigeants.html?ga_cat=globale&ga_q=C.A.F.O#phrase=C.A.F.O,https://www.infogreffe.com/recherche-entreprise-dirigeants/resultats-entreprise-dirigeants.html?ga_cat=globale&ga_q=C.A.F.O#phrase=C.A.F.O
0,2014-09-31,CAFO.PA,,2014-09-31,Q3,92834000,47441000,45393000,2.0451170885378804,0.0,15899250,5496250.0,0.0,2796250.0,92081250,696750.0,1921750.0,3370500.0,27.543094496365523,752750.0,123.32646961142477,0.0,-142000.0,-653.7605633802817,-158250.0,-31500.0,-2947.1111111111113,-0.005,-0.005,8278259.0,8828803.0,https://www.infogreffe.com/recherche-entreprise-dirigeants/resultats-entreprise-dirigeants.html?ga_cat=globale&ga_q=C.A.F.O#phrase=C.A.F.O,https://www.infogreffe.com/recherche-entreprise-dirigeants/resultats-entreprise-dirigeants.html?ga_cat=globale&ga_q=C.A.F.O#phrase=C.A.F.O
0,2014-06-31,CAFO.PA,,2014-06-31,Q2,92834000,47441000,45393000,2.0451170885378804,0.0,15899250,5496250.0,0.0,2796250.0,92081250,696750.0,1921750.0,3370500.0,27.543094496365523,752750.0,123.32646961142477,0.0,-142000.0,-653.7605633802817,-158250.0,-31500.0,-2947.1111111111113,-0.005,-0.005,8278259.0,8828803.0,https://www.infogreffe.com/recherche-entreprise-dirigeants/resultats-entreprise-dirigeants.html?ga_cat=globale&ga_q=C.A.F.O#phrase=C.A.F.O,https://www.infogreffe.com/recherche-entreprise-dirigeants/resultats-entreprise-dirigeants.html?ga_cat=globale&ga_q=C.A.F.O#phrase=C.A.F.O
0,2014-03-31,CAFO.PA,,2014-03-31,Q1,92834000,47441000,45393000,2.0451170885378804,0.0,15899250,5496250.0,0.0,2796250.0,92081250,696750.0,1921750.0,3370500.0,27.543094496365523,752750.0,123.32646961142477,0.0,-142000.0,-653.7605633802817,-158250.0,-31500.0,-2947.1111111111113,-0.005,-0.005,8278259.0,8828803.0,https://www.infogreffe.com/recherche-entreprise-dirigeants/resultats-entreprise-dirigeants.html?ga_cat=globale&ga_q=C.A.F.O#phrase=C.A.F.O,https://www.infogreffe.com/recherche-entreprise-dirigeants/resultats-entreprise-dirigeants.html?ga_cat=globale&ga_q=C.A.F.O#phrase=C.A.F.O
0,2014-01-31,CAFO.PA,,2014-01-31,Q1,92834000,47441000,45393000,2.0451170885378804,0.0,15899250,5496250.0,0.0,2796250.0,92081250,696750.0,1921750.0,3370500.0,27.543094496365523,752750.0,123.32646961142477,0.0,-142000.0,-653.7605633802817,-158250.0,-31500.0,-2947.1111111111113,-0.005,-0.005,8278259.0,8828803.0,https://www.infogreffe.com/recherche-entreprise-dirigeants/resultats-entreprise-dirigeants.html?ga_cat=globale&ga_q=C.A.F.O#phrase=C.A.F.O,https://www.infogreffe.com/recherche-entreprise-dirigeants/resultats-entreprise-dirigeants.html?ga_cat=globale&ga_q=C.A.F.O#phrase=C.A.F.O
0,2013-09-31,CAFO.PA,,2013-09-31,Q3,90069250,47732500,42336750,2.1274483752295583,0.0,25563000,0.0,-250.0,2361500.0,91633000,666250.0,1842750.0,636500.0,141.50706991358996,-1563750.0,-57.5982414068745,0.0,-1309250.0,-68.79453885812488,-119250.0,-1225750.0,-73.48093004283092,-0.1475,-0.1475,8278259.0,8828803.0,https://www.infogreffe.com/recherche-entreprise-dirigeants/resultats-entreprise-dirigeants.html?ga_cat=globale&ga_q=C.A.F.O#phrase=C.A.F.O,https://www.infogreffe.com/recherche-entreprise-dirigeants/resultats-entreprise-dirigeants.html?ga_cat=globale&ga_q=C.A.F.O#phrase=C.A.F.O
0,2013-06-31,CAFO.PA,,2013-06-31,Q2,90069250,47732500,42336750,2.1274483752295583,0.0,25563000,0.0,-250.0,2361500.0,91633000,666250.0,1842750.0,636500.0,141.50706991358996,-1563750.0,-57.5982414068745,0.0,-1309250.0,-68.79453885812488,-119250.0,-1225750.0,-73.48093004283092,-0.1475,-0.1475,8278259.0,8828803.0,https://www.infogreffe.com/recherche-entreprise-dirigeants/resultats-entreprise-dirigeants.html?ga_cat=globale&ga_q=C.A.F.O#phrase=C.A.F.O,https://www.infogreffe.com/recherche-entreprise-dirigeants/resultats-entreprise-dirigeants.html?ga_cat=globale&ga_q=C.A.F.O#phrase=C.A.F.O
0,2013-03-31,CAFO.PA,,2013-03-31,Q1,90069250,47732500,42336750,2.1274483752295583,0.0,25563000,0.0,-250.0,2361500.0,91633000,666250.0,1842750.0,636500.0,141.50706991358996,-1563750.0,-57.5982414068745,0.0,-1309250.0,-68.79453885812488,-119250.0,-1225750.0,-73.48093004283092,-0.1475,-0.1475,8278259.0,8828803.0,https://www.infogreffe.com/recherche-entreprise-dirigeants/resultats-entreprise-dirigeants.html?ga_cat=globale&ga_q=C.A.F.O#phrase=C.A.F.O,https://www.infogreffe.com/recherche-entreprise-dirigeants/resultats-entreprise-dirigeants.html?ga_cat=globale&ga_q=C.A.F.O#phrase=C.A.F.O
0,2013-01-31,CAFO.PA,,2013-01-31,Q1,90069250,47732500,42336750,2.1274483752295583,0.0,25563000,0.0,-250.0,2361500.0,91633000,666250.0,1842750.0,636500.0,141.50706991358996,-1563750.0,-57.5982414068745,0.0,-1309250.0,-68.79453885812488,-119250.0,-1225750.0,-73.48093004283092,-0.1475,-0.1475,8278259.0,8828803.0,https://www.infogreffe.com/recherche-entreprise-dirigeants/resultats-entreprise-dirigeants.html?ga_cat=globale&ga_q=C.A.F.O#phrase=C.A.F.O,https://www.infogreffe.com/recherche-entreprise-dirigeants/resultats-entreprise-dirigeants.html?ga_cat=globale&ga_q=C.A.F.O#phrase=C.A.F.O
0,2012-09-31,CAFO.PA,,2012-09-31,Q3,91376250,47900000,43476250,2.1017509559817142,0.0,0.0,0.0,0.0,32211250,94603500,0.0,0.0,-1542750.0,-59.229460379193,-3227250.0,-28.313966999767604,0.0,-3945500.0,-23.15961221644912,-1119750.0,-2499500.0,-36.557811562312466,-0.305,-0.305,8191188.0,8835740.0,https://www.infogreffe.com/recherche-entreprise-dirigeants/resultats-entreprise-dirigeants.html?ga_cat=globale&ga_q=C.A.F.O#phrase=C.A.F.O,https://www.infogreffe.com/recherche-entreprise-dirigeants/resultats-entreprise-dirigeants.html?ga_cat=globale&ga_q=C.A.F.O#phrase=C.A.F.O
0,2012-06-31,CAFO.PA,,2012-06-31,Q2,91376250,47900000,43476250,2.1017509559817142,0.0,0.0,0.0,0.0,32211250,94603500,0.0,0.0,-1542750.0,-59.229460379193,-3227250.0,-28.313966999767604,0.0,-3945500.0,-23.15961221644912,-1119750.0,-2499500.0,-36.557811562312466,-0.305,-0.305,8191188.0,8835740.0,https://www.infogreffe.com/recherche-entreprise-dirigeants/resultats-entreprise-dirigeants.html?ga_cat=globale&ga_q=C.A.F.O#phrase=C.A.F.O,https://www.infogreffe.com/recherche-entreprise-dirigeants/resultats-entreprise-dirigeants.html?ga_cat=globale&ga_q=C.A.F.O#phrase=C.A.F.O
0,2012-03-31,CAFO.PA,,2012-03-31,Q1,91376250,47900000,43476250,2.1017509559817142,0.0,0.0,0.0,0.0,32211250,94603500,0.0,0.0,-1542750.0,-59.229460379193,-3227250.0,-28.313966999767604,0.0,-3945500.0,-23.15961221644912,-1119750.0,-2499500.0,-36.557811562312466,-0.305,-0.305,8191188.0,8835740.0,https://www.infogreffe.com/recherche-entreprise-dirigeants/resultats-entreprise-dirigeants.html?ga_cat=globale&ga_q=C.A.F.O#phrase=C.A.F.O,https://www.infogreffe.com/recherche-entreprise-dirigeants/resultats-entreprise-dirigeants.html?ga_cat=globale&ga_q=C.A.F.O#phrase=C.A.F.O
0,2012-01-31,CAFO.PA,,2012-01-31,Q1,91376250,47900000,43476250,2.1017509559817142,0.0,0.0,0.0,0.0,32211250,94603500,0.0,0.0,-1542750.0,-59.229460379193,-3227250.0,-28.313966999767604,0.0,-3945500.0,-23.15961221644912,-1119750.0,-2499500.0,-36.557811562312466,-0.305,-0.305,8191188.0,8835740.0,https://www.infogreffe.com/recherche-entreprise-dirigeants/resultats-entreprise-dirigeants.html?ga_cat=globale&ga_q=C.A.F.O#phrase=C.A.F.O,https://www.infogreffe.com/recherche-entreprise-dirigeants/resultats-entreprise-dirigeants.html?ga_cat=globale&ga_q=C.A.F.O#phrase=C.A.F.O
0,2011-09-31,CAFO.PA,,2011-09-31,Q3,60949750,34438750,26511000,2.2990362491041454,0.0,0.0,0.0,0.0,16324500,58608750,279250.0,0.0,3694250.0,16.498545036204913,2341000.0,26.03577530969671,0.0,2508500.0,24.297289216663344,893750.0,1792250.0,34.00739294183289,0.225,0.225,7772780.0,7772780.0,https://www.infogreffe.com/recherche-entreprise-dirigeants/resultats-entreprise-dirigeants.html?ga_cat=globale&ga_q=C.A.F.O#phrase=C.A.F.O,https://www.infogreffe.com/recherche-entreprise-dirigeants/resultats-entreprise-dirigeants.html?ga_cat=globale&ga_q=C.A.F.O#phrase=C.A.F.O
0,2011-06-31,CAFO.PA,,2011-06-31,Q2,60949750,34438750,26511000,2.2990362491041454,0.0,0.0,0.0,0.0,16324500,58608750,279250.0,0.0,3694250.0,16.498545036204913,2341000.0,26.03577530969671,0.0,2508500.0,24.297289216663344,893750.0,1792250.0,34.00739294183289,0.225,0.225,7772780.0,7772780.0,https://www.infogreffe.com/recherche-entreprise-dirigeants/resultats-entreprise-dirigeants.html?ga_cat=globale&ga_q=C.A.F.O#phrase=C.A.F.O,https://www.infogreffe.com/recherche-entreprise-dirigeants/resultats-entreprise-dirigeants.html?ga_cat=globale&ga_q=C.A.F.O#phrase=C.A.F.O
0,2011-03-31,CAFO.PA,,2011-03-31,Q1,60949750,34438750,26511000,2.2990362491041454,0.0,0.0,0.0,0.0,16324500,58608750,279250.0,0.0,3694250.0,16.498545036204913,2341000.0,26.03577530969671,0.0,2508500.0,24.297289216663344,893750.0,1792250.0,34.00739294183289,0.225,0.225,7772780.0,7772780.0,https://www.infogreffe.com/recherche-entreprise-dirigeants/resultats-entreprise-dirigeants.html?ga_cat=globale&ga_q=C.A.F.O#phrase=C.A.F.O,https://www.infogreffe.com/recherche-entreprise-dirigeants/resultats-entreprise-dirigeants.html?ga_cat=globale&ga_q=C.A.F.O#phrase=C.A.F.O
0,2011-01-31,CAFO.PA,,2011-01-31,Q1,60949750,34438750,26511000,2.2990362491041454,0.0,0.0,0.0,0.0,16324500,58608750,279250.0,0.0,3694250.0,16.498545036204913,2341000.0,26.03577530969671,0.0,2508500.0,24.297289216663344,893750.0,1792250.0,34.00739294183289,0.225,0.225,7772780.0,7772780.0,https://www.infogreffe.com/recherche-entreprise-dirigeants/resultats-entreprise-dirigeants.html?ga_cat=globale&ga_q=C.A.F.O#phrase=C.A.F.O,https://www.infogreffe.com/recherche-entreprise-dirigeants/resultats-entreprise-dirigeants.html?ga_cat=globale&ga_q=C.A.F.O#phrase=C.A.F.O
0,2010-09-31,CAFO.PA,,2010-09-31,Q3,58231750,32340750,25891000,2.2491116604225407,0.0,0.0,0.0,0.0,14099500,54427750,280750.0,0.0,4955250.0,11.751526159124161,3804000.0,15.30803101997897,0.0,3732000.0,15.603362808145766,1190750.0,1707000.0,34.11350322202695,0.21,0.21,7772780.0,7772780.0,https://www.infogreffe.com/recherche-entreprise-dirigeants/resultats-entreprise-dirigeants.html?ga_cat=globale&ga_q=C.A.F.O#phrase=C.A.F.O,https://www.infogreffe.com/recherche-entreprise-dirigeants/resultats-entreprise-dirigeants.html?ga_cat=globale&ga_q=C.A.F.O#phrase=C.A.F.O
0,2010-06-31,CAFO.PA,,2010-06-31,Q2,58231750,32340750,25891000,2.2491116604225407,0.0,0.0,0.0,0.0,14099500,54427750,280750.0,0.0,4955250.0,11.751526159124161,3804000.0,15.30803101997897,0.0,3732000.0,15.603362808145766,1190750.0,1707000.0,34.11350322202695,0.21,0.21,7772780.0,7772780.0,https://www.infogreffe.com/recherche-entreprise-dirigeants/resultats-entreprise-dirigeants.html?ga_cat=globale&ga_q=C.A.F.O#phrase=C.A.F.O,https://www.infogreffe.com/recherche-entreprise-dirigeants/resultats-entreprise-dirigeants.html?ga_cat=globale&ga_q=C.A.F.O#phrase=C.A.F.O
0,2010-03-31,CAFO.PA,,2010-03-31,Q1,58231750,32340750,25891000,2.2491116604225407,0.0,0.0,0.0,0.0,14099500,54427750,280750.0,0.0,4955250.0,11.751526159124161,3804000.0,15.30803101997897,0.0,3732000.0,15.603362808145766,1190750.0,1707000.0,34.11350322202695,0.21,0.21,7772780.0,7772780.0,https://www.infogreffe.com/recherche-entreprise-dirigeants/resultats-entreprise-dirigeants.html?ga_cat=globale&ga_q=C.A.F.O#phrase=C.A.F.O,https://www.infogreffe.com/recherche-entreprise-dirigeants/resultats-entreprise-dirigeants.html?ga_cat=globale&ga_q=C.A.F.O#phrase=C.A.F.O
0,2010-01-31,CAFO.PA,,2010-01-31,Q1,58231750,32340750,25891000,2.2491116604225407,0.0,0.0,0.0,0.0,14099500,54427750,280750.0,0.0,4955250.0,11.751526159124161,3804000.0,15.30803101997897,0.0,3732000.0,15.603362808145766,1190750.0,1707000.0,34.11350322202695,0.21,0.21,7772780.0,7772780.0,https://www.infogreffe.com/recherche-entreprise-dirigeants/resultats-entreprise-dirigeants.html?ga_cat=globale&ga_q=C.A.F.O#phrase=C.A.F.O,https://www.infogreffe.com/recherche-entreprise-dirigeants/resultats-entreprise-dirigeants.html?ga_cat=globale&ga_q=C.A.F.O#phrase=C.A.F.O
0,2009-09-31,CAFO.PA,,2009-09-31,Q3,55233000,33665500,21567500,2.56093659441289,0.0,0.0,0.0,0.0,12101500,53975750,545750.0,772250.0,1815000.0,30.431404958677685,1257250.0,43.931596738914294,0.0,486500.0,113.53134635149024,338750.0,321750.0,171.66433566433565,0.0425,0.0425,7772780.0,7772780.0,https://www.infogreffe.com/recherche-entreprise-dirigeants/resultats-entreprise-dirigeants.html?ga_cat=globale&ga_q=C.A.F.O#phrase=C.A.F.O,https://www.infogreffe.com/recherche-entreprise-dirigeants/resultats-entreprise-dirigeants.html?ga_cat=globale&ga_q=C.A.F.O#phrase=C.A.F.O
0,2009-06-31,CAFO.PA,,2009-06-31,Q2,55233000,33665500,21567500,2.56093659441289,0.0,0.0,0.0,0.0,12101500,53975750,545750.0,772250.0,1815000.0,30.431404958677685,1257250.0,43.931596738914294,0.0,486500.0,113.53134635149024,338750.0,321750.0,171.66433566433565,0.0425,0.0425,7772780.0,7772780.0,https://www.infogreffe.com/recherche-entreprise-dirigeants/resultats-entreprise-dirigeants.html?ga_cat=globale&ga_q=C.A.F.O#phrase=C.A.F.O,https://www.infogreffe.com/recherche-entreprise-dirigeants/resultats-entreprise-dirigeants.html?ga_cat=globale&ga_q=C.A.F.O#phrase=C.A.F.O
0,2009-03-31,CAFO.PA,,2009-03-31,Q1,55233000,33665500,21567500,2.56093659441289,0.0,0.0,0.0,0.0,12101500,53975750,545750.0,772250.0,1815000.0,30.431404958677685,1257250.0,43.931596738914294,0.0,486500.0,113.53134635149024,338750.0,321750.0,171.66433566433565,0.0425,0.0425,7772780.0,7772780.0,https://www.infogreffe.com/recherche-entreprise-dirigeants/resultats-entreprise-dirigeants.html?ga_cat=globale&ga_q=C.A.F.O#phrase=C.A.F.O,https://www.infogreffe.com/recherche-entreprise-dirigeants/resultats-entreprise-dirigeants.html?ga_cat=globale&ga_q=C.A.F.O#phrase=C.A.F.O
0,2009-01-31,CAFO.PA,,2009-01-31,Q1,55233000,33665500,21567500,2.56093659441289,0.0,0.0,0.0,0.0,12101500,53975750,545750.0,772250.0,1815000.0,30.431404958677685,1257250.0,43.931596738914294,0.0,486500.0,113.53134635149024,338750.0,321750.0,171.66433566433565,0.0425,0.0425,7772780.0,7772780.0,https://www.infogreffe.com/recherche-entreprise-dirigeants/resultats-entreprise-dirigeants.html?ga_cat=globale&ga_q=C.A.F.O#phrase=C.A.F.O,https://www.infogreffe.com/recherche-entreprise-dirigeants/resultats-entreprise-dirigeants.html?ga_cat=globale&ga_q=C.A.F.O#phrase=C.A.F.O
