,date,symbol,fillingDate,acceptedDate,period,revenue,costOfRevenue,grossProfit,grossProfitRatio,researchAndDevelopmentExpenses,generalAndAdministrativeExpenses,sellingAndMarketingExpenses,otherExpenses,operatingExpenses,costAndExpenses,interestExpense,depreciationAndAmortization,ebitda,ebitdaratio,operatingIncome,operatingIncomeRatio,totalOtherIncomeExpensesNet,incomeBeforeTax,incomeBeforeTaxRatio,incomeTaxExpense,netIncome,netIncomeRatio,eps,epsdiluted,weightedAverageShsOut,weightedAverageShsOutDil,link,finalLink
0,2020-09-30,GPI,2020-11-04,2020-11-04 17:02:27,Q3,3039000000,2527000000,512000000,0.16847647252385653,0.0,305000000,0.0,14000000,305000000,2832000000,-8000000.0,19000000,206000000,0.0677854557420204,187000000,0.061533399144455415,0.0,161000000,0.052977953274103325,34000000,126000000,0.04146100691016782,6.86,6.86,17000000,17000000,https://www.sec.gov/Archives/edgar/data/1031203/000103120320000022/0001031203-20-000022-index.htm,https://www.sec.gov/Archives/edgar/data/1031203/000103120320000022/a2020q3form10-q.htm
0,2020-06-30,GPI,2020-08-03,2020-08-03 06:18:49,Q2,2131200000,1772400000,358800000,0.16835585585585586,0.0,237200000,0.0,16000000,290199999.9999998,2062599999.9999998,-26300000,18799999.999999996,34800000,0.016329,68600000,0.032188,0.0,42300000,0.019848,12200000,30100000,0.014123,1.69101,1.69101,17800000,17800000,https://www.sec.gov/Archives/edgar/data/1031203/000103120320000017/0001031203-20-000017-index.htm,https://www.sec.gov/Archives/edgar/data/1031203/000103120320000017/a2020q2form10-q.htm
0,2020-03-31,GPI,2020-05-08 00:00:00,2020-05-08 15:18:28,Q1,2690800000,2274300000,416500000,0.154787,0.0,328000000,0.0,18000000,346599999.9999999,2620900000,-31000000,18600000,26500000,0.009848,69900000,0.025977,0.0,38900000,0.014457,9100000.0,29800000,0.011075,1.67416,1.67416,17800000,17800000,https://www.sec.gov/Archives/edgar/data/1031203/000103120320000012/0001031203-20-000012-index.html,https://www.sec.gov/Archives/edgar/data/1031203/000103120320000012/a2020q1form10-q.htm
0,2019-12-31,GPI,2020-02-13 00:00:00,2020-02-13 16:46:22,Q4,3111400000,2646800000,464600000,0.149322,0.0,338000000,0.0,100000.0,368099999.9999999,3014900000,-33700000,18599999.999999993,47799999.99999999,0.015363,96500000,0.031015,100000.0,62900000,0.020216,14800000,48100000,0.015459,2.68715,2.68715,17900000,17900000,https://www.sec.gov/Archives/edgar/data/1031203/000103120320000006/0001031203-20-000006-index.html,https://www.sec.gov/Archives/edgar/data/1031203/000103120320000006/a2019form10-k.htm
0,2019-09-30,GPI,2019-10-30 00:00:00,2019-10-30 17:23:11,Q3,3118300000,2652700000,465600000,0.149312,0.0,354000000,0.0,55000000,382300000.0000002,3035000000,-34300000,18139000.000000004,32839000.000000004,0.010531,83300000,0.026713,0.0,49000000,0.015714,11000000,38000000,0.012186,2.11111,2.11111,18000000,18000000,https://www.sec.gov/Archives/edgar/data/1031203/000103120319000029/0001031203-19-000029-index.html,https://www.sec.gov/Archives/edgar/data/1031203/000103120319000029/a2019q3form10-q.htm
0,2019-06-30,GPI,2019-08-02,2019-08-02 17:12:07,Q2,3005700000,2551400000,454300000,0.151146,0.0,338700000,0.0,100000.0,357199999.9999998,2908600000,-33900000,17863999.999999996,47164000,0.015692,97100000,0.032305,0.0,63200000,0.021027,14000000,49200000,0.016369,2.7486,2.7486,17900000,17900000,https://www.sec.gov/Archives/edgar/data/1031203/000103120319000021/a2019q2form10-q.htm,https://www.sec.gov/Archives/edgar/data/1031203/000103120319000021/a2019q2form10-q.htm
0,2019-03-31,GPI,2019-05-08 00:00:00,2019-05-07 19:03:00,Q1,2808376000,2376873000,431503000,0.153649,0.0,327708000,0.0,-18919000,344704999.9999999,2721578000,-34622000,16997000,34551000,0.012303,86798000,0.030907,0.0,52176000,0.018579,13528000,38648000,0.013762,2.16528,2.16528,17849000,17849000,https://www.sec.gov/Archives/edgar/data/1031203/000103120319000014/0001031203-19-000014-index.html,https://www.sec.gov/Archives/edgar/data/1031203/000103120319000014/a2019q1form10-q.htm
0,2018-12-31,GPI,2019-02-19 00:00:00,2019-02-19 08:34:21,Q4,2908812000,2476746000,432066000,0.148537,0.0,323847000,0.0,0.0,357411999.9999998,2834158000,-34971000,17069999.999999993,21656999.999999993,0.007445,74654000,0.025665,0.0,39683000,0.013642,8840000.0,30718000,0.01056,1.6841,1.6841,18240000,18240000,https://www.sec.gov/Archives/edgar/data/1031203/000103120319000007/0001031203-19-000007-index.html,https://www.sec.gov/Archives/edgar/data/1031203/000103120319000007/a2018form10-knew.htm
0,2018-09-30,GPI,2018-11-01 00:00:00,2018-11-01 15:03:12,Q3,2889100000,2454000000,435100000,0.150601,0.0,316800000,0.0,-19140000,356900000.0000001,2810900000,-33800000,17000000,28300000,0.009795,78200000,0.027067,0.0,44400000,0.015368,10300000,34800000,0.012045,1.80311,1.80311,19300000,19300000,https://www.sec.gov/Archives/edgar/data/1031203/000103120318000036/0001031203-18-000036-index.html,https://www.sec.gov/Archives/edgar/data/1031203/000103120318000036/a2018q3form10-q.htm
0,2018-06-30,GPI,2018-08-03 00:00:00,2018-08-02 19:33:56,Q2,2943500000,2505300000,438200000,0.14887,0.0,308100000,0.0,-19414000,329000000,2834300000,-34000000,16700000,57900000,0.01967,109200000,0.037099,0.0,75200000,0.025548,18700000,56500000,0.019195,2.825,2.825,20000000,20000000,https://www.sec.gov/Archives/edgar/data/1031203/000103120318000027/0001031203-18-000027-index.html,https://www.sec.gov/Archives/edgar/data/1031203/000103120318000027/a20182ndquarterform10-q.htm
0,2018-03-31,GPI,2018-05-04 00:00:00,2018-05-04 08:32:13,Q1,2860000000,2440300000,419800000,0.146783,0.0,324300000,0.0,-18820000,340699999.9999998,2781000000,-32900000,16300000,29600000,0.01035,79100000,0.027657,0.0,46200000,0.016154,10400000,35800000,0.012517,1.76355,1.76355,20300000,20300000,https://www.sec.gov/Archives/edgar/data/1031203/000103120318000020/0001031203-18-000020-index.html,https://www.sec.gov/Archives/edgar/data/1031203/000103120318000020/a20181stquarterform10-q.htm
0,2017-12-31,GPI,2018-02-20 00:00:00,2018-02-16 17:58:37,Q4,2920400000,2494700000,425700000,0.145768,0.0,309500000,0.0,-18309000,334700000.0000003,2829400000.0000005,-32000000,15100000.000000002,115100000,0.039412,91000000,0.03116,0.0,59000000,0.020203,21500000,110500000,0.037837,5.44335,5.44335,20300000,20300000,https://www.sec.gov/Archives/edgar/data/1031203/000103120318000013/0001031203-18-000013-index.html,https://www.sec.gov/Archives/edgar/data/1031203/000103120318000013/a2017form10-k.htm
0,2017-09-30,GPI,2017-11-02 00:00:00,2017-11-02 16:52:40,Q3,3012300000,2580900000,431400000,0.143213,0.0,328300000,0.0,-17874000,352900000.0000001,2933800000,-31400000,15099999.999999998,30899999.999999996,0.010258,78500000,0.02606,0.0,47100000,0.015636,17300000,29900000,0.009926,1.4802,1.4802,20200000,20200000,https://www.sec.gov/Archives/edgar/data/1031203/000103120317000026/0001031203-17-000026-index.html,https://www.sec.gov/Archives/edgar/data/1031203/000103120317000026/a20173rdquarterform10-q.htm
0,2017-06-30,GPI,2017-08-02 00:00:00,2017-08-02 16:52:42,Q2,2672200000,2267300000,404900000,0.151523,0.0,298600000,0.0,-17315000,312699999.9999998,2580000000,-30500000,14100000,45300000,0.016952,92200000,0.034503,0.0,61700000,0.02309,22600000,39100000,0.014632,1.91667,1.91667,20400000,20400000,https://www.sec.gov/Archives/edgar/data/1031203/000103120317000018/0001031203-17-000018-index.html,https://www.sec.gov/Archives/edgar/data/1031203/000103120317000018/a20172ndquarterform10-q.htm
0,2017-03-31,GPI,2017-05-04 00:00:00,2017-05-03 21:55:08,Q1,2518800000,2135300000,383500000,0.152255,0.0,289800000,0.0,-16999000,303399999.99999964,2438699999.9999995,-28900000,13600000,35900000,0.014253,80100000,0.031801,0.0,51200000,0.020327,17300000,33900000,0.013459,1.64563,1.64563,20600000,20600000,https://www.sec.gov/Archives/edgar/data/1031203/000103120317000012/0001031203-17-000012-index.html,https://www.sec.gov/Archives/edgar/data/1031203/000103120317000012/a20171stquarterform10-q.htm
0,2016-12-31,GPI,2017-02-17 00:00:00,2017-02-17 17:21:20,Q4,2673600000,2284500000,389200000,0.145572,0.0,279100000,0.0,-17207000,312199999.9999998,2596700000,-28400000,13100000.000000002,33200000,0.012418,76900000,0.028763,0.0,48500000,0.01814,17700000,30800000,0.01152,1.49515,1.49515,20600000,20600000,https://www.sec.gov/Archives/edgar/data/1031203/000103120317000007/0001031203-17-000007-index.html,https://www.sec.gov/Archives/edgar/data/1031203/000103120317000007/a2016form10-k.htm
0,2016-09-30,GPI,2016-11-03 00:00:00,2016-11-02 18:22:05,Q3,2823200000,2416500000,406700000,0.144056,0.0,299000000,0.0,-17095000,322800000.0000002,2739300000,-28200000,12900000.000000002,40400000,0.01431,83900000,0.029718,0.0,55700000,0.019729,20300000,35400000,0.012539,1.71845,1.71845,20600000,20600000,https://www.sec.gov/Archives/edgar/data/1031203/000103120316000070/0001031203-16-000070-index.html,https://www.sec.gov/Archives/edgar/data/1031203/000103120316000070/a20163rdquarterform10-q.htm
0,2016-06-30,GPI,2016-08-03 00:00:00,2016-08-02 17:43:21,Q2,2782400000,2372300000,410100000,0.147391,0.0,299000000,0.0,-16705000,312799999.9999997,2685099999.9999995,-28300000,12700000,53500000,0.019228,97400000,0.035006,0.0,69100000,0.024835,22500000,46600000,0.016748,2.20853,2.20853,21100000,21100000,https://www.sec.gov/Archives/edgar/data/1031203/000103120316000062/0001031203-16-000062-index.html,https://www.sec.gov/Archives/edgar/data/1031203/000103120316000062/a20162ndquarterform10-q.htm
0,2016-03-31,GPI,2016-05-03 00:00:00,2016-05-03 15:52:54,Q1,2608400000,2219300000,389100000,0.149172,0.0,293700000,0.0,-16929000,307000000,2526300000,-27900000,12500000,38700000,0.014837,82000000,0.031437,0.0,54100000,0.020741,19800000,34300000,0.01315,1.6028,1.6028,21400000,21400000,https://www.sec.gov/Archives/edgar/data/1031203/000103120316000050/0001031203-16-000050-index.html,https://www.sec.gov/Archives/edgar/data/1031203/000103120316000050/a20161stquarterform10-q.htm
0,2015-12-31,GPI,2016-02-17 00:00:00,2016-02-17 17:19:52,Q4,2672600000,2292500000,380100000,0.142221,0.0,279800000,0.0,-14842000,377199999.9999998,2669700000,-1275000.0,11800000.000000004,-11574999.999999996,-0.004331,2900000.0,0.001085,0.0,-22100000,-0.008269,11300000,-33400000,-0.012497,-1.47137,-1.47137,22700000,22700000,https://www.sec.gov/Archives/edgar/data/1031203/000103120316000045/0001031203-16-000045-index.html,https://www.sec.gov/Archives/edgar/data/1031203/000103120316000045/a2015form10-k.htm
0,2015-09-30,GPI,2015-10-30 00:00:00,2015-10-30 10:53:30,Q3,2800600000,2402200000,398400000,0.142255,0.0,289000000,0.0,-13922000,301700000.0000003,2703900000.0000005,430000.0,11799999.999999996,85330000,0.030468,96600000,0.034493,0.0,73000000,0.026066,27800000,45300000,0.016175,1.96104,1.96104,23100000,23100000,https://www.sec.gov/Archives/edgar/data/1031203/000103120315000035/0001031203-15-000035-index.html,https://www.sec.gov/Archives/edgar/data/1031203/000103120315000035/a20153rdquarterform10-q.htm
0,2015-06-30,GPI,2015-07-30 00:00:00,2015-07-30 14:55:52,Q2,2726500000,2334900000,391600000,0.143627,0.0,280600000,0.0,-14228000,293599999.9999999,2628500000,406000.0,11900000.000000002,86106000,0.031581,98000000,0.035944,0.0,73800000,0.027068,27500000,46300000,0.016981,1.98712,1.98712,23300000,23300000,https://www.sec.gov/Archives/edgar/data/1031203/000103120315000025/0001031203-15-000025-index.html,https://www.sec.gov/Archives/edgar/data/1031203/000103120315000025/a20152ndquarterform10-q.htm
0,2015-03-31,GPI,2015-05-11 00:00:00,2015-05-08 18:35:37,Q1,2432900000,2069000000,363900000,0.149575,0.0,271500000,0.0,-13911000,283099999.9999999,2352100000,439000.0,11700000,69639000,0.028624,80700000,0.03317,0.0,57500000,0.023634,21700000,35800000,0.014715,1.53648,1.53648,23300000,23300000,https://www.sec.gov/Archives/edgar/data/1031203/000103120315000016/0001031203-15-000016-index.html,https://www.sec.gov/Archives/edgar/data/1031203/000103120315000016/a20151stquarterform10-q.htm
0,2014-12-31,GPI,2015-02-24,2015-02-24 17:23:31,Q4,2538900000,2173000000,366000000,0.144157,0.0,268200000,0.0,-13367000,309500000,2482500000,-1138000.0,10899999.999999998,42862000,0.016882,56400000,0.022214,0.0,33100000,0.013037,14400000,18700000,0.007365,0.79574,0.79574,23500000,23500000,https://www.sec.gov/Archives/edgar/data/1031203/000103120315000009/a2014form10-k.htm,https://www.sec.gov/Archives/edgar/data/1031203/000103120315000009/a2014form10-k.htm
0,2014-09-30,GPI,2014-11-07 00:00:00,2014-11-06 19:13:47,Q3,2626400000,2251700000,374700000,0.142667,0.0,264200000,0.0,-13246000,307200000.0000003,2558900000.0000005,416000.0,10700000,55016000,0.020947,67600000,0.025739,0.0,43900000,0.016715,17700000,26200000,0.009976,1.07377,1.07377,24400000,24400000,https://www.sec.gov/Archives/edgar/data/1031203/000103120314000039/0001031203-14-000039-index.html,https://www.sec.gov/Archives/edgar/data/1031203/000103120314000039/a3rdqtr2014form10-q.htm
0,2014-06-30,GPI,2014-08-04 00:00:00,2014-08-04 16:43:36,Q2,2511600000,2142500000,369100000,0.146958,0.0,272000000,0.0,-12567000,308000000,2450500000,722000.0,10799999.999999998,49722000,0.019797,61100000,0.024327,0.0,38200000,0.015209,21300000,16900000,0.006729,0.64504,0.64504,26200000,26200000,https://www.sec.gov/Archives/edgar/data/1031203/000103120314000029/0001031203-14-000029-index.html,https://www.sec.gov/Archives/edgar/data/1031203/000103120314000029/a2ndqtr2014form10-q.htm
0,2014-03-31,GPI,2014-04-29 00:00:00,2014-04-29 16:55:16,Q1,2260900000,1922700000,338100000,0.149542,0.0,257600000,0.0,-10513000,267499999.9999998,2190200000,-21400000,9900000.0,37700000,0.016675,70600000,0.031227,0.0,49200000,0.021761,17900000,31300000,0.013844,1.23228,1.23228,25400000,25400000,https://www.sec.gov/Archives/edgar/data/1031203/000103120314000020/0001031203-14-000020-index.html,https://www.sec.gov/Archives/edgar/data/1031203/000103120314000020/a1stqtr2014form10-q.htm
0,2013-12-31,GPI,2014-03-03,2014-03-03 16:48:31,Q4,2279500000,1958200000,321300000,0.140952,0.0,245400000,0.0,-10188000,260200000.00000006,2218400000,-20900000,9399999.999999998,28700000,0.01259,61100000,0.026804,0.0,40200000,0.017635,18500000,21700000,0.00952,0.84109,0.84109,25800000,25800000,https://www.sec.gov/Archives/edgar/data/1031203/000103120314000010/a2013form10-k.htm,https://www.sec.gov/Archives/edgar/data/1031203/000103120314000010/a2013form10-k.htm
0,2013-09-30,GPI,2013-10-31 00:00:00,2013-10-31 17:05:15,Q3,2340100000,2010700000,329500000,0.140806,0.0,246900000,0.0,-9971000.0,256499999.9999998,2267200000,-20700000,9099999.999999998,40700000,0.017392,72900000,0.031153,0.0,52300000,0.022349,19500000,32800000,0.014016,1.24715,1.24715,26300000,26300000,https://www.sec.gov/Archives/edgar/data/1031203/000103120313000028/0001031203-13-000028-index.html,https://www.sec.gov/Archives/edgar/data/1031203/000103120313000028/a3rdqtr2013form10-q.htm
0,2013-06-30,GPI,2013-08-01 00:00:00,2013-07-31 19:14:00,Q2,2335100000,1993800000,341300000,0.146161,0.0,251200000,0.0,-9570000.0,260700000.00000006,2254500000,-20400000,8900000.0,48700000,0.020856,80600000,0.034517,0.0,60200000,0.02578,22800000,37400000,0.016016,1.496,1.496,25000000,25000000,https://www.sec.gov/Archives/edgar/data/1031203/000103120313000021/0001031203-13-000021-index.html,https://www.sec.gov/Archives/edgar/data/1031203/000103120313000021/a20132ndquarterform10-q.htm
0,2013-03-31,GPI,2013-04-15 00:00:00,2013-04-15 10:59:07,Q1,1963800000,1663300000,300500000,0.15302,0.0,233400000,0.0,-9242000.0,241900000.0000001,1905200000,-313000.0,8400000.0,47287000,0.024079,58600000,0.02984,-800000.0,39200000,0.019961,17100000,22100000,0.011254,0.89113,0.89113,24800000,24800000,https://www.sec.gov/Archives/edgar/data/1522211/000114420413021707/0001144204-13-021707-index.html,https://www.sec.gov/Archives/edgar/data/1522211/000114420413021707/v341320_10k.htm
0,2012-12-31,GPI,2013-02-20 00:00:00,2013-02-19 18:41:45,Q4,1939000000,1658700000,280300000,0.144559,0.0,218900000,0.0,-9616000.0,234399999.99999985,1893099999.9999998,-18000000,8399999.999999998,18300000,0.009438,45900000,0.023672,0.0,27900000,0.014389,10800000,17100000,0.008819,0.73391,0.73391,23300000,23300000,https://www.sec.gov/Archives/edgar/data/1031203/000103120313000004/0001031203-13-000004-index.html,https://www.sec.gov/Archives/edgar/data/1031203/000103120313000004/a20121231-10k.htm
0,2012-09-30,GPI,2012-10-19 00:00:00,2012-10-18 18:42:09,Q3,1976600000,1685300000,291200000,0.147324,0.0,216100000,0.0,-9619000.0,224200000.00000006,1909500000,-17600000,8100000.000000001,40000000,0.020237,67100000,0.033947,0.0,49500000,0.025043,18200000,31300000,0.015835,1.39111,1.39111,22500000,22500000,https://www.sec.gov/Archives/edgar/data/1522211/000114420412056857/0001144204-12-056857-index.html,https://www.sec.gov/Archives/edgar/data/1522211/000114420412056857/v325761_10q.htm
0,2012-06-30,GPI,2012-07-27 00:00:00,2012-07-27 10:57:14,Q2,1895800000,1610500000,285300000,0.150491,0.0,214300000,0.0,-9190000.0,222200000.00000006,1832700000,-17100000,7800000.0,36700000,0.019359,63100000,0.033284,0.0,46000000,0.024264,17400000,28600000,0.015086,1.27111,1.27111,22500000,22500000,https://www.sec.gov/Archives/edgar/data/1031203/000119312512318530/0001193125-12-318530-index.html,https://www.sec.gov/Archives/edgar/data/1031203/000119312512318530/d373401d10q.htm
0,2012-03-31,GPI,2012-04-27,2012-04-27 16:05:24,Q1,1664700000,1404300000,260400000,0.156425,0.0,199100000,0.0,-9040000.0,206500000,1610800000,-16700000,7200000.0,27800000,0.0167,54000000,0.032438,0.0,37300000,0.022406,14200000,23100000,0.013876,1.02667,1.02667,22500000,22500000,https://www.sec.gov/Archives/edgar/data/1031203/000119312512052522/d264649d10k.htm,https://www.sec.gov/Archives/edgar/data/1031203/000119312512052522/d264649d10k.htm
0,2011-12-31,GPI,2012-02-10 00:00:00,2012-02-10 16:12:35,Q4,1722200000,1471800000,250400000,0.145395,0.0,193200000,0.0,-8911000.0,205000000,1676800000,-17200000,7200000.000000003,18200000.000000004,0.010568,45400000,0.026362,0.0,28200000,0.016374,10500000,17700000,0.010278,0.9171,0.9171,19300000,19300000,https://www.sec.gov/Archives/edgar/data/1031203/000119312512052522/0001193125-12-052522-index.html,https://www.sec.gov/Archives/edgar/data/1031203/000119312512052522/d264649d10k.htm
0,2011-09-30,GPI,2011-10-26 00:00:00,2011-10-26 16:58:08,Q3,1570400000,1321600000,248800000,0.158431,0.0,188200000,0.0,-8644000.0,198700000.00000006,1520300000,-15600000,6899999.999999999,25800000,0.016429,50100000,0.031903,0.0,34500000,0.021969,13000000,21500000,0.013691,0.96847,0.96847,22200000,22200000,https://www.sec.gov/Archives/edgar/data/1031203/000095012311092081/0000950123-11-092081-index.html,https://www.sec.gov/Archives/edgar/data/1031203/000095012311092081/h84163e10vq.htm
0,2011-06-30,GPI,2011-07-27 00:00:00,2011-07-27 17:22:47,Q2,1474100000,1229900000,244200000,0.16566,0.0,183100000,0.0,-8225000.0,189799999.99999994,1419700000,-14700000,6500000.0,31500000,0.021369,54400000,0.036904,0.0,39700000,0.026932,15000000,24700000,0.016756,1.08811,1.08811,22700000,22700000,https://www.sec.gov/Archives/edgar/data/1031203/000095012311068993/0000950123-11-068993-index.html,https://www.sec.gov/Archives/edgar/data/1031203/000095012311068993/h83024e10vq.htm
0,2011-03-31,GPI,2011-04-27 00:00:00,2011-04-27 12:47:26,Q1,1409300000,1187500000,221800000,0.157383,0.0,175900000,0.0,-7942000.0,182599999.9999999,1370100000,6760000.0,6500000.0,37860000,0.026864,39200000,0.027815,0.0,24500000,0.017385,9200000.0,15400000,0.010927,0.67841,0.67841,22700000,22700000,https://www.sec.gov/Archives/edgar/data/1031203/000095012311039902/0000950123-11-039902-index.html,https://www.sec.gov/Archives/edgar/data/1031203/000095012311039902/h81539e10vq.htm
0,2010-12-31,GPI,2011-02-11,2011-02-11 16:51:23,Q4,1437800000,1220700000,217000000,0.150925,0.0,170800000,0.0,-6952000.0,185099999.9999999,1405800000,8890000.0,6600000.000000001,31590000,0.021971,31900000,0.022187,0.0,16100000,0.011198,5500000.0,10600000,0.007372,0.44538,0.44538,23800000,23800000,https://www.sec.gov/Archives/edgar/data/1031203/000095012311012850/h79467e10vk.htm,https://www.sec.gov/Archives/edgar/data/1031203/000095012311012850/h79467e10vk.htm
0,2010-09-30,GPI,2010-10-28 00:00:00,2010-10-28 06:01:40,Q3,1461800000,1232900000,228800000,0.156519,0.0,173900000,0.0,-6894000.0,182399999.99999985,1415299999.9999998,9021000.0,6699999.999999999,46321000,0.031688,46500000,0.03181,0.0,30600000,0.020933,11600000,19000000,0.012998,0.84821,0.84821,22400000,22400000,https://www.sec.gov/Archives/edgar/data/1031203/000095012310096893/0000950123-10-096893-index.html,https://www.sec.gov/Archives/edgar/data/1031203/000095012310096893/h77191e10vq.htm
0,2010-06-30,GPI,2010-07-28 00:00:00,2010-07-28 16:40:32,Q2,1418500000,1191900000,226700000,0.159817,0.0,176900000,0.0,-6267000.0,190599999.9999999,1382500000,8633000.0,6699999.999999999,36533000,0.025755,36000000,0.025379,0.0,21100000,0.014875,8400000.0,12800000,0.009024,0.54237,0.54237,23600000,23600000,https://www.sec.gov/Archives/edgar/data/1031203/000095012310069088/0000950123-10-069088-index.html,https://www.sec.gov/Archives/edgar/data/1031203/000095012310069088/h74806e10vq.htm
0,2010-03-31,GPI,2010-04-28 00:00:00,2010-04-28 17:22:45,Q1,1191200000,986600000,204500000,0.171676,0.0,166400000,0.0,-7104000.0,176800000.00000006,1163400000,7566000.0,6500000.0,27166000,0.022806,27800000,0.023338,0.0,13100000,0.010997,5100000.0,8000000.0,0.006716,0.33755,0.33755,23700000,23700000,https://www.sec.gov/Archives/edgar/data/1031203/000095012310039749/0000950123-10-039749-index.html,https://www.sec.gov/Archives/edgar/data/1031203/000095012310039749/h72530e10vq.htm
0,2009-12-31,GPI,2010-02-12 00:00:00,2010-02-12 16:51:25,Q4,1150400000,960400000,190000000,0.16516,0.0,153200000,0.0,-7218000.0,178500000.0000001,1138900000,8003000.0,6300000.000000001,10503000.000000002,0.00913,11500000,0.009997,0.0,-3800000.0,-0.003303,-1800000.0,-2000000.0,-0.001739,-0.08658,-0.08658,23100000,23100000,https://www.sec.gov/Archives/edgar/data/1031203/000095012310012350/0000950123-10-012350-index.html,https://www.sec.gov/Archives/edgar/data/1031203/000095012310012350/h69517e10vk.htm
0,2009-09-30,GPI,2009-11-03 00:00:00,2009-11-03 15:52:36,Q3,1246700000,1034700000,212000000,0.170049,0.0,162500000,0.0,-7318000.0,169200000.00000006,1203900000,7523000.0,6600000.0,42023000,0.033707,42800000,0.034331,0.0,27900000,0.022379,9600000.0,18300000,0.014679,0.77872,0.77872,23500000,23500000,https://www.sec.gov/Archives/edgar/data/1031203/000095012309056851/0000950123-09-056851-index.html,https://www.sec.gov/Archives/edgar/data/1031203/000095012309056851/h68395e10vq.htm
0,2009-06-30,GPI,2009-08-04 00:00:00,2009-08-04 06:02:22,Q2,1108800000,917600000,191100000,0.172348,0.0,151100000,0.0,-7576000.0,159399999.99999997,1077000000,7857000.0,6400000.0,30557000,0.027559,31700000,0.028589,0.0,16300000,0.014701,6200000.0,10100000,0.009109,0.43348,0.43348,23300000,23300000,https://www.sec.gov/Archives/edgar/data/1031203/000095012309029148/0000950123-09-029148-index.html,https://www.sec.gov/Archives/edgar/data/1031203/000095012309029148/h67480e10vq.htm
0,2009-03-31,GPI,2009-05-08 00:00:00,2009-05-08 17:23:28,Q1,1019800000,837200000,182700000,0.179153,0.0,153200000,0.0,-6963000.0,152299999.99999994,989500000,8962000.0,6500000.0,29862000,0.029282,30300000,0.029712,0.0,14400000,0.01412,6000000.0,8400000.0,0.008237,0.36681,0.36681,22900000,22900000,https://www.sec.gov/Archives/edgar/data/1031203/000095012909001566/0000950129-09-001566-index.html,https://www.sec.gov/Archives/edgar/data/1031203/000095012909001566/h66696e10vq.htm
0,2008-12-31,GPI,2009-02-25 00:00:00,2009-02-25 17:12:08,Q4,1133700000,946700000,187100000,0.165035,0.0,159800000,0.0,-6813000.0,264099999.9999999,1210800000,10741000,6699999.999999999,-79159000,-0.069824,-77100000,-0.068007,0.0,-96600000,-0.085208,-39200000,-57400000,-0.050631,-2.53982,-2.53982,22600000,22600000,https://www.sec.gov/Archives/edgar/data/1031203/000095012909000557/0000950129-09-000557-index.html,https://www.sec.gov/Archives/edgar/data/1031203/000095012909000557/h65785e10vk.htm
0,2008-09-30,GPI,2008-11-07 00:00:00,2008-11-06 21:22:31,Q3,1434000000,1204400000,229600000,0.160112,0.0,189200000,0.0,-7199000.0,243500000,1447900000,11236000,6699999.999999999,-16464000.000000002,-0.011481,-13900000,-0.009693,0.0,-34400000,-0.023989,-12600000,-21800000,-0.015202,-0.9646,-0.9646,22600000,22600000,https://www.sec.gov/Archives/edgar/data/1031203/000095013408019732/0000950134-08-019732-index.html,https://www.sec.gov/Archives/edgar/data/1031203/000095013408019732/h64738e10vq.htm
0,2008-06-30,GPI,2008-08-08 00:00:00,2008-08-07 19:23:14,Q2,1583100000,1331700000,251400000,0.158802,0.0,195300000,0.0,-6509000.0,201799999.99999994,1533500000,12110000,6500000.000000001,45510000,0.028747,49600000,0.031331,0.0,28100000,0.01775,10900000,16000000,0.010107,0.70485,0.70485,22700000,22700000,https://www.sec.gov/Archives/edgar/data/1031203/000095012908004335/0000950129-08-004335-index.html,https://www.sec.gov/Archives/edgar/data/1031203/000095012908004335/h59063e10vq.htm
0,2008-03-31,GPI,2008-05-07 00:00:00,2008-05-07 17:29:38,Q1,1503300000,1255700000,247600000,0.164704,0.0,195100000,0.0,-8395000.0,200500000,1456200000,12290000,5800000.0,43090000,0.028664,47100000,0.031331,400000.0,25700000,0.017096,9800000.0,15200000,0.010111,0.67556,0.67556,22500000,22500000,https://www.sec.gov/Archives/edgar/data/1031203/000095012908002821/0000950129-08-002821-index.html,https://www.sec.gov/Archives/edgar/data/1031203/000095012908002821/h56503e10vq.htm
0,2007-12-31,GPI,2008-02-28,2008-02-28 06:04:07,Q4,1500100000,1270300000,229900000,0.153256,0.0,180400000,0.0,-7054000.0,201600000.00000015,1471900000.0000002,12235000,5199999.999999999,19335000,0.012889,28200000,0.018799,200000.0,2700000.0,0.0018,1000000.0,900000.0,0.0006,0.04018,0.04018,22400000,22400000,https://www.sec.gov/Archives/edgar/data/1031203/000095013408003648/h53960e10vk.htm,https://www.sec.gov/Archives/edgar/data/1031203/000095013408003648/h53960e10vk.htm
0,2007-09-30,GPI,2007-11-08 00:00:00,2007-11-08 14:30:40,Q3,1625400000,1374100000,251300000,0.154608,0.0,193500000,0.0,-6380000.0,200900000.0000001,1575000000,11842000,5399999.999999999,50642000,0.031157,50400000,0.031008,200000.0,33400000,0.020549,12600000,20800000,0.012797,0.89655,0.89655,23200000,23200000,https://www.sec.gov/Archives/edgar/data/1031203/000095012907005473/0000950129-07-005473-index.html,https://www.sec.gov/Archives/edgar/data/1031203/000095012907005473/h51300e10vq.htm
0,2007-06-30,GPI,2007-08-07 00:00:00,2007-08-07 17:03:10,Q2,1646300000,1394100000,252200000,0.153192,0.0,192000000,0.0,-6830000.0,197500000,1591600000,11802000,5000000.000000001,53902000,0.032741,54700000,0.033226,100000.0,37200000,0.022596,12900000,24200000,0.0147,1.01255,1.01255,23900000,23900000,https://www.sec.gov/Archives/edgar/data/1031203/000095012907003824/0000950129-07-003824-index.html,https://www.sec.gov/Archives/edgar/data/1031203/000095012907003824/h48770e10vq.htm
0,2007-03-31,GPI,2007-05-08 00:00:00,2007-05-07 20:48:01,Q1,1488400000,1247300000,241100000,0.161986,0.0,193000000,0.0,-5207000.0,197700000.00000006,1445000000,12238000,4800000.0,43838000,0.029453,43400000,0.029159,100000.0,27100000,0.018207,9400000.0,17400000,0.01169,0.72199,0.72199,24100000,24100000,https://www.sec.gov/Archives/edgar/data/1031203/000095013407010491/0000950134-07-010491-index.html,https://www.sec.gov/Archives/edgar/data/1031203/000095013407010491/h46101e10vq.htm
0,2006-12-31,GPI,2007-02-27,2007-02-27 17:25:56,Q4,1507100000,1272600000,234500000,0.155597,0.0,188300000,0.0,-5430000.0,195300000.00000018,1467900000.0000002,11739000,4299999.999999999,38539000,0.025572,39200000,0.02601,500000.0,22500000,0.014929,7700000.0,14800000,0.00982,0.61411,0.61411,24100000,24100000,https://www.sec.gov/Archives/edgar/data/1031203/000095012907000934/h43400e10vk.htm,https://www.sec.gov/Archives/edgar/data/1031203/000095012907000934/h43400e10vk.htm
0,2006-09-30,GPI,2006-11-09,2006-11-09 15:28:49,Q3,1601800000,1352000000,249800000,0.15595,0.0,188000000,0.0,-5366000.0,192500000,1544500000,10065000,4500000.0,56365000,0.035189,57400000,0.035835,-100000.0,41800000,0.026096,15400000,26400000,0.016481,1.1,1.1,24000000,24000000,https://www.sec.gov/Archives/edgar/data/1031203/000095012906009567/h40919e10vq.htm,https://www.sec.gov/Archives/edgar/data/1031203/000095012906009567/h40919e10vq.htm
0,2006-06-30,GPI,2006-08-08,2006-08-08 16:18:59,Q2,1557000000,1313400000,243700000,0.156519,0.0,182900000,0.0,-3998000.0,187299999.99999994,1500700000,13032000,4300000.000000001,56432000,0.036244,56300000,0.036159,-300000.0,39000000,0.025048,14200000,24900000,0.015992,1.00403,1.00403,24800000,24800000,https://www.sec.gov/Archives/edgar/data/1031203/000095012906007690/h38495e10vq.htm,https://www.sec.gov/Archives/edgar/data/1031203/000095012906007690/h38495e10vq.htm
0,2006-03-31,GPI,2006-05-08,2006-05-08 16:30:29,Q1,1417600000,1180700000,236800000,0.167043,0.0,180500000,0.0,-3989000.0,185099999.9999999,1365800000,11846000,4600000.0,52446000,0.036996,51800000,0.036541,0.0,36000000,0.025395,13700000,22300000,0.015731,0.9102,0.9102,24500000,24500000,https://www.sec.gov/Archives/edgar/data/1031203/000095012906002147/h32915e10vk.htm,https://www.sec.gov/Archives/edgar/data/1031203/000095012906002147/h32915e10vk.htm
0,2005-12-31,GPI,2006-03-02,2006-03-01 20:42:43,Q4,1425400000,1200700000,224700000,0.15764,0.0,180600000,0.0,-3948000.0,187599999.9999999,1388300000,9999000.0,4399999.999999999,37599000,0.026378,37100000,0.026028,0.0,23100000,0.016206,7000000.0,16200000,0.011365,0.66122,0.66122,24500000,24500000,https://www.sec.gov/Archives/edgar/data/1031203/000095012906002147/h32915e10vk.htm,https://www.sec.gov/Archives/edgar/data/1031203/000095012906002147/h32915e10vk.htm
0,2005-09-30,GPI,2005-11-08,2005-11-07 19:09:55,Q3,1570200000,1327100000,243100000,0.154821,0.0,186200000,0.0,-4344000.0,195800000.00000018,1522900000.0000002,9259000.0,4600000.0,47659000,0.030352,47300000,0.030124,100000.0,33800000,0.021526,12200000,21600000,0.013756,0.87805,0.87805,24600000,24600000,https://www.sec.gov/Archives/edgar/data/1031203/000095012905010659/h30081e10vq.htm,https://www.sec.gov/Archives/edgar/data/1031203/000095012905010659/h30081e10vq.htm
0,2005-06-30,GPI,2005-08-09,2005-08-09 14:35:23,Q2,1577300000,1337200000,240100000,0.152222,0.0,192300000,0.0,-4706000.0,196700000.00000006,1533900000,10074000,4300000.000000001,43074000,0.027309,43400000,0.027515,0.0,28700000,0.018196,10600000,18100000,0.011475,0.75417,0.75417,24000000,24000000,https://www.sec.gov/Archives/edgar/data/1031203/000095012905007991/h27802e10vq.htm,https://www.sec.gov/Archives/edgar/data/1031203/000095012905007991/h27802e10vq.htm
0,2005-03-31,GPI,2005-05-06,2005-05-06 09:54:08,Q1,1396700000,1172200000,224500000,0.160736,0.0,182300000,0.0,-5124000.0,187899999.99999985,1360099999.9999998,8665000.0,5600000.0,21065000,0.015082,36600000,0.026205,0.0,22800000,0.016324,8400000.0,-1600000.0,-0.001146,-0.06695,-0.06695,23900000,23900000,https://www.sec.gov/Archives/edgar/data/1031203/000095012905004791/h25072e10vq.htm,https://www.sec.gov/Archives/edgar/data/1031203/000095012905004791/h25072e10vq.htm
0,2004-12-31,GPI,2005-03-16 00:00:00,2005-03-16 16:10:40,Q4,1440700000,1220800000,219900000,0.152634,0.0,182900000,0.0,0.0,190799999.99999994,1411600000,-13400000,4600000.000000001,7000000.000000001,0.004859,29100000,0.020199,0.0,15800000,0.010967,4600000.0,11200000,0.007774,0.47257,0.47257,23700000,23700000,https://www.sec.gov/Archives/edgar/data/1031203/000095012905002506/0000950129-05-002506-index.html,https://www.sec.gov/Archives/edgar/data/1031203/000095012905002506/h23363e10vk.txt
0,2004-09-30,GPI,2004-11-09 00:00:00,2004-11-09 16:45:51,Q3,1532400000,1302500000,229900000,0.150026,0.0,182700000,0.0,0.0,228200000.00000006,1530700000,-11500000,3999999.999999999,-17300000,-0.011289,1700000.0,0.001109,0.0,-9800000.0,-0.006395,-200000.0,-9600000.0,-0.006265,-0.41921,-0.41921,22900000,22900000,https://www.sec.gov/Archives/edgar/data/1031203/000095012904008780/0000950129-04-008780-index.html,https://www.sec.gov/Archives/edgar/data/1031203/000095012904008780/h19920e10vq.htm
0,2004-06-30,GPI,2004-07-30 00:00:00,2004-07-30 17:07:19,Q2,1314900000,1116400000,198500000,0.150962,0.0,159900000,0.0,0.0,163500000,1279900000,-9800000.0,3700000.0,19000000,0.01445,35000000,0.026618,-100000.0,25100000,0.019089,9400000.0,15700000,0.01194,0.67094,0.67094,23400000,23400000,https://www.sec.gov/Archives/edgar/data/1031203/000095012904005363/0000950129-04-005363-index.html,https://www.sec.gov/Archives/edgar/data/1031203/000095012904005363/h17130e10vq.txt
0,2004-03-31,GPI,2004-04-30 00:00:00,2004-04-30 10:52:51,Q1,1147000000,963600000,183400000,0.159895,0.0,146700000,0.0,0.0,156600000.00000003,1120200000,-10000000,3500000.0,10300000,0.00898,26800000,0.023365,0.0,16800000,0.014647,6300000.0,10500000,0.009154,0.44872,0.44872,23400000,23400000,https://www.sec.gov/Archives/edgar/data/1031203/000095012904002616/0000950129-04-002616-index.html,https://www.sec.gov/Archives/edgar/data/1031203/000095012904002616/h14804e10vq.txt
0,2003-12-31,GPI,2004-03-11 00:00:00,2004-03-11 16:50:04,Q4,1101400000,926100000,175300000,0.159161,0.0,138800000,0.0,0.0,141999999.9999999,1068099999.9999999,-10400000,1900000.0000000005,15100000,0.01371,33300000,0.030234,700000.0,23700000,0.021518,4000000.0,19600000,0.017796,0.83404,0.83404,23500000,23500000,https://www.sec.gov/Archives/edgar/data/1031203/000095012904001195/0000950129-04-001195-index.html,https://www.sec.gov/Archives/edgar/data/1031203/000095012904001195/h13155e10vk.txt
0,2003-09-30,GPI,2003-10-31 00:00:00,2003-10-31 14:16:22,Q3,1239500000,1045000000,194400000,0.156837,0.0,147900000,0.0,0.0,150299999.99999994,1195300000,-10000000,3699999.999999999,27900000,0.022509,44200000,0.03566,0.0,34200000,0.027592,12500000,21700000,0.017507,0.8251,0.8251,26300000,26300000,https://www.sec.gov/Archives/edgar/data/1031203/000095012903005279/0000950129-03-005279-index.html,https://www.sec.gov/Archives/edgar/data/1031203/000095012903005279/h10064e10vq.txt
0,2003-06-30,GPI,2003-07-31 00:00:00,2003-07-31 14:38:47,Q2,1147900000,963700000,184200000,0.160467,0.0,140200000,0.0,0.0,143799999.99999994,1107500000,-8600000.0,3600000.0000000005,26700000,0.02326,40300000,0.035108,-100000.0,31700000,0.027616,11700000,20000000,0.017423,0.85837,0.85837,23300000,23300000,https://www.sec.gov/Archives/edgar/data/1031203/000095012903003856/0000950129-03-003856-index.html,https://www.sec.gov/Archives/edgar/data/1031203/000095012903003856/h07658e10vq.txt
0,2003-03-31,GPI,2003-05-07 00:00:00,2003-05-07 13:25:48,Q1,1029800000,860300000,169400000,0.164498,0.0,134800000,0.0,0.0,138100000.00000003,998400000,-7800000.0,3300000.0,19000000,0.01845,31400000,0.030491,0.0,23500000,0.02282,8700000.0,14800000,0.014372,0.64348,0.64348,23000000,23000000,https://www.sec.gov/Archives/edgar/data/1031203/000095012903002514/0000950129-03-002514-index.html,https://www.sec.gov/Archives/edgar/data/1031203/000095012903002514/h05525e10vq.txt
0,2002-12-31,GPI,2003-03-26 00:00:00,2003-03-26 13:47:28,Q4,1032600000,873100000,159500000,0.154464,0.0,127900000,0.0,0.0,130899999.99999999,1004000000,-7900000.0,1199999.9999999993,13100000,0.012686,28600000,0.027697,-900000.0,19800000,0.019175,7500000.0,12300000,0.011912,0.53017,0.53017,23200000,23200000,https://www.sec.gov/Archives/edgar/data/1031203/000095012903001562/0000950129-03-001562-index.html,https://www.sec.gov/Archives/edgar/data/1031203/000095012903001562/h03396e10vk.txt
0,2002-09-30,GPI,2002-11-12 00:00:00,2002-11-12 16:32:57,Q3,1202600000,1022100000,180500000,0.150091,0.0,137100000,0.0,0.0,140399999.99999997,1162500000,-7500000.0,3300000.000000001,28200000,0.023449,40100000,0.033344,-100000.0,32500000,0.027025,12300000,20100000,0.016714,0.8375,0.8375,24000000,24000000,https://www.sec.gov/Archives/edgar/data/1031203/000095012902005578/0000950129-02-005578-index.html,https://www.sec.gov/Archives/edgar/data/1031203/000095012902005578/h01116e10vq.txt
0,2002-06-30,GPI,2002-08-13 00:00:00,2002-08-13 15:19:34,Q2,1033100000,872300000,160800000,0.155648,0.0,120800000,0.0,0.0,123600000.00000001,995900000,-6800000.0,2800000.0,26300000,0.025457,37200000,0.036008,0.0,30400000,0.029426,11200000,19100000,0.018488,0.77959,0.77959,24500000,24500000,https://www.sec.gov/Archives/edgar/data/1031203/000095012902004058/0000950129-02-004058-index.html,https://www.sec.gov/Archives/edgar/data/1031203/000095012902004058/h99097e10vq.txt
0,2002-03-31,GPI,2002-04-30 00:00:00,2002-04-30 15:12:53,Q1,946100000,794600000,151500000,0.160131,0.0,116900000,0.0,0.0,119699999.99999993,914299999.9999999,-7100000.0,2800000.0,20300000,0.021457,31800000,0.033612,-100000.0,24600000,0.026001,9100000.0,15500000,0.016383,0.64315,0.64315,24100000,24100000,https://www.sec.gov/Archives/edgar/data/1031203/000095012902002176/0000950129-02-002176-index.html,https://www.sec.gov/Archives/edgar/data/1031203/000095012902002176/h96389e10-q.txt
0,2001-12-31,GPI,2002-03-20 00:00:00,2002-03-20 00:00:00,Q4,1039900000,886900000,153000000,0.14713,0.0,114700000,0.0,0.0,119200000.00000004,1006100000,-7600000.0,4599999.999999998,23099999.999999996,0.022214,33800000,0.032503,-200000.0,26100000,0.025099,9900000.0,16200000,0.015578,0.68644,0.68644,23600000,23600000,https://www.sec.gov/Archives/edgar/data/1031203/000095012902001378/0000950129-02-001378-index.html,https://www.sec.gov/Archives/edgar/data/1031203/000095012902001378/h95086e10-k.txt
0,2001-09-30,GPI,2001-11-13 00:00:00,2001-11-13 00:00:00,Q3,1021000000,862600000,158500000,0.15524,0.0,119400000,0.0,0.0,123699999.99999993,986299999.9999999,-9200000.0,4300000.000000001,20700000,0.020274,34800000,0.034084,0.0,25600000,0.025073,9700000.0,15900000,0.015573,0.74648,0.74648,21300000,21300000,https://www.sec.gov/Archives/edgar/data/1031203/000095012901503975/0000950129-01-503975-index.html,https://www.sec.gov/Archives/edgar/data/1031203/000095012901503975/h92123e10-q.txt
0,2001-06-30,GPI,2001-08-03 00:00:00,2001-08-03 00:00:00,Q2,1006600000,852800000,153800000,0.152792,0.0,115300000,0.0,0.0,119500000,972300000,-11600000,4300000.0,15400000,0.015299,34300000,0.034075,0.0,22700000,0.022551,8600000.0,14100000,0.014008,0.68116,0.68116,20700000,20700000,https://www.sec.gov/Archives/edgar/data/1031203/000095012901502297/0000950129-01-502297-index.html,https://www.sec.gov/Archives/edgar/data/1031203/000095012901502297/h89512e10-q.txt
0,2001-03-31,GPI,2001-05-15 00:00:00,2001-05-15 00:00:00,Q1,928900000,786900000,141900000,0.152761,0.0,109200000,0.0,0.0,113500000,900400000,-13500000,4200000.0,5700000.0,0.006136,28500000,0.030681,0.0,15000000,0.016148,5700000.0,9300000.0,0.010012,0.465,0.465,20000000,20000000,https://www.sec.gov/Archives/edgar/data/1031203/000095012901500804/0000950129-01-500804-index.html,https://www.sec.gov/Archives/edgar/data/1031203/000095012901500804/h87316e10-q.txt
0,2000-12-31,GPI,2001-03-20 00:00:00,2001-03-20 00:00:00,Q4,841100000,713700000,127400000,0.151468,0.0,95900000,0.0,0.0,100099999.99999991,813799999.9999999,-14200000,4100000.0,3300000.0,0.003923,27400000,0.032576,100000.0,13300000,0.015813,5100000.0,8300000.0,0.009868,0.41089,0.41089,20200000,20200000,https://www.sec.gov/Archives/edgar/data/1031203/000095012901001528/0000950129-01-001528-index.html,https://www.sec.gov/Archives/edgar/data/1031203/000095012901001528/h85106e10-k.txt
0,2000-09-30,GPI,2000-11-14 00:00:00,2000-11-14 00:00:00,Q3,955000000,816000000,139000000,0.14555,0.0,103000000,0.0,0.0,107000000,923000000,-13200000,4100000.0000000005,9600000.0,0.010052,31900000,0.033403,0.0,18700000,0.019581,7100000.0,11600000,0.012147,0.53456,0.53456,21700000,21700000,https://www.sec.gov/Archives/edgar/data/1031203/000095012900005492/0000950129-00-005492-index.html,https://www.sec.gov/Archives/edgar/data/1031203/000095012900005492/h81613e10-q.txt
0,2000-06-30,GPI,2000-08-14 00:00:00,2000-08-14 00:00:00,Q2,930100000,794400000,135700000,0.145898,0.0,99000000,0.0,0.0,103100000.00000001,897500000,-13400000,4000000.0,9800000.0,0.010537,32600000,0.03505,0.0,19200000,0.020643,7300000.0,11900000,0.012794,0.53604,0.53604,22200000,22200000,https://www.sec.gov/Archives/edgar/data/1031203/000095012900004194/0000950129-00-004194-index.html,https://www.sec.gov/Archives/edgar/data/1031203/000095012900004194/e10-q.txt
0,2000-03-31,GPI,2000-05-15 00:00:00,2000-05-15 00:00:00,Q1,859900000,734600000,125400000,0.145831,0.0,95800000,0.0,0.0,99500000,834100000,-12300000,3800000.0,6000000.0,0.006978,25800000,0.030003,1000000.0,14500000,0.016862,5500000.0,9000000.0,0.010466,0.39474,0.39474,22800000,22800000,https://www.sec.gov/Archives/edgar/data/1031203/000095012900002428/0000950129-00-002428-index.html,https://www.sec.gov/Archives/edgar/data/1031203/0000950129-00-002428.txt
0,1999-12-31,GPI,2000-03-30 00:00:00,2000-03-30 00:00:00,Q4,691800000,590400000,101400000,0.146574,0.0,76300000,0.0,0.0,79500000,669900000,-9100000.0,3199999.999999999,6899999.999999999,0.009974,21900000,0.031657,0.0,12700000,0.018358,5100000.0,7700000.0,0.01113,0.34685,0.34685,22200000,22200000,https://www.sec.gov/Archives/edgar/data/1031203/000095012900001532/0000950129-00-001532-index.html,https://www.sec.gov/Archives/edgar/data/1031203/0000950129-00-001532.txt
0,1999-09-30,GPI,1999-11-15 00:00:00,1999-11-15 00:00:00,Q3,701800000,596700000,105100000,0.149758,0.0,76600000,0.0,0.0,79399999.99999999,676100000,-8300000.0,2800000.000000001,12000000,0.017099,25700000,0.03662,100000.0,17500000,0.024936,7000000.0,10500000,0.014962,0.47511,0.47511,22100000,22100000,https://www.sec.gov/Archives/edgar/data/1031203/000095012999005042/0000950129-99-005042-index.html,https://www.sec.gov/Archives/edgar/data/1031203/0000950129-99-005042.txt
0,1999-06-30,GPI,1999-08-16 00:00:00,1999-08-16 00:00:00,Q2,625400000,531700000,93700000,0.149824,0.0,68600000,0.0,0.0,71199999.99999993,602899999.9999999,-7400000.0,2499999.9999999995,10400000,0.016629,22500000,0.035977,100000.0,15200000,0.024304,6100000.0,9200000.0,0.014711,0.41818,0.41818,22000000,22000000,https://www.sec.gov/Archives/edgar/data/1031203/000095012999003735/0000950129-99-003735-index.html,https://www.sec.gov/Archives/edgar/data/1031203/0000950129-99-003735.txt
0,1999-03-31,GPI,1999-05-14 00:00:00,1999-05-14 00:00:00,Q1,489400000,413200000,76200000,0.155701,0.0,58300000,0.0,0.0,60300000.00000001,473500000,-5600000.0,2100000.0,6800000.0,0.013895,15800000,0.032284,0.0,10200000,0.020842,4100000.0,6200000.0,0.012669,0.31,0.31,20000000,20000000,https://www.sec.gov/Archives/edgar/data/1031203/000095012999002234/0000950129-99-002234-index.html,https://www.sec.gov/Archives/edgar/data/1031203/0000950129-99-002234.txt
0,1998-12-31,GPI,1999-03-31 00:00:00,1999-03-31 00:00:00,Q4,472500000,403400000,69200000,0.146455,0.0,52800000,0.0,0.0,54800000.00000001,458200000,-5200000.0,2000000.0,6100000.0,0.01291,14400000,0.030476,0.0,9200000.0,0.019471,3800000.0,5500000.0,0.01164,0.28947,0.28947,19000000,19000000,https://www.sec.gov/Archives/edgar/data/1031203/000095012999001283/0000950129-99-001283-index.html,https://www.sec.gov/Archives/edgar/data/1031203/0000950129-99-001283.txt
0,1998-09-30,GPI,1998-11-13 00:00:00,1998-11-13 00:00:00,Q3,472100000,401100000,71000000,0.150392,0.0,52500000,0.0,0.0,54500000,455600000,-5500000.0,2100000.0000000005,7600000.000000001,0.016098,16400000,0.034738,0.0,11000000,0.0233,4500000.0,6500000.0,0.013768,0.34392,0.34392,18900000,18900000,https://www.sec.gov/Archives/edgar/data/1031203/000095012998004661/0000950129-98-004661-index.html,https://www.sec.gov/Archives/edgar/data/1031203/0000950129-98-004661.txt
0,1998-06-30,GPI,1998-08-14 00:00:00,1998-08-14 00:00:00,Q2,431500000,371200000,60400000,0.139977,0.0,45000000,0.0,0.0,46500000,417700000,-4100000.0,1499999.9999999998,7000000.0,0.016222,13800000,0.031981,0.0,9700000.0,0.02248,4000000.0,5600000.0,0.012978,0.30939,0.30939,18100000,18100000,https://www.sec.gov/Archives/edgar/data/1031203/000095012998003501/0000950129-98-003501-index.html,https://www.sec.gov/Archives/edgar/data/1031203/0000950129-98-003501.txt
0,1998-03-31,GPI,1998-05-14 00:00:00,1998-05-14 00:00:00,Q1,253900000,217900000,36000000,0.141788,0.0,27700000,0.0,0.0,28599999.999999993,246500000,-2100000.0,800000.0,4000000.0,0.015754,7500000.0,0.029539,0.0,5300000.0,0.020874,2200000.0,3100000.0,0.01221,0.19872,0.19872,15600000,15600000,https://www.sec.gov/Archives/edgar/data/1031203/000095012998002120/0000950129-98-002120-index.html,https://www.sec.gov/Archives/edgar/data/1031203/0000950129-98-002120.txt
0,1997-12-31,GPI,1998-03-30 00:00:00,1998-03-30 00:00:00,Q4,167900000,145100000,22800000,0.135795,0.0,19000000,0.0,0.0,19400000.000000007,164500000,-1200000.0,500000.0,1400000.0,0.008338,3300000.0,0.019655,0.0,2100000.0,0.012507,300000.0,1800000.0,0.010721,0.11043,0.11043,16300000,16300000,https://www.sec.gov/Archives/edgar/data/1031203/000095012998001348/0000950129-98-001348-index.html,https://www.sec.gov/Archives/edgar/data/1031203/0000950129-98-001348.txt
