,date,symbol,fillingDate,acceptedDate,period,revenue,costOfRevenue,grossProfit,grossProfitRatio,researchAndDevelopmentExpenses,generalAndAdministrativeExpenses,sellingAndMarketingExpenses,otherExpenses,operatingExpenses,costAndExpenses,interestExpense,depreciationAndAmortization,ebitda,ebitdaratio,operatingIncome,operatingIncomeRatio,totalOtherIncomeExpensesNet,incomeBeforeTax,incomeBeforeTaxRatio,incomeTaxExpense,netIncome,netIncomeRatio,eps,epsdiluted,weightedAverageShsOut,weightedAverageShsOutDil,link,finalLink
0,2019-09-31,ALLHB.PA,,2019-09-31,Q3,7971075.25,2829538.5,5141536.75,1.5503293349016711,0.0,0.0,0.0,0.0,377599.0,7689999.5,46395.0,918565.75,1231091.25,6.47480456871089,281075.75,28.35917097081481,0.0,196881.75,40.48661315739016,-1966.75,198849.0,40.08607159201203,0.085,0.085,2339400.0,2339400.0,https://www.infogreffe.com/recherche-entreprise-dirigeants/resultats-entreprise-dirigeants.html?ga_cat=globale&ga_q=A.L.L.H.B#phrase=A.L.L.H.B,https://www.infogreffe.com/recherche-entreprise-dirigeants/resultats-entreprise-dirigeants.html?ga_cat=globale&ga_q=A.L.L.H.B#phrase=A.L.L.H.B
0,2019-06-31,ALLHB.PA,,2019-06-31,Q2,7971075.25,2829538.5,5141536.75,1.5503293349016711,0.0,0.0,0.0,0.0,377599.0,7689999.5,46395.0,918565.75,1231091.25,6.47480456871089,281075.75,28.35917097081481,0.0,196881.75,40.48661315739016,-1966.75,198849.0,40.08607159201203,0.085,0.085,2339400.0,2339400.0,https://www.infogreffe.com/recherche-entreprise-dirigeants/resultats-entreprise-dirigeants.html?ga_cat=globale&ga_q=A.L.L.H.B#phrase=A.L.L.H.B,https://www.infogreffe.com/recherche-entreprise-dirigeants/resultats-entreprise-dirigeants.html?ga_cat=globale&ga_q=A.L.L.H.B#phrase=A.L.L.H.B
0,2019-03-31,ALLHB.PA,,2019-03-31,Q1,7971075.25,2829538.5,5141536.75,1.5503293349016711,0.0,0.0,0.0,0.0,377599.0,7689999.5,46395.0,918565.75,1231091.25,6.47480456871089,281075.75,28.35917097081481,0.0,196881.75,40.48661315739016,-1966.75,198849.0,40.08607159201203,0.085,0.085,2339400.0,2339400.0,https://www.infogreffe.com/recherche-entreprise-dirigeants/resultats-entreprise-dirigeants.html?ga_cat=globale&ga_q=A.L.L.H.B#phrase=A.L.L.H.B,https://www.infogreffe.com/recherche-entreprise-dirigeants/resultats-entreprise-dirigeants.html?ga_cat=globale&ga_q=A.L.L.H.B#phrase=A.L.L.H.B
0,2019-01-31,ALLHB.PA,,2019-01-31,Q1,7971075.25,2829538.5,5141536.75,1.5503293349016711,0.0,0.0,0.0,0.0,377599.0,7689999.5,46395.0,918565.75,1231091.25,6.47480456871089,281075.75,28.35917097081481,0.0,196881.75,40.48661315739016,-1966.75,198849.0,40.08607159201203,0.085,0.085,2339400.0,2339400.0,https://www.infogreffe.com/recherche-entreprise-dirigeants/resultats-entreprise-dirigeants.html?ga_cat=globale&ga_q=A.L.L.H.B#phrase=A.L.L.H.B,https://www.infogreffe.com/recherche-entreprise-dirigeants/resultats-entreprise-dirigeants.html?ga_cat=globale&ga_q=A.L.L.H.B#phrase=A.L.L.H.B
0,2018-09-31,ALLHB.PA,,2018-09-31,Q3,8028918.5,2921286.25,5107632.25,1.5719452981369204,0.0,0.0,0.0,0.0,259975.0,7418949.75,52227.0,824597.75,1439872.0,5.576133503533647,609968.75,13.162835801014396,0.0,756262.25,10.616579764493071,-39342.5,795605.0,10.091588790920117,0.335,0.335,2374940.0,2374940.0,https://www.infogreffe.com/recherche-entreprise-dirigeants/resultats-entreprise-dirigeants.html?ga_cat=globale&ga_q=A.L.L.H.B#phrase=A.L.L.H.B,https://www.infogreffe.com/recherche-entreprise-dirigeants/resultats-entreprise-dirigeants.html?ga_cat=globale&ga_q=A.L.L.H.B#phrase=A.L.L.H.B
0,2018-06-31,ALLHB.PA,,2018-06-31,Q2,8028918.5,2921286.25,5107632.25,1.5719452981369204,0.0,0.0,0.0,0.0,259975.0,7418949.75,52227.0,824597.75,1439872.0,5.576133503533647,609968.75,13.162835801014396,0.0,756262.25,10.616579764493071,-39342.5,795605.0,10.091588790920117,0.335,0.335,2374940.0,2374940.0,https://www.infogreffe.com/recherche-entreprise-dirigeants/resultats-entreprise-dirigeants.html?ga_cat=globale&ga_q=A.L.L.H.B#phrase=A.L.L.H.B,https://www.infogreffe.com/recherche-entreprise-dirigeants/resultats-entreprise-dirigeants.html?ga_cat=globale&ga_q=A.L.L.H.B#phrase=A.L.L.H.B
0,2018-03-31,ALLHB.PA,,2018-03-31,Q1,8028918.5,2921286.25,5107632.25,1.5719452981369204,0.0,0.0,0.0,0.0,259975.0,7418949.75,52227.0,824597.75,1439872.0,5.576133503533647,609968.75,13.162835801014396,0.0,756262.25,10.616579764493071,-39342.5,795605.0,10.091588790920117,0.335,0.335,2374940.0,2374940.0,https://www.infogreffe.com/recherche-entreprise-dirigeants/resultats-entreprise-dirigeants.html?ga_cat=globale&ga_q=A.L.L.H.B#phrase=A.L.L.H.B,https://www.infogreffe.com/recherche-entreprise-dirigeants/resultats-entreprise-dirigeants.html?ga_cat=globale&ga_q=A.L.L.H.B#phrase=A.L.L.H.B
0,2018-01-31,ALLHB.PA,,2018-01-31,Q1,8028918.5,2921286.25,5107632.25,1.5719452981369204,0.0,0.0,0.0,0.0,259975.0,7418949.75,52227.0,824597.75,1439872.0,5.576133503533647,609968.75,13.162835801014396,0.0,756262.25,10.616579764493071,-39342.5,795605.0,10.091588790920117,0.335,0.335,2374940.0,2374940.0,https://www.infogreffe.com/recherche-entreprise-dirigeants/resultats-entreprise-dirigeants.html?ga_cat=globale&ga_q=A.L.L.H.B#phrase=A.L.L.H.B,https://www.infogreffe.com/recherche-entreprise-dirigeants/resultats-entreprise-dirigeants.html?ga_cat=globale&ga_q=A.L.L.H.B#phrase=A.L.L.H.B
0,2017-09-31,ALLHB.PA,,2017-09-31,Q3,7217065.5,2693775.0,4523290.5,1.5955343792312255,0.0,0.0,0.0,0.0,220100.25,6861498.75,58518.25,806470.5,1164636.25,6.196840859109443,355566.75,20.297357669129635,0.0,271428.5,26.589195681367286,-118624.5,390052.75,18.502793532413243,0.165,0.165,2363956.0,2363956.0,https://www.infogreffe.com/recherche-entreprise-dirigeants/resultats-entreprise-dirigeants.html?ga_cat=globale&ga_q=A.L.L.H.B#phrase=A.L.L.H.B,https://www.infogreffe.com/recherche-entreprise-dirigeants/resultats-entreprise-dirigeants.html?ga_cat=globale&ga_q=A.L.L.H.B#phrase=A.L.L.H.B
0,2017-06-31,ALLHB.PA,,2017-06-31,Q2,7217065.5,2693775.0,4523290.5,1.5955343792312255,0.0,0.0,0.0,0.0,220100.25,6861498.75,58518.25,806470.5,1164636.25,6.196840859109443,355566.75,20.297357669129635,0.0,271428.5,26.589195681367286,-118624.5,390052.75,18.502793532413243,0.165,0.165,2363956.0,2363956.0,https://www.infogreffe.com/recherche-entreprise-dirigeants/resultats-entreprise-dirigeants.html?ga_cat=globale&ga_q=A.L.L.H.B#phrase=A.L.L.H.B,https://www.infogreffe.com/recherche-entreprise-dirigeants/resultats-entreprise-dirigeants.html?ga_cat=globale&ga_q=A.L.L.H.B#phrase=A.L.L.H.B
0,2017-03-31,ALLHB.PA,,2017-03-31,Q1,7217065.5,2693775.0,4523290.5,1.5955343792312255,0.0,0.0,0.0,0.0,220100.25,6861498.75,58518.25,806470.5,1164636.25,6.196840859109443,355566.75,20.297357669129635,0.0,271428.5,26.589195681367286,-118624.5,390052.75,18.502793532413243,0.165,0.165,2363956.0,2363956.0,https://www.infogreffe.com/recherche-entreprise-dirigeants/resultats-entreprise-dirigeants.html?ga_cat=globale&ga_q=A.L.L.H.B#phrase=A.L.L.H.B,https://www.infogreffe.com/recherche-entreprise-dirigeants/resultats-entreprise-dirigeants.html?ga_cat=globale&ga_q=A.L.L.H.B#phrase=A.L.L.H.B
0,2017-01-31,ALLHB.PA,,2017-01-31,Q1,7217065.5,2693775.0,4523290.5,1.5955343792312255,0.0,0.0,0.0,0.0,220100.25,6861498.75,58518.25,806470.5,1164636.25,6.196840859109443,355566.75,20.297357669129635,0.0,271428.5,26.589195681367286,-118624.5,390052.75,18.502793532413243,0.165,0.165,2363956.0,2363956.0,https://www.infogreffe.com/recherche-entreprise-dirigeants/resultats-entreprise-dirigeants.html?ga_cat=globale&ga_q=A.L.L.H.B#phrase=A.L.L.H.B,https://www.infogreffe.com/recherche-entreprise-dirigeants/resultats-entreprise-dirigeants.html?ga_cat=globale&ga_q=A.L.L.H.B#phrase=A.L.L.H.B
0,2016-09-31,ALLHB.PA,,2016-09-31,Q3,6564268.0,2514146.75,4050121.25,1.620758390875335,0.0,0.0,0.0,0.0,231164.0,6584099.5,72434.75,829418.5,816668.25,8.037863600060367,-19831.5,-331.0020926304112,0.0,-133786.75,-49.06515779776398,-97002.25,-36784.0,-178.45443671161374,-0.015,-0.015,2452267.0,2452267.0,https://www.infogreffe.com/recherche-entreprise-dirigeants/resultats-entreprise-dirigeants.html?ga_cat=globale&ga_q=A.L.L.H.B#phrase=A.L.L.H.B,https://www.infogreffe.com/recherche-entreprise-dirigeants/resultats-entreprise-dirigeants.html?ga_cat=globale&ga_q=A.L.L.H.B#phrase=A.L.L.H.B
0,2016-06-31,ALLHB.PA,,2016-06-31,Q2,6564268.0,2514146.75,4050121.25,1.620758390875335,0.0,0.0,0.0,0.0,231164.0,6584099.5,72434.75,829418.5,816668.25,8.037863600060367,-19831.5,-331.0020926304112,0.0,-133786.75,-49.06515779776398,-97002.25,-36784.0,-178.45443671161374,-0.015,-0.015,2452267.0,2452267.0,https://www.infogreffe.com/recherche-entreprise-dirigeants/resultats-entreprise-dirigeants.html?ga_cat=globale&ga_q=A.L.L.H.B#phrase=A.L.L.H.B,https://www.infogreffe.com/recherche-entreprise-dirigeants/resultats-entreprise-dirigeants.html?ga_cat=globale&ga_q=A.L.L.H.B#phrase=A.L.L.H.B
0,2016-03-31,ALLHB.PA,,2016-03-31,Q1,6564268.0,2514146.75,4050121.25,1.620758390875335,0.0,0.0,0.0,0.0,231164.0,6584099.5,72434.75,829418.5,816668.25,8.037863600060367,-19831.5,-331.0020926304112,0.0,-133786.75,-49.06515779776398,-97002.25,-36784.0,-178.45443671161374,-0.015,-0.015,2452267.0,2452267.0,https://www.infogreffe.com/recherche-entreprise-dirigeants/resultats-entreprise-dirigeants.html?ga_cat=globale&ga_q=A.L.L.H.B#phrase=A.L.L.H.B,https://www.infogreffe.com/recherche-entreprise-dirigeants/resultats-entreprise-dirigeants.html?ga_cat=globale&ga_q=A.L.L.H.B#phrase=A.L.L.H.B
0,2016-01-31,ALLHB.PA,,2016-01-31,Q1,6564268.0,2514146.75,4050121.25,1.620758390875335,0.0,0.0,0.0,0.0,231164.0,6584099.5,72434.75,829418.5,816668.25,8.037863600060367,-19831.5,-331.0020926304112,0.0,-133786.75,-49.06515779776398,-97002.25,-36784.0,-178.45443671161374,-0.015,-0.015,2452267.0,2452267.0,https://www.infogreffe.com/recherche-entreprise-dirigeants/resultats-entreprise-dirigeants.html?ga_cat=globale&ga_q=A.L.L.H.B#phrase=A.L.L.H.B,https://www.infogreffe.com/recherche-entreprise-dirigeants/resultats-entreprise-dirigeants.html?ga_cat=globale&ga_q=A.L.L.H.B#phrase=A.L.L.H.B
0,2015-09-31,ALLHB.PA,,2015-09-31,Q3,6614708.25,2625979.25,3988729.0,1.6583498778683636,0.0,0.0,0.0,0.0,232069.75,6728834.75,103296.25,831526.75,739087.0,8.949837096309366,-114126.5,-57.95944193504576,0.0,-489711.0,-13.507371184229065,-71962.5,-417748.0,-15.834206866340473,-0.175,-0.175,2387131.0,2387131.0,https://www.infogreffe.com/recherche-entreprise-dirigeants/resultats-entreprise-dirigeants.html?ga_cat=globale&ga_q=A.L.L.H.B#phrase=A.L.L.H.B,https://www.infogreffe.com/recherche-entreprise-dirigeants/resultats-entreprise-dirigeants.html?ga_cat=globale&ga_q=A.L.L.H.B#phrase=A.L.L.H.B
0,2015-06-31,ALLHB.PA,,2015-06-31,Q2,6614708.25,2625979.25,3988729.0,1.6583498778683636,0.0,0.0,0.0,0.0,232069.75,6728834.75,103296.25,831526.75,739087.0,8.949837096309366,-114126.5,-57.95944193504576,0.0,-489711.0,-13.507371184229065,-71962.5,-417748.0,-15.834206866340473,-0.175,-0.175,2387131.0,2387131.0,https://www.infogreffe.com/recherche-entreprise-dirigeants/resultats-entreprise-dirigeants.html?ga_cat=globale&ga_q=A.L.L.H.B#phrase=A.L.L.H.B,https://www.infogreffe.com/recherche-entreprise-dirigeants/resultats-entreprise-dirigeants.html?ga_cat=globale&ga_q=A.L.L.H.B#phrase=A.L.L.H.B
0,2015-03-31,ALLHB.PA,,2015-03-31,Q1,6614708.25,2625979.25,3988729.0,1.6583498778683636,0.0,0.0,0.0,0.0,232069.75,6728834.75,103296.25,831526.75,739087.0,8.949837096309366,-114126.5,-57.95944193504576,0.0,-489711.0,-13.507371184229065,-71962.5,-417748.0,-15.834206866340473,-0.175,-0.175,2387131.0,2387131.0,https://www.infogreffe.com/recherche-entreprise-dirigeants/resultats-entreprise-dirigeants.html?ga_cat=globale&ga_q=A.L.L.H.B#phrase=A.L.L.H.B,https://www.infogreffe.com/recherche-entreprise-dirigeants/resultats-entreprise-dirigeants.html?ga_cat=globale&ga_q=A.L.L.H.B#phrase=A.L.L.H.B
0,2015-01-31,ALLHB.PA,,2015-01-31,Q1,6614708.25,2625979.25,3988729.0,1.6583498778683636,0.0,0.0,0.0,0.0,232069.75,6728834.75,103296.25,831526.75,739087.0,8.949837096309366,-114126.5,-57.95944193504576,0.0,-489711.0,-13.507371184229065,-71962.5,-417748.0,-15.834206866340473,-0.175,-0.175,2387131.0,2387131.0,https://www.infogreffe.com/recherche-entreprise-dirigeants/resultats-entreprise-dirigeants.html?ga_cat=globale&ga_q=A.L.L.H.B#phrase=A.L.L.H.B,https://www.infogreffe.com/recherche-entreprise-dirigeants/resultats-entreprise-dirigeants.html?ga_cat=globale&ga_q=A.L.L.H.B#phrase=A.L.L.H.B
0,2014-09-31,ALLHB.PA,,2014-09-31,Q3,6122046.0,2417995.25,3704050.75,1.6527975487376894,0.0,0.0,0.0,0.0,344985.25,6586959.25,75323.5,704336.25,329234.25,18.594802940459566,-464913.25,-13.168146960750205,0.0,-488572.0,-12.53048885322941,-138092.0,-350481.0,-17.467554589264466,-0.1475,-0.1475,2376142.0,2376142.0,https://www.infogreffe.com/recherche-entreprise-dirigeants/resultats-entreprise-dirigeants.html?ga_cat=globale&ga_q=A.L.L.H.B#phrase=A.L.L.H.B,https://www.infogreffe.com/recherche-entreprise-dirigeants/resultats-entreprise-dirigeants.html?ga_cat=globale&ga_q=A.L.L.H.B#phrase=A.L.L.H.B
0,2014-06-31,ALLHB.PA,,2014-06-31,Q2,6122046.0,2417995.25,3704050.75,1.6527975487376894,0.0,0.0,0.0,0.0,344985.25,6586959.25,75323.5,704336.25,329234.25,18.594802940459566,-464913.25,-13.168146960750205,0.0,-488572.0,-12.53048885322941,-138092.0,-350481.0,-17.467554589264466,-0.1475,-0.1475,2376142.0,2376142.0,https://www.infogreffe.com/recherche-entreprise-dirigeants/resultats-entreprise-dirigeants.html?ga_cat=globale&ga_q=A.L.L.H.B#phrase=A.L.L.H.B,https://www.infogreffe.com/recherche-entreprise-dirigeants/resultats-entreprise-dirigeants.html?ga_cat=globale&ga_q=A.L.L.H.B#phrase=A.L.L.H.B
0,2014-03-31,ALLHB.PA,,2014-03-31,Q1,6122046.0,2417995.25,3704050.75,1.6527975487376894,0.0,0.0,0.0,0.0,344985.25,6586959.25,75323.5,704336.25,329234.25,18.594802940459566,-464913.25,-13.168146960750205,0.0,-488572.0,-12.53048885322941,-138092.0,-350481.0,-17.467554589264466,-0.1475,-0.1475,2376142.0,2376142.0,https://www.infogreffe.com/recherche-entreprise-dirigeants/resultats-entreprise-dirigeants.html?ga_cat=globale&ga_q=A.L.L.H.B#phrase=A.L.L.H.B,https://www.infogreffe.com/recherche-entreprise-dirigeants/resultats-entreprise-dirigeants.html?ga_cat=globale&ga_q=A.L.L.H.B#phrase=A.L.L.H.B
0,2014-01-31,ALLHB.PA,,2014-01-31,Q1,6122046.0,2417995.25,3704050.75,1.6527975487376894,0.0,0.0,0.0,0.0,344985.25,6586959.25,75323.5,704336.25,329234.25,18.594802940459566,-464913.25,-13.168146960750205,0.0,-488572.0,-12.53048885322941,-138092.0,-350481.0,-17.467554589264466,-0.1475,-0.1475,2376142.0,2376142.0,https://www.infogreffe.com/recherche-entreprise-dirigeants/resultats-entreprise-dirigeants.html?ga_cat=globale&ga_q=A.L.L.H.B#phrase=A.L.L.H.B,https://www.infogreffe.com/recherche-entreprise-dirigeants/resultats-entreprise-dirigeants.html?ga_cat=globale&ga_q=A.L.L.H.B#phrase=A.L.L.H.B
0,2013-09-31,ALLHB.PA,,2013-09-31,Q3,6796528.0,2423191.0,4373337.0,1.5540828433756648,0.0,0.0,0.0,0.0,183561.25,6596811.25,42338.0,581037.0,808072.5,8.410789873433385,199716.75,34.03083617172821,0.0,157543.25,43.140712153646696,-45931.25,203475.0,33.402275463816196,0.085,0.085,2393824.0,2393824.0,https://www.infogreffe.com/recherche-entreprise-dirigeants/resultats-entreprise-dirigeants.html?ga_cat=globale&ga_q=A.L.L.H.B#phrase=A.L.L.H.B,https://www.infogreffe.com/recherche-entreprise-dirigeants/resultats-entreprise-dirigeants.html?ga_cat=globale&ga_q=A.L.L.H.B#phrase=A.L.L.H.B
0,2013-06-31,ALLHB.PA,,2013-06-31,Q2,6796528.0,2423191.0,4373337.0,1.5540828433756648,0.0,0.0,0.0,0.0,183561.25,6596811.25,42338.0,581037.0,808072.5,8.410789873433385,199716.75,34.03083617172821,0.0,157543.25,43.140712153646696,-45931.25,203475.0,33.402275463816196,0.085,0.085,2393824.0,2393824.0,https://www.infogreffe.com/recherche-entreprise-dirigeants/resultats-entreprise-dirigeants.html?ga_cat=globale&ga_q=A.L.L.H.B#phrase=A.L.L.H.B,https://www.infogreffe.com/recherche-entreprise-dirigeants/resultats-entreprise-dirigeants.html?ga_cat=globale&ga_q=A.L.L.H.B#phrase=A.L.L.H.B
0,2013-03-31,ALLHB.PA,,2013-03-31,Q1,6796528.0,2423191.0,4373337.0,1.5540828433756648,0.0,0.0,0.0,0.0,183561.25,6596811.25,42338.0,581037.0,808072.5,8.410789873433385,199716.75,34.03083617172821,0.0,157543.25,43.140712153646696,-45931.25,203475.0,33.402275463816196,0.085,0.085,2393824.0,2393824.0,https://www.infogreffe.com/recherche-entreprise-dirigeants/resultats-entreprise-dirigeants.html?ga_cat=globale&ga_q=A.L.L.H.B#phrase=A.L.L.H.B,https://www.infogreffe.com/recherche-entreprise-dirigeants/resultats-entreprise-dirigeants.html?ga_cat=globale&ga_q=A.L.L.H.B#phrase=A.L.L.H.B
0,2013-01-31,ALLHB.PA,,2013-01-31,Q1,6796528.0,2423191.0,4373337.0,1.5540828433756648,0.0,0.0,0.0,0.0,183561.25,6596811.25,42338.0,581037.0,808072.5,8.410789873433385,199716.75,34.03083617172821,0.0,157543.25,43.140712153646696,-45931.25,203475.0,33.402275463816196,0.085,0.085,2393824.0,2393824.0,https://www.infogreffe.com/recherche-entreprise-dirigeants/resultats-entreprise-dirigeants.html?ga_cat=globale&ga_q=A.L.L.H.B#phrase=A.L.L.H.B,https://www.infogreffe.com/recherche-entreprise-dirigeants/resultats-entreprise-dirigeants.html?ga_cat=globale&ga_q=A.L.L.H.B#phrase=A.L.L.H.B
0,2012-09-31,ALLHB.PA,,2012-09-31,Q3,7158269.5,2398890.5,4759379.0,1.504034349859509,0.0,0.0,0.0,0.0,534068.25,6706266.5,46688.25,553103.5,1195637.25,5.986991037624497,452003.0,15.836774313444822,0.0,395641.0,18.092840479121225,143629.5,252011.5,28.40453511050091,0.105,0.105,2372468.0,2372468.0,https://www.infogreffe.com/recherche-entreprise-dirigeants/resultats-entreprise-dirigeants.html?ga_cat=globale&ga_q=A.L.L.H.B#phrase=A.L.L.H.B,https://www.infogreffe.com/recherche-entreprise-dirigeants/resultats-entreprise-dirigeants.html?ga_cat=globale&ga_q=A.L.L.H.B#phrase=A.L.L.H.B
0,2012-06-31,ALLHB.PA,,2012-06-31,Q2,7158269.5,2398890.5,4759379.0,1.504034349859509,0.0,0.0,0.0,0.0,534068.25,6706266.5,46688.25,553103.5,1195637.25,5.986991037624497,452003.0,15.836774313444822,0.0,395641.0,18.092840479121225,143629.5,252011.5,28.40453511050091,0.105,0.105,2372468.0,2372468.0,https://www.infogreffe.com/recherche-entreprise-dirigeants/resultats-entreprise-dirigeants.html?ga_cat=globale&ga_q=A.L.L.H.B#phrase=A.L.L.H.B,https://www.infogreffe.com/recherche-entreprise-dirigeants/resultats-entreprise-dirigeants.html?ga_cat=globale&ga_q=A.L.L.H.B#phrase=A.L.L.H.B
0,2012-03-31,ALLHB.PA,,2012-03-31,Q1,7158269.5,2398890.5,4759379.0,1.504034349859509,0.0,0.0,0.0,0.0,534068.25,6706266.5,46688.25,553103.5,1195637.25,5.986991037624497,452003.0,15.836774313444822,0.0,395641.0,18.092840479121225,143629.5,252011.5,28.40453511050091,0.105,0.105,2372468.0,2372468.0,https://www.infogreffe.com/recherche-entreprise-dirigeants/resultats-entreprise-dirigeants.html?ga_cat=globale&ga_q=A.L.L.H.B#phrase=A.L.L.H.B,https://www.infogreffe.com/recherche-entreprise-dirigeants/resultats-entreprise-dirigeants.html?ga_cat=globale&ga_q=A.L.L.H.B#phrase=A.L.L.H.B
0,2012-01-31,ALLHB.PA,,2012-01-31,Q1,7158269.5,2398890.5,4759379.0,1.504034349859509,0.0,0.0,0.0,0.0,534068.25,6706266.5,46688.25,553103.5,1195637.25,5.986991037624497,452003.0,15.836774313444822,0.0,395641.0,18.092840479121225,143629.5,252011.5,28.40453511050091,0.105,0.105,2372468.0,2372468.0,https://www.infogreffe.com/recherche-entreprise-dirigeants/resultats-entreprise-dirigeants.html?ga_cat=globale&ga_q=A.L.L.H.B#phrase=A.L.L.H.B,https://www.infogreffe.com/recherche-entreprise-dirigeants/resultats-entreprise-dirigeants.html?ga_cat=globale&ga_q=A.L.L.H.B#phrase=A.L.L.H.B
0,2011-09-31,ALLHB.PA,,2011-09-31,Q3,6477070.5,390931.25,6086139.25,1.0642330439613257,0.0,0.0,0.0,77665.0,2259495.0,6152710.25,56460.5,608787.25,1049252.5,6.17303318314705,324360.25,19.96875541932157,0.0,384004.75,16.86716245046448,173865.25,273478.0,23.68406416603895,0.115,0.115,2372468.0,2372468.0,https://www.infogreffe.com/recherche-entreprise-dirigeants/resultats-entreprise-dirigeants.html?ga_cat=globale&ga_q=A.L.L.H.B#phrase=A.L.L.H.B,https://www.infogreffe.com/recherche-entreprise-dirigeants/resultats-entreprise-dirigeants.html?ga_cat=globale&ga_q=A.L.L.H.B#phrase=A.L.L.H.B
0,2011-06-31,ALLHB.PA,,2011-06-31,Q2,6477070.5,390931.25,6086139.25,1.0642330439613257,0.0,0.0,0.0,77665.0,2259495.0,6152710.25,56460.5,608787.25,1049252.5,6.17303318314705,324360.25,19.96875541932157,0.0,384004.75,16.86716245046448,173865.25,273478.0,23.68406416603895,0.115,0.115,2372468.0,2372468.0,https://www.infogreffe.com/recherche-entreprise-dirigeants/resultats-entreprise-dirigeants.html?ga_cat=globale&ga_q=A.L.L.H.B#phrase=A.L.L.H.B,https://www.infogreffe.com/recherche-entreprise-dirigeants/resultats-entreprise-dirigeants.html?ga_cat=globale&ga_q=A.L.L.H.B#phrase=A.L.L.H.B
0,2011-03-31,ALLHB.PA,,2011-03-31,Q1,6477070.5,390931.25,6086139.25,1.0642330439613257,0.0,0.0,0.0,77665.0,2259495.0,6152710.25,56460.5,608787.25,1049252.5,6.17303318314705,324360.25,19.96875541932157,0.0,384004.75,16.86716245046448,173865.25,273478.0,23.68406416603895,0.115,0.115,2372468.0,2372468.0,https://www.infogreffe.com/recherche-entreprise-dirigeants/resultats-entreprise-dirigeants.html?ga_cat=globale&ga_q=A.L.L.H.B#phrase=A.L.L.H.B,https://www.infogreffe.com/recherche-entreprise-dirigeants/resultats-entreprise-dirigeants.html?ga_cat=globale&ga_q=A.L.L.H.B#phrase=A.L.L.H.B
0,2011-01-31,ALLHB.PA,,2011-01-31,Q1,6477070.5,390931.25,6086139.25,1.0642330439613257,0.0,0.0,0.0,77665.0,2259495.0,6152710.25,56460.5,608787.25,1049252.5,6.17303318314705,324360.25,19.96875541932157,0.0,384004.75,16.86716245046448,173865.25,273478.0,23.68406416603895,0.115,0.115,2372468.0,2372468.0,https://www.infogreffe.com/recherche-entreprise-dirigeants/resultats-entreprise-dirigeants.html?ga_cat=globale&ga_q=A.L.L.H.B#phrase=A.L.L.H.B,https://www.infogreffe.com/recherche-entreprise-dirigeants/resultats-entreprise-dirigeants.html?ga_cat=globale&ga_q=A.L.L.H.B#phrase=A.L.L.H.B
0,2010-09-31,ALLHB.PA,,2010-09-31,Q3,5551548.75,1843215.75,3708333.0,1.4970469884986057,0.0,0.0,0.0,0.0,1148759.0,5693680.0,72401.5,683094.0,582640.5,9.52825756190996,-142131.25,-39.05931137592894,0.0,-100518.75,-55.228987129266926,-4795.5,-166024.75,-33.43807926227866,-0.07,-0.07,2371782.0,2371782.0,https://www.infogreffe.com/recherche-entreprise-dirigeants/resultats-entreprise-dirigeants.html?ga_cat=globale&ga_q=A.L.L.H.B#phrase=A.L.L.H.B,https://www.infogreffe.com/recherche-entreprise-dirigeants/resultats-entreprise-dirigeants.html?ga_cat=globale&ga_q=A.L.L.H.B#phrase=A.L.L.H.B
0,2010-06-31,ALLHB.PA,,2010-06-31,Q2,5551548.75,1843215.75,3708333.0,1.4970469884986057,0.0,0.0,0.0,0.0,1148759.0,5693680.0,72401.5,683094.0,582640.5,9.52825756190996,-142131.25,-39.05931137592894,0.0,-100518.75,-55.228987129266926,-4795.5,-166024.75,-33.43807926227866,-0.07,-0.07,2371782.0,2371782.0,https://www.infogreffe.com/recherche-entreprise-dirigeants/resultats-entreprise-dirigeants.html?ga_cat=globale&ga_q=A.L.L.H.B#phrase=A.L.L.H.B,https://www.infogreffe.com/recherche-entreprise-dirigeants/resultats-entreprise-dirigeants.html?ga_cat=globale&ga_q=A.L.L.H.B#phrase=A.L.L.H.B
0,2010-03-31,ALLHB.PA,,2010-03-31,Q1,5551548.75,1843215.75,3708333.0,1.4970469884986057,0.0,0.0,0.0,0.0,1148759.0,5693680.0,72401.5,683094.0,582640.5,9.52825756190996,-142131.25,-39.05931137592894,0.0,-100518.75,-55.228987129266926,-4795.5,-166024.75,-33.43807926227866,-0.07,-0.07,2371782.0,2371782.0,https://www.infogreffe.com/recherche-entreprise-dirigeants/resultats-entreprise-dirigeants.html?ga_cat=globale&ga_q=A.L.L.H.B#phrase=A.L.L.H.B,https://www.infogreffe.com/recherche-entreprise-dirigeants/resultats-entreprise-dirigeants.html?ga_cat=globale&ga_q=A.L.L.H.B#phrase=A.L.L.H.B
0,2010-01-31,ALLHB.PA,,2010-01-31,Q1,5551548.75,1843215.75,3708333.0,1.4970469884986057,0.0,0.0,0.0,0.0,1148759.0,5693680.0,72401.5,683094.0,582640.5,9.52825756190996,-142131.25,-39.05931137592894,0.0,-100518.75,-55.228987129266926,-4795.5,-166024.75,-33.43807926227866,-0.07,-0.07,2371782.0,2371782.0,https://www.infogreffe.com/recherche-entreprise-dirigeants/resultats-entreprise-dirigeants.html?ga_cat=globale&ga_q=A.L.L.H.B#phrase=A.L.L.H.B,https://www.infogreffe.com/recherche-entreprise-dirigeants/resultats-entreprise-dirigeants.html?ga_cat=globale&ga_q=A.L.L.H.B#phrase=A.L.L.H.B
0,2009-09-31,ALLHB.PA,,2009-09-31,Q3,4370851.0,369844.75,4001006.25,1.092437933582333,0.0,0.0,0.0,135012.25,1551631.25,4426570.5,79188.0,329520.25,671733.75,6.50682059670219,-55719.5,-78.44383025691185,0.0,263025.5,16.617594111597544,8400.5,277577.5,15.746416766488638,0.1175,0.1175,2372468.0,2372468.0,https://www.infogreffe.com/recherche-entreprise-dirigeants/resultats-entreprise-dirigeants.html?ga_cat=globale&ga_q=A.L.L.H.B#phrase=A.L.L.H.B,https://www.infogreffe.com/recherche-entreprise-dirigeants/resultats-entreprise-dirigeants.html?ga_cat=globale&ga_q=A.L.L.H.B#phrase=A.L.L.H.B
0,2009-06-31,ALLHB.PA,,2009-06-31,Q2,4370851.0,369844.75,4001006.25,1.092437933582333,0.0,0.0,0.0,135012.25,1551631.25,4426570.5,79188.0,329520.25,671733.75,6.50682059670219,-55719.5,-78.44383025691185,0.0,263025.5,16.617594111597544,8400.5,277577.5,15.746416766488638,0.1175,0.1175,2372468.0,2372468.0,https://www.infogreffe.com/recherche-entreprise-dirigeants/resultats-entreprise-dirigeants.html?ga_cat=globale&ga_q=A.L.L.H.B#phrase=A.L.L.H.B,https://www.infogreffe.com/recherche-entreprise-dirigeants/resultats-entreprise-dirigeants.html?ga_cat=globale&ga_q=A.L.L.H.B#phrase=A.L.L.H.B
0,2009-03-31,ALLHB.PA,,2009-03-31,Q1,4370851.0,369844.75,4001006.25,1.092437933582333,0.0,0.0,0.0,135012.25,1551631.25,4426570.5,79188.0,329520.25,671733.75,6.50682059670219,-55719.5,-78.44383025691185,0.0,263025.5,16.617594111597544,8400.5,277577.5,15.746416766488638,0.1175,0.1175,2372468.0,2372468.0,https://www.infogreffe.com/recherche-entreprise-dirigeants/resultats-entreprise-dirigeants.html?ga_cat=globale&ga_q=A.L.L.H.B#phrase=A.L.L.H.B,https://www.infogreffe.com/recherche-entreprise-dirigeants/resultats-entreprise-dirigeants.html?ga_cat=globale&ga_q=A.L.L.H.B#phrase=A.L.L.H.B
0,2009-01-31,ALLHB.PA,,2009-01-31,Q1,4370851.0,369844.75,4001006.25,1.092437933582333,0.0,0.0,0.0,135012.25,1551631.25,4426570.5,79188.0,329520.25,671733.75,6.50682059670219,-55719.5,-78.44383025691185,0.0,263025.5,16.617594111597544,8400.5,277577.5,15.746416766488638,0.1175,0.1175,2372468.0,2372468.0,https://www.infogreffe.com/recherche-entreprise-dirigeants/resultats-entreprise-dirigeants.html?ga_cat=globale&ga_q=A.L.L.H.B#phrase=A.L.L.H.B,https://www.infogreffe.com/recherche-entreprise-dirigeants/resultats-entreprise-dirigeants.html?ga_cat=globale&ga_q=A.L.L.H.B#phrase=A.L.L.H.B
0,2008-09-31,ALLHB.PA,,2008-09-31,Q3,5248037.75,439363.0,4808674.75,1.091368832961722,0.0,0.0,0.0,-189662.0,1595270.25,4825357.5,67427.5,355351.25,1240577.0,4.2303200446243965,422680.25,12.416094080572726,0.0,603524.5,8.69564988662432,90450.5,506561.25,10.360124762800154,0.2125,0.2125,2383818.0,2383818.0,https://www.infogreffe.com/recherche-entreprise-dirigeants/resultats-entreprise-dirigeants.html?ga_cat=globale&ga_q=A.L.L.H.B#phrase=A.L.L.H.B,https://www.infogreffe.com/recherche-entreprise-dirigeants/resultats-entreprise-dirigeants.html?ga_cat=globale&ga_q=A.L.L.H.B#phrase=A.L.L.H.B
0,2008-06-31,ALLHB.PA,,2008-06-31,Q2,5248037.75,439363.0,4808674.75,1.091368832961722,0.0,0.0,0.0,-189662.0,1595270.25,4825357.5,67427.5,355351.25,1240577.0,4.2303200446243965,422680.25,12.416094080572726,0.0,603524.5,8.69564988662432,90450.5,506561.25,10.360124762800154,0.2125,0.2125,2383818.0,2383818.0,https://www.infogreffe.com/recherche-entreprise-dirigeants/resultats-entreprise-dirigeants.html?ga_cat=globale&ga_q=A.L.L.H.B#phrase=A.L.L.H.B,https://www.infogreffe.com/recherche-entreprise-dirigeants/resultats-entreprise-dirigeants.html?ga_cat=globale&ga_q=A.L.L.H.B#phrase=A.L.L.H.B
0,2008-03-31,ALLHB.PA,,2008-03-31,Q1,5248037.75,439363.0,4808674.75,1.091368832961722,0.0,0.0,0.0,-189662.0,1595270.25,4825357.5,67427.5,355351.25,1240577.0,4.2303200446243965,422680.25,12.416094080572726,0.0,603524.5,8.69564988662432,90450.5,506561.25,10.360124762800154,0.2125,0.2125,2383818.0,2383818.0,https://www.infogreffe.com/recherche-entreprise-dirigeants/resultats-entreprise-dirigeants.html?ga_cat=globale&ga_q=A.L.L.H.B#phrase=A.L.L.H.B,https://www.infogreffe.com/recherche-entreprise-dirigeants/resultats-entreprise-dirigeants.html?ga_cat=globale&ga_q=A.L.L.H.B#phrase=A.L.L.H.B
0,2008-01-31,ALLHB.PA,,2008-01-31,Q1,5248037.75,439363.0,4808674.75,1.091368832961722,0.0,0.0,0.0,-189662.0,1595270.25,4825357.5,67427.5,355351.25,1240577.0,4.2303200446243965,422680.25,12.416094080572726,0.0,603524.5,8.69564988662432,90450.5,506561.25,10.360124762800154,0.2125,0.2125,2383818.0,2383818.0,https://www.infogreffe.com/recherche-entreprise-dirigeants/resultats-entreprise-dirigeants.html?ga_cat=globale&ga_q=A.L.L.H.B#phrase=A.L.L.H.B,https://www.infogreffe.com/recherche-entreprise-dirigeants/resultats-entreprise-dirigeants.html?ga_cat=globale&ga_q=A.L.L.H.B#phrase=A.L.L.H.B
0,2007-09-31,ALLHB.PA,,2007-09-31,Q3,5921900.0,423437.75,5498462.25,1.0770102131736923,0.0,0.0,0.0,-29671.75,1581149.75,4794133.0,26256.25,345261.25,1674363.75,3.536806145020758,1127767.0,5.250995994740048,0.0,1302846.25,4.545355985021256,431419.75,761487.0,7.7767578435350835,0.3255052577583996,0.3255052577583996,2339400.0,2339400.0,https://www.infogreffe.com/recherche-entreprise-dirigeants/resultats-entreprise-dirigeants.html?ga_cat=globale&ga_q=A.L.L.H.B#phrase=A.L.L.H.B,https://www.infogreffe.com/recherche-entreprise-dirigeants/resultats-entreprise-dirigeants.html?ga_cat=globale&ga_q=A.L.L.H.B#phrase=A.L.L.H.B
0,2007-06-31,ALLHB.PA,,2007-06-31,Q2,5921900.0,423437.75,5498462.25,1.0770102131736923,0.0,0.0,0.0,-29671.75,1581149.75,4794133.0,26256.25,345261.25,1674363.75,3.536806145020758,1127767.0,5.250995994740048,0.0,1302846.25,4.545355985021256,431419.75,761487.0,7.7767578435350835,0.3255052577583996,0.3255052577583996,2339400.0,2339400.0,https://www.infogreffe.com/recherche-entreprise-dirigeants/resultats-entreprise-dirigeants.html?ga_cat=globale&ga_q=A.L.L.H.B#phrase=A.L.L.H.B,https://www.infogreffe.com/recherche-entreprise-dirigeants/resultats-entreprise-dirigeants.html?ga_cat=globale&ga_q=A.L.L.H.B#phrase=A.L.L.H.B
0,2007-03-31,ALLHB.PA,,2007-03-31,Q1,5921900.0,423437.75,5498462.25,1.0770102131736923,0.0,0.0,0.0,-29671.75,1581149.75,4794133.0,26256.25,345261.25,1674363.75,3.536806145020758,1127767.0,5.250995994740048,0.0,1302846.25,4.545355985021256,431419.75,761487.0,7.7767578435350835,0.3255052577583996,0.3255052577583996,2339400.0,2339400.0,https://www.infogreffe.com/recherche-entreprise-dirigeants/resultats-entreprise-dirigeants.html?ga_cat=globale&ga_q=A.L.L.H.B#phrase=A.L.L.H.B,https://www.infogreffe.com/recherche-entreprise-dirigeants/resultats-entreprise-dirigeants.html?ga_cat=globale&ga_q=A.L.L.H.B#phrase=A.L.L.H.B
0,2007-01-31,ALLHB.PA,,2007-01-31,Q1,5921900.0,423437.75,5498462.25,1.0770102131736923,0.0,0.0,0.0,-29671.75,1581149.75,4794133.0,26256.25,345261.25,1674363.75,3.536806145020758,1127767.0,5.250995994740048,0.0,1302846.25,4.545355985021256,431419.75,761487.0,7.7767578435350835,0.3255052577583996,0.3255052577583996,2339400.0,2339400.0,https://www.infogreffe.com/recherche-entreprise-dirigeants/resultats-entreprise-dirigeants.html?ga_cat=globale&ga_q=A.L.L.H.B#phrase=A.L.L.H.B,https://www.infogreffe.com/recherche-entreprise-dirigeants/resultats-entreprise-dirigeants.html?ga_cat=globale&ga_q=A.L.L.H.B#phrase=A.L.L.H.B
