,date,symbol,fillingDate,acceptedDate,period,revenue,costOfRevenue,grossProfit,grossProfitRatio,researchAndDevelopmentExpenses,generalAndAdministrativeExpenses,sellingAndMarketingExpenses,otherExpenses,operatingExpenses,costAndExpenses,interestExpense,depreciationAndAmortization,ebitda,ebitdaratio,operatingIncome,operatingIncomeRatio,totalOtherIncomeExpensesNet,incomeBeforeTax,incomeBeforeTaxRatio,incomeTaxExpense,netIncome,netIncomeRatio,eps,epsdiluted,weightedAverageShsOut,weightedAverageShsOutDil,link,finalLink
0,2020-10-03,DLA,2020-11-23,2020-11-23 14:04:58,Q4,309234000,243841000,65393.0,0.00021146769113357522,0.0,53177000,0.0,0.0,53177000,297018000,-5295000.0,1531000.0,16044000,0.05188304002794001,14513.0,4.693209672933765e-05,-2297000.0,9218.0,2.9809141297528733e-05,2194.0,7024.0,2.2714190548257955e-05,1.0194484760522495,1.0194484760522495,6890000.0,6890000.0,https://www.sec.gov/Archives/edgar/data/1101396/000143774920024322/0001437749-20-024322-index.htm,https://www.sec.gov/Archives/edgar/data/1101396/000143774920024322/dla20201003_10k.htm
0,2020-06-27,DLA,2020-07-30,2020-07-30 18:51:08,Q3,71801000,68819000,2982000.0,0.04153145499366304,0.0,15206000,0.0,9364000.0,24569999.999999993,93389000,1710000.0,3185000.0000000005,-18340000,-0.255428,-21588000,-0.300664,9364.0,-23298000,-0.32448,-5454000.0,-17781000,-0.247643,-2.5807,-2.5807,6890000.0,6890000.0,https://www.sec.gov/Archives/edgar/data/1101396/000143774920016063/0001437749-20-016063-index.htm,https://www.sec.gov/Archives/edgar/data/1101396/000143774920016063/dla20200717_10q.htm
0,2020-03-28,DLA,2020-04-30 00:00:00,2020-04-30 16:13:01,Q2,96660000,76079000,20581000,0.212922,0.0,17941000,0.0,-914000.0,17027000,93106000,1808000.0,3220000.0,6865000.0,0.071022,3554000.0,0.036768,0.0,1746000.0,0.018063,526000.0,1311000.0,0.013563,0.18583,0.18583,7055000.0,7055000.0,https://www.sec.gov/Archives/edgar/data/1101396/000143774920009008/0001437749-20-009008-index.html,https://www.sec.gov/Archives/edgar/data/1101396/000143774920009008/dla20200328_10q.htm
0,2019-12-28,DLA,2020-02-03 00:00:00,2020-02-03 16:23:18,Q1,95889000,75996000,19893000,0.207459,0.0,18073000,0.0,-817000.0,17256000,93252000,1802000.0,3161000.0,5930000.0,0.061842,2637000.0,0.027501,0.0,835000.0,0.008708,44000.0,923000.0,0.009626,0.13051,0.13051,7072000.0,7072000.0,https://www.sec.gov/Archives/edgar/data/1101396/000143774920001555/0001437749-20-001555-index.html,https://www.sec.gov/Archives/edgar/data/1101396/000143774920001555/dla20191228_10q.htm
0,2019-09-28,DLA,2019-11-21 00:00:00,2019-11-21 16:35:18,Q4,107957000,85073000,22884000,0.211973,0.0,18449000,0.0,-389000.0,18060000.000000004,103133000,1811000.0,3035999.9999999995,7951000.0,0.07365,4824000.0,0.044684,0.0,3013000.0,0.027909,-419000.0,3523000.0,0.032633,0.49894,0.49894,7061000.0,7061000.0,https://www.sec.gov/Archives/edgar/data/1101396/000143774919023361/0001437749-19-023361-index.html,https://www.sec.gov/Archives/edgar/data/1101396/000143774919023361/dla20190928_10k.htm
0,2019-06-29,DLA,2019-08-01 00:00:00,2019-08-01 14:11:15,Q3,119260000,94470000,24790000,0.207865,0.0,17931000,0.0,-1477000.0,16454000.000000007,110924000.00000001,1989000.0,2869000.0,11294000,0.094701,8336000.0,0.069898,0.0,6347000.0,0.05322,1510000.0,4926000.0,0.041305,0.69576,0.69576,7080000.0,7080000.0,https://www.sec.gov/Archives/edgar/data/1101396/000143774919015172/0001437749-19-015172-index.html,https://www.sec.gov/Archives/edgar/data/1101396/000143774919015172/dla20190601_10q.htm
0,2019-03-30,DLA,2019-05-06 00:00:00,2019-05-06 16:35:45,Q2,102838000,83930000,18908000,0.183862,0.0,17056000,0.0,-843000.0,16212999.999999994,100143000,1985000.0,2940000.0,5752000.0,0.055933,2695000.0,0.026206,0.0,710000.0,0.006904,-115000.0,942000.0,0.00916,0.13262,0.13262,7103000.0,7103000.0,https://www.sec.gov/Archives/edgar/data/1101396/000110139619000067/0001101396-19-000067-index.html,https://www.sec.gov/Archives/edgar/data/1101396/000110139619000067/dla_20190330-10q.htm
0,2018-12-29,DLA,2019-02-04 00:00:00,2019-02-04 16:59:06,Q1,101675000,83105000,18570000,0.182641,0.0,16784000,0.0,1745000.0,18528999.999999996,101634000,1765000.0,2919000.0,3036000.0,0.02986,41000.0,0.000403,0.0,-1724000.0,-0.016956,-499000.0,-1149000.0,-0.011301,-0.16594,-0.16594,6924000.0,6924000.0,https://www.sec.gov/Archives/edgar/data/1101396/000110139619000018/0001101396-19-000018-index.html,https://www.sec.gov/Archives/edgar/data/1101396/000110139619000018/dla_20181229-10q.htm
0,2018-09-29,DLA,2018-11-19 00:00:00,2018-11-19 16:29:59,Q4,92900000,73800000,19200000,0.206674,0.0,15100000,0.0,-1800000.0,15700000.000000004,89500000,1506000.0,2590000.0,5996000.0,0.064543,3400000.0,0.036598,-1800000.0,1900000.0,0.020452,-1200000.0,3100000.0,0.033369,0.38272,0.38272,8100000.0,8100000.0,https://www.sec.gov/Archives/edgar/data/1101396/000110139618000043/0001101396-18-000043-index.html,https://www.sec.gov/Archives/edgar/data/1101396/000110139618000043/dla_20180929-10k.htm
0,2018-06-30,DLA,2018-08-06 00:00:00,2018-08-06 17:12:33,Q3,112200000,87900000,24300000,0.216578,0.0,17700000,0.0,-400000.0,17599999.999999993,105500000,1522000.0,2640000.0000000005,9362000.0,0.08344,6700000.0,0.059715,-400000.0,5100000.0,0.045455,600000.0,4600000.0,0.040998,0.62162,0.62162,7400000.0,7400000.0,https://www.sec.gov/Archives/edgar/data/1101396/000110139618000029/0001101396-18-000029-index.html,https://www.sec.gov/Archives/edgar/data/1101396/000110139618000029/dla_20180630-10q.htm
0,2018-03-31,DLA,2018-05-07 00:00:00,2018-05-07 17:14:56,Q2,100000000,77800000,22200000,0.222,0.0,16600000,0.0,0.0,16600000.00000001,94400000.00000001,1351000.0,2329999.9999999995,7881000.0,0.07881,5600000.0,0.056,0.0,4300000.0,0.043,600000.0,3600000.0,0.036,0.48,0.48,7500000.0,7500000.0,https://www.sec.gov/Archives/edgar/data/1101396/000110139618000019/0001101396-18-000019-index.html,https://www.sec.gov/Archives/edgar/data/1101396/000110139618000019/dla_20180331-10q.htm
0,2017-12-30,DLA,2018-02-05 00:00:00,2018-02-05 16:38:12,Q1,90300000,74000000,16400000,0.181617,0.0,15000000,0.0,0.0,14599999.999999994,88600000,1334000.0,2430000.0,-6436000.0,-0.071274,1700000.0,0.018826,0.0,400000.0,0.00443,-200000.0,-10000000,-0.110742,-1.36986,-1.36986,7300000.0,7300000.0,https://www.sec.gov/Archives/edgar/data/1101396/000110139618000010/0001101396-18-000010-index.html,https://www.sec.gov/Archives/edgar/data/1101396/000110139618000010/dla_20171230-10q.htm
0,2017-09-30,DLA,2017-11-28 00:00:00,2017-11-28 17:00:31,Q4,91300000,74700000,16700000,0.182913,0.0,14900000,0.0,-300000.0,14299999.999999996,89000000,1143000.0,2409999.999999999,4752999.999999999,0.052059,2300000.0,0.025192,-300000.0,1200000.0,0.013143,-900000.0,2100000.0,0.023001,0.26582,0.26582,7900000.0,7900000.0,https://www.sec.gov/Archives/edgar/data/1101396/000110139617000045/0001101396-17-000045-index.html,https://www.sec.gov/Archives/edgar/data/1101396/000110139617000045/dla_20170930-10k.htm
0,2017-07-01,DLA,2017-08-01 00:00:00,2017-08-01 17:23:45,Q3,104300000,82000000,22300000,0.213806,0.0,17000000,0.0,-100000.0,16400000.000000006,98400000,1255000.0,2330000.0,8185000.0,0.078476,5900000.0,0.056568,-100000.0,4600000.0,0.044104,100000.0,4500000.0,0.043145,0.56962,0.56962,7900000.0,7900000.0,https://www.sec.gov/Archives/edgar/data/1101396/000110139617000035/0001101396-17-000035-index.html,https://www.sec.gov/Archives/edgar/data/1101396/000110139617000035/dla_20170701-10q.htm
0,2017-04-01,DLA,2017-05-08 00:00:00,2017-05-08 16:51:23,Q2,104100000,79900000,24200000,0.232469,0.0,18300000,0.0,-100000.0,16699999.99999999,96599999.99999999,1312000.0,2450000.0,9962000.0,0.095696,7500000.0,0.072046,-100000.0,6200000.0,0.059558,1700000.0,4500000.0,0.043228,0.57692,0.57692,7800000.0,7800000.0,https://www.sec.gov/Archives/edgar/data/1101396/000110139617000017/0001101396-17-000017-index.html,https://www.sec.gov/Archives/edgar/data/1101396/000110139617000017/dla_20170401-10q.htm
0,2016-12-31,DLA,2017-02-06 00:00:00,2017-02-06 16:40:27,Q1,85300000,67800000,17600000,0.206331,0.0,17300000,0.0,-100000.0,17100000.00000001,84900000.00000001,1301000.0,2420000.0,2921000.0,0.034244,500000.0,0.005862,-100000.0,-800000.0,-0.009379,-200000.0,-600000.0,-0.007034,-0.07895,-0.07895,7600000.0,7600000.0,https://www.sec.gov/Archives/edgar/data/1101396/000110139617000005/0001101396-17-000005-index.html,https://www.sec.gov/Archives/edgar/data/1101396/000110139617000005/dla_20161231-10q.htm
0,2016-10-01,DLA,2016-11-29 00:00:00,2016-11-29 16:06:06,Q4,114400000,90400000,23900000,0.208916,0.0,20300000,0.0,-400000.0,20000000,110400000,1278000.0,2420000.000000001,6398000.000000001,0.055927,3900000.0,0.034091,-400000.0,2700000.0,0.023601,400000.0,2300000.0,0.020105,0.2875,0.2875,8000000.0,8000000.0,https://www.sec.gov/Archives/edgar/data/1101396/000110139616000097/0001101396-16-000097-index.html,https://www.sec.gov/Archives/edgar/data/1101396/000110139616000097/dla_20161001-10k.htm
0,2016-07-02,DLA,2016-08-08 00:00:00,2016-08-08 17:21:03,Q3,111600000,86600000,25000000,0.224014,0.0,19400000,0.0,0.0,20700000.000000004,107300000,1338000.0,2460000.0,6598000.0,0.059122,4200000.0,0.037634,0.0,2900000.0,0.025986,300000.0,2500000.0,0.022401,0.3125,0.3125,8000000.0,8000000.0,https://www.sec.gov/Archives/edgar/data/1101396/000110139616000090/0001101396-16-000090-index.html,https://www.sec.gov/Archives/edgar/data/1101396/000110139616000090/dla_20160702-10q.htm
0,2016-04-02,DLA,2016-05-12 00:00:00,2016-05-12 12:26:50,Q2,109200000,83400000,25700000,0.235348,0.0,20000000,0.0,-100000.0,19799999.999999996,103200000,1395000.0,2410000.0,8305000.0,0.076053,5900000.0,0.054029,-100000.0,4500000.0,0.041209,1100000.0,3400000.0,0.031136,0.425,0.425,8000000.0,8000000.0,https://www.sec.gov/Archives/edgar/data/1101396/000110139616000083/0001101396-16-000083-index.html,https://www.sec.gov/Archives/edgar/data/1101396/000110139616000083/dla_20160402-10q.htm
0,2016-01-02,DLA,2016-02-09 00:00:00,2016-02-09 16:35:33,Q1,90200000,71300000,18900000,0.209534,0.0,16900000,0.0,0.0,16600000.00000001,87900000.00000001,1276000.0,2340000.0,4616000.0,0.051175,2200000.0,0.02439,0.0,1000000.0,0.011086,300000.0,700000.0,0.007761,0.0875,0.0875,8000000.0,8000000.0,https://www.sec.gov/Archives/edgar/data/1101396/000110139616000068/0001101396-16-000068-index.html,https://www.sec.gov/Archives/edgar/data/1101396/000110139616000068/dla_20160102-10q.htm
0,2015-10-03,DLA,2015-12-15 00:00:00,2015-12-15 14:12:48,Q4,120200000,93900000,26300000,0.218802,0.0,21300000,0.0,-100000.0,21199999.99999999,115099999.99999999,1474000.0,2339999.999999999,7413999.999999999,0.061681,5100000.0,0.042429,-100000.0,3600000.0,0.02995,-600000.0,4200000.0,0.034942,0.53846,0.53846,7800000.0,7800000.0,https://www.sec.gov/Archives/edgar/data/1101396/000110139615000033/0001101396-15-000033-index.html,https://www.sec.gov/Archives/edgar/data/1101396/000110139615000033/dla_20151003-10k.htm
0,2015-06-27,DLA,2015-08-05 00:00:00,2015-08-05 12:09:00,Q3,120500000,95000000,25500000,0.211618,0.0,19600000,0.0,-400000.0,18599999.999999993,113600000,1528000.0,2330000.0,9258000.0,0.07683,6900000.0,0.057261,-400000.0,5400000.0,0.044813,1000000.0,4400000.0,0.036515,0.54321,0.54321,8100000.0,8100000.0,https://www.sec.gov/Archives/edgar/data/1101396/000110139615000026/0001101396-15-000026-index.html,https://www.sec.gov/Archives/edgar/data/1101396/000110139615000026/dla_20150627-10q.htm
0,2015-03-28,DLA,2015-05-05 00:00:00,2015-05-05 16:32:31,Q2,115000000,93800000,21200000,0.184348,0.0,21600000,0.0,-100000.0,13900000.000000006,107700000,1491000.0,2440000.0,9731000.0,0.084617,7300000.0,0.063478,-100000.0,5800000.0,0.050435,2200000.0,3600000.0,0.031304,0.45,0.45,8000000.0,8000000.0,https://www.sec.gov/Archives/edgar/data/1101396/000110139615000017/0001101396-15-000017-index.html,https://www.sec.gov/Archives/edgar/data/1101396/000110139615000017/dla_20150328-10q.htm
0,2014-12-27,DLA,2015-02-05,2015-02-05 16:26:01,Q1,93400000,78100000,15300000,0.163812,0.0,18500000,0.0,-100000.0,18500000,96600000,1528000.0,2430000.0,-742000.0,-0.007944,-3200000.0,-0.034261,-100000.0,-4700000.0,-0.050321,-500000.0,-4200000.0,-0.044968,-0.53165,-0.53165,7900000.0,7900000.0,https://www.sec.gov/Archives/edgar/data/1101396/000110139614000032/dla_20140927-10k.htm,https://www.sec.gov/Archives/edgar/data/1101396/000110139614000032/dla_20140927-10k.htm
0,2014-09-27,DLA,2014-12-10 00:00:00,2014-12-10 17:07:04,Q4,114900000,93200000,21700000,0.18886,0.0,24100000,0.0,1000000.0,25099999.999999993,118300000,1408000.0,2450000.0,-1042000.0,-0.009069,-3400000.0,-0.029591,1000000.0,-4800000.0,-0.041775,-4100000.0,-800000.0,-0.006963,-0.10127,-0.10127,7900000.0,7900000.0,https://www.sec.gov/Archives/edgar/data/1101396/000110139614000032/0001101396-14-000032-index.html,https://www.sec.gov/Archives/edgar/data/1101396/000110139614000032/dla_20140927-10k.htm
0,2014-06-28,DLA,2014-08-06 00:00:00,2014-08-06 17:05:02,Q3,123500000,100800000,22700000,0.183806,0.0,21100000,0.0,0.0,21100000.00000001,121900000.00000001,1471000.0,2410000.0,4081000.0,0.033045,1600000.0,0.012955,0.0,100000.0,0.00081,-2000000.0,2200000.0,0.017814,0.2716,0.2716,8100000.0,8100000.0,https://www.sec.gov/Archives/edgar/data/1101396/000110139614000023/0001101396-14-000023-index.html,https://www.sec.gov/Archives/edgar/data/1101396/000110139614000023/dla_20140628-10q.htm
0,2014-03-29,DLA,2014-05-07 00:00:00,2014-05-07 11:55:27,Q2,114500000,92200000,22300000,0.19476,0.0,21300000,0.0,0.0,21399999.99999999,113599999.99999999,1455000.0,2389999.9999999995,3144999.9999999995,0.027467,800000.0,0.006987,0.0,-600000.0,-0.00524,100000.0,-800000.0,-0.006987,-0.10127,-0.10127,7900000.0,7900000.0,https://www.sec.gov/Archives/edgar/data/1101396/000110139614000014/0001101396-14-000014-index.html,https://www.sec.gov/Archives/edgar/data/1101396/000110139614000014/dla_20140329-10q.htm
0,2013-12-28,DLA,2014-02-05,2014-02-05 13:36:45,Q1,100000000,81000000,19000000,0.19,0.0,19800000,0.0,-100000.0,19700000.000000004,100700000,1458000.0,170000.00000000038,-471999.99999999965,-0.00472,-700000.0,-0.007,-100000.0,-2100000.0,-0.021,-500000.0,-1600000.0,-0.016,-0.20253,-0.20253,7900000.0,7900000.0,https://www.sec.gov/Archives/edgar/data/1101396/000110139614000005/dla_20131228-10q.htm,https://www.sec.gov/Archives/edgar/data/1101396/000110139614000005/dla_20131228-10q.htm
0,2013-09-28,DLA,2013-11-06,2013-11-06 16:27:26,Q4,122600000,95400000,27100000,0.221044,0.0,26600000,0.0,0.0,26599999.999999993,122000000,1033000.0,2070000.0,2703000.0,0.022047,600000.0,0.004894,0.0,-500000.0,-0.004078,-1000000.0,600000.0,0.004894,0.07407,0.07407,8100000.0,8100000.0,https://www.sec.gov/Archives/edgar/data/1101396/000110139613000025/dla_20130629-10k.htm,https://www.sec.gov/Archives/edgar/data/1101396/000110139613000025/dla_20130629-10k.htm
0,2013-06-29,DLA,2013-08-29 00:00:00,2013-08-29 12:33:55,Q3,133600000,105100000,28500000,0.213323,0.0,23500000,0.0,300000.0,23800000.00000001,128900000.00000001,1019000.0,2029999.9999999993,6748999.999999999,0.050516,4700000.0,0.03518,300000.0,3600000.0,0.026946,-300000.0,4000000.0,0.02994,0.48193,0.48193,8300000.0,8300000.0,https://www.sec.gov/Archives/edgar/data/1101396/000110139613000025/0001101396-13-000025-index.html,https://www.sec.gov/Archives/edgar/data/1101396/000110139613000025/dla_20130629-10k.htm
0,2013-03-30,DLA,2013-05-07 00:00:00,2013-05-07 12:49:48,Q2,120100000,96700000,23400000,0.194838,0.0,20700000,0.0,100000.0,20799999.999999996,117500000,1015000.0,2010000.0000000002,4525000.0,0.037677,2600000.0,0.021649,100000.0,1500000.0,0.01249,-100000.0,1600000.0,0.013322,0.19048,0.19048,8400000.0,8400000.0,https://www.sec.gov/Archives/edgar/data/1101396/000110139613000018/0001101396-13-000018-index.html,https://www.sec.gov/Archives/edgar/data/1101396/000110139613000018/dla_20130330-10q.htm
0,2012-12-29,DLA,2013-02-05 00:00:00,2013-02-05 11:23:35,Q1,106800000,84000000,22800000,0.213483,0.0,21900000,0.0,0.0,21900000.000000007,105900000,887000.0,2020000.0000000005,2807000.0000000005,0.026283,800000.0,0.007491,0.0,0.0,0.0,-100000.0,0.0,0.0,0.01,0.01,8600000.0,8600000.0,https://www.sec.gov/Archives/edgar/data/1101396/000110139613000011/0001101396-13-000011-index.html,https://www.sec.gov/Archives/edgar/data/1101396/000110139613000011/dla_20121229-10q.htm
0,2012-09-29,DLA,2012-11-06 00:00:00,2012-11-06 16:46:02,Q4,130100000,98300000,31900000,0.245196,0.0,25900000,0.0,200000.0,26000000,124300000,1076000.0,1950000.0,7826000.0,0.060154,5800000.0,0.044581,200000.0,4800000.0,0.036895,1200000.0,3600000.0,0.027671,0.41379,0.41379,8700000.0,8700000.0,https://www.sec.gov/Archives/edgar/data/1101396/000110139612000035/0001101396-12-000035-index.html,https://www.sec.gov/Archives/edgar/data/1101396/000110139612000035/dla_20120929-10q.htm
0,2012-06-30,DLA,2012-09-28 00:00:00,2012-09-28 16:45:49,Q3,135400000,108200000,27100000,0.200148,0.0,23000000,0.0,0.0,22999999.999999985,131199999.99999999,1231000.0,1989999.9999999998,6221000.0,0.045945,4200000.0,0.031019,0.0,3000000.0,0.022157,-1800000.0,4800000.0,0.035451,0.57143,0.57143,8400000.0,8400000.0,https://www.sec.gov/Archives/edgar/data/1101396/000110139612000027/0001101396-12-000027-index.html,https://www.sec.gov/Archives/edgar/data/1101396/000110139612000027/dla_20120630-10k.htm
0,2012-03-31,DLA,2012-05-09,2012-05-08 17:48:03,Q2,125500000,100400000,25200000,0.200797,0.0,22300000,0.0,100000.0,22299999.999999996,122700000,1016000.0,1860000.0,4676000.0,0.037259,2900000.0,0.023108,100000.0,1800000.0,0.014343,-100000.0,1900000.0,0.015139,0.21591,0.21591,8800000.0,8800000.0,https://www.sec.gov/Archives/edgar/data/1101396/000110139612000015/dla-03312012x10q.htm,https://www.sec.gov/Archives/edgar/data/1101396/000110139612000015/dla-03312012x10q.htm
0,2011-12-31,DLA,2012-02-07 00:00:00,2012-02-07 17:07:56,Q1,105500000,105300000,100000.0,0.000948,0.0,20200000,0.0,-100000.0,20200000.000000004,125500000,992000.0,1840000.0,-18168000,-0.172209,-20000000,-0.189573,-100000.0,-21000000,-0.199052,-7400000.0,-13600000,-0.12891,-1.6,-1.6,8500000.0,8500000.0,https://www.sec.gov/Archives/edgar/data/1101396/000110139612000011/0001101396-12-000011-index.html,https://www.sec.gov/Archives/edgar/data/1101396/000110139612000011/dla-12312011x10q.htm
0,2011-10-01,DLA,2011-11-03 00:00:00,2011-11-02 17:34:33,Q4,123500000,92300000,31300000,0.253441,0.0,24600000,0.0,0.0,24500000,116800000,893000.0,1800000.0,8493000.0,0.068769,6700000.0,0.054251,0.0,5800000.0,0.046964,1400000.0,4400000.0,0.035628,0.5,0.5,8800000.0,8800000.0,https://www.sec.gov/Archives/edgar/data/1101396/000110139611000026/0001101396-11-000026-index.html,https://www.sec.gov/Archives/edgar/data/1101396/000110139611000026/dla-1012011x10q.htm
0,2011-07-02,DLA,2011-09-01 00:00:00,2011-09-01 06:04:18,Q3,137600000,100100000,37600000,0.273256,0.0,25800000,0.0,200000.0,26000000,126100000,-788000.0,1839999.9999999993,11852000,0.086134,11600000,0.084302,200000.0,10800000,0.078488,2300000.0,8500000.0,0.061773,0.90426,0.90426,9400000.0,9400000.0,https://www.sec.gov/Archives/edgar/data/1101396/000110139611000012/0001101396-11-000012-index.html,https://www.sec.gov/Archives/edgar/data/1101396/000110139611000012/dla_20110702-10k.htm
0,2011-04-02,DLA,2011-05-05 00:00:00,2011-05-05 16:05:42,Q2,125000000,94100000,30900000,0.2472,0.0,22700000,0.0,0.0,22700000.000000004,116800000,-626000.0,1840000.0000000002,8714000.0,0.069712,8100000.0,0.0648,0.0,7500000.0,0.06,1800000.0,5700000.0,0.0456,0.65517,0.65517,8700000.0,8700000.0,https://www.sec.gov/Archives/edgar/data/1101396/000095012311045637/0000950123-11-045637-index.html,https://www.sec.gov/Archives/edgar/data/1101396/000095012311045637/g26993e10vq.htm
0,2011-01-01,DLA,2011-02-04,2011-02-04 16:56:54,Q1,104700000,82800000,21900000,0.209169,0.0,20100000,0.0,100000.0,19299999.999999996,102100000,-601000.0,1799999.9999999998,3199000.0,0.030554,2600000.0,0.024833,100000.0,2000000.0,0.019102,600000.0,1400000.0,0.013372,0.15909,0.15909,8800000.0,8800000.0,https://www.sec.gov/Archives/edgar/data/1101396/000095012311009289/g26015e10vq.htm,https://www.sec.gov/Archives/edgar/data/1101396/000095012311009289/g26015e10vq.htm
0,2010-10-02,DLA,2010-11-05 00:00:00,2010-11-05 12:46:07,Q4,107900000,82000000,25900000,0.240037,0.0,22900000,0.0,100000.0,23000000,105000000,-601000.0,1770000.0,3469000.0,0.03215,3000000.0,0.027804,100000.0,2400000.0,0.022243,700000.0,1600000.0,0.014829,0.18182,0.18182,8800000.0,8800000.0,https://www.sec.gov/Archives/edgar/data/1101396/000095012310101509/0000950123-10-101509-index.html,https://www.sec.gov/Archives/edgar/data/1101396/000095012310101509/g25121e10vq.htm
0,2010-07-03,DLA,2010-09-01 00:00:00,2010-09-01 17:21:17,Q3,126200000,96000000,30200000,0.239303,0.0,21500000,0.0,100000.0,21700000.000000004,117700000,-704000.0,1620000.0,8716000.0,0.069065,8500000.0,0.067353,100000.0,7800000.0,0.061807,2100000.0,5700000.0,0.045166,0.64045,0.64045,8900000.0,8900000.0,https://www.sec.gov/Archives/edgar/data/1101396/000095012310083126/0000950123-10-083126-index.html,https://www.sec.gov/Archives/edgar/data/1101396/000095012310083126/g24540e10vk.htm
0,2010-03-27,DLA,2010-05-05 00:00:00,2010-05-05 16:37:41,Q2,107900000,82700000,25200000,0.23355,0.0,20300000,0.0,-100000.0,20299999.999999996,103000000,-948000.0,1810000.0,4862000.0,0.04506,4900000.0,0.045412,-100000.0,4000000.0,0.037071,1000000.0,3000000.0,0.027804,0.34483,0.34483,8700000.0,8700000.0,https://www.sec.gov/Archives/edgar/data/1101396/000095012310044552/0000950123-10-044552-index.html,https://www.sec.gov/Archives/edgar/data/1101396/000095012310044552/g23231e10vq.htm
0,2009-12-26,DLA,2010-02-08 00:00:00,2010-02-08 15:49:06,Q1,91200000,69400000,21800000,0.239035,0.0,19600000,0.0,0.0,19500000,88900000,-903000.0,1680000.0,2177000.0,0.023871,2200000.0,0.024123,0.0,1300000.0,0.014254,400000.0,1000000.0,0.010965,0.11628,0.11628,8600000.0,8600000.0,https://www.sec.gov/Archives/edgar/data/1101396/000095012310009888/0000950123-10-009888-index.html,https://www.sec.gov/Archives/edgar/data/1101396/000095012310009888/g22014e10vq.htm
0,2009-09-26,DLA,2009-11-02 00:00:00,2009-11-02 16:12:09,Q4,99100000,75500000,23600000,0.238143,0.0,19300000,0.0,-100000.0,19099999.999999993,94600000,-954000.0,1680000.0,4326000.0,0.043653,4500000.0,0.045409,-100000.0,3500000.0,0.035318,1000000.0,2600000.0,0.026236,0.30588,0.30588,8500000.0,8500000.0,https://www.sec.gov/Archives/edgar/data/1101396/000095012309056234/0000950123-09-056234-index.html,https://www.sec.gov/Archives/edgar/data/1101396/000095012309056234/g20991e10vq.htm
0,2009-06-27,DLA,2009-08-28 00:00:00,2009-08-28 15:02:35,Q3,104700000,80400000,24300000,0.232092,0.0,18500000,0.0,-100000.0,18399999.99999999,98799999.99999999,-1049000.0,1700000.0,5451000.0,0.052063,5900000.0,0.056351,-100000.0,4900000.0,0.0468,800000.0,4000000.0,0.038204,0.47059,0.47059,8500000.0,8500000.0,https://www.sec.gov/Archives/edgar/data/1101396/000095012309039317/0000950123-09-039317-index.html,https://www.sec.gov/Archives/edgar/data/1101396/000095012309039317/g20360e10vk.htm
0,2009-03-28,DLA,2009-05-01 00:00:00,2009-05-01 08:34:56,Q2,85700000,68900000,16800000,0.196033,0.0,14500000,0.0,0.0,14500000,83400000,-1028000.0,1659999.9999999998,1931999.9999999998,0.022544,2300000.0,0.026838,0.0,1300000.0,0.015169,100000.0,1200000.0,0.014002,0.14118,0.14118,8500000.0,8500000.0,https://www.sec.gov/Archives/edgar/data/1101396/000095014409003772/0000950144-09-003772-index.html,https://www.sec.gov/Archives/edgar/data/1101396/000095014409003772/g18864e10vq.htm
0,2008-12-27,DLA,2009-02-03 00:00:00,2009-02-03 09:04:06,Q1,73400000,57300000,16100000,0.219346,0.0,14600000,0.0,0.0,14600000.00000001,71900000.00000001,-1222000.0,1860000.0,938000.0,0.012779,1500000.0,0.020436,0.0,300000.0,0.004087,-300000.0,600000.0,0.008174,0.07059,0.07059,8500000.0,8500000.0,https://www.sec.gov/Archives/edgar/data/1101396/000095014409000569/0000950144-09-000569-index.html,https://www.sec.gov/Archives/edgar/data/1101396/000095014409000569/g17457e10vq.htm
0,2008-09-27,DLA,2008-10-31 00:00:00,2008-10-31 09:15:30,Q4,91400000,72100000,19300000,0.21116,0.0,16800000,0.0,0.0,16900000.000000007,89000000,-1419000.0,1860000.0,1441000.0,0.015766,2400000.0,0.026258,0.0,1000000.0,0.010941,300000.0,700000.0,0.007659,0.08235,0.08235,8500000.0,8500000.0,https://www.sec.gov/Archives/edgar/data/1101396/000095014408007980/0000950144-08-007980-index.html,https://www.sec.gov/Archives/edgar/data/1101396/000095014408007980/g16309e10vq.htm
0,2008-06-28,DLA,2008-08-28 00:00:00,2008-08-28 13:49:44,Q3,105300000,80100000,25200000,0.239316,0.0,17700000,0.0,-100000.0,17600000.00000001,97700000.00000001,-1339000.0,1870000.0,6831000.0,0.064872,7600000.0,0.072175,-100000.0,6300000.0,0.059829,2000000.0,4300000.0,0.040836,0.5119,0.5119,8400000.0,8400000.0,https://www.sec.gov/Archives/edgar/data/1101396/000095014408006783/0000950144-08-006783-index.html,https://www.sec.gov/Archives/edgar/data/1101396/000095014408006783/g14931e10vk.htm
0,2008-03-29,DLA,2008-05-02 00:00:00,2008-05-02 12:25:07,Q2,75400000,59700000,15700000,0.208223,0.0,14600000,0.0,0.0,14599999.999999994,74300000,-1648000.0,1580000.0,-668000.0,-0.008859,1100000.0,0.014589,0.0,-600000.0,-0.007958,-200000.0,-400000.0,-0.005305,-0.04706,-0.04706,8500000.0,8500000.0,https://www.sec.gov/Archives/edgar/data/1101396/000095014408003507/0000950144-08-003507-index.html,https://www.sec.gov/Archives/edgar/data/1101396/000095014408003507/g13178e10vq.htm
0,2007-12-29,DLA,2008-02-06,2008-02-06 15:55:35,Q1,68800000,58000000,10800000,0.156977,0.0,13400000,0.0,0.0,13400000.000000006,71400000,-1585000.0,1500000.0,-4185000.0,-0.060828,-2600000.0,-0.037791,0.0,-4200000.0,-0.061047,-1300000.0,-2800000.0,-0.040698,-0.32558,-0.32558,8600000.0,8600000.0,https://www.sec.gov/Archives/edgar/data/1101396/000095014408000705/g11587e10vq.htm,https://www.sec.gov/Archives/edgar/data/1101396/000095014408000705/g11587e10vq.htm
0,2007-09-29,DLA,2007-11-06 00:00:00,2007-11-06 15:14:16,Q4,72600000,59600000,13000000,0.179063,0.0,14200000,0.0,-100000.0,14199999.999999996,73800000,-1470000.0,1380000.0,-2690000.0,-0.037052,-1200000.0,-0.016529,-100000.0,-2700000.0,-0.03719,-1100000.0,-1500000.0,-0.020661,-0.17857,-0.17857,8400000.0,8400000.0,https://www.sec.gov/Archives/edgar/data/1101396/000095014407009936/0000950144-07-009936-index.html,https://www.sec.gov/Archives/edgar/data/1101396/000095014407009936/g10341e10vq.htm
0,2007-06-30,DLA,2007-08-31 00:00:00,2007-08-31 13:24:13,Q3,91800000,72900000,18900000,0.205882,0.0,17700000,0.0,200000.0,17799999.999999996,90700000,-1344000.0,1440000.0000000002,-203999.9999999998,-0.002222,1100000.0,0.011983,200000.0,-300000.0,-0.003268,-1000000.0,700000.0,0.007625,0.0814,0.0814,8600000.0,8600000.0,https://www.sec.gov/Archives/edgar/data/1101396/000095014407008334/0000950144-07-008334-index.html,https://www.sec.gov/Archives/edgar/data/1101396/000095014407008334/g09257e10vk.htm
0,2007-03-31,DLA,2007-05-04 00:00:00,2007-05-04 15:18:12,Q2,85000000,64300000,20700000,0.243529,0.0,14000000,0.0,0.0,15500000,79800000,-1384000.0,1230000.0,3746000.0,0.044071,5200000.0,0.061176,0.0,3800000.0,0.044706,1100000.0,2800000.0,0.032941,0.33735,0.33735,8300000.0,8300000.0,https://www.sec.gov/Archives/edgar/data/1101396/000095014407004236/0000950144-07-004236-index.html,https://www.sec.gov/Archives/edgar/data/1101396/000095014407004236/g07145e10vq.htm
0,2006-12-30,DLA,2007-02-05,2007-02-05 16:38:02,Q1,72900000,56900000,16100000,0.22085,0.0,13600000,0.0,0.0,13500000.000000007,70400000,-1482000.0,1420000.0,938000.0,0.012867,2500000.0,0.034294,0.0,1000000.0,0.013717,400000.0,600000.0,0.00823,0.06897,0.06897,8700000.0,8700000.0,https://www.sec.gov/Archives/edgar/data/1101396/000095014407000820/g05362e10vq.htm,https://www.sec.gov/Archives/edgar/data/1101396/000095014407000820/g05362e10vq.htm
0,2006-09-30,DLA,2006-11-08,2006-11-08 10:26:13,Q4,62700000,45300000,17300000,0.275917,0.0,13900000,0.0,-100000.0,13900000.000000006,59200000.00000001,-947000.0,1190000.0,3443000.0,0.054912,3500000.0,0.055821,-100000.0,2500000.0,0.039872,1000000.0,2200000.0,0.035088,0.25287,0.25287,8700000.0,8700000.0,https://www.sec.gov/Archives/edgar/data/1101396/000095014406008638/g03245e10vk.htm,https://www.sec.gov/Archives/edgar/data/1101396/000095014406008638/g03245e10vk.htm
0,2006-07-01,DLA,2006-09-08,2006-09-08 16:50:06,Q3,82500000,58800000,23700000,0.287273,0.0,13100000,0.0,-400000.0,12700000.000000004,71500000,-1081000.0,1210000.0,10029000,0.121564,11000000,0.133333,-400000.0,9900000.0,0.12,3600000.0,6300000.0,0.076364,0.72414,0.72414,8700000.0,8700000.0,https://www.sec.gov/Archives/edgar/data/1101396/000095014406008638/g03245e10vk.htm,https://www.sec.gov/Archives/edgar/data/1101396/000095014406008638/g03245e10vk.htm
0,2006-04-01,DLA,2006-05-12,2006-05-12 15:14:38,Q2,69400000,50100000,19200000,0.276657,0.0,14000000,0.0,100000.0,14100000.000000002,64200000,-1056000.0,1150000.0,4094000.0,0.058991,5100000.0,0.073487,100000.0,4100000.0,0.059078,1300000.0,2700000.0,0.038905,0.31034,0.31034,8700000.0,8700000.0,https://www.sec.gov/Archives/edgar/data/1101396/000095014406004926/g01515e10vq.htm,https://www.sec.gov/Archives/edgar/data/1101396/000095014406004926/g01515e10vq.htm
0,2005-12-31,DLA,2006-02-13,2006-02-13 15:57:13,Q1,57700000,39400000,18300000,0.317158,0.0,13800000,0.0,-400000.0,13399999.999999998,52800000,-997000.0,1300000.0,4303000.0,0.074575,4900000.0,0.084922,-400000.0,3900000.0,0.067591,1600000.0,2400000.0,0.041594,0.27586,0.27586,8700000.0,8700000.0,https://www.sec.gov/Archives/edgar/data/1101396/000095014406001106/g99588e10vq.htm,https://www.sec.gov/Archives/edgar/data/1101396/000095014406001106/g99588e10vq.htm
0,2005-10-01,DLA,2005-11-09,2005-11-09 15:27:42,Q4,60600000,41900000,18700000,0.308581,0.0,12700000,0.0,0.0,12700000.000000004,54600000,-685000.0,1090000.0,5705000.0,0.094142,6000000.0,0.09901,0.0,5300000.0,0.087459,1900000.0,3400000.0,0.056106,0.39535,0.39535,8600000.0,8600000.0,https://www.sec.gov/Archives/edgar/data/1101396/000095014405009777/g97335e10vk.htm,https://www.sec.gov/Archives/edgar/data/1101396/000095014405009777/g97335e10vk.htm
0,2005-07-02,DLA,2005-09-23 00:00:00,2005-09-23 15:49:33,Q3,66300000,49500000,16800000,0.253394,0.0,10900000,0.0,-500000.0,10500000,60000000,-805000.0,1000000.0,5695000.0,0.085897,6300000.0,0.095023,-500000.0,5500000.0,0.082956,2300000.0,3200000.0,0.048265,0.37209,0.37209,8600000.0,8600000.0,https://www.sec.gov/Archives/edgar/data/1101396/000095014405009777/0000950144-05-009777-index.html,https://www.sec.gov/Archives/edgar/data/1101396/000095014405009777/g97335e10vk.htm
0,2005-04-02,DLA,2005-05-16,2005-05-16 12:03:22,Q2,58300000,43500000,14700000,0.252144,0.0,10400000,0.0,-3600000.0,6799999.999999997,50300000,-679000.0,910000.0000000001,7431000.0,0.127461,8000000.0,0.137221,-3600000.0,7300000.0,0.125214,1800000.0,5400000.0,0.092624,0.62791,0.62791,8600000.0,8600000.0,https://www.sec.gov/Archives/edgar/data/1101396/000095014405005600/g95350e10vq.htm,https://www.sec.gov/Archives/edgar/data/1101396/000095014405005600/g95350e10vq.htm
0,2005-01-01,DLA,2005-02-09 00:00:00,2005-02-09 10:53:48,Q1,49200000,38400000,10800000,0.219512,0.0,8100000.0,0.0,0.0,8100000.000000001,46500000,-835000.0,1210000.0,2275000.0,0.04624,2700000.0,0.054878,0.0,1900000.0,0.038618,700000.0,1200000.0,0.02439,0.13953,0.13953,8600000.0,8600000.0,https://www.sec.gov/Archives/edgar/data/1101396/000095014405001025/0000950144-05-001025-index.html,https://www.sec.gov/Archives/edgar/data/1101396/000095014405001025/g93057e10vq.htm
0,2004-10-02,DLA,2004-11-10 00:00:00,2004-11-10 07:52:02,Q4,54300000,42700000,11600000,0.213628,0.0,8400000.0,0.0,0.0,8500000.0,51200000,-703000.0,1170000.0,2867000.0,0.052799,3100000.0,0.05709,0.0,2400000.0,0.044199,1000000.0,1400000.0,0.025783,0.16471,0.16471,8500000.0,8500000.0,https://www.sec.gov/Archives/edgar/data/1101396/000095014404010803/0000950144-04-010803-index.html,https://www.sec.gov/Archives/edgar/data/1101396/000095014404010803/g91771e10vq.htm
0,2004-07-03,DLA,2004-09-10 00:00:00,2004-09-10 14:53:59,Q3,72900000,52000000,20800000,0.285322,0.0,11000000,0.0,200000.0,11200000.000000004,63200000,-776000.0,1189999.9999999995,9314000.0,0.127764,9700000.0,0.133059,200000.0,8900000.0,0.122085,3500000.0,5400000.0,0.074074,0.63529,0.63529,8500000.0,8500000.0,https://www.sec.gov/Archives/edgar/data/1101396/000095014404009027/0000950144-04-009027-index.html,https://www.sec.gov/Archives/edgar/data/1101396/000095014404009027/g89947e10vk.htm
0,2004-03-27,DLA,2004-05-07 00:00:00,2004-05-07 15:11:24,Q2,58800000,44400000,14400000,0.244898,0.0,8900000.0,0.0,0.0,8899999.999999998,53300000,-800000.0,1110000.0000000002,5010000.0,0.085204,5500000.0,0.093537,0.0,4700000.0,0.079932,900000.0,3800000.0,0.064626,0.45238,0.45238,8400000.0,8400000.0,https://www.sec.gov/Archives/edgar/data/1101396/000095014404005046/0000950144-04-005046-index.html,https://www.sec.gov/Archives/edgar/data/1101396/000095014404005046/g89038e10vq.htm
0,2003-12-27,DLA,2004-02-10 00:00:00,2004-02-10 12:40:05,Q1,45600000,36700000,8900000.0,0.195175,0.0,8100000.0,0.0,0.0,8199999.999999996,44899999.99999999,-892000.0,1149999.9999999998,57999.9999999997,0.001272,700000.0,0.015351,0.0,-200000.0,-0.004386,-100000.0,-100000.0,-0.002193,-0.01235,-0.01235,8100000.0,8100000.0,https://www.sec.gov/Archives/edgar/data/1101396/000095014404001000/0000950144-04-001000-index.html,https://www.sec.gov/Archives/edgar/data/1101396/000095014404001000/g87097e10vq.htm
0,2003-09-27,DLA,2003-11-05 00:00:00,2003-11-05 17:09:24,Q4,30800000,26700000,4100000.0,0.133117,0.0,3100000.0,0.0,-100000.0,3000000.0,29700000,-154000.0,1110000.0,1956000.0,0.063506,1100000.0,0.035714,-100000.0,1000000.0,0.032468,400000.0,600000.0,0.019481,0.07229,0.07229,8300000.0,8300000.0,https://www.sec.gov/Archives/edgar/data/1101396/000095014403012310/0000950144-03-012310-index.html,https://www.sec.gov/Archives/edgar/data/1101396/000095014403012310/g85671e10vq.htm
0,2003-06-28,DLA,2003-08-27 00:00:00,2003-08-27 13:16:45,Q3,36800000,30000000,6700000.0,0.182065,0.0,3900000.0,0.0,0.0,3899999.9999999986,33900000,-205000.0,1080000.0,3475000.0,0.094429,2800000.0,0.076087,0.0,2600000.0,0.070652,1000000.0,1600000.0,0.043478,0.19277,0.19277,8300000.0,8300000.0,https://www.sec.gov/Archives/edgar/data/1101396/000095014403010389/0000950144-03-010389-index.html,https://www.sec.gov/Archives/edgar/data/1101396/000095014403010389/g84718e10vk.htm
0,2003-03-29,DLA,2003-04-29 00:00:00,2003-04-29 17:08:52,Q2,33900000,27800000,6100000.0,0.179941,0.0,3500000.0,0.0,0.0,3500000.0,31300000,-208000.0,1059999.9999999995,3251999.9999999995,0.095929,2600000.0,0.076696,0.0,2400000.0,0.070796,900000.0,1500000.0,0.044248,0.17857,0.17857,8400000.0,8400000.0,https://www.sec.gov/Archives/edgar/data/1101396/000095014403005751/0000950144-03-005751-index.html,https://www.sec.gov/Archives/edgar/data/1101396/000095014403005751/g82340e10vq.htm
0,2002-12-28,DLA,2003-01-31 00:00:00,2003-01-31 08:35:37,Q1,30000000,24900000,5100000.0,0.17,0.0,3000000.0,0.0,0.0,3000000.0,27900000,-171000.0,1710000.0000000002,3439000.0,0.114633,2100000.0,0.07,0.0,1900000.0,0.063333,700000.0,1200000.0,0.04,0.14286,0.14286,8400000.0,8400000.0,https://www.sec.gov/Archives/edgar/data/1101396/000095014403000950/0000950144-03-000950-index.html,https://www.sec.gov/Archives/edgar/data/1101396/000095014403000950/g80377e10vq.htm
0,2002-09-28,DLA,2002-11-06 00:00:00,2002-11-06 14:29:40,Q4,28900000,22900000,6000000.0,0.207612,0.0,2800000.0,0.0,100000.0,2900000.000000002,25800000.000000004,-148000.0,1660000.0,4412000.0,0.152664,3100000.0,0.107266,100000.0,2900000.0,0.100346,1100000.0,1800000.0,0.062284,0.21429,0.21429,8400000.0,8400000.0,https://www.sec.gov/Archives/edgar/data/1101396/000095014402011193/0000950144-02-011193-index.html,https://www.sec.gov/Archives/edgar/data/1101396/000095014402011193/g79045e10vq.htm
0,2002-06-29,DLA,2002-08-29 00:00:00,2002-08-29 16:11:58,Q3,43400000,35000000,8400000.0,0.193548,0.0,3400000.0,0.0,-700000.0,2700000.000000003,37700000,-153000.0,1639999.9999999998,6987000.0,0.160991,5700000.0,0.131336,-700000.0,5500000.0,0.126728,1600000.0,3900000.0,0.089862,0.46429,0.46429,8400000.0,8400000.0,https://www.sec.gov/Archives/edgar/data/1101396/000095014402009353/0000950144-02-009353-index.html,https://www.sec.gov/Archives/edgar/data/1101396/000095014402009353/g78139e10vk.htm
0,2002-03-30,DLA,2002-05-01 00:00:00,2002-05-01 11:00:15,Q2,32900000,26600000,6200000.0,0.18845,0.0,3100000.0,0.0,0.0,3099999.999999998,29699999.999999996,-157000.0,1529999.9999999998,4373000.0,0.132918,3100000.0,0.094225,0.0,3000000.0,0.091185,1100000.0,1900000.0,0.057751,0.22093,0.22093,8600000.0,8600000.0,https://www.sec.gov/Archives/edgar/data/1101396/000095014402004605/0000950144-02-004605-index.html,https://www.sec.gov/Archives/edgar/data/1101396/000095014402004605/g75914e10-q.htm
0,2001-12-29,DLA,2002-02-06 00:00:00,2002-02-06 00:00:00,Q1,24300000,20600000,3700000.0,0.152263,0.0,2700000.0,0.0,-100000.0,2500000.0,23100000,-100000.0,1690000.0000000002,2690000.0,0.1107,1200000.0,0.049383,-100000.0,1100000.0,0.045267,400000.0,700000.0,0.028807,0.07216,0.07216,9700000.0,9700000.0,https://www.sec.gov/Archives/edgar/data/1101396/000095014402000970/0000950144-02-000970-index.html,https://www.sec.gov/Archives/edgar/data/1101396/000095014402000970/g74082e10-q.htm
0,2001-09-29,DLA,2001-11-02 00:00:00,2001-11-02 00:00:00,Q4,31000000,28000000,3000000.0,0.096774,0.0,2700000.0,0.0,0.0,2699999.999999999,30700000,-200000.0,1530000.0,1430000.0,0.046129,300000.0,0.009677,0.0,100000.0,0.003226,0.0,100000.0,0.003226,0.0101,0.0101,9900000.0,9900000.0,https://www.sec.gov/Archives/edgar/data/1101396/000095014401508346/0000950144-01-508346-index.html,https://www.sec.gov/Archives/edgar/data/1101396/000095014401508346/g72388e10-q.htm
0,2001-06-30,DLA,,,Q3,35400000,29900000,5600000.0,0.158192,0.0,2900000.0,0.0,0.0,2800000.000000004,32700000.000000004,-400000.0,1570000.0000000002,3470000.0000000005,0.098023,2700000.0,0.076271,0.0,2300000.0,0.064972,-600000.0,2900000.0,0.081921,0.29293,0.29293,9900000.0,9900000.0,,
0,2001-03-31,DLA,2001-04-27 00:00:00,2001-04-27 00:00:00,Q2,28000000,22200000,5800000.0,0.207143,0.0,2700000.0,0.0,0.0,2699999.999999999,24900000,-400000.0,1459999.9999999995,3759999.9999999995,0.134286,3000000.0,0.107143,0.0,2700000.0,0.096429,500000.0,2200000.0,0.078571,0.22,0.22,10000000,10000000,https://www.sec.gov/Archives/edgar/data/1101396/000095016801500155/0000950168-01-500155-index.html,https://www.sec.gov/Archives/edgar/data/1101396/000095016801500155/form10q_11757.txt
0,2000-12-30,DLA,2001-01-30 00:00:00,2001-01-30 00:00:00,Q1,26400000,21700000,4700000.0,0.17803,0.0,2800000.0,0.0,0.0,2699999.999999999,24400000,-300000.0,1660000.0,3060000.0,0.115909,2000000.0,0.075758,0.0,1700000.0,0.064394,300000.0,1400000.0,0.05303,0.14141,0.14141,9900000.0,9900000.0,https://www.sec.gov/Archives/edgar/data/1101396/000095016801000130/0000950168-01-000130-index.html,https://www.sec.gov/Archives/edgar/data/1101396/000095016801000130/0000950168-01-000130-0001.txt
0,2000-09-30,DLA,2000-10-26 00:00:00,2000-10-26 00:00:00,Q4,30600000,23400000,7200000.0,0.235294,0.0,2700000.0,0.0,0.0,2700000.000000003,26100000.000000004,-300000.0,1650000.0,5650000.0,0.184641,4600000.0,0.150327,0.0,4300000.0,0.140523,800000.0,3500000.0,0.114379,0.36082,0.36082,9700000.0,9700000.0,https://www.sec.gov/Archives/edgar/data/1101396/000095016800002243/0000950168-00-002243-index.html,https://www.sec.gov/Archives/edgar/data/1101396/000095016800002243/0000950168-00-002243-0001.txt
0,2000-07-01,DLA,2000-09-29 00:00:00,2000-09-29 00:00:00,Q3,37000000,28300000,8700000.0,0.235135,0.0,2100000.0,0.0,300000.0,2399999.9999999986,30700000,-1000000.0,1679999.9999999998,5980000.0,0.161622,6300000.0,0.17027,300000.0,5300000.0,0.143243,100000.0,5200000.0,0.140541,0.54737,0.54737,9500000.0,9500000.0,https://www.sec.gov/Archives/edgar/data/1101396/000095016800002147/0000950168-00-002147-index.html,https://www.sec.gov/Archives/edgar/data/1101396/000095016800002147/0000950168-00-002147-0001.txt
0,2000-04-01,DLA,,,Q2,27300000,22300000,5000000.0,0.18315,0.0,2000000.0,0.0,0.0,2099999.999999998,24399999.999999996,-2100000.0,1630000.0,230000.0,0.008425,2900000.0,0.106227,0.0,800000.0,0.029304,0.0,700000.0,0.025641,0.07447,0.07447,9400000.0,9400000.0,,
0,2000-01-01,DLA,,,Q1,21600000,18500000,3000000.0,0.138889,0.0,1800000.0,0.0,0.0,1800000.0000000007,20300000,-2100000.0,1650000.0,-1350000.0,-0.0625,1200000.0,0.055556,0.0,-800000.0,-0.037037,-100000.0,-800000.0,-0.037037,-0.08421,-0.08421,9500000.0,9500000.0,,
