,date,symbol,fillingDate,acceptedDate,period,revenue,costOfRevenue,grossProfit,grossProfitRatio,researchAndDevelopmentExpenses,generalAndAdministrativeExpenses,sellingAndMarketingExpenses,otherExpenses,operatingExpenses,costAndExpenses,interestExpense,depreciationAndAmortization,ebitda,ebitdaratio,operatingIncome,operatingIncomeRatio,totalOtherIncomeExpensesNet,incomeBeforeTax,incomeBeforeTaxRatio,incomeTaxExpense,netIncome,netIncomeRatio,eps,epsdiluted,weightedAverageShsOut,weightedAverageShsOutDil,link,finalLink
0,2020-09-30,PHM,2020-10-22,2020-10-22 16:15:43,Q3,2954957000,2195050000,759907000,0.25716347141430485,0.0,271257000,0.0,1248000.0,0.0,2471348000,225000.0,0.0,503082000,0.17025019315001877,483609000,0.1638490847751761,-108000.0,484167000,0.1638490847751761,67769000,416398000,0.14091507930572256,1.54,1.54,268363000,268961000,https://www.sec.gov/Archives/edgar/data/822416/000082241620000040/0000822416-20-000040-index.htm,https://www.sec.gov/Archives/edgar/data/822416/000082241620000040/phm930202010-q.htm
0,2020-06-30,PHM,2020-07-23,2020-07-23 16:18:55,Q2,2593781000,1934628000,659153000,0.2541282398167,0.0,196858000,0.0,3410000.0,0.0,2136531000,3000000.0,0.0,478709000,0.18456030019496633,457250000,0.17619413512551754,1433000.0,457009000,0.17619413512551754,108389000,348620000,0.13440610444752274,1.29,1.29,268324000,269025000,https://www.sec.gov/Archives/edgar/data/822416/000082241620000033/0000822416-20-000033-index.htm,https://www.sec.gov/Archives/edgar/data/822416/000082241620000033/phm630202010-q.htm
0,2020-03-31,PHM,2020-04-23,2020-04-23 16:07:57,Q1,2294980000,1744828000,550152000,0.23971973611970473,0.0,263669000,0.0,2788000.0,0.0,2013054000,797000.0,0.0,304237000,0.13256629687404684,281926000,0.11493302773880383,-21167000,263769000,0.11493302773880383,60058000,203711000,0.08876373650315035,0.75,0.74,270000000,271218000,https://www.sec.gov/Archives/edgar/data/822416/000082241620000014/0000822416-20-000014-index.htm,https://www.sec.gov/Archives/edgar/data/822416/000082241620000007/a201910-k.htm
0,2019-12-31,PHM,2020-01-30,2020-01-30 14:10:58,Q4,3016913000,2315521000,701392000,0.23248665109003805,0.0,261546000,0.0,1029000.0,0.0,2580667000,147000.0,0.0,455107000,0.150851880713829,436246000,0.14450234395224523,-3913000.0,435951000,0.14450234395224523,100153000,335798000,0.11130516524672737,1.23,1.22,270843000,271475000,https://www.sec.gov/Archives/edgar/data/822416/000082241620000007/0000822416-20-000007-index.htm,https://www.sec.gov/Archives/edgar/data/822416/000082241620000007/a201910-k.htm
0,2019-09-30,PHM,2019-10-22,2019-10-22 16:01:18,Q3,2710365000,2068486000,641879000,0.23682382262167642,0.0,270625000,0.0,-2671000.0,0.0,2342711000,147000.0,0.0,382553000,0.141144458403204,367654000,0.13509103017490265,-4915000.0,366146000,0.13509103017490265,93042000,273104000,0.10076281238873731,0.99,0.99,272992000,273632000,https://www.sec.gov/Archives/edgar/data/822416/000082241619000048/0000822416-19-000048-index.htm,https://www.sec.gov/Archives/edgar/data/822416/000082241619000048/phm930201910-q.htm
0,2019-06-30,PHM,2019-07-23,2019-07-23 15:59:23,Q2,2488985000,1905270000,583715000,0.23451929200055444,0.0,259440000,0.0,2956000.0,0.0,2168260000,146000.0,0.0,341568000,0.1372318435024719,320725000,0.12887823751448885,-4274000.0,320776000,0.12887823751448885,79735000,241041000,0.09684309065743667,0.86,0.86,276652000,277584000,https://www.sec.gov/Archives/edgar/data/822416/000082241619000036/0000822416-19-000036-index.htm,https://www.sec.gov/Archives/edgar/data/822416/000082241619000036/phm630201910-q.htm
0,2019-03-31,PHM,2019-04-23,2019-04-23 16:22:09,Q1,1996693000,1526290000,470403000,0.2355910498008457,0.0,252727000,0.0,552000.0,0.0,1782467000,144000.0,0.0,232974000,0.11667993026469267,214226000,0.10853095593563958,-2328000.0,216703000,0.10853095593563958,49946000,166757000,0.08351659468931878,0.59,0.59,277637000,278640000,https://www.sec.gov/Archives/edgar/data/822416/000082241619000018/0000822416-19-000018-index.htm,https://www.sec.gov/Archives/edgar/data/822416/000082241619000008/a201810-k.htm
0,2018-12-31,PHM,2019-01-31,2019-01-31 12:21:40,Q4,2999150000,2370246000,628904000,0.20969407998933032,0.0,292317000,0.0,1175000.0,0.0,2666013000,158000.0,0.0,351955000,0.11735158294850208,333137000,0.1098614607472117,-7841000.0,329491000,0.1098614607472117,91843000,237648000,0.07923845089442008,0.84,0.84,278964000,280212000,https://www.sec.gov/Archives/edgar/data/822416/000082241619000008/0000822416-19-000008-index.htm,https://www.sec.gov/Archives/edgar/data/822416/000082241619000008/a201810-k.htm
0,2018-09-30,PHM,2018-10-23,2018-10-23 16:18:27,Q3,2649366000,2008433000,640933000,0.24191938750629396,0.0,252757000,0.0,522000.0,0.0,2264640000,152000.0,0.0,400532000,0.15118032012187066,384726000,0.14520002143909147,-1728000.0,384688000,0.14520002143909147,95153000,289535000,0.10928463639980282,1.01,1.01,283489000,284672000,https://www.sec.gov/Archives/edgar/data/822416/000082241618000053/0000822416-18-000053-index.htm,https://www.sec.gov/Archives/edgar/data/822416/000082241618000053/phm930201810-q.htm
0,2018-06-30,PHM,2018-07-26,2018-07-26 16:18:22,Q2,2569722000,1932540000,637182000,0.24795756116809523,0.0,226056000,0.0,2211000.0,0.0,2162046000,165000.0,0.0,423258000,0.16470964563481963,407676000,0.15922734054500837,824000.0,409170000,0.15922734054500837,85081000,324089000,0.1261183116305966,1.12,1.12,285276000,286654000,https://www.sec.gov/Archives/edgar/data/822416/000082241618000037/0000822416-18-000037-index.htm,https://www.sec.gov/Archives/edgar/data/822416/000082241618000037/phm630201810-q.htm
0,2018-03-31,PHM,2018-04-24,2018-04-24 10:23:04,Q1,1970093000,1503701000,466392000,0.2367360322583756,0.0,240893000,0.0,3369000.0,0.0,1748044000,143000.0,0.0,238833000,0.12122930237303518,222049000,0.1137971659205936,1721000.0,224191000,0.1137971659205936,53440000,170751000,0.0866715429170095,0.59,0.59,286683000,288026000,https://www.sec.gov/Archives/edgar/data/822416/000082241618000019/0000822416-18-000019-index.htm,https://www.sec.gov/Archives/edgar/data/822416/000082241618000009/a201710-k.htm
0,2017-12-31,PHM,2018-02-07,2018-02-07 17:06:48,Q4,2793556000,2180569000,612987000,0.21942892857705376,0.0,201607000,0.0,149000.0,0.0,2385626000,132000.0,0.0,423177000,0.15148327078462004,407930000,0.14632461278742936,348000.0,408766000,0.14632461278742936,331352000,77414000,0.027711633487927215,0.26,0.26,292174000,293492000,https://www.sec.gov/Archives/edgar/data/822416/000082241618000009/0000822416-18-000009-index.htm,https://www.sec.gov/Archives/edgar/data/822416/000082241618000009/a201710-k.htm
0,2017-09-30,PHM,2017-10-24,2017-10-24 10:56:27,Q3,2130019000,1619032000,510987000,0.23989786006603697,0.0,237495000,0.0,88000.0,0.0,1859977000,101000.0,0.0,283696000,0.1331894222539799,270042000,0.12593737426755347,-2177000.0,268249000,0.12593737426755347,90710000,177539000,0.08335089968681031,0.59,0.58,298538000,300228000,https://www.sec.gov/Archives/edgar/data/822416/000082241617000049/0000822416-17-000049-index.htm,https://www.sec.gov/Archives/edgar/data/822416/000082241617000049/phm930201710-q.htm
0,2017-06-30,PHM,2017-07-25,2017-07-25 10:00:39,Q2,2020846000,1666014000,354832000,0.17558586849270058,0.0,216211000,0.0,-2263000.0,0.0,1885675000,134000.0,0.0,140558000,0.06955403825922411,135171000,0.060641434329978636,-13089000,122547000,0.060641434329978636,21798000,100749000,0.049854862765396274,0.32,0.32,312315000,313880000,https://www.sec.gov/Archives/edgar/data/822416/000082241617000036/0000822416-17-000036-index.htm,https://www.sec.gov/Archives/edgar/data/822416/000082241617000036/phm630201710-q.htm
0,2017-03-31,PHM,2017-04-25,2017-04-25 09:50:24,Q1,1628828000,1249273000,379555000,0.23302337631720477,0.0,236268000,0.0,-806000.0,0.0,1488991000,137000.0,0.0,154266000,0.09470981589216296,139837000,0.0855001264713033,-1268000.0,139265000,0.0855001264713033,47747000,91518000,0.05618641133379338,0.29,0.28,317756000,320085000,https://www.sec.gov/Archives/edgar/data/822416/000082241617000021/0000822416-17-000021-index.htm,https://www.sec.gov/Archives/edgar/data/822416/000082241617000008/a201610-k.htm
0,2016-12-31,PHM,2017-02-01,2017-02-01 12:35:36,Q4,2493079000,1682150000,810929000,0.3252720832352284,0.0,390795000,0.0,-2409000.0,0.0,2076395000,160000.0,0.0,432489000,0.1734758505446478,416684000,0.16594821102740828,-3379000.0,413722000,0.16594821102740828,140549000,273173000,0.10957254062145644,0.83,0.83,325975000,327809000,https://www.sec.gov/Archives/edgar/data/822416/000082241617000008/0000822416-17-000008-index.htm,https://www.sec.gov/Archives/edgar/data/822416/000082241617000008/a201610-k.htm
0,2016-09-30,PHM,2016-10-20,2016-10-20 09:48:30,Q3,1942905000,1523945000,418960000,0.21563586485185843,0.0,183008000,0.0,-18833000,0.0,1710403000,165000.0,0.0,228554000,0.11763519060376086,232502000,0.10928738152405805,-20889000,212335000,0.10928738152405805,83865000,128470000,0.06612263594977624,0.37,0.37,340171000,342421000,https://www.sec.gov/Archives/edgar/data/822416/000082241616000097/0000822416-16-000097-index.htm,https://www.sec.gov/Archives/edgar/data/822416/000082241616000097/phm0930201610-q.htm
0,2016-06-30,PHM,2016-07-21,2016-07-21 10:29:30,Q2,1799914000,1405092000,394822000,0.21935603589949298,0.0,192333000,0.0,-6537000.0,0.0,1600875000,186000.0,0.0,210772000,0.11710115038829633,199039000,0.10532725452438284,-10122000,189580000,0.10532725452438284,71820000,117760000,0.06542534809996478,0.34,0.34,345240000,347999000,https://www.sec.gov/Archives/edgar/data/822416/000082241616000085/0000822416-16-000085-index.htm,https://www.sec.gov/Archives/edgar/data/822416/000082241616000085/phm0630201610-q.htm
0,2016-03-31,PHM,2016-04-21,2016-04-21 10:02:10,Q1,1432578000,1117476000,315102000,0.2199545155656446,0.0,191015000,0.0,-302000.0,0.0,1311941000,174000.0,0.0,134541000,0.09391530513521777,120637000,0.08251767094008144,-3173000.0,118213000,0.08251767094008144,34913000,83300000,0.058146921144956856,0.24,0.24,347815000,350477000,https://www.sec.gov/Archives/edgar/data/822416/000082241616000061/0000822416-16-000061-index.htm,https://www.sec.gov/Archives/edgar/data/822416/000082241616000048/a201510-k.htm
0,2015-12-31,PHM,2016-02-08,2016-02-08 17:15:21,Q4,2061628000,1555598000,506030000,0.24545165277149902,0.0,138987000,0.0,7538000.0,0.0,1697810000,190000.0,0.0,387399000,0.18790926394092436,363818000,0.18107922476799887,9041000.0,373318000,0.18107922476799887,145290000,228028000,0.11060579309167318,0.65,0.64,348699000,351746000,https://www.sec.gov/Archives/edgar/data/822416/000082241616000048/0000822416-16-000048-index.htm,https://www.sec.gov/Archives/edgar/data/822416/000082241616000048/a201510-k.htm
0,2015-09-30,PHM,2015-10-22,2015-10-22 10:56:32,Q3,1506747000,1146777000,359970000,0.23890540349507913,0.0,159361000,0.0,-20079000,0.0,1309363000,203000.0,0.0,191867000,0.12733856447034572,197384000,0.1189821516153674,-18409000,179276000,0.1189821516153674,71507000,107769000,0.07152428377159536,0.31,0.3,350147000,353372000,https://www.sec.gov/Archives/edgar/data/822416/000082241615000033/0000822416-15-000033-index.htm,https://www.sec.gov/Archives/edgar/data/822416/000082241615000033/phm0930201510-q.htm
0,2015-06-30,PHM,2015-07-23,2015-07-23 09:57:07,Q2,1280291000,979359000,300932000,0.23504968792251138,0.0,130119000,0.0,-532000.0,0.0,1112703000,208000.0,0.0,179867000,0.1404891544188001,167588000,0.13092882789928229,-609000.0,167627000,0.13092882789928229,64303000,103324000,0.08070352755740687,0.28,0.28,361009000,364241000,https://www.sec.gov/Archives/edgar/data/822416/000082241615000024/0000822416-15-000024-index.htm,https://www.sec.gov/Archives/edgar/data/822416/000082241615000024/phm0630201510-q.htm
0,2015-03-31,PHM,2015-04-23,2015-04-23 09:59:26,Q1,1133298000,877064000,256234000,0.2260958724007278,0.0,161312000,0.0,3958000.0,0.0,1041601000,187000.0,0.0,108923000,0.09611152582992294,91697000,0.08453645907784184,3196000.0,95805000,0.08453645907784184,40834000,54971000,0.04850533575458529,0.15,0.15,366748000,370110000,https://www.sec.gov/Archives/edgar/data/822416/000082241615000013/0000822416-15-000013-index.htm,https://www.sec.gov/Archives/edgar/data/822416/000082241615000007/a201410-k.htm
0,2014-12-31,PHM,2015-02-04,2015-02-04 11:43:07,Q4,1822558000,1398131000,424427000,0.23287434473964613,0.0,146024000,0.0,-8403000.0,0.0,1547380000,224000.0,0.0,279901000,0.15357590814668176,275178000,0.1465637856243807,-9034000.0,267121000,0.1465637856243807,50027000,217094000,0.11911500210144203,0.58,0.58,369533000,373267000,https://www.sec.gov/Archives/edgar/data/822416/000082241615000007/0000822416-15-000007-index.htm,https://www.sec.gov/Archives/edgar/data/822416/000082241615000007/a201410-k.htm
0,2014-09-30,PHM,2014-10-23,2014-10-23 09:50:33,Q3,1594725000,1221531000,373194000,0.23401777735973286,0.0,147136000,0.0,2243000.0,0.0,1371925000,210000.0,0.0,236489000,0.14829453354026556,222800000,0.14104500775995862,1133000.0,224928000,0.14104500775995862,84383000,140545000,0.08813118249227923,0.37,0.37,373531000,377292000,https://www.sec.gov/Archives/edgar/data/822416/000082241614000041/0000822416-14-000041-index.htm,https://www.sec.gov/Archives/edgar/data/822416/000082241614000041/phm0930201410-q.htm
0,2014-06-30,PHM,2014-07-24,2014-07-24 09:53:57,Q2,1286187000,981638000,304549000,0.23678438671826102,0.0,229767000,0.0,-4361000.0,0.0,1214680000,203000.0,0.0,82806000,0.0643809959204999,71507000,0.05262143063178216,-4738000.0,67681000,0.05262143063178216,25801000,41880000,0.032561361606049506,0.11,0.11,376072000,379664000,https://www.sec.gov/Archives/edgar/data/822416/000082241614000033/0000822416-14-000033-index.htm,https://www.sec.gov/Archives/edgar/data/822416/000082241614000033/phm0630201410-q.htm
0,2014-03-31,PHM,2014-04-24,2014-04-24 10:19:49,Q1,1118894000,836936000,281958000,0.2519970613838308,0.0,144887000,0.0,-508000.0,0.0,985098000,213000.0,0.0,145960000,0.13045024819151768,133796000,0.11621208085841912,-4665000.0,130029000,0.11621208085841912,55210000,74819000,0.06686871142395973,0.19,0.19,383991000,387806000,https://www.sec.gov/Archives/edgar/data/822416/000082241614000016/0000822416-14-000016-index.htm,https://www.sec.gov/Archives/edgar/data/822416/000082241614000010/a201310-k.htm
0,2013-12-31,PHM,2014-02-05,2014-02-05 15:49:29,Q4,1655339000,1273380000,381959000,0.2307436724441338,0.0,149706000,0.0,3408000.0,0.0,1426361000,168000.0,0.0,242761000,0.14665334411863673,228978000,0.14040628535907146,2536000.0,232420000,0.14040628535907146,12367000,220053000,0.13293530811513532,0.58,0.57,379879000,383724000,https://www.sec.gov/Archives/edgar/data/822416/000082241614000010/0000822416-14-000010-index.htm,https://www.sec.gov/Archives/edgar/data/822416/000082241614000010/a201310-k.htm
0,2013-09-30,PHM,2013-10-24,2013-10-24 09:52:18,Q3,1582078000,1253314000,328764000,0.20780517774724128,0.0,138637000,0.0,-9111000.0,0.0,1395226000,171000.0,0.0,187612000,0.11858580929638109,186852000,0.11043829697397979,-12995000,174722000,0.11043829697397979,-2107162000,2281884000,1.4423334374158543,5.92,5.87,382883000,386103000,https://www.sec.gov/Archives/edgar/data/822416/000082241613000046/0000822416-13-000046-index.htm,https://www.sec.gov/Archives/edgar/data/822416/000082241613000046/phm0930201310-q.htm
0,2013-06-30,PHM,2013-07-25,2013-07-25 09:54:08,Q2,1279422000,1034563000,244859000,0.19138251491689215,0.0,150531000,0.0,-30742000,0.0,1188369000,166000.0,0.0,69563000,0.05437064549460616,91053000,0.029958840789043803,-53669000,38330000,0.029958840789043803,1913000.0,36417000,0.02846363435989064,0.09,0.09,385389000,391180000,https://www.sec.gov/Archives/edgar/data/822416/000082241613000037/0000822416-13-000037-index.htm,https://www.sec.gov/Archives/edgar/data/822416/000082241613000037/phm0630201310-q.htm
0,2013-03-31,PHM,2013-04-25,2013-04-25 10:08:58,Q1,1162756000,946076000,216680000,0.18635036069476313,0.0,129626000,0.0,-1156000.0,0.0,1078977000,207000.0,0.0,90237000,0.07760613576709129,83779000,0.07082311336170272,-2395000.0,82350000,0.07082311336170272,588000.0,81762000,0.07031741827176123,0.21,0.21,384228000,390321000,https://www.sec.gov/Archives/edgar/data/822416/000082241613000018/0000822416-13-000018-index.htm,https://www.sec.gov/Archives/edgar/data/822416/000082241613000006/a201210-k.htm
0,2012-12-31,PHM,2013-02-06,2013-02-06 15:14:15,Q4,1566966000,1333610000,233356000,0.1489221846549319,0.0,141766000,0.0,-41728000,0.0,1478651000,203000.0,0.0,78769000,0.05026848061795853,88315000,0.032682904415284056,-38230000,51213000,0.032682904415284056,-7529000.0,58742000,0.03748773106755347,0.15,0.15,383404000,389304000,https://www.sec.gov/Archives/edgar/data/822416/000082241613000006/0000822416-13-000006-index.htm,https://www.sec.gov/Archives/edgar/data/822416/000082241613000006/a201210-k.htm
0,2012-09-30,PHM,2012-10-25,2012-10-25 09:51:22,Q3,1302591000,1065343000,237248000,0.18213545157305708,0.0,125191000,0.0,0.0,0.0,1193809000,201000.0,0.0,117735000,0.09038523987959382,108782000,0.08130410850374369,-3894000.0,105906000,0.08130410850374369,-10727000,116633000,0.08953923372724056,0.31,0.3,381355000,384570000,https://www.sec.gov/Archives/edgar/data/822416/000082241612000048/0000822416-12-000048-index.htm,https://www.sec.gov/Archives/edgar/data/822416/000082241612000048/phm0930201210-q.htm
0,2012-06-30,PHM,2012-07-26,2012-07-26 09:38:16,Q2,1069405000,897317000,172088000,0.1609193897541156,0.0,124186000,0.0,0.0,0.0,1024778000,198000.0,0.0,54782000,0.05122661667001744,44627000,0.03733477962044315,-5667000.0,39926000,0.03733477962044315,-2510000.0,42436000,0.03968187917580337,0.11,0.11,380655000,382203000,https://www.sec.gov/Archives/edgar/data/822416/000082241612000034/0000822416-12-000034-index.htm,https://www.sec.gov/Archives/edgar/data/822416/000082241612000034/phm0630201210-q.htm
0,2012-03-31,PHM,2012-04-26,2012-04-26 09:39:41,Q1,881036000,767572000,113464000,0.12878474886383756,0.0,123314000,0.0,0.0,0.0,894161000,217000.0,0.0,-2537000.0,-0.0028795645126873364,-13125000,-0.01531265464748319,-1348000.0,-13491000,-0.01531265464748319,-1825000.0,-11666000,-0.013241229643283588,-0.03,-0.03,380502000,380502000,https://www.sec.gov/Archives/edgar/data/822416/000082241612000020/0000822416-12-000020-index.htm,https://www.sec.gov/Archives/edgar/data/822416/000082241612000010/phm-12312011x10k.htm
0,2011-12-31,PHM,2012-02-09,2012-02-09 09:52:17,Q4,1262345000,1138261000,124084000,0.09829642451152419,0.0,117147000,0.0,0.0,0.0,1227812000,323000.0,0.0,44650000,0.03537067917249247,34533000,-0.007189001421956755,-44636000,-9075000.0,-0.007189001421956755,-22896000,13821000,0.010948670925935461,0.0,0.0,0.0,0.0,https://www.sec.gov/Archives/edgar/data/822416/000082241612000010/0000822416-12-000010-index.htm,https://www.sec.gov/Archives/edgar/data/822416/000082241612000010/phm-12312011x10k.htm
0,2011-09-30,PHM,2011-10-28,2011-10-28 16:26:50,Q3,1141931000,964131000,177800000,0.15570117634077715,0.0,121610000,0.0,0.0,13075000,1102091000,322000.0,0.0,48315000,0.04230991189485179,39840000,-0.17733120477506958,-243140000,-202500000,-0.17733120477506958,-73202000,-129298000,-0.11322750674077506,-0.34,-0.34,380025000,380025000,https://www.sec.gov/Archives/edgar/data/822416/000119312511286269/0001193125-11-286269-index.htm,https://www.sec.gov/Archives/edgar/data/822416/000119312511286269/d232572d10q.htm
0,2011-06-30,PHM,2011-08-01,2011-08-01 08:01:27,Q2,927212000,832518000,94694000,0.10212766875320854,0.0,138380000,0.0,0.0,0.0,970898000,317000.0,0.0,-36620000,-0.039494743381233204,-43686000,-0.05751974737169062,-7200000.0,-53333000,-0.05751974737169062,2052000.0,-55385000,-0.059732833483604614,-0.15,-0.15,379781000,379781000,https://www.sec.gov/Archives/edgar/data/822416/000119312511203732/0001193125-11-203732-index.htm,https://www.sec.gov/Archives/edgar/data/822416/000119312511203732/d10q.htm
0,2011-03-31,PHM,2011-04-28,2011-04-28 17:17:43,Q1,805202000,706433000,98769000,0.12266362974756645,0.0,142446000,0.0,0.0,0.0,848879000,351000.0,0.0,-32161000,-0.039941530199875314,-43677000,-0.056373431759980726,-2801000.0,-45392000,-0.056373431759980726,-5866000.0,-39526000,-0.04908830330774141,-0.1,-0.1,379544000,379544000,https://www.sec.gov/Archives/edgar/data/822416/000119312511115566/0001193125-11-115566-index.htm,https://www.sec.gov/Archives/edgar/data/822416/000119312511029989/d10k.htm
0,2010-12-31,PHM,2011-02-10,2011-02-10 09:09:55,Q4,1185270000,1158980000,26290000,0.02218060020079813,0.0,150738000,0.0,0.0,0.0,1309718000,440000.0,0.0,-191185000,-0.16130080066145266,-124448000,-0.16070178102879512,-67446000,-190475000,-0.16070178102879512,-25047000,-165428000,-0.13956988702995943,0.0,0.0,0.0,0.0,https://www.sec.gov/Archives/edgar/data/822416/000119312511029989/0001193125-11-029989-index.htm,https://www.sec.gov/Archives/edgar/data/822416/000119312511029989/d10k.htm
0,2010-09-30,PHM,2010-11-05,2010-11-05 07:13:19,Q3,1057764000,981087000,76677000,0.0724897046978343,0.0,425643000,0.0,0.0,0.0,1406730000,789000.0,0.0,-339495000,-0.3209553359728635,-348966000,-0.96792573768818,-676683000,-1023837000,-0.96792573768818,-28721000,-995116000,-0.9407731781380345,-2.6024,-2.63,382384000,382384000,https://www.sec.gov/Archives/edgar/data/822416/000119312510248979/0001193125-10-248979-index.htm,https://www.sec.gov/Archives/edgar/data/822416/000119312510248979/d10q.htm
0,2010-06-30,PHM,2010-08-05,2010-08-05 16:09:45,Q2,1305898000,1151791000,154107000,0.11800845088973258,0.0,157415000,0.0,0.0,0.0,1309206000,1018000.0,0.0,15996000,0.0122490424213836,-3308000.0,-0.004384722237111934,-3692000.0,-5726000.0,-0.004384722237111934,-82029000,76303000,0.05842952512370798,0.199384,0.199384,377747000,380412000,https://www.sec.gov/Archives/edgar/data/822416/000119312510179323/0001193125-10-179323-index.htm,https://www.sec.gov/Archives/edgar/data/822416/000119312510179323/d10q.htm
0,2010-03-31,PHM,2010-05-06,2010-05-06 17:10:39,Q1,1020358000,884204000,136154000,0.1334374797865063,0.0,161306000,0.0,0.0,0.0,1045510000,482000.0,0.0,-9581000.0,-0.009389841604613283,-25152000,-0.014218538983376423,8347000.0,-14508000,-0.014218538983376423,-2020000.0,-12488000,-0.012238841661456078,-0.032644,-0.032644,382547000,382547000,https://www.sec.gov/Archives/edgar/data/822416/000119312510111120/0001193125-10-111120-index.htm,https://www.sec.gov/Archives/edgar/data/822416/000119312510034418/d10k.htm
0,2009-12-31,PHM,2010-02-19,2010-02-18 20:10:03,Q4,1730823000,1838357000,-107534000,-0.06212882542004584,0.0,202074000,0.0,0.0,0.0,2040431000,917000.0,0.0,-285982000,-0.16522891133293235,-309608000,-0.5299357588846462,-607878000,-917225000,-0.5299357588846462,-800328000,-116897000,-0.06753839069621792,0.0,0.0,0.0,0.0,https://www.sec.gov/Archives/edgar/data/822416/000119312510034418/0001193125-10-034418-index.htm,https://www.sec.gov/Archives/edgar/data/822416/000119312510034418/d10k.htm
0,2009-09-30,PHM,2009-11-06,2009-11-06 12:51:29,Q3,1091094000,1135669000,-44575000,-0.04085349199977271,0.0,221538000,0.0,0.0,0.0,1357207000,431000.0,0.0,-253930000,-0.23272971897929967,-266113000,-0.32877002348101997,-93989000,-358719000,-0.32877002348101997,2668000.0,-361387000,-0.33121527567743936,-0.950026,-1.15,254672000,312996000,https://www.sec.gov/Archives/edgar/data/822416/000119312509227055/0001193125-09-227055-index.htm,https://www.sec.gov/Archives/edgar/data/822416/000119312509227055/d10q.htm
0,2009-06-30,PHM,2009-08-07,2009-08-06 17:51:33,Q2,678580000,766327000,-87747000,-0.12930973503492588,0.0,122263000,0.0,0.0,0.0,888590000,436000.0,0.0,-198043000,-0.2918491555896136,-210010000,-0.27547083615785906,20870000,-186929000,-0.27547083615785906,2536000.0,-189465000,-0.27920805210881544,-0.74,-0.74,254764000,254764000,https://www.sec.gov/Archives/edgar/data/822416/000119312509167456/0001193125-09-167456-index.htm,https://www.sec.gov/Archives/edgar/data/822416/000119312509167456/d10q.htm
0,2009-03-31,PHM,2009-05-08,2009-05-07 18:15:31,Q1,587420000,925738000,-338318000,-0.5759388512478295,0.0,123407000,0.0,0.0,0.0,1049145000,0.0,0.0,-499268000,-0.8499336079806612,-461725000,-0.8720268291852508,-50521000,-512246000,-0.8720268291852508,2572000.0,-514818000,-0.8764052977426714,-2.02,-2.02,254578000,254578000,https://www.sec.gov/Archives/edgar/data/822416/000119312509103694/0001193125-09-103694-index.htm,https://www.sec.gov/Archives/edgar/data/822416/000119312509038910/d10k.htm
0,2008-12-31,PHM,2009-02-26,2009-02-26 14:48:21,Q4,1650285000,1888917000,-238632000,-0.1446004780992374,0.0,228993000,0.0,0.0,0.0,2117910000,0.0,0.0,-451186000,-0.2733988371705493,-467625000,-0.29069221376913684,-12100000,-479725000,-0.29069221376913684,-141560000,-338165000,-0.20491309076917016,0.0,0.0,0.0,0.0,https://www.sec.gov/Archives/edgar/data/822416/000119312509038910/0001193125-09-038910-index.htm,https://www.sec.gov/Archives/edgar/data/822416/000119312509038910/d10k.htm
0,2008-09-30,PHM,2008-11-06,2008-11-05 17:40:20,Q3,1564589000,1662401000,-97812000,-0.06251609847698021,0.0,194092000,0.0,0.0,0.0,1856493000,0.0,0.0,-273191000,-0.17460879502540283,-291904000,-0.18828650846963643,-2687000.0,-294591000,-0.18828650846963643,-14204000,-280387000,-0.1792080859573984,-1.11,-1.11,253582000,253582000,https://www.sec.gov/Archives/edgar/data/822416/000119312508226124/0001193125-08-226124-index.htm,https://www.sec.gov/Archives/edgar/data/822416/000119312508226124/d10q.htm
0,2008-06-30,PHM,2008-08-07,2008-08-06 17:50:39,Q2,1625765000,1644608000,-18843000,-0.011590235981214997,0.0,194612000,0.0,0.0,0.0,1839220000,0.0,0.0,-194342000,-0.11953880173333785,-213455000,-0.1323850618016749,-1772000.0,-215227000,-0.1323850618016749,-56810000,-158417000,-0.09744151214966493,-0.63,-0.63,253454000,253454000,https://www.sec.gov/Archives/edgar/data/822416/000095015208006098/0000950152-08-006098-index.htm,https://www.sec.gov/Archives/edgar/data/822416/000095015208006098/k34367e10vq.htm
0,2008-03-31,PHM,2008-05-08,2008-05-07 18:37:05,Q1,1448819000,1948668000,-499849000,-0.34500444845077266,0.0,196953000,0.0,0.0,0.0,2145621000,0.0,0.0,-677087000,-0.46733718980769856,-696802000,-0.4783592705507037,3746000.0,-693056000,-0.4783592705507037,3088000.0,-696144000,-0.48049066170446414,-2.75,-2.75,253166000,253166000,https://www.sec.gov/Archives/edgar/data/822416/000095013708006971/0000950137-08-006971-index.htm,https://www.sec.gov/Archives/edgar/data/822416/000095012408000805/k24131e10vk.htm
0,2007-12-31,PHM,2008-02-25,2008-02-25 13:42:23,Q4,2898617000,2946197000,-47580000,-0.016414724677320254,0.0,323933000,0.0,0.0,0.0,3270130000,0.0,0.0,-351770000,-0.12135787515218464,-371513000,-0.15656880505427243,-82320000,-453833000,-0.15656880505427243,439490000,-874661000,-0.30175114546005904,0.0,0.0,0.0,0.0,https://www.sec.gov/Archives/edgar/data/822416/000095012408000805/0000950124-08-000805-index.htm,https://www.sec.gov/Archives/edgar/data/822416/000095012408000805/k24131e10vk.htm
0,2007-09-30,PHM,2007-11-07,2007-11-06 18:34:58,Q3,2471798000,2839149000,-367351000,-0.14861691772547755,0.0,674987000,0.0,0.0,0.0,3514136000,0.0,0.0,-1021502000,-0.4132627342525562,-1042338000,-0.4425576038171404,-51575000,-1093913000,-0.4425576038171404,-306042000,-787871000,-0.3187440883114235,-3.12,-3.12,252264000,252264000,https://www.sec.gov/Archives/edgar/data/822416/000095013707016673/0000950137-07-016673-index.htm,https://www.sec.gov/Archives/edgar/data/822416/000095013707016673/k21272e10vq.htm
0,2007-06-30,PHM,2007-08-08,2007-08-07 18:34:19,Q2,2021246000,2404757000,-383511000,-0.18973989311543474,0.0,367947000,0.0,0.0,0.0,2772704000,0.0,0.0,-729845000,-0.3610866762383203,-751458000,-0.39906523006106137,-55151000,-806609000,-0.39906523006106137,-299058000,-507551000,-0.25110797992921197,-2.01,-2.01,252093000,252093000,https://www.sec.gov/Archives/edgar/data/822416/000095013707011612/0000950137-07-011612-index.htm,https://www.sec.gov/Archives/edgar/data/822416/000095013707011612/k17527e10vq.htm
0,2007-03-31,PHM,2007-05-09,2007-05-08 17:49:05,Q1,1871433000,1686564000,184869000,0.09878472806667404,0.0,326441000,0.0,0.0,0.0,2013005000,0.0,0.0,-119912000,-0.06407496287604204,-141572000,-0.07617050677208322,-976000.0,-142548000,-0.07617050677208322,-56876000,-85672000,-0.04577882296614413,-0.34,-0.34,251919000,251919000,https://www.sec.gov/Archives/edgar/data/822416/000095012407002765/0000950124-07-002765-index.htm,https://www.sec.gov/Archives/edgar/data/822416/000095012407001049/k12634e10vk.htm
0,2006-12-31,PHM,2007-02-23,2007-02-23 15:30:24,Q4,4388906000,4296215000,92691000,0.02111938601555832,0.0,0.0,0.0,0.0,0.0,4296215000,0.0,0.0,163136000,0.03717008293182857,92691000,-0.0041137814298141725,-110168000,-18055000,-0.0041137814298141725,-9754000.0,-8412000.0,-0.0019166507553362957,0.0,0.0,0.0,0.0,https://www.sec.gov/Archives/edgar/data/822416/000095012407001049/0000950124-07-001049-index.htm,https://www.sec.gov/Archives/edgar/data/822416/000095012407001049/k12634e10vk.htm
0,2006-09-30,PHM,2006-11-07,2006-11-07 10:23:25,Q3,3563959000,3257832000,306127000,0.08589520810985761,0.0,0.0,0.0,0.0,0.0,3257832000,0.0,0.0,338569000,0.09499800643048924,306127000,0.08291733995817573,-10039000,295514000,0.08291733995817573,104064000,190219000,0.05337294845423306,0.76,0.74,251287000,257215000,https://www.sec.gov/Archives/edgar/data/822416/000095012406006531/0000950124-06-006531-index.htm,https://www.sec.gov/Archives/edgar/data/822416/000095012406006531/k09762e10vq.htm
0,2006-06-30,PHM,2006-08-04,2006-08-04 09:54:12,Q2,3358967000,2961432000,397535000,0.11835037379051357,0.0,0.0,0.0,0.0,0.0,2961432000,0.0,0.0,425312000,0.12661988045729536,397535000,0.11542983304093193,-9365000.0,387725000,0.11542983304093193,143873000,243019000,0.07234932644470755,0.96,0.94,252618000,258947000,https://www.sec.gov/Archives/edgar/data/822416/000095012406004170/0000950124-06-004170-index.htm,https://www.sec.gov/Archives/edgar/data/822416/000095012406004170/k07420e10vq.htm
0,2006-03-31,PHM,2006-05-05,2006-05-05 11:54:26,Q1,2962576000,2565625000,396951000,0.13398846139305792,0.0,12350000,0.0,0.0,0.0,2577975000,0.0,0.0,402964000,0.13601811396568392,384601000,0.14093950669957497,32943000,417544000,0.14093950669957497,154899000,262645000,0.08865426574710657,1.04,1.01,253684000,260738000,https://www.sec.gov/Archives/edgar/data/822416/000095012406002524/0000950124-06-002524-index.htm,https://www.sec.gov/Archives/edgar/data/822416/000095012406001106/k02502e10vk.htm
0,2005-12-31,PHM,2006-03-10,2006-03-10 13:27:24,Q4,5007467000,4100524000,906943000,0.18111811820227672,0.0,0.0,0.0,0.0,0.0,4197803000,0.0,0.0,826366000,0.1650267490529643,809664000,0.16589165739884057,21033000,830697000,0.16589165739884057,303613000,574539000,0.11473645258171447,0.0,0.0,0.0,0.0,https://www.sec.gov/Archives/edgar/data/822416/000095012406001106/0000950124-06-001106-index.htm,https://www.sec.gov/Archives/edgar/data/822416/000095012406001106/k02502e10vk.htm
0,2005-09-30,PHM,2005-11-04,2005-11-04 14:57:33,Q3,3841503000,3243482000,598021000,0.1556737037560559,0.0,0.0,0.0,0.0,0.0,3243482000,0.0,0.0,614133000,0.15986789545654395,598021000,0.15975569978729678,15681000,613702000,0.15975569978729678,225983000,395421000,0.10293392976655232,1.54,1.5,256081000,263908000,https://www.sec.gov/Archives/edgar/data/822416/000095012405006153/0000950124-05-006153-index.htm,https://www.sec.gov/Archives/edgar/data/822416/000095012405006153/k99357e10vq.htm
0,2005-06-30,PHM,2005-08-04,2005-08-04 10:42:53,Q2,3290971000,2830367000,460604000,0.13995990848901432,0.0,0.0,0.0,0.0,0.0,2830367000,0.0,0.0,475569000,0.1445071986352964,460604000,0.14720427496930238,23841000,484445000,0.14720427496930238,180680000,303711000,0.0922861368270945,1.185,1.15,255874000,263678000,https://www.sec.gov/Archives/edgar/data/822416/000095012405004668/0000950124-05-004668-index.htm,https://www.sec.gov/Archives/edgar/data/822416/000095012405004668/k96945e10vq.htm
0,2005-03-31,PHM,2005-05-06,2005-05-06 12:13:46,Q1,2554594000,2221219000,333375000,0.13050018907114008,0.0,0.0,0.0,0.0,0.0,2221219000,0.0,0.0,347108000,0.13587599438501774,333375000,0.13629171602219375,14795000,348170000,0.13629171602219375,129850000,218242000,0.08543118789130484,0.855,0.83,254868000,262754000,https://www.sec.gov/Archives/edgar/data/822416/000095012405003039/0000950124-05-003039-index.htm,https://www.sec.gov/Archives/edgar/data/822416/000095012405001416/k91896e10vk.htm
0,2004-12-31,PHM,2005-03-10,2005-03-10 13:46:29,Q4,4186462000,3453220000,733242000,0.17514598245487478,0.0,0.0,0.0,0.0,0.0,3545654000,0.0,0.0,653063000,0.1559940111722022,640808000,0.159363682269181,26362000,667170000,0.159363682269181,247858000,397373000,0.0949185732487241,0.0,0.0,0.0,0.0,https://www.sec.gov/Archives/edgar/data/822416/000095012405001416/0000950124-05-001416-index.htm,https://www.sec.gov/Archives/edgar/data/822416/000095012405001416/k91896e10vk.htm
0,2004-09-30,PHM,2004-11-03,2004-11-03 10:50:42,Q3,2967086000,2565221000,401865000,0.13544096800699407,0.0,0.0,0.0,0.0,0.0,2565221000,0.0,0.0,413880000,0.13949039562722482,401865000,0.1408826707415963,16146000,418011000,0.1408826707415963,158861000,269936000,0.09097680350350479,1.065,1.035,253132000,260970000,https://www.sec.gov/Archives/edgar/data/822416/000095012404005265/0000950124-04-005265-index.htm,https://www.sec.gov/Archives/edgar/data/822416/000095012404005265/k88687e10vq.htm
0,2004-06-30,PHM,2004-08-04,2004-08-04 08:54:31,Q2,2518920000,2226571000,292349000,0.11606124847156718,0.0,0.0,0.0,0.0,0.0,2226571000,0.0,0.0,304215000,0.12077199752274785,292349000,0.1201832531402347,10383000,302732000,0.1201832531402347,115023000,187603000,0.07447755387229447,0.745,0.725,252508000,258712000,https://www.sec.gov/Archives/edgar/data/822416/000095012404003549/0000950124-04-003549-index.htm,https://www.sec.gov/Archives/edgar/data/822416/000095012404003549/k86650e10vq.htm
0,2004-03-31,PHM,2004-05-06,2004-05-06 08:51:06,Q1,2038748000,1833347000,205401000,0.10074859668777113,0.0,0.0,0.0,0.0,0.0,1833347000,0.0,0.0,215561000,0.10573204731531312,205401000,0.10429145730615064,7223000.0,212624000,0.10429145730615064,80787000,131629000,0.0645636439618825,0.525,0.51,250602000,257658000,https://www.sec.gov/Archives/edgar/data/822416/000095012404002084/0000950124-04-002084-index.htm,https://www.sec.gov/Archives/edgar/data/822416/000095012404000578/k82512e10vk.htm
0,2003-12-31,PHM,2004-02-27,2004-02-27 14:07:28,Q4,3138348000,2620533000,517815000,0.16499604250389058,0.0,0.0,0.0,0.0,0.0,2699165000,0.0,0.0,450320000,0.14348950466933558,439183000,0.1274552726466281,14069000,399999000,0.1274552726466281,152013000,247894000,0.07898869086538522,0.0,0.0,0.0,0.0,https://www.sec.gov/Archives/edgar/data/822416/000095012404000578/0000950124-04-000578-index.htm,https://www.sec.gov/Archives/edgar/data/822416/000095012404000578/k82512e10vk.htm
0,2003-09-30,PHM,2003-11-05,2003-11-05 11:54:59,Q3,2399803000,2151697000,248106000,0.1033859862663727,0.0,0.0,0.0,0.0,0.0,2151697000,0.0,0.0,258471000,0.10770509079286925,248106000,0.10820263163267985,11559000,259665000,0.10820263163267985,98630000,168886000,0.07037494327659395,0.69,0.6725,244496000,251556000,https://www.sec.gov/Archives/edgar/data/822416/000095012403003436/0000950124-03-003436-index.htm,https://www.sec.gov/Archives/edgar/data/822416/000095012403003436/k80549e10vq.htm
0,2003-06-30,PHM,2003-08-06,2003-08-06 08:59:58,Q2,1958185000,1765827000,192358000,0.09823280231438807,0.0,0.0,0.0,0.0,0.0,1765827000,0.0,0.0,203488000,0.1039166370899583,192358000,0.10051808179513172,4475000.0,196833000,0.10051808179513172,74833000,121717000,0.06215806984529041,0.5025,0.4875,242736000,249888000,https://www.sec.gov/Archives/edgar/data/822416/000095012403002566/0000950124-03-002566-index.htm,https://www.sec.gov/Archives/edgar/data/822416/000095012403002566/k78714e10vq.htm
0,2003-03-31,PHM,2003-05-12,2003-05-12 09:42:51,Q1,1552590000,1422091000,130499000,0.08405245428606394,0.0,0.0,0.0,0.0,0.0,1422091000,0.0,0.0,138027000,0.08890112650474369,130499000,0.08963023077567162,8660000.0,139159000,0.08963023077567162,52858000,86137000,0.05547955352024681,0.355,0.3475,242668000,248076000,https://www.sec.gov/Archives/edgar/data/822416/000095012403001635/0000950124-03-001635-index.htm,https://www.sec.gov/Archives/edgar/data/822416/000095012403000575/k74376e10vk.htm
0,2002-12-31,PHM,2003-03-11,2003-03-11 15:26:52,Q4,2548009000,2160487000,387522000,0.1520881598141922,0.0,0.0,0.0,0.0,0.0,2223657000,0.0,0.0,330912000,0.12987081285819635,324352000,0.11066365935128172,3199000.0,281972000,0.11066365935128172,109928000,171884000,0.06745816046960587,0.0,0.0,0.0,0.0,https://www.sec.gov/Archives/edgar/data/822416/000095012403000575/0000950124-03-000575-index.htm,https://www.sec.gov/Archives/edgar/data/822416/000095012403000575/k74376e10vk.htm
0,2002-09-30,PHM,2002-11-13,2002-11-13 15:25:29,Q3,1859506000,1675702000,183804000,0.09884560738174547,0.0,0.0,0.0,0.0,0.0,1675702000,0.0,0.0,185909000,0.09997762846691541,183804000,0.10007711725587333,2290000.0,186094000,0.10007711725587333,72585000,123446000,0.0663864488740558,0.5075,0.4975,243168000,247800000,https://www.sec.gov/Archives/edgar/data/822416/000095012402003498/0000950124-02-003498-index.htm,https://www.sec.gov/Archives/edgar/data/822416/000095012402003498/k72418e10vq.htm
0,2002-06-30,PHM,2002-08-14,2002-08-14 15:20:36,Q2,1685563000,1540585000,144978000,0.08601161748329786,0.0,0.0,0.0,0.0,0.0,1540585000,0.0,0.0,155109000,0.0920220721503735,144978000,0.08793619698581423,3244000.0,148222000,0.08793619698581423,57814000,90203000,0.053515056986893995,0.3725,0.3625,242000000,249436000,https://www.sec.gov/Archives/edgar/data/822416/000095012402002750/0000950124-02-002750-index.htm,https://www.sec.gov/Archives/edgar/data/822416/000095012402002750/k71333e10vq.htm
0,2002-03-31,PHM,2002-05-09,2002-05-09 09:55:58,Q1,1378741000,1269892000,108849000,0.07894811280726402,0.0,0.0,0.0,0.0,0.0,1269892000,0.0,0.0,119837000,0.08691770245463071,108849000,0.08162084104266139,3685000.0,112534000,0.08162084104266139,43894000,68112000,0.04940159174203132,0.285,0.2775,239452000,245888000,https://www.sec.gov/Archives/edgar/data/822416/000095012402001628/0000950124-02-001628-index.htm,https://www.sec.gov/Archives/edgar/data/822416/000095012402000710/k67605e10-k.htm
0,2001-12-31,PHM,2002-03-08,2002-03-08 00:00:00,Q4,2002120000,1750235000,251885000,0.1258091423091523,0.0,0.0,0.0,0.0,0.0,1809897000,0.0,0.0,204475000,0.10212924300241744,192223000,0.09709158292210257,2166000.0,194389000,0.09709158292210257,74853000,119441000,0.05965726330090104,0.0,0.0,0.0,0.0,https://www.sec.gov/Archives/edgar/data/822416/000095012402000710/0000950124-02-000710-index.htm,https://www.sec.gov/Archives/edgar/data/822416/000095012402000710/k67605e10-k.htm
0,2001-09-30,PHM,2001-11-14 00:00:00,2001-11-14 00:00:00,Q3,1481935000,1347659000,134276000,0.09060856245381882,0.0,0.0,0.0,0.0,0.0,1347659000,0.0,0.0,144963000,0.09782007982806264,134276000,0.09124759183095076,947000.0,135223000,0.09124759183095076,52072000,82787000,0.05586412359516443,0.3875,0.38,213684000,218072000,https://www.sec.gov/Archives/edgar/data/822416/000095012401504078/0000950124-01-504078-index.html,https://www.sec.gov/Archives/edgar/data/822416/000095012401504078/k66124e10-q.htm
0,2001-06-30,PHM,2001-08-14 00:00:00,2001-08-14 00:00:00,Q2,1023326000,924784000,98542000,0.096295804074166,0.0,0.0,0.0,0.0,0.0,924784000,0.0,0.0,103434000,0.10107629435780972,98542000,0.09632023421666214,25000.0,98567000,0.09632023421666214,37948000,59794000,0.05843103761655621,0.355,0.345,167948000,173460000,https://www.sec.gov/Archives/edgar/data/822416/000095012401502883/0000950124-01-502883-index.html,https://www.sec.gov/Archives/edgar/data/822416/000095012401502883/k64570e10-q.htm
0,2001-03-31,PHM,2001-05-15 00:00:00,2001-05-15 00:00:00,Q1,832112000,770504000,61608000,0.07403811025438883,0.0,0.0,0.0,0.0,0.0,770504000,0.0,0.0,66653000,0.08010099601976657,61608000,0.07644163285711539,2000000.0,63608000,0.07644163285711539,24489000,39371000,0.04731454419597362,0.2375,0.23,167180000,171996000,https://www.sec.gov/Archives/edgar/data/822416/000095012401501225/0000950124-01-501225-index.html,https://www.sec.gov/Archives/edgar/data/822416/000095012401501225/k62537e10-q.htm
0,2000-12-31,PHM,,,Q4,1346765000,1204011000,142754000,0.10599770561308024,0.0,0.0,0.0,0.0,0.0,1208539000,0.0,0.0,141786000,0.105278946215561,138226000,0.10335433427509624,968000.0,139194000,0.10335433427509624,53598000,85593000,0.06355451767754582,0.0,0.0,0.0,0.0,,
0,2000-09-30,PHM,2000-11-14 00:00:00,2000-11-14 00:00:00,Q3,1053883000,955079000,98804000,0.09375234252758607,0.0,0.0,0.0,0.0,0.0,957250000,0.0,0.0,96487000,0.09155380625743086,96633000,0.09389087782989193,2317000.0,98950000,0.09389087782989193,38091000,30892000,0.029312551772824876,0.19,0.185,161904000,166108000,https://www.sec.gov/Archives/edgar/data/822416/000095012400006856/0000950124-00-006856-index.html,https://www.sec.gov/Archives/edgar/data/822416/000095012400006856/k58518e10-q.txt
0,2000-06-30,PHM,2000-08-14 00:00:00,2000-08-14 00:00:00,Q2,982584000,902828000,79756000,0.0811696506354673,0.0,0.0,0.0,0.0,0.0,906733000,0.0,0.0,78117000,0.0795015998632178,75851000,0.07886348648054517,1639000.0,77490000,0.07886348648054517,29830000,47692000,0.04853732607084992,0.29,0.2875,164212000,166276000,https://www.sec.gov/Archives/edgar/data/822416/000095012400004998/0000950124-00-004998-index.html,https://www.sec.gov/Archives/edgar/data/822416/000095012400004998/e10-q.txt
0,2000-03-31,PHM,2000-05-15 00:00:00,2000-05-15 00:00:00,Q1,775819000,733262000,42557000,0.054854289467001965,0.0,0.0,0.0,0.0,0.0,736888000,0.0,0.0,42026000,0.05416985147308844,38931000,0.05086495690360767,531000.0,39462000,0.05086495690360767,15193000,24336000,0.03136814128037596,0.1425,0.1425,170784000,171484000,https://www.sec.gov/Archives/edgar/data/822416/000088969700000100/0000889697-00-000100-index.html,https://www.sec.gov/Archives/edgar/data/822416/0000889697-00-000100.txt
0,1999-12-31,PHM,,,Q4,1240600000,1127000000,113600000,0.09156859584072223,0.0,0.0,0.0,0.0,0.0,1131900000,0.0,0.0,109600000,0.08834434950830243,108700000,0.09092374657423827,4000000.0,112800000,0.09092374657423827,43000000,69700000,0.05618249234241496,0.0,0.0,0.0,0.0,,
0,1999-09-30,PHM,,,Q3,973100000,895300000,77800000,0.07995067310656664,0.0,0.0,0.0,0.0,0.0,897800000,0.0,0.0,77200000,0.07933408693864967,75300000,0.07810091460281575,600000.0,76000000,0.07810091460281575,28500000,47100000,0.048402014181481864,0.2725,0.2675,172844037,176074766,,
0,1999-06-30,PHM,,,Q2,834200000,773400000,60800000,0.07288420043155118,0.0,0.0,0.0,0.0,0.0,776400000,0.0,0.0,60500000,0.07252457444257972,57800000,0.06964756653080796,300000.0,58100000,0.06964756653080796,21000000,37200000,0.04459362263246224,0.215,0.2125,173023256,175058824,,
0,1999-03-31,PHM,,,Q1,682500000,641600000,40900000,0.05992673992673993,0.0,0.0,0.0,0.0,0.0,644700000,0.0,0.0,39000000,0.05714285714285714,37800000,0.058021978021978025,1900000.0,39600000,0.058021978021978025,15600000,24400000,0.035750915750915754,0.14,0.1375,174285714,177454545,,
0,1998-12-31,PHM,,,Q4,906900000,844000000,62900000,0.06935715073326718,0.0,0.0,0.0,0.0,0.0,844800000,0.0,0.0,62900000,0.06935715073326718,62100000,0.06891608777152938,0.0,62500000,0.06891608777152938,24400000,38400000,0.04234204432682766,0.0,0.0,0.0,0.0,,
0,1998-09-30,PHM,,,Q3,759300000,707200000,52100000,0.06861583037007771,0.0,0.0,0.0,0.0,0.0,709600000,0.0,0.0,55200000,0.07269853812722245,49700000,0.06150401685763203,-3100000.0,46700000,0.06150401685763203,18200000,28600000,0.037666271565915975,0.165,0.16,173333333,178750000,,
0,1998-06-30,PHM,,,Q2,679700000,641100000,38600000,0.056789760188318376,0.0,0.0,0.0,0.0,0.0,641200000,0.0,0.0,38400000,0.056495512726202735,38500000,0.056789760188318376,200000.0,38600000,0.056789760188318376,15000000,23800000,0.035015447991761074,0.1375,0.135,173090909,176296296,,
0,1998-03-31,PHM,,,Q1,520600000,503200000,17400000,0.033422973492124475,0.0,0.0,0.0,0.0,0.0,504900000,0.0,0.0,15200000,0.029197080291970802,15700000,0.03438340376488667,2200000.0,17900000,0.03438340376488667,7000000.0,11300000,0.021705724164425663,0.0675,0.065,167407407,173846154,,
0,1997-12-31,PHM,,,Q4,846100000,815300000,30800000,0.036402316511050706,0.0,0.0,0.0,0.0,0.0,817900000,0.0,0.0,30800000,0.036402316511050706,28200000,0.03332939368868928,0.0,28200000,0.03332939368868928,10900000,17000000,0.020092187684670842,0.0,0.0,0.0,0.0,,
0,1997-09-30,PHM,,,Q3,669900000,638100000,31800000,0.04746977160770264,0.0,0.0,0.0,0.0,0.0,639700000,0.0,0.0,31800000,0.04746977160770264,30200000,0.04508135542618301,0.0,30200000,0.04508135542618301,11600000,19700000,0.029407374234960443,0.115,0.115,171304348,171304348,,
0,1997-06-30,PHM,1997-08-13 00:00:00,1997-08-13 00:00:00,Q2,576300000,552400000,23900000,0.04147145583897276,0.0,0.0,0.0,0.0,0.0,555700000,0.0,0.0,23900000,0.04147145583897276,20600000,0.035745271559951414,0.0,20600000,0.035745271559951414,7900000.0,13900000,0.02411938226618081,0.0825,0.0825,168484848,168484848,https://www.sec.gov/Archives/edgar/data/822416/000088969797000185/0000889697-97-000185-index.html,https://www.sec.gov/Archives/edgar/data/822416/0000889697-97-000185.txt
0,1997-03-31,PHM,1997-05-06 00:00:00,1997-05-06 00:00:00,Q1,431700000,429400000,2300000.0,0.005327773917072041,0.0,0.0,0.0,0.0,0.0,429700000,0.0,0.0,2300000.0,0.005327773917072041,2000000.0,0.0046328468844104706,0.0,2000000.0,0.0046328468844104706,800000.0,2200000.0,0.005096131572851517,0.0125,0.0125,176000000,176000000,https://www.sec.gov/Archives/edgar/data/822416/000088969797000038/0000889697-97-000038-index.html,https://www.sec.gov/Archives/edgar/data/822416/0000889697-97-000038.txt
0,1996-12-31,PHM,,,Q4,738300000,698100000,40200000,0.05444941080861439,0.0,0.0,0.0,0.0,0.0,699300000,0.0,0.0,40200000,0.05444941080861439,39000000,0.052688608966544766,0.0,38900000,0.052688608966544766,13600000,26700000,0.036164160910199104,0.0,0.0,0.0,0.0,,
0,1996-09-30,PHM,1996-11-13 00:00:00,1996-11-13 00:00:00,Q3,625200000,595600000,29600000,0.04734484964811261,0.0,0.0,0.0,0.0,0.0,597800000,0.0,0.0,29600000,0.04734484964811261,27400000,0.04382597568777991,0.0,27400000,0.04382597568777991,11000000,127600000,0.20409468969929623,0.645,0.645,202857143,202857143,https://www.sec.gov/Archives/edgar/data/822416/000095000996000508/0000950009-96-000508-index.html,https://www.sec.gov/Archives/edgar/data/822416/0000950009-96-000508.txt
0,1996-06-30,PHM,1996-08-13 00:00:00,1996-08-13 00:00:00,Q2,588400000,559100000,29300000,0.049796057104010874,0.0,0.0,0.0,0.0,0.0,560800000,0.0,0.0,29300000,0.049796057104010874,27600000,0.0469068660774983,0.0,27600000,0.0469068660774983,11200000,18200000,0.030931339225016997,0.09,0.09,202857143,202857143,https://www.sec.gov/Archives/edgar/data/822416/000095000996000376/0000950009-96-000376-index.html,https://www.sec.gov/Archives/edgar/data/822416/0000950009-96-000376.txt
