,date,symbol,fillingDate,acceptedDate,period,revenue,costOfRevenue,grossProfit,grossProfitRatio,researchAndDevelopmentExpenses,generalAndAdministrativeExpenses,sellingAndMarketingExpenses,otherExpenses,operatingExpenses,costAndExpenses,interestExpense,depreciationAndAmortization,ebitda,ebitdaratio,operatingIncome,operatingIncomeRatio,totalOtherIncomeExpensesNet,incomeBeforeTax,incomeBeforeTaxRatio,incomeTaxExpense,netIncome,netIncomeRatio,eps,epsdiluted,weightedAverageShsOut,weightedAverageShsOutDil,link,finalLink
0,2020-09-30,GTX,2020-11-02,2020-11-02 07:01:53,Q3,804000000,652000000,152000000,0.1890547263681592,0.0,103000000,0.0,14000000,1000000.0,653000000,-20000000,23000000,24000000,0.029850746268656716,1000000.0,0.0012437810945273632,0.0,10000000,0.012437810945273632,0.0,-1000000.0,-0.0012437810945273632,0.72,0.71,75595990,75595990,https://www.sec.gov/Archives/edgar/data/1735707/000156459020049431/0001564590-20-049431-index.htm,https://www.sec.gov/Archives/edgar/data/1735707/000156459020049431/gtx-10q_20200930.htm
0,2020-06-30,GTX,2020-07-30,2020-07-30 06:59:18,Q2,477000000,393000000,84000000,0.1761006289308176,0.0,51000000,0.0,15000000,66000000,459000000,20000000,18000000,40000000,0.083857,18000000,0.037736,4000000.0,2000000.0,0.004193,11000000,-9000000.0,-0.018868,-0.11905,-0.11905,75595990,75595990,https://www.sec.gov/Archives/edgar/data/1735707/000156459020034497/0001564590-20-034497-index.htm,https://www.sec.gov/Archives/edgar/data/1735707/000156459020034497/gtx-10q_20200630.htm
0,2020-03-31,GTX,2020-05-11 00:00:00,2020-05-11 07:29:40,Q1,745000000,603000000,142000000,0.190604,0.0,61000000,0.0,16000000,77000000,680000000,16000000,19000000,88000000,0.118121,65000000,0.087248,4000000.0,53000000,0.071141,1000000.0,52000000,0.069799,0.68186,0.68186,76261550,76261550,https://www.sec.gov/Archives/edgar/data/1735707/000156459020023853/0001564590-20-023853-index.html,https://www.sec.gov/Archives/edgar/data/1735707/000156459020023853/gtx-10q_20200331.htm
0,2019-12-31,GTX,2020-02-27 00:00:00,2020-02-27 16:32:52,Q4,830000000,669000000,161000000,0.193976,0.0,63000000,0.0,-14000000,49000000,718000000,16000000,18000000,124000000,0.149398,112000000,0.13494,-6000000.0,90000000,0.108434,-46000000,136000000,0.163855,1.77463,1.77463,76635540,76635540,https://www.sec.gov/Archives/edgar/data/1735707/000156459020007405/0001564590-20-007405-index.html,https://www.sec.gov/Archives/edgar/data/1735707/000156459020007405/gtx-10k_20191231.htm
0,2019-09-30,GTX,2019-11-08 00:00:00,2019-11-08 16:32:01,Q3,781000000,609000000,172000000,0.22023,0.0,68000000,0.0,18000000,86000000,695000000,18000000,20000000,110000000,0.140845,86000000,0.110115,4000000.0,72000000,0.09219,34000000,38000000,0.048656,0.50195,0.50195,75704460,75704460,https://www.sec.gov/Archives/edgar/data/1735707/000156459019042291/0001564590-19-042291-index.html,https://www.sec.gov/Archives/edgar/data/1735707/000156459019042291/gtx-10q_20190930.htm
0,2019-06-30,GTX,2019-07-30 00:00:00,2019-07-30 16:46:40,Q2,802000000,620000000,182000000,0.226933,0.0,58000000,0.0,17000000,75000000,695000000,18000000,16000000,121000000,0.150873,107000000,0.133416,-2000000.0,87000000,0.108479,21000000,66000000,0.082294,0.85825,0.85825,76900540,76900540,https://www.sec.gov/Archives/edgar/data/1735707/000156459019027028/0001564590-19-027028-index.html,https://www.sec.gov/Archives/edgar/data/1735707/000156459019027028/gtx-10q_20190630.htm
0,2019-03-31,GTX,2019-05-08 00:00:00,2019-05-07 18:48:58,Q1,835000000,639000000,196000000,0.234731,0.0,60000000,0.0,19000000,79000000,718000000,16000000,19000000,132000000,0.158084,117000000,0.14012,-4000000.0,97000000,0.116168,24000000,73000000,0.087425,0.96844,0.96844,75379230,75379230,https://www.sec.gov/Archives/edgar/data/1735707/000156459019016696/0001564590-19-016696-index.html,https://www.sec.gov/Archives/edgar/data/1735707/000156459019016696/gtx-10q_20190331.htm
0,2018-12-31,GTX,2019-03-01 00:00:00,2019-03-01 16:47:16,Q4,799000000,627000000,172000000,0.215269,0.0,63000000,0.0,-12000000,51000000,678000000,16000000,19000000,1050000000,1.314143,121000000,0.151439,-2000000.0,103000000,0.128911,972000000,43000000,0.053817,0.5711,0.5711,75292910,75292910,https://www.sec.gov/Archives/edgar/data/1735707/000156459019005824/0001564590-19-005824-index.html,https://www.sec.gov/Archives/edgar/data/1735707/000156459019005824/gtx-10k_20181231.htm
0,2018-09-30,GTX,2018-11-06 00:00:00,2018-11-06 17:01:34,Q3,784000000,606000000,178000000,0.227041,0.0,60000000,0.0,51000000,111000000,717000000,3000000.0,17000000,92000000,0.117347,67000000,0.085459,7000000.0,73000000,0.093112,-857000000,929000000,1.184949,12.53623,12.53623,74105230,74105230,https://www.sec.gov/Archives/edgar/data/1735707/000156459018027500/0001564590-18-027500-index.html,https://www.sec.gov/Archives/edgar/data/1735707/000156459018027500/ck0001735707-10q_20180930.htm
