,date,symbol,fillingDate,acceptedDate,period,revenue,costOfRevenue,grossProfit,grossProfitRatio,researchAndDevelopmentExpenses,generalAndAdministrativeExpenses,sellingAndMarketingExpenses,otherExpenses,operatingExpenses,costAndExpenses,interestExpense,depreciationAndAmortization,ebitda,ebitdaratio,operatingIncome,operatingIncomeRatio,totalOtherIncomeExpensesNet,incomeBeforeTax,incomeBeforeTaxRatio,incomeTaxExpense,netIncome,netIncomeRatio,eps,epsdiluted,weightedAverageShsOut,weightedAverageShsOutDil,link,finalLink
0,2020-09-30,MRE.TO,2020-09-30,2020-09-30,Q3,971060000,819582000,151478000,0.15599242065371863,6884000.0,64537000,0.0,0.0,0.0,895261000,9138000.0,3935000.0,133945000,0.13793689370378762,75799000,0.06618746524416617,-2402000.0,64272000,0.06618746524416617,18636000,45636000,0.046996066154511566,0.57,0.57,80189397,80200443,https://www.sedar.com/ModifyCompanyDocumentSearchForm.do?lang=EN&company_search=Martinrea International Inc&document_selection=0&industry_group=A&FromDate=13&FromMonth=05&FromYear=2000&ToDate=13&ToMonth=11&ToYear=2020&Variable=Issuer,https://www.sedar.com/ModifyCompanyDocumentSearchForm.do?lang=EN&company_search=Martinrea International Inc&document_selection=0&industry_group=A&FromDate=13&FromMonth=05&FromYear=2000&ToDate=13&ToMonth=11&ToYear=2020&Variable=Issuer
0,2020-06-30,MRE.TO,2020-06-30,2020-06-30,Q2,460564000,473023000,-12459000,-0.027051614976420214,5234000.0,47534000,0.0,0.0,0.0,529976000,8286000.0,3844000.0,-9956000.0,-0.021616973971044198,-69412000,-0.38391624182524037,-99164000,-176818000,-0.38391624182524037,-29932000,-146886000,-0.31892635985443935,-1.84,-1.84,79960895,79960895,https://www.sedar.com/ModifyCompanyDocumentSearchForm.do?lang=EN&company_search=Martinrea International Inc&document_selection=0&industry_group=A&FromDate=13&FromMonth=05&FromYear=2000&ToDate=13&ToMonth=11&ToYear=2020&Variable=Issuer,https://www.sedar.com/ModifyCompanyDocumentSearchForm.do?lang=EN&company_search=Martinrea International Inc&document_selection=0&industry_group=A&FromDate=13&FromMonth=05&FromYear=2000&ToDate=13&ToMonth=11&ToYear=2020&Variable=Issuer
0,2020-03-31,MRE.TO,2020-03-31,2020-03-31,Q1,872706000,752469000,120237000,0.1377749207636936,9453000.0,57408000,0.0,0.0,0.0,823501000,9462000.0,3871000.0,105577000,0.12097659463782763,49205000,0.046032684546685826,330000.0,40173000,0.046032684546685826,11210000,28963000,0.03318757978059048,0.36,0.36,80121301,80281215,https://www.sedar.com/ModifyCompanyDocumentSearchForm.do?lang=EN&company_search=Martinrea International Inc&document_selection=0&industry_group=A&FromDate=13&FromMonth=05&FromYear=2000&ToDate=13&ToMonth=11&ToYear=2020&Variable=Issuer,https://www.sedar.com/ModifyCompanyDocumentSearchForm.do?lang=EN&company_search=Martinrea International Inc&document_selection=0&industry_group=A&FromDate=13&FromMonth=05&FromYear=2000&ToDate=13&ToMonth=11&ToYear=2020&Variable=Issuer
0,2019-12-31,MRE.TO,2019-12-31,2019-12-31,Q4,917581000,787660000,129921000,0.14159076964322495,9876000.0,63659000,0.0,0.0,0.0,865478000,8912000.0,3770000.0,110056000,0.11994145475985227,52103000,0.046667269701530435,-571000.0,42821000,0.046667269701530435,-8332000.0,51153000,0.055747666963461534,0.637902290249171,0.637902290249171,80189397,80189397,https://www.sedar.com/ModifyCompanyDocumentSearchForm.do?lang=EN&company_search=Martinrea International Inc&document_selection=0&industry_group=A&FromDate=13&FromMonth=05&FromYear=2000&ToDate=13&ToMonth=11&ToYear=2020&Variable=Issuer,https://www.sedar.com/ModifyCompanyDocumentSearchForm.do?lang=EN&company_search=Martinrea International Inc&document_selection=0&industry_group=A&FromDate=13&FromMonth=05&FromYear=2000&ToDate=13&ToMonth=11&ToYear=2020&Variable=Issuer
0,2019-09-30,MRE.TO,2019-09-30,2019-09-30,Q3,974384000,830483000,143901000,0.14768407527217195,10086000,57381000,0.0,0.0,0.0,902088000,9345000.0,3602000.0,126006000,0.12931862592160792,72296000,0.06445816023251613,-368000.0,62807000,0.06445816023251613,16129000,46678000,0.047905138015402554,0.57,0.56,82592979,82712519,https://www.sedar.com/ModifyCompanyDocumentSearchForm.do?lang=EN&company_search=Martinrea International Inc&document_selection=0&industry_group=A&FromDate=13&FromMonth=05&FromYear=2000&ToDate=13&ToMonth=11&ToYear=2020&Variable=Issuer,https://www.sedar.com/ModifyCompanyDocumentSearchForm.do?lang=EN&company_search=Martinrea International Inc&document_selection=0&industry_group=A&FromDate=13&FromMonth=05&FromYear=2000&ToDate=13&ToMonth=11&ToYear=2020&Variable=Issuer
0,2019-06-30,MRE.TO,2019-06-30,2019-06-30,Q2,948533000,793755000,154778000,0.16317618891488225,8784000.0,57785000,0.0,0.0,0.0,864712000,9944000.0,3892000.0,137280000,0.14472875482455538,83821000,0.048247135313162534,-28196000,45764000,0.048247135313162534,17642000,28122000,0.029647887843649086,0.34,0.34,82746605,82921560,https://www.sedar.com/ModifyCompanyDocumentSearchForm.do?lang=EN&company_search=Martinrea International Inc&document_selection=0&industry_group=A&FromDate=13&FromMonth=05&FromYear=2000&ToDate=13&ToMonth=11&ToYear=2020&Variable=Issuer,https://www.sedar.com/ModifyCompanyDocumentSearchForm.do?lang=EN&company_search=Martinrea International Inc&document_selection=0&industry_group=A&FromDate=13&FromMonth=05&FromYear=2000&ToDate=13&ToMonth=11&ToYear=2020&Variable=Issuer
0,2019-03-31,MRE.TO,2019-03-31,2019-03-31,Q1,1023161000,865660000,157501000,0.1539356953597723,9289000.0,60858000,0.0,0.0,0.0,939809000,9796000.0,3465000.0,133982000,0.13094908816891965,83352000,0.07198573831488886,26000.0,73653000,0.07198573831488886,18385000,55268000,0.054016914249077126,0.66,0.66,83364186,83586371,https://www.sedar.com/ModifyCompanyDocumentSearchForm.do?lang=EN&company_search=Martinrea International Inc&document_selection=0&industry_group=A&FromDate=13&FromMonth=05&FromYear=2000&ToDate=13&ToMonth=11&ToYear=2020&Variable=Issuer,https://www.sedar.com/ModifyCompanyDocumentSearchForm.do?lang=EN&company_search=Martinrea International Inc&document_selection=0&industry_group=A&FromDate=13&FromMonth=05&FromYear=2000&ToDate=13&ToMonth=11&ToYear=2020&Variable=Issuer
0,2018-12-31,MRE.TO,2018-12-31,2018-12-31,Q4,926154000,791587000,134567000,0.14529657054874243,7189000.0,58363000,0.0,108000.0,0.0,860645000,7013000.0,2971000.0,111893000,0.12081468092779386,65509000,0.054531967685719655,-8099000.0,50505000,0.054531967685719655,12689000,37816000,0.040831222453285305,0.4715835436448038,0.4715835436448038,80189397,80189397,https://www.sedar.com/ModifyCompanyDocumentSearchForm.do?lang=EN&company_search=Martinrea International Inc&document_selection=0&industry_group=A&FromDate=13&FromMonth=05&FromYear=2000&ToDate=13&ToMonth=11&ToYear=2020&Variable=Issuer,https://www.sedar.com/ModifyCompanyDocumentSearchForm.do?lang=EN&company_search=Martinrea International Inc&document_selection=0&industry_group=A&FromDate=13&FromMonth=05&FromYear=2000&ToDate=13&ToMonth=11&ToYear=2020&Variable=Issuer
0,2018-09-30,MRE.TO,2018-09-30,2018-09-30,Q3,851136000,724006000,127130000,0.14936508384089028,6228000.0,59088000,0.0,106000.0,0.0,792528000,6937000.0,2669000.0,103850000,0.12201340326340326,58608000,0.05712013121287315,-3160000.0,48617000,0.05712013121287315,12236000,36381000,0.042744050304534174,0.42,0.42,86684746,87095948,https://www.sedar.com/ModifyCompanyDocumentSearchForm.do?lang=EN&company_search=Martinrea International Inc&document_selection=0&industry_group=A&FromDate=13&FromMonth=05&FromYear=2000&ToDate=13&ToMonth=11&ToYear=2020&Variable=Issuer,https://www.sedar.com/ModifyCompanyDocumentSearchForm.do?lang=EN&company_search=Martinrea International Inc&document_selection=0&industry_group=A&FromDate=13&FromMonth=05&FromYear=2000&ToDate=13&ToMonth=11&ToYear=2020&Variable=Issuer
0,2018-06-30,MRE.TO,2018-06-30,2018-06-30,Q2,921710000,771675000,150035000,0.16277896518427706,6463000.0,58520000,0.0,0.0,0.0,839811000,6907000.0,2615000.0,125819000,0.13650605938961277,81899000,0.08005988868516127,-1287000.0,73792000,0.08005988868516127,18065000,55727000,0.06046044851417474,0.64,0.64,86813890,87426222,https://www.sedar.com/ModifyCompanyDocumentSearchForm.do?lang=EN&company_search=Martinrea International Inc&document_selection=0&industry_group=A&FromDate=13&FromMonth=05&FromYear=2000&ToDate=13&ToMonth=11&ToYear=2020&Variable=Issuer,https://www.sedar.com/ModifyCompanyDocumentSearchForm.do?lang=EN&company_search=Martinrea International Inc&document_selection=0&industry_group=A&FromDate=13&FromMonth=05&FromYear=2000&ToDate=13&ToMonth=11&ToYear=2020&Variable=Issuer
0,2018-03-31,MRE.TO,2018-03-31,2018-03-31,Q1,963900000,819471000,144429000,0.1498381574852163,6684000.0,56342000,0.0,67000.0,0.0,885473000,6501000.0,2446000.0,120029000,0.12452432824981845,78427000,0.07668015354289864,1919000.0,73912000,0.07668015354289864,17953000,55959000,0.058054777466542175,0.65,0.64,86745834,87351530,https://www.sedar.com/ModifyCompanyDocumentSearchForm.do?lang=EN&company_search=Martinrea International Inc&document_selection=0&industry_group=A&FromDate=13&FromMonth=05&FromYear=2000&ToDate=13&ToMonth=11&ToYear=2020&Variable=Issuer,https://www.sedar.com/ModifyCompanyDocumentSearchForm.do?lang=EN&company_search=Martinrea International Inc&document_selection=0&industry_group=A&FromDate=13&FromMonth=05&FromYear=2000&ToDate=13&ToMonth=11&ToYear=2020&Variable=Issuer
0,2017-12-31,MRE.TO,2017-12-31,2017-12-31,Q4,878642000,754600000,124042000,0.1411746763755887,6600000.0,52531000,0.0,0.0,0.0,816857000,5735000.0,2596000.0,105883000,0.12050755597843035,61785000,0.0733780083355906,8370000.0,64473000,0.0733780083355906,32107000,32366000,0.03683639070292565,0.4036194460970944,0.4036194460970944,80189397,80189397,https://www.sedar.com/ModifyCompanyDocumentSearchForm.do?lang=EN&company_search=Martinrea International Inc&document_selection=0&industry_group=A&FromDate=13&FromMonth=05&FromYear=2000&ToDate=13&ToMonth=11&ToYear=2020&Variable=Issuer,https://www.sedar.com/ModifyCompanyDocumentSearchForm.do?lang=EN&company_search=Martinrea International Inc&document_selection=0&industry_group=A&FromDate=13&FromMonth=05&FromYear=2000&ToDate=13&ToMonth=11&ToYear=2020&Variable=Issuer
0,2017-09-30,MRE.TO,2017-09-30,2017-09-30,Q3,838535000,725117000,113418000,0.13525732378493444,6745000.0,53864000,0.0,0.0,552000.0,788663000,5451000.0,2385000.0,90736000,0.10820776711765162,49872000,0.0552988247359979,1855000.0,46370000,0.0552988247359979,10348000,36229000,0.0432051136804069,0.42,0.42,86512167,86794033,https://www.sedar.com/ModifyCompanyDocumentSearchForm.do?lang=EN&company_search=Martinrea International Inc&document_selection=0&industry_group=A&FromDate=13&FromMonth=05&FromYear=2000&ToDate=13&ToMonth=11&ToYear=2020&Variable=Issuer,https://www.sedar.com/ModifyCompanyDocumentSearchForm.do?lang=EN&company_search=Martinrea International Inc&document_selection=0&industry_group=A&FromDate=13&FromMonth=05&FromYear=2000&ToDate=13&ToMonth=11&ToYear=2020&Variable=Issuer
0,2017-06-30,MRE.TO,2017-06-30,2017-06-30,Q2,972772000,843846000,128926000,0.1325346535467715,6437000.0,52539000,0.0,0.0,0.0,905774000,5497000.0,2412000.0,108770000,0.11181448479191423,66998000,0.06329643534147776,9000.0,61573000,0.06329643534147776,14162000,47346000,0.048671219977548696,0.55,0.55,86512167,86786266,https://www.sedar.com/ModifyCompanyDocumentSearchForm.do?lang=EN&company_search=Martinrea International Inc&document_selection=0&industry_group=A&FromDate=13&FromMonth=05&FromYear=2000&ToDate=13&ToMonth=11&ToYear=2020&Variable=Issuer,https://www.sedar.com/ModifyCompanyDocumentSearchForm.do?lang=EN&company_search=Martinrea International Inc&document_selection=0&industry_group=A&FromDate=13&FromMonth=05&FromYear=2000&ToDate=13&ToMonth=11&ToYear=2020&Variable=Issuer
0,2017-03-31,MRE.TO,2017-03-31,2017-03-31,Q1,1000550000,882335000,118215000,0.11815001749038029,6815000.0,52599000,0.0,0.0,0.0,944548000,5844000.0,2259000.0,94612000,0.09455999200439758,56002000,0.05678876617860177,6597000.0,56820000,0.05678876617860177,13353000,43602000,0.0435780320823547,0.5,0.5,86491774,86635476,https://www.sedar.com/ModifyCompanyDocumentSearchForm.do?lang=EN&company_search=Martinrea International Inc&document_selection=0&industry_group=A&FromDate=13&FromMonth=05&FromYear=2000&ToDate=13&ToMonth=11&ToYear=2020&Variable=Issuer,https://www.sedar.com/ModifyCompanyDocumentSearchForm.do?lang=EN&company_search=Martinrea International Inc&document_selection=0&industry_group=A&FromDate=13&FromMonth=05&FromYear=2000&ToDate=13&ToMonth=11&ToYear=2020&Variable=Issuer
0,2016-12-31,MRE.TO,2016-12-31,2016-12-31,Q4,990407000,886095000,104312000,0.10532235737429158,7239000.0,47971000,0.0,0.0,0.0,944160000,6084000.0,2258000.0,86239000,0.08707430379631807,46247000,0.04094579299217392,223000.0,40553000,0.04094579299217392,9923000.0,30753000,0.031050871005556303,0.3835045673182952,0.3835045673182952,80189397,80189397,https://www.sedar.com/ModifyCompanyDocumentSearchForm.do?lang=EN&company_search=Martinrea International Inc&document_selection=0&industry_group=A&FromDate=13&FromMonth=05&FromYear=2000&ToDate=13&ToMonth=11&ToYear=2020&Variable=Issuer,https://www.sedar.com/ModifyCompanyDocumentSearchForm.do?lang=EN&company_search=Martinrea International Inc&document_selection=0&industry_group=A&FromDate=13&FromMonth=05&FromYear=2000&ToDate=13&ToMonth=11&ToYear=2020&Variable=Issuer
0,2016-09-30,MRE.TO,2016-09-30,2016-09-30,Q3,914725000,815027000,99698000,0.10899232009620377,5482000.0,48023000,0.0,0.0,0.0,871284000,6018000.0,2165000.0,80708000,0.08823198228975922,43441000,0.041702150919675315,629000.0,38146000,0.041702150919675315,9319000.0,29098000,0.031810653475088144,0.34,0.34,86384667,86507310,https://www.sedar.com/ModifyCompanyDocumentSearchForm.do?lang=EN&company_search=Martinrea International Inc&document_selection=0&industry_group=A&FromDate=13&FromMonth=05&FromYear=2000&ToDate=13&ToMonth=11&ToYear=2020&Variable=Issuer,https://www.sedar.com/ModifyCompanyDocumentSearchForm.do?lang=EN&company_search=Martinrea International Inc&document_selection=0&industry_group=A&FromDate=13&FromMonth=05&FromYear=2000&ToDate=13&ToMonth=11&ToYear=2020&Variable=Issuer
0,2016-06-30,MRE.TO,2016-06-30,2016-06-30,Q2,1023825000,907603000,116222000,0.11351744682929212,5903000.0,50661000,0.0,0.0,0.0,966855000,5900000.0,2100000.0,94706000,0.0925021365956096,56970000,0.01133982858398652,-39517000,11610000,0.01133982858398652,11637000,-42000.0,-4.1022635704344005e-05,-0.000486,-0.000486,86384667,86577596,https://www.sedar.com/ModifyCompanyDocumentSearchForm.do?lang=EN&company_search=Martinrea International Inc&document_selection=0&industry_group=A&FromDate=13&FromMonth=05&FromYear=2000&ToDate=13&ToMonth=11&ToYear=2020&Variable=Issuer,https://www.sedar.com/ModifyCompanyDocumentSearchForm.do?lang=EN&company_search=Martinrea International Inc&document_selection=0&industry_group=A&FromDate=13&FromMonth=05&FromYear=2000&ToDate=13&ToMonth=11&ToYear=2020&Variable=Issuer
0,2016-03-31,MRE.TO,2016-03-31,2016-03-31,Q1,1039450000,927632000,111818000,0.10757419789311655,6229000.0,51454000,0.0,0.0,0.0,988054000,6194000.0,2204000.0,89024000,0.08564529318389533,51396000,0.04139689258742604,-2174000.0,43030000,0.04139689258742604,10499000,32571000,0.031334840540670546,0.38,0.38,86384334,86627894,https://www.sedar.com/ModifyCompanyDocumentSearchForm.do?lang=EN&company_search=Martinrea International Inc&document_selection=0&industry_group=A&FromDate=13&FromMonth=05&FromYear=2000&ToDate=13&ToMonth=11&ToYear=2020&Variable=Issuer,https://www.sedar.com/ModifyCompanyDocumentSearchForm.do?lang=EN&company_search=Martinrea International Inc&document_selection=0&industry_group=A&FromDate=13&FromMonth=05&FromYear=2000&ToDate=13&ToMonth=11&ToYear=2020&Variable=Issuer
0,2015-12-31,MRE.TO,2015-12-31,2015-12-31,Q4,1035314000,931485000,103829000,0.10028744902512668,4980000.0,51027000,0.0,0.0,0.0,990097000,5837000.0,2082000.0,83280000,0.08043936428948126,45217000,0.036708670026677895,-1394000.0,38005000,0.036708670026677895,10179000,27731000,0.0267851106041259,0.3458187869900057,0.3458187869900057,80189397,80189397,https://www.sedar.com/ModifyCompanyDocumentSearchForm.do?lang=EN&company_search=Martinrea International Inc&document_selection=0&industry_group=A&FromDate=13&FromMonth=05&FromYear=2000&ToDate=13&ToMonth=11&ToYear=2020&Variable=Issuer,https://www.sedar.com/ModifyCompanyDocumentSearchForm.do?lang=EN&company_search=Martinrea International Inc&document_selection=0&industry_group=A&FromDate=13&FromMonth=05&FromYear=2000&ToDate=13&ToMonth=11&ToYear=2020&Variable=Issuer
0,2015-09-30,MRE.TO,2015-09-30,2015-09-30,Q3,929880000,833495000,96385000,0.1036531595474685,5911000.0,49300000,0.0,0.0,495000.0,891062000,6325000.0,1861000.0,74401000,0.08001139932034242,38818000,0.020775799027831547,-13204000,19319000,0.020775799027831547,4087000.0,15469000,0.01663547984686196,0.18,0.18,86202806,86767507,https://www.sedar.com/ModifyCompanyDocumentSearchForm.do?lang=EN&company_search=Martinrea International Inc&document_selection=0&industry_group=A&FromDate=13&FromMonth=05&FromYear=2000&ToDate=13&ToMonth=11&ToYear=2020&Variable=Issuer,https://www.sedar.com/ModifyCompanyDocumentSearchForm.do?lang=EN&company_search=Martinrea International Inc&document_selection=0&industry_group=A&FromDate=13&FromMonth=05&FromYear=2000&ToDate=13&ToMonth=11&ToYear=2020&Variable=Issuer
0,2015-06-30,MRE.TO,2015-06-30,2015-06-30,Q2,984046000,877667000,106379000,0.10810368620979101,5278000.0,48606000,0.0,0.0,0.0,933983000,6549000.0,1855000.0,83811000,0.08516979897281225,50063000,0.045057852986547374,807000.0,44339000,0.045057852986547374,10732000,33411000,0.033952681073852235,0.39,0.39,85800196,86608076,https://www.sedar.com/ModifyCompanyDocumentSearchForm.do?lang=EN&company_search=Martinrea International Inc&document_selection=0&industry_group=A&FromDate=13&FromMonth=05&FromYear=2000&ToDate=13&ToMonth=11&ToYear=2020&Variable=Issuer,https://www.sedar.com/ModifyCompanyDocumentSearchForm.do?lang=EN&company_search=Martinrea International Inc&document_selection=0&industry_group=A&FromDate=13&FromMonth=05&FromYear=2000&ToDate=13&ToMonth=11&ToYear=2020&Variable=Issuer
0,2015-03-31,MRE.TO,2015-03-31,2015-03-31,Q1,917531000,821892000,95639000,0.10423517025582787,5596000.0,44677000,0.0,0.0,0.0,874391000,6555000.0,1687000.0,74933000,0.08166808532899705,43140000,0.04333041608403422,3162000.0,39757000,0.04333041608403422,9249000.0,30419000,0.033153103273894834,0.36,0.36,85080044,85685525,https://www.sedar.com/ModifyCompanyDocumentSearchForm.do?lang=EN&company_search=Martinrea International Inc&document_selection=0&industry_group=A&FromDate=13&FromMonth=05&FromYear=2000&ToDate=13&ToMonth=11&ToYear=2020&Variable=Issuer,https://www.sedar.com/ModifyCompanyDocumentSearchForm.do?lang=EN&company_search=Martinrea International Inc&document_selection=0&industry_group=A&FromDate=13&FromMonth=05&FromYear=2000&ToDate=13&ToMonth=11&ToYear=2020&Variable=Issuer
0,2014-12-31,MRE.TO,2014-12-31,2014-12-31,Q4,943781000,857307000,86474000,0.09162506979903176,4415000.0,56112000,0.0,0.0,0.0,920348000,6379000.0,1844000.0,58436000,0.06191690657048616,23433000,0.015389163375825536,-1836000.0,14524000,0.015389163375825536,2598000.0,11921000,0.012631108276178478,0.14866055171857695,0.14866055171857695,80189397,80189397,https://www.sedar.com/ModifyCompanyDocumentSearchForm.do?lang=EN&company_search=Martinrea International Inc&document_selection=0&industry_group=A&FromDate=13&FromMonth=05&FromYear=2000&ToDate=13&ToMonth=11&ToYear=2020&Variable=Issuer,https://www.sedar.com/ModifyCompanyDocumentSearchForm.do?lang=EN&company_search=Martinrea International Inc&document_selection=0&industry_group=A&FromDate=13&FromMonth=05&FromYear=2000&ToDate=13&ToMonth=11&ToYear=2020&Variable=Issuer
0,2014-09-30,MRE.TO,2014-09-30,2014-09-30,Q3,859456000,781380000,78076000,0.09084351031350063,4427000.0,39462000,0.0,0.0,0.0,827937000,5910000.0,1764000.0,63173000,0.07350347196366074,31519000,0.030864872663638396,36000.0,26527000,0.030864872663638396,5322000.0,19384000,0.02255380147442103,0.23,0.23,84600067,86012603,https://www.sedar.com/ModifyCompanyDocumentSearchForm.do?lang=EN&company_search=Martinrea International Inc&document_selection=0&industry_group=A&FromDate=13&FromMonth=05&FromYear=2000&ToDate=13&ToMonth=11&ToYear=2020&Variable=Issuer,https://www.sedar.com/ModifyCompanyDocumentSearchForm.do?lang=EN&company_search=Martinrea International Inc&document_selection=0&industry_group=A&FromDate=13&FromMonth=05&FromYear=2000&ToDate=13&ToMonth=11&ToYear=2020&Variable=Issuer
0,2014-06-30,MRE.TO,2014-06-30,2014-06-30,Q2,930915000,835052000,95863000,0.10297717836752013,4875000.0,45594000,0.0,0.0,0.0,887803000,5330000.0,1714000.0,73073000,0.07849588845383305,43112000,0.04085227974627114,17000.0,38030000,0.04085227974627114,8404000.0,23308000,0.025037731694085925,0.28,0.27,84497594,85608721,https://www.sedar.com/ModifyCompanyDocumentSearchForm.do?lang=EN&company_search=Martinrea International Inc&document_selection=0&industry_group=A&FromDate=13&FromMonth=05&FromYear=2000&ToDate=13&ToMonth=11&ToYear=2020&Variable=Issuer,https://www.sedar.com/ModifyCompanyDocumentSearchForm.do?lang=EN&company_search=Martinrea International Inc&document_selection=0&industry_group=A&FromDate=13&FromMonth=05&FromYear=2000&ToDate=13&ToMonth=11&ToYear=2020&Variable=Issuer
0,2014-03-31,MRE.TO,2014-03-31,2014-03-31,Q1,864493000,777014000,87479000,0.10119110276196569,4642000.0,43331000,0.0,0.0,343000.0,826794000,5179000.0,1464000.0,65519000,0.07578893062176327,37699000,0.037198681770702596,-140000.0,32158000,0.037198681770702596,5499000.0,16691000,0.019307270272865135,0.2,0.2,84479704,85044174,https://www.sedar.com/ModifyCompanyDocumentSearchForm.do?lang=EN&company_search=Martinrea International Inc&document_selection=0&industry_group=A&FromDate=13&FromMonth=05&FromYear=2000&ToDate=13&ToMonth=11&ToYear=2020&Variable=Issuer,https://www.sedar.com/ModifyCompanyDocumentSearchForm.do?lang=EN&company_search=Martinrea International Inc&document_selection=0&industry_group=A&FromDate=13&FromMonth=05&FromYear=2000&ToDate=13&ToMonth=11&ToYear=2020&Variable=Issuer
0,2013-12-31,MRE.TO,2013-12-31,2013-12-31,Q4,858624000,785149000,73475000,0.08557296325283244,6089000.0,51434000,0.0,0.0,0.0,845007000,4182000.0,1838000.0,45850000,0.05339939251639833,13617000,-0.021169918381037565,-27060000,-18177000,-0.021169918381037565,25897000,-51425000,-0.05989233937090042,-0.6412942598882493,-0.6412942598882493,80189397,80189397,https://www.sedar.com/ModifyCompanyDocumentSearchForm.do?lang=EN&company_search=Martinrea International Inc&document_selection=0&industry_group=A&FromDate=13&FromMonth=05&FromYear=2000&ToDate=13&ToMonth=11&ToYear=2020&Variable=Issuer,https://www.sedar.com/ModifyCompanyDocumentSearchForm.do?lang=EN&company_search=Martinrea International Inc&document_selection=0&industry_group=A&FromDate=13&FromMonth=05&FromYear=2000&ToDate=13&ToMonth=11&ToYear=2020&Variable=Issuer
0,2013-09-30,MRE.TO,2013-09-30,2013-09-30,Q3,767861000,684198000,83663000,0.10895591780283151,2987000.0,38976000,0.0,0.0,0.0,728250000,4811000.0,1593000.0,66134000,0.08612756735919652,39611000,0.044986006581920424,-37000.0,34543000,0.044986006581920424,8156000.0,20973000,0.02731353721572003,0.25,0.25,84091258,85249975,https://www.sedar.com/ModifyCompanyDocumentSearchForm.do?lang=EN&company_search=Martinrea International Inc&document_selection=0&industry_group=A&FromDate=13&FromMonth=05&FromYear=2000&ToDate=13&ToMonth=11&ToYear=2020&Variable=Issuer,https://www.sedar.com/ModifyCompanyDocumentSearchForm.do?lang=EN&company_search=Martinrea International Inc&document_selection=0&industry_group=A&FromDate=13&FromMonth=05&FromYear=2000&ToDate=13&ToMonth=11&ToYear=2020&Variable=Issuer
0,2013-06-30,MRE.TO,2013-06-30,2013-06-30,Q2,826274000,735091000,91183000,0.11035443448541282,3567000.0,38771000,0.0,0.0,493000.0,779595000,5192000.0,1673000.0,73405000,0.08883856928815381,46679000,0.05076524252245623,263000.0,41946000,0.05076524252245623,9835000.0,27514000,0.03329888148483433,0.33,0.33,83984108,84591380,https://www.sedar.com/ModifyCompanyDocumentSearchForm.do?lang=EN&company_search=Martinrea International Inc&document_selection=0&industry_group=A&FromDate=13&FromMonth=05&FromYear=2000&ToDate=13&ToMonth=11&ToYear=2020&Variable=Issuer,https://www.sedar.com/ModifyCompanyDocumentSearchForm.do?lang=EN&company_search=Martinrea International Inc&document_selection=0&industry_group=A&FromDate=13&FromMonth=05&FromYear=2000&ToDate=13&ToMonth=11&ToYear=2020&Variable=Issuer
0,2013-03-31,MRE.TO,2013-03-31,2013-03-31,Q1,769122000,693407000,75715000,0.0984434198995738,4168000.0,34803000,0.0,0.0,486000.0,734338000,4683000.0,1474000.0,60347000,0.07846219455430999,34784000,0.04027059426202865,-111000.0,30973000,0.04027059426202865,7468000.0,19888000,0.025858056329164943,0.24,0.24,83756735,84364390,https://www.sedar.com/ModifyCompanyDocumentSearchForm.do?lang=EN&company_search=Martinrea International Inc&document_selection=0&industry_group=A&FromDate=13&FromMonth=05&FromYear=2000&ToDate=13&ToMonth=11&ToYear=2020&Variable=Issuer,https://www.sedar.com/ModifyCompanyDocumentSearchForm.do?lang=EN&company_search=Martinrea International Inc&document_selection=0&industry_group=A&FromDate=13&FromMonth=05&FromYear=2000&ToDate=13&ToMonth=11&ToYear=2020&Variable=Issuer
0,2012-12-31,MRE.TO,2012-12-31,2012-12-31,Q4,705599000,643765000,61834000,0.08763334415156485,2381000.0,41071000,0.0,0.0,0.0,689979000,4573000.0,1728000.0,45623000,0.06465853834826864,15620000,-0.02407174613342706,-28036000,-16985000,-0.02407174613342706,1471000.0,-6625000.0,-0.009389185642269902,-0.08261690756946333,-0.08261690756946333,80189397,80189397,https://www.sedar.com/ModifyCompanyDocumentSearchForm.do?lang=EN&company_search=Martinrea International Inc&document_selection=0&industry_group=A&FromDate=13&FromMonth=05&FromYear=2000&ToDate=13&ToMonth=11&ToYear=2020&Variable=Issuer,https://www.sedar.com/ModifyCompanyDocumentSearchForm.do?lang=EN&company_search=Martinrea International Inc&document_selection=0&industry_group=A&FromDate=13&FromMonth=05&FromYear=2000&ToDate=13&ToMonth=11&ToYear=2020&Variable=Issuer
0,2012-09-30,MRE.TO,2012-09-30,2012-09-30,Q3,697198000,638315000,58883000,0.08445663929041679,3056000.0,33940000,0.0,0.0,0.0,678253000,4507000.0,1511000.0,38493000,0.055211001752730214,18945000,0.017036767173744045,-2516000.0,11878000,0.017036767173744045,2861000.0,7980000.0,0.011445815966196116,0.1,0.1,82991164,83430950,https://www.sedar.com/ModifyCompanyDocumentSearchForm.do?lang=EN&company_search=Martinrea International Inc&document_selection=0&industry_group=A&FromDate=13&FromMonth=05&FromYear=2000&ToDate=13&ToMonth=11&ToYear=2020&Variable=Issuer,https://www.sedar.com/ModifyCompanyDocumentSearchForm.do?lang=EN&company_search=Martinrea International Inc&document_selection=0&industry_group=A&FromDate=13&FromMonth=05&FromYear=2000&ToDate=13&ToMonth=11&ToYear=2020&Variable=Issuer
0,2012-06-30,MRE.TO,2012-06-30,2012-06-30,Q2,762553000,686486000,76067000,0.09975306634424098,3807000.0,39925000,0.0,0.0,0.0,733119000,4263000.0,1352000.0,48368000,0.06342903378519263,29434000,0.030123807787786554,-2358000.0,22971000,0.030123807787786554,5779000.0,14372000,0.018847214554267046,0.17,0.17,82974635,83714584,https://www.sedar.com/ModifyCompanyDocumentSearchForm.do?lang=EN&company_search=Martinrea International Inc&document_selection=0&industry_group=A&FromDate=13&FromMonth=05&FromYear=2000&ToDate=13&ToMonth=11&ToYear=2020&Variable=Issuer,https://www.sedar.com/ModifyCompanyDocumentSearchForm.do?lang=EN&company_search=Martinrea International Inc&document_selection=0&industry_group=A&FromDate=13&FromMonth=05&FromYear=2000&ToDate=13&ToMonth=11&ToYear=2020&Variable=Issuer
0,2012-03-31,MRE.TO,2012-03-31,2012-03-31,Q1,735654000,655345000,80309000,0.10916680939680883,3328000.0,34266000,0.0,0.0,38000.0,695621000,3756000.0,1066000.0,58968000,0.08015724783661884,40033000,0.046867141346339444,-2164000.0,34478000,0.046867141346339444,8369000.0,23055000,0.031339461214103366,0.28,0.28,82907197,83591258,https://www.sedar.com/ModifyCompanyDocumentSearchForm.do?lang=EN&company_search=Martinrea International Inc&document_selection=0&industry_group=A&FromDate=13&FromMonth=05&FromYear=2000&ToDate=13&ToMonth=11&ToYear=2020&Variable=Issuer,https://www.sedar.com/ModifyCompanyDocumentSearchForm.do?lang=EN&company_search=Martinrea International Inc&document_selection=0&industry_group=A&FromDate=13&FromMonth=05&FromYear=2000&ToDate=13&ToMonth=11&ToYear=2020&Variable=Issuer
0,2011-12-31,MRE.TO,2011-12-31,2011-12-31,Q4,714827000,636124000,78703000,0.11010076563979816,3375000.0,38536000,0.0,0.0,512000.0,680873000,3704000.0,1273000.0,53442000,0.07476214524633233,33954000,0.03629689421356496,-3849000.0,25946000,0.03629689421356496,3358000.0,18509000,0.02589297830104347,0.23081605165331273,0.23081605165331273,80189397,80189397,https://www.sedar.com/ModifyCompanyDocumentSearchForm.do?lang=EN&company_search=Martinrea International Inc&document_selection=0&industry_group=A&FromDate=13&FromMonth=05&FromYear=2000&ToDate=13&ToMonth=11&ToYear=2020&Variable=Issuer,https://www.sedar.com/ModifyCompanyDocumentSearchForm.do?lang=EN&company_search=Martinrea International Inc&document_selection=0&industry_group=A&FromDate=13&FromMonth=05&FromYear=2000&ToDate=13&ToMonth=11&ToYear=2020&Variable=Issuer
0,2011-09-30,MRE.TO,2011-09-30,2011-09-30,Q3,572336000,509997000,62339000,0.10892028458807414,2732000.0,36117000,0.0,0.0,-71000.0,551801000,2961000.0,1008000.0,40827000,0.07133397165301501,20535000,0.014056428391713957,-9974000.0,8045000.0,0.014056428391713957,3807000.0,6454000.0,0.01127659277068016,0.08,0.08,83179508,83707776,https://www.sedar.com/ModifyCompanyDocumentSearchForm.do?lang=EN&company_search=Martinrea International Inc&document_selection=0&industry_group=A&FromDate=13&FromMonth=05&FromYear=2000&ToDate=13&ToMonth=11&ToYear=2020&Variable=Issuer,https://www.sedar.com/ModifyCompanyDocumentSearchForm.do?lang=EN&company_search=Martinrea International Inc&document_selection=0&industry_group=A&FromDate=13&FromMonth=05&FromYear=2000&ToDate=13&ToMonth=11&ToYear=2020&Variable=Issuer
0,2011-06-30,MRE.TO,2011-06-30,2011-06-30,Q2,474587000,424595000,49992000,0.10533790432523436,2033000.0,23361000,0.0,0.0,0.0,451852000,1506000.0,794000.0,33488000,0.07056240478563466,22735000,0.04564600378855721,0.0,21663000,0.04564600378855721,6219000.0,15546000,0.03275690231717261,0.19,0.19,83275710,83976733,https://www.sedar.com/ModifyCompanyDocumentSearchForm.do?lang=EN&company_search=Martinrea International Inc&document_selection=0&industry_group=A&FromDate=13&FromMonth=05&FromYear=2000&ToDate=13&ToMonth=11&ToYear=2020&Variable=Issuer,https://www.sedar.com/ModifyCompanyDocumentSearchForm.do?lang=EN&company_search=Martinrea International Inc&document_selection=0&industry_group=A&FromDate=13&FromMonth=05&FromYear=2000&ToDate=13&ToMonth=11&ToYear=2020&Variable=Issuer
0,2011-03-31,MRE.TO,2011-03-31,2011-03-31,Q1,431181000,388743000,42438000,0.09842270415440384,2258000.0,17706000,0.0,0.0,4000.0,410523000,1431000.0,721000.0,32743000,0.07593794717299696,20658000,0.045192158281556934,0.0,19486000,0.045192158281556934,5512000.0,14015000,0.03250375132484966,0.17,0.17,83289940,84915035,https://www.sedar.com/ModifyCompanyDocumentSearchForm.do?lang=EN&company_search=Martinrea International Inc&document_selection=0&industry_group=A&FromDate=13&FromMonth=05&FromYear=2000&ToDate=13&ToMonth=11&ToYear=2020&Variable=Issuer,https://www.sedar.com/ModifyCompanyDocumentSearchForm.do?lang=EN&company_search=Martinrea International Inc&document_selection=0&industry_group=A&FromDate=13&FromMonth=05&FromYear=2000&ToDate=13&ToMonth=11&ToYear=2020&Variable=Issuer
0,2010-12-31,MRE.TO,2010-12-31,2010-12-31,Q4,494420000,448885000,45535000,0.09209781157720157,0.0,24263000,0.0,0.0,932000.0,476090000,2463000.0,826000.0,31769000,0.06425508676833462,18330000,0.012196108571659722,-10349000,6030000.0,0.012196108571659722,1117000.0,5122000.0,0.010359613284252256,0.06387378121823263,0.06387378121823263,80189397,80189397,https://www.sedar.com/ModifyCompanyDocumentSearchForm.do?lang=EN&company_search=Martinrea International Inc&document_selection=0&industry_group=A&FromDate=13&FromMonth=05&FromYear=2000&ToDate=13&ToMonth=11&ToYear=2020&Variable=Issuer,https://www.sedar.com/ModifyCompanyDocumentSearchForm.do?lang=EN&company_search=Martinrea International Inc&document_selection=0&industry_group=A&FromDate=13&FromMonth=05&FromYear=2000&ToDate=13&ToMonth=11&ToYear=2020&Variable=Issuer
0,2010-09-30,MRE.TO,2010-09-30,2010-09-30,Q3,395087000,357992000,37095000,0.09389071267847335,0.0,19880000,0.0,0.0,-274000.0,379500000,1369000.0,735000.0,28706000,0.07265741469600366,15587000,0.022265981922968865,-5473000.0,8797000.0,0.022265981922968865,3001000.0,5746000.0,0.014543632162030135,0.07,0.07,83326018,83326018,https://www.sedar.com/ModifyCompanyDocumentSearchForm.do?lang=EN&company_search=Martinrea International Inc&document_selection=0&industry_group=A&FromDate=13&FromMonth=05&FromYear=2000&ToDate=13&ToMonth=11&ToYear=2020&Variable=Issuer,https://www.sedar.com/ModifyCompanyDocumentSearchForm.do?lang=EN&company_search=Martinrea International Inc&document_selection=0&industry_group=A&FromDate=13&FromMonth=05&FromYear=2000&ToDate=13&ToMonth=11&ToYear=2020&Variable=Issuer
0,2010-06-30,MRE.TO,2010-06-30,2010-06-30,Q2,418392000,377846000,40546000,0.09690911872119926,0.0,19852000,0.0,0.0,-10418000,389101000,1451000.0,657000.0,41794000,0.09989196734163178,29291000,0.038535631656437024,-11717000,16123000,0.038535631656437024,3868000.0,12412000,0.029665959196160538,0.15,0.15,83326018,84427106,https://www.sedar.com/ModifyCompanyDocumentSearchForm.do?lang=EN&company_search=Martinrea International Inc&document_selection=0&industry_group=A&FromDate=13&FromMonth=05&FromYear=2000&ToDate=13&ToMonth=11&ToYear=2020&Variable=Issuer,https://www.sedar.com/ModifyCompanyDocumentSearchForm.do?lang=EN&company_search=Martinrea International Inc&document_selection=0&industry_group=A&FromDate=13&FromMonth=05&FromYear=2000&ToDate=13&ToMonth=11&ToYear=2020&Variable=Issuer
0,2010-03-31,MRE.TO,2010-03-31,2010-03-31,Q1,381480000,344761000,36719000,0.09625406312257523,0.0,19669000,0.0,0.0,0.0,366244000,1392000.0,646000.0,28072000,0.07358708189158016,15236000,0.035933731781482646,-303000.0,13708000,0.035933731781482646,4016000.0,9714000.0,0.02546398238439761,0.12,0.12,83326018,84382352,https://www.sedar.com/ModifyCompanyDocumentSearchForm.do?lang=EN&company_search=Martinrea International Inc&document_selection=0&industry_group=A&FromDate=13&FromMonth=05&FromYear=2000&ToDate=13&ToMonth=11&ToYear=2020&Variable=Issuer,https://www.sedar.com/ModifyCompanyDocumentSearchForm.do?lang=EN&company_search=Martinrea International Inc&document_selection=0&industry_group=A&FromDate=13&FromMonth=05&FromYear=2000&ToDate=13&ToMonth=11&ToYear=2020&Variable=Issuer
0,2009-12-31,MRE.TO,2009-12-31,2009-12-31,Q4,395965000,367455000,28510000,0.07200131324738297,0.0,21692000,0.0,0.0,1989000.0,393130000,1494000.0,0.0,15820000,0.03995302615130125,2835000.0,-0.016920687434495475,-8417000.0,-6700000.0,-0.016920687434495475,-1411000.0,-5378000.0,-0.013582008510853233,-0.06706622323148284,-0.06706622323148284,80189397,80189397,https://www.sedar.com/ModifyCompanyDocumentSearchForm.do?lang=EN&company_search=Martinrea International Inc&document_selection=0&industry_group=A&FromDate=13&FromMonth=05&FromYear=2000&ToDate=13&ToMonth=11&ToYear=2020&Variable=Issuer,https://www.sedar.com/ModifyCompanyDocumentSearchForm.do?lang=EN&company_search=Martinrea International Inc&document_selection=0&industry_group=A&FromDate=13&FromMonth=05&FromYear=2000&ToDate=13&ToMonth=11&ToYear=2020&Variable=Issuer
0,2009-09-30,MRE.TO,2009-09-30,2009-09-30,Q3,293786000,266927000,26859000,0.09142368935211344,0.0,17949000,0.0,0.0,2801000.0,289694000,1520000.0,0.0,17959000,0.06112952965764196,4092000.0,0.004527104763331132,-1242000.0,1330000.0,0.004527104763331132,659000.0,717000.0,0.0024405519663973094,0.01,0.01,83326018,84013553,https://www.sedar.com/ModifyCompanyDocumentSearchForm.do?lang=EN&company_search=Martinrea International Inc&document_selection=0&industry_group=A&FromDate=13&FromMonth=05&FromYear=2000&ToDate=13&ToMonth=11&ToYear=2020&Variable=Issuer,https://www.sedar.com/ModifyCompanyDocumentSearchForm.do?lang=EN&company_search=Martinrea International Inc&document_selection=0&industry_group=A&FromDate=13&FromMonth=05&FromYear=2000&ToDate=13&ToMonth=11&ToYear=2020&Variable=Issuer
0,2009-06-30,MRE.TO,2009-06-30,2009-06-30,Q2,243317000,227290000,16027000,0.06586880489238318,0.0,17553000,0.0,0.0,1377000.0,248051000,1120000.0,694000.0,9174000.0,0.03770390067278489,-4734000.0,-0.052573391912607834,-7168000.0,-12792000,-0.052573391912607834,-4247000.0,-8505000.0,-0.03495440104883753,-0.12,-0.12,72464907,73073720,https://www.sedar.com/ModifyCompanyDocumentSearchForm.do?lang=EN&company_search=Martinrea International Inc&document_selection=0&industry_group=A&FromDate=13&FromMonth=05&FromYear=2000&ToDate=13&ToMonth=11&ToYear=2020&Variable=Issuer,https://www.sedar.com/ModifyCompanyDocumentSearchForm.do?lang=EN&company_search=Martinrea International Inc&document_selection=0&industry_group=A&FromDate=13&FromMonth=05&FromYear=2000&ToDate=13&ToMonth=11&ToYear=2020&Variable=Issuer
0,2009-03-31,MRE.TO,2009-03-31,2009-03-31,Q1,205072000,201367000,3705000.0,0.01806682531013498,0.0,16942000,0.0,0.0,-2502000.0,217565000,1401000.0,647000.0,1075000.0,0.005242061324802996,-12493000,-0.08919306389950847,-4397000.0,-18291000,-0.08919306389950847,-6385000.0,-11774000,-0.05741398143091207,-0.16,-0.16,71826018,72426018,https://www.sedar.com/ModifyCompanyDocumentSearchForm.do?lang=EN&company_search=Martinrea International Inc&document_selection=0&industry_group=A&FromDate=13&FromMonth=05&FromYear=2000&ToDate=13&ToMonth=11&ToYear=2020&Variable=Issuer,https://www.sedar.com/ModifyCompanyDocumentSearchForm.do?lang=EN&company_search=Martinrea International Inc&document_selection=0&industry_group=A&FromDate=13&FromMonth=05&FromYear=2000&ToDate=13&ToMonth=11&ToYear=2020&Variable=Issuer
0,2008-12-31,MRE.TO,2008-12-31,2008-12-31,Q4,356852000,372873000,-16021000,-0.04489536278345084,0.0,17565000,0.0,0.0,0.0,363466000,2321000.0,-29763000,-290852000,-0.815049376211987,-6614000.0,-0.8716134419871543,4716000.0,-311037000,-0.8716134419871543,-24375000,-286520000,-0.8029098898142647,-3.5730409595173787,-3.5730409595173787,80189397,80189397,https://www.sedar.com/ModifyCompanyDocumentSearchForm.do?lang=EN&company_search=Martinrea International Inc&document_selection=0&industry_group=A&FromDate=13&FromMonth=05&FromYear=2000&ToDate=13&ToMonth=11&ToYear=2020&Variable=Issuer,https://www.sedar.com/ModifyCompanyDocumentSearchForm.do?lang=EN&company_search=Martinrea International Inc&document_selection=0&industry_group=A&FromDate=13&FromMonth=05&FromYear=2000&ToDate=13&ToMonth=11&ToYear=2020&Variable=Issuer
0,2008-09-30,MRE.TO,2008-09-30,2008-09-30,Q3,355481000,314555000,40926000,0.115128516010701,0.0,22358000,0.0,0.0,0.0,350734000,1488000.0,12722000,18568000,0.05223345270211347,4747000.0,0.015086600971641242,1565000.0,5363000.0,0.015086600971641242,1204000.0,4188000.0,0.011781220374647308,0.06,0.06,71826018,72468721,https://www.sedar.com/ModifyCompanyDocumentSearchForm.do?lang=EN&company_search=Martinrea International Inc&document_selection=0&industry_group=A&FromDate=13&FromMonth=05&FromYear=2000&ToDate=13&ToMonth=11&ToYear=2020&Variable=Issuer,https://www.sedar.com/ModifyCompanyDocumentSearchForm.do?lang=EN&company_search=Martinrea International Inc&document_selection=0&industry_group=A&FromDate=13&FromMonth=05&FromYear=2000&ToDate=13&ToMonth=11&ToYear=2020&Variable=Issuer
0,2008-06-30,MRE.TO,2008-06-30,2008-06-30,Q2,410861000,357728000,53133000,0.12932110859877186,0.0,22104000,0.0,0.0,0.0,391595000,1762000.0,10603000,31243000,0.07604274925096322,19266000,0.04232575007119196,-510000.0,17390000,0.04232575007119196,6043000.0,11338000,0.027595707550728835,0.16,0.16,71826018,72538309,https://www.sedar.com/ModifyCompanyDocumentSearchForm.do?lang=EN&company_search=Martinrea International Inc&document_selection=0&industry_group=A&FromDate=13&FromMonth=05&FromYear=2000&ToDate=13&ToMonth=11&ToYear=2020&Variable=Issuer,https://www.sedar.com/ModifyCompanyDocumentSearchForm.do?lang=EN&company_search=Martinrea International Inc&document_selection=0&industry_group=A&FromDate=13&FromMonth=05&FromYear=2000&ToDate=13&ToMonth=11&ToYear=2020&Variable=Issuer
0,2008-03-31,MRE.TO,2008-03-31,2008-03-31,Q1,433827000,384571000,49256000,0.11353834593052069,0.0,23175000,0.0,0.0,0.0,418662000,2094000.0,9881000.0,26081000,0.060118434306762836,15165000,0.03430169168816141,847000.0,14881000,0.03430169168816141,4960000.0,9906000.0,0.022833986819630867,0.14,0.14,72426018,72426018,https://www.sedar.com/ModifyCompanyDocumentSearchForm.do?lang=EN&company_search=Martinrea International Inc&document_selection=0&industry_group=A&FromDate=13&FromMonth=05&FromYear=2000&ToDate=13&ToMonth=11&ToYear=2020&Variable=Issuer,https://www.sedar.com/ModifyCompanyDocumentSearchForm.do?lang=EN&company_search=Martinrea International Inc&document_selection=0&industry_group=A&FromDate=13&FromMonth=05&FromYear=2000&ToDate=13&ToMonth=11&ToYear=2020&Variable=Issuer
0,2007-12-31,MRE.TO,2007-12-31,2007-12-31,Q4,462549000,404261000,58288000,0.12601475735543693,0.0,27635000,0.0,0.0,0.0,444647000,3687000.0,11693000,31081000,0.06719504311975596,17902000,0.03389694929618267,-5000.0,15679000,0.03389694929618267,4296000.0,11322000,0.02447740671799096,0.14119073622663605,0.14119073622663605,80189397,80189397,https://www.sedar.com/ModifyCompanyDocumentSearchForm.do?lang=EN&company_search=Martinrea International Inc&document_selection=0&industry_group=A&FromDate=13&FromMonth=05&FromYear=2000&ToDate=13&ToMonth=11&ToYear=2020&Variable=Issuer,https://www.sedar.com/ModifyCompanyDocumentSearchForm.do?lang=EN&company_search=Martinrea International Inc&document_selection=0&industry_group=A&FromDate=13&FromMonth=05&FromYear=2000&ToDate=13&ToMonth=11&ToYear=2020&Variable=Issuer
0,2007-09-30,MRE.TO,2007-09-30,2007-09-30,Q3,476212000,410067000,66145000,0.13889822180037462,0.0,28792000,0.0,0.0,0.0,449944000,3517000.0,10002000,37353000,0.07843775461349146,26268000,0.04518155779358773,-1583000.0,21516000,0.04518155779358773,6561000.0,14967000,0.03142927939657127,0.23,0.23,64546897,66467516,https://www.sedar.com/ModifyCompanyDocumentSearchForm.do?lang=EN&company_search=Martinrea International Inc&document_selection=0&industry_group=A&FromDate=13&FromMonth=05&FromYear=2000&ToDate=13&ToMonth=11&ToYear=2020&Variable=Issuer,https://www.sedar.com/ModifyCompanyDocumentSearchForm.do?lang=EN&company_search=Martinrea International Inc&document_selection=0&industry_group=A&FromDate=13&FromMonth=05&FromYear=2000&ToDate=13&ToMonth=11&ToYear=2020&Variable=Issuer
0,2007-06-30,MRE.TO,2007-06-30,2007-06-30,Q2,537924000,468748000,69176000,0.12859809192376617,0.0,25580000,0.0,0.0,0.0,506125000,3048000.0,10710000,43596000,0.08104490597184733,31799000,0.05361723961005644,-473000.0,28842000,0.05361723961005644,9281000.0,19518000,0.03628393602070181,0.3,0.3,64026466,65967940,https://www.sedar.com/ModifyCompanyDocumentSearchForm.do?lang=EN&company_search=Martinrea International Inc&document_selection=0&industry_group=A&FromDate=13&FromMonth=05&FromYear=2000&ToDate=13&ToMonth=11&ToYear=2020&Variable=Issuer,https://www.sedar.com/ModifyCompanyDocumentSearchForm.do?lang=EN&company_search=Martinrea International Inc&document_selection=0&industry_group=A&FromDate=13&FromMonth=05&FromYear=2000&ToDate=13&ToMonth=11&ToYear=2020&Variable=Issuer
0,2007-03-31,MRE.TO,2007-03-31,2007-03-31,Q1,525776000,463820000,61956000,0.1178372538875871,0.0,26191000,0.0,0.0,0.0,503005000,0.0,11868000,35765000,0.06802326466023553,22771000,0.040062688293113415,0.0,21064000,0.040062688293113415,6362000.0,14658000,0.027878792489577312,0.23,0.23,62521484,65128442,https://www.sedar.com/ModifyCompanyDocumentSearchForm.do?lang=EN&company_search=Martinrea International Inc&document_selection=0&industry_group=A&FromDate=13&FromMonth=05&FromYear=2000&ToDate=13&ToMonth=11&ToYear=2020&Variable=Issuer,https://www.sedar.com/ModifyCompanyDocumentSearchForm.do?lang=EN&company_search=Martinrea International Inc&document_selection=0&industry_group=A&FromDate=13&FromMonth=05&FromYear=2000&ToDate=13&ToMonth=11&ToYear=2020&Variable=Issuer
0,2006-12-31,MRE.TO,2006-12-31,2006-12-31,Q4,299380000,258762000,40618000,0.13567372569977953,0.0,20765000,0.0,0.0,0.0,287461000,2158000.0,6996000.0,19853000,0.06631371501102278,11919000,0.04596499432159797,4201000.0,13761000,0.04596499432159797,5031000.0,8657000.0,0.02891642728305164,0.10795691604963684,0.10795691604963684,80189397,80189397,https://www.sedar.com/ModifyCompanyDocumentSearchForm.do?lang=EN&company_search=Martinrea International Inc&document_selection=0&industry_group=A&FromDate=13&FromMonth=05&FromYear=2000&ToDate=13&ToMonth=11&ToYear=2020&Variable=Issuer,https://www.sedar.com/ModifyCompanyDocumentSearchForm.do?lang=EN&company_search=Martinrea International Inc&document_selection=0&industry_group=A&FromDate=13&FromMonth=05&FromYear=2000&ToDate=13&ToMonth=11&ToYear=2020&Variable=Issuer
0,2006-09-30,MRE.TO,2006-09-30,2006-09-30,Q3,174120000,142800000,31320000,0.17987594762232942,0.0,11738000,0.0,0.0,0.0,165214000,1042000.0,9699000.0,19582000,0.11246266942338617,8906000.0,0.06720652423615897,3407000.0,11702000,0.06720652423615897,4106000.0,7517000.0,0.04317137606248564,0.12,0.12,61303351,64003355,https://www.sedar.com/ModifyCompanyDocumentSearchForm.do?lang=EN&company_search=Martinrea International Inc&document_selection=0&industry_group=A&FromDate=13&FromMonth=05&FromYear=2000&ToDate=13&ToMonth=11&ToYear=2020&Variable=Issuer,https://www.sedar.com/ModifyCompanyDocumentSearchForm.do?lang=EN&company_search=Martinrea International Inc&document_selection=0&industry_group=A&FromDate=13&FromMonth=05&FromYear=2000&ToDate=13&ToMonth=11&ToYear=2020&Variable=Issuer
0,2006-06-30,MRE.TO,2006-06-30,2006-06-30,Q2,204316000,165667000,38649000,0.18916286536541435,0.0,12901000,0.0,0.0,0.0,188690000,816000.0,9220000.0,25748000,0.1260204780829695,15626000,0.08765343879089253,2848000.0,17909000,0.08765343879089253,5928000.0,11915000,0.05831652929775446,0.2,0.19,59586208,62384835,https://www.sedar.com/ModifyCompanyDocumentSearchForm.do?lang=EN&company_search=Martinrea International Inc&document_selection=0&industry_group=A&FromDate=13&FromMonth=05&FromYear=2000&ToDate=13&ToMonth=11&ToYear=2020&Variable=Issuer,https://www.sedar.com/ModifyCompanyDocumentSearchForm.do?lang=EN&company_search=Martinrea International Inc&document_selection=0&industry_group=A&FromDate=13&FromMonth=05&FromYear=2000&ToDate=13&ToMonth=11&ToYear=2020&Variable=Issuer
0,2006-03-31,MRE.TO,2006-03-31,2006-03-31,Q1,193688000,157494000,36194000,0.18686753954813928,0.0,11972000,0.0,0.0,0.0,176623000,1068000.0,6291000.0,24222000,0.12505679236710587,17065000,0.08322663252240717,123000.0,16120000,0.08322663252240717,5859000.0,10197000,0.052646524307133125,0.18,0.18,5529351.0,57966040,https://www.sedar.com/ModifyCompanyDocumentSearchForm.do?lang=EN&company_search=Martinrea International Inc&document_selection=0&industry_group=A&FromDate=13&FromMonth=05&FromYear=2000&ToDate=13&ToMonth=11&ToYear=2020&Variable=Issuer,https://www.sedar.com/ModifyCompanyDocumentSearchForm.do?lang=EN&company_search=Martinrea International Inc&document_selection=0&industry_group=A&FromDate=13&FromMonth=05&FromYear=2000&ToDate=13&ToMonth=11&ToYear=2020&Variable=Issuer
0,2005-12-31,MRE.TO,2005-12-31,2005-12-31,Q4,185224000,153098000,32126000,0.17344404612793157,0.0,13812000,0.0,0.0,0.0,175231000,1053000.0,7456000.0,18314000,0.09887487582602686,9993000.0,0.04537209000993392,-536000.0,8404000.0,0.04537209000993392,3896000.0,4450000.0,0.02402496436746858,0.05549362093345084,0.05549362093345084,80189397,80189397,https://www.sedar.com/ModifyCompanyDocumentSearchForm.do?lang=EN&company_search=Martinrea International Inc&document_selection=0&industry_group=A&FromDate=13&FromMonth=05&FromYear=2000&ToDate=13&ToMonth=11&ToYear=2020&Variable=Issuer,https://www.sedar.com/ModifyCompanyDocumentSearchForm.do?lang=EN&company_search=Martinrea International Inc&document_selection=0&industry_group=A&FromDate=13&FromMonth=05&FromYear=2000&ToDate=13&ToMonth=11&ToYear=2020&Variable=Issuer
0,2005-09-30,MRE.TO,2005-09-30,2005-09-30,Q3,161408000,134404000,27004000,0.16730273592386993,0.0,10879000,0.0,0.0,0.0,152481000,0.0,6332000.0,16125000,0.09990211141950833,8927000.0,0.04530134813639968,0.0,7312000.0,0.04530134813639968,2664000.0,4558000.0,0.028238996827914354,0.08,0.08,52290351,57887808,https://www.sedar.com/ModifyCompanyDocumentSearchForm.do?lang=EN&company_search=Martinrea International Inc&document_selection=0&industry_group=A&FromDate=13&FromMonth=05&FromYear=2000&ToDate=13&ToMonth=11&ToYear=2020&Variable=Issuer,https://www.sedar.com/ModifyCompanyDocumentSearchForm.do?lang=EN&company_search=Martinrea International Inc&document_selection=0&industry_group=A&FromDate=13&FromMonth=05&FromYear=2000&ToDate=13&ToMonth=11&ToYear=2020&Variable=Issuer
0,2005-06-30,MRE.TO,2005-06-30,2005-06-30,Q2,170139000,141221000,28918000,0.1699669094093653,0.0,11915000,0.0,0.0,0.0,159995000,1239000.0,5994000.0,17003000,0.09993593473571609,10144000,0.055595718794632626,554000.0,9459000.0,0.055595718794632626,3266000.0,6112000.0,0.03592356837644514,0.11,0.11,55290351,57828538,https://www.sedar.com/ModifyCompanyDocumentSearchForm.do?lang=EN&company_search=Martinrea International Inc&document_selection=0&industry_group=A&FromDate=13&FromMonth=05&FromYear=2000&ToDate=13&ToMonth=11&ToYear=2020&Variable=Issuer,https://www.sedar.com/ModifyCompanyDocumentSearchForm.do?lang=EN&company_search=Martinrea International Inc&document_selection=0&industry_group=A&FromDate=13&FromMonth=05&FromYear=2000&ToDate=13&ToMonth=11&ToYear=2020&Variable=Issuer
0,2005-03-31,MRE.TO,2005-03-31,2005-03-31,Q1,152987000,126474000,26513000,0.17330230673194455,0.0,10349000,0.0,0.0,0.0,143411000,1505000.0,5722000.0,16164000,0.10565603613378914,9576000.0,0.051455352415564724,-199000.0,7872000.0,0.051455352415564724,2789000.0,5063000.0,0.03309431520325257,0.09,0.09,55290351,57805174,https://www.sedar.com/ModifyCompanyDocumentSearchForm.do?lang=EN&company_search=Martinrea International Inc&document_selection=0&industry_group=A&FromDate=13&FromMonth=05&FromYear=2000&ToDate=13&ToMonth=11&ToYear=2020&Variable=Issuer,https://www.sedar.com/ModifyCompanyDocumentSearchForm.do?lang=EN&company_search=Martinrea International Inc&document_selection=0&industry_group=A&FromDate=13&FromMonth=05&FromYear=2000&ToDate=13&ToMonth=11&ToYear=2020&Variable=Issuer
0,2004-12-31,MRE.TO,2004-12-31,2004-12-31,Q4,149913000,124988000,24925000,0.16626309926423993,0.0,12683000,0.0,0.0,0.0,144838000,1605000.0,0.0,12242000,0.08166069653732498,5075000.0,0.0195446692414934,-540000.0,2930000.0,0.0195446692414934,787000.0,2174000.0,0.014501744345053464,0.02711081615939823,0.02711081615939823,80189397,80189397,https://www.sedar.com/ModifyCompanyDocumentSearchForm.do?lang=EN&company_search=Martinrea International Inc&document_selection=0&industry_group=A&FromDate=13&FromMonth=05&FromYear=2000&ToDate=13&ToMonth=11&ToYear=2020&Variable=Issuer,https://www.sedar.com/ModifyCompanyDocumentSearchForm.do?lang=EN&company_search=Martinrea International Inc&document_selection=0&industry_group=A&FromDate=13&FromMonth=05&FromYear=2000&ToDate=13&ToMonth=11&ToYear=2020&Variable=Issuer
0,2004-09-30,MRE.TO,2004-09-30,2004-09-30,Q3,125286000,105345000,19941000,0.15916383314975335,0.0,9867000.0,0.0,0.0,0.0,121541000,0.0,0.0,10074000,0.08040802643551553,3745000.0,0.01656210590169692,0.0,2075000.0,0.01656210590169692,1061000.0,971000.0,0.007750267388215762,0.02,0.02,55285276,57803864,https://www.sedar.com/ModifyCompanyDocumentSearchForm.do?lang=EN&company_search=Martinrea International Inc&document_selection=0&industry_group=A&FromDate=13&FromMonth=05&FromYear=2000&ToDate=13&ToMonth=11&ToYear=2020&Variable=Issuer,https://www.sedar.com/ModifyCompanyDocumentSearchForm.do?lang=EN&company_search=Martinrea International Inc&document_selection=0&industry_group=A&FromDate=13&FromMonth=05&FromYear=2000&ToDate=13&ToMonth=11&ToYear=2020&Variable=Issuer
0,2004-06-30,MRE.TO,2004-06-30,2004-06-30,Q2,162328000,135213000,27115000,0.1670383421221231,0.0,10679000,0.0,0.0,-14000.0,152659000,1602000.0,0.0,16450000,0.1013380316396432,9669000.0,0.05096471341974274,206000.0,8273000.0,0.05096471341974274,3002000.0,5134000.0,0.031627322458232715,0.09,0.09,55285332,57815669,https://www.sedar.com/ModifyCompanyDocumentSearchForm.do?lang=EN&company_search=Martinrea International Inc&document_selection=0&industry_group=A&FromDate=13&FromMonth=05&FromYear=2000&ToDate=13&ToMonth=11&ToYear=2020&Variable=Issuer,https://www.sedar.com/ModifyCompanyDocumentSearchForm.do?lang=EN&company_search=Martinrea International Inc&document_selection=0&industry_group=A&FromDate=13&FromMonth=05&FromYear=2000&ToDate=13&ToMonth=11&ToYear=2020&Variable=Issuer
0,2004-03-31,MRE.TO,2004-03-31,2004-03-31,Q1,145217000,123126000,22091000,0.15212406260974956,0.0,10326000,0.0,0.0,0.0,139730000,1300000.0,0.0,11765000,0.0810166853743019,5487000.0,0.030092895459897948,183000.0,4370000.0,0.030092895459897948,1537000.0,2684000.0,0.018482684534179884,0.05,0.05,55285276,57822805,https://www.sedar.com/ModifyCompanyDocumentSearchForm.do?lang=EN&company_search=Martinrea International Inc&document_selection=0&industry_group=A&FromDate=13&FromMonth=05&FromYear=2000&ToDate=13&ToMonth=11&ToYear=2020&Variable=Issuer,https://www.sedar.com/ModifyCompanyDocumentSearchForm.do?lang=EN&company_search=Martinrea International Inc&document_selection=0&industry_group=A&FromDate=13&FromMonth=05&FromYear=2000&ToDate=13&ToMonth=11&ToYear=2020&Variable=Issuer
0,2003-12-31,MRE.TO,2003-12-31,2003-12-31,Q4,172708000,148719000,23989000,0.13889918243509275,0.0,12242000,0.0,0.0,0.0,166907000,1198000.0,0.0,11747000,0.06801653658197651,5801000.0,0.02801838942029321,282000.0,4839000.0,0.02801838942029321,2641000.0,2265000.0,0.01311462121036663,0.028245629531295766,0.028245629531295766,80189397,80189397,https://www.sedar.com/ModifyCompanyDocumentSearchForm.do?lang=EN&company_search=Martinrea International Inc&document_selection=0&industry_group=A&FromDate=13&FromMonth=05&FromYear=2000&ToDate=13&ToMonth=11&ToYear=2020&Variable=Issuer,https://www.sedar.com/ModifyCompanyDocumentSearchForm.do?lang=EN&company_search=Martinrea International Inc&document_selection=0&industry_group=A&FromDate=13&FromMonth=05&FromYear=2000&ToDate=13&ToMonth=11&ToYear=2020&Variable=Issuer
0,2003-09-30,MRE.TO,2003-09-30,2003-09-30,Q3,141423000,118932000,22491000,0.1590335376848179,0.0,9122000.0,0.0,0.0,0.0,133864000,1304000.0,0.0,13369000,0.09453200681643015,7559000.0,0.04606747134483075,255000.0,6515000.0,0.04606747134483075,2344000.0,4171000.0,0.029493081040566246,0.08,0.07,55285276,57848926,https://www.sedar.com/ModifyCompanyDocumentSearchForm.do?lang=EN&company_search=Martinrea International Inc&document_selection=0&industry_group=A&FromDate=13&FromMonth=05&FromYear=2000&ToDate=13&ToMonth=11&ToYear=2020&Variable=Issuer,https://www.sedar.com/ModifyCompanyDocumentSearchForm.do?lang=EN&company_search=Martinrea International Inc&document_selection=0&industry_group=A&FromDate=13&FromMonth=05&FromYear=2000&ToDate=13&ToMonth=11&ToYear=2020&Variable=Issuer
0,2003-06-30,MRE.TO,2003-06-30,2003-06-30,Q2,142823000,120131000,22692000,0.15888197279149716,0.0,9041000.0,0.0,0.0,0.0,134345000,0.0,0.0,13651000,0.09557984358261624,8478000.0,0.04696022349341493,0.0,6707000.0,0.04696022349341493,2201000.0,4519000.0,0.031640562094340546,0.08,0.08,55275000,57822000,https://www.sedar.com/ModifyCompanyDocumentSearchForm.do?lang=EN&company_search=Martinrea International Inc&document_selection=0&industry_group=A&FromDate=13&FromMonth=05&FromYear=2000&ToDate=13&ToMonth=11&ToYear=2020&Variable=Issuer,https://www.sedar.com/ModifyCompanyDocumentSearchForm.do?lang=EN&company_search=Martinrea International Inc&document_selection=0&industry_group=A&FromDate=13&FromMonth=05&FromYear=2000&ToDate=13&ToMonth=11&ToYear=2020&Variable=Issuer
0,2003-03-31,MRE.TO,2003-03-31,2003-03-31,Q1,151185000,127667000,23518000,0.15555776035982405,0.0,10715000,0.0,0.0,0.0,142958000,0.0,0.0,12803000,0.08468432714885736,8227000.0,0.042742335549161625,0.0,6462000.0,0.042742335549161625,2010000.0,4452000.0,0.02944736581010021,0.08,0.08,55202000,57778000,https://www.sedar.com/ModifyCompanyDocumentSearchForm.do?lang=EN&company_search=Martinrea International Inc&document_selection=0&industry_group=A&FromDate=13&FromMonth=05&FromYear=2000&ToDate=13&ToMonth=11&ToYear=2020&Variable=Issuer,https://www.sedar.com/ModifyCompanyDocumentSearchForm.do?lang=EN&company_search=Martinrea International Inc&document_selection=0&industry_group=A&FromDate=13&FromMonth=05&FromYear=2000&ToDate=13&ToMonth=11&ToYear=2020&Variable=Issuer
0,2002-12-31,MRE.TO,2002-12-31,2002-12-31,Q4,80844000,68431000,12413000,0.1535426253030528,0.0,7876000.0,0.0,0.0,0.0,79354000,482000.0,0.0,4537000.0,0.05612042946910099,1490000.0,0.012480827272277473,0.0,1009000.0,0.012480827272277473,828000.0,397000.0,0.004910692197318292,0.00495077921586067,0.00495077921586067,80189397,80189397,https://www.sedar.com/ModifyCompanyDocumentSearchForm.do?lang=EN&company_search=Martinrea International Inc&document_selection=0&industry_group=A&FromDate=13&FromMonth=05&FromYear=2000&ToDate=13&ToMonth=11&ToYear=2020&Variable=Issuer,https://www.sedar.com/ModifyCompanyDocumentSearchForm.do?lang=EN&company_search=Martinrea International Inc&document_selection=0&industry_group=A&FromDate=13&FromMonth=05&FromYear=2000&ToDate=13&ToMonth=11&ToYear=2020&Variable=Issuer
0,2002-09-30,MRE.TO,2002-09-30,2002-09-30,Q3,73423000,62584000,10839000,0.14762404151287745,0.0,5185000.0,0.0,0.0,0.0,70221000,453000.0,0.0,5654000.0,0.07700584285578088,3202000.0,0.0370319926998352,0.0,2719000.0,0.0370319926998352,916000.0,1622000.0,0.022091170341718536,0.04,0.03,45175000,47834000,https://www.sedar.com/ModifyCompanyDocumentSearchForm.do?lang=EN&company_search=Martinrea International Inc&document_selection=0&industry_group=A&FromDate=13&FromMonth=05&FromYear=2000&ToDate=13&ToMonth=11&ToYear=2020&Variable=Issuer,https://www.sedar.com/ModifyCompanyDocumentSearchForm.do?lang=EN&company_search=Martinrea International Inc&document_selection=0&industry_group=A&FromDate=13&FromMonth=05&FromYear=2000&ToDate=13&ToMonth=11&ToYear=2020&Variable=Issuer
0,2002-06-30,MRE.TO,2002-06-30,2002-06-30,Q2,55498000,47473000,8025000.0,0.14459980539839273,0.0,5664000.0,0.0,0.0,0.0,55286000,149000.0,0.0,2361000.0,0.04254207358823742,212000.0,0.006108328228044254,0.0,339000.0,0.006108328228044254,73000.0,232000.0,0.0041803308227323505,0.01,0.01,41219000,44578000,https://www.sedar.com/ModifyCompanyDocumentSearchForm.do?lang=EN&company_search=Martinrea International Inc&document_selection=0&industry_group=A&FromDate=13&FromMonth=05&FromYear=2000&ToDate=13&ToMonth=11&ToYear=2020&Variable=Issuer,https://www.sedar.com/ModifyCompanyDocumentSearchForm.do?lang=EN&company_search=Martinrea International Inc&document_selection=0&industry_group=A&FromDate=13&FromMonth=05&FromYear=2000&ToDate=13&ToMonth=11&ToYear=2020&Variable=Issuer
0,2002-03-31,MRE.TO,2002-03-31,2002-03-31,Q1,12190000,11163000,1027000.0,0.08424938474159147,0.0,2183000.0,0.0,0.0,579000.0,15297000,315000.0,0.0,-1735000.0,-0.14232977850697293,-3107000.0,-0.2696472518457752,0.0,-3287000.0,-0.2696472518457752,-1046000.0,-2241000.0,-0.18383921246923707,-0.12,-0.12,18776000,20829000,https://www.sedar.com/ModifyCompanyDocumentSearchForm.do?lang=EN&company_search=Martinrea International Inc&document_selection=0&industry_group=A&FromDate=13&FromMonth=05&FromYear=2000&ToDate=13&ToMonth=11&ToYear=2020&Variable=Issuer,https://www.sedar.com/ModifyCompanyDocumentSearchForm.do?lang=EN&company_search=Martinrea International Inc&document_selection=0&industry_group=A&FromDate=13&FromMonth=05&FromYear=2000&ToDate=13&ToMonth=11&ToYear=2020&Variable=Issuer
0,2001-10-31,MRE.TO,2001-10-31,2001-10-31,Q4,9685000.0,7916000.0,1769000.0,0.18265358802271553,0.0,1443000.0,0.0,0.0,0.0,10848000,520000.0,0.0,326000.0,0.03366029943211151,-1163000.0,-0.17377387712958184,0.0,-1683000.0,-0.17377387712958184,-554000.0,-1129000.0,-0.1165720185854414,-0.12,-0.12,10679000,10679000,https://www.sedar.com/ModifyCompanyDocumentSearchForm.do?lang=EN&company_search=Martinrea International Inc&document_selection=0&industry_group=A&FromDate=13&FromMonth=05&FromYear=2000&ToDate=13&ToMonth=11&ToYear=2020&Variable=Issuer,https://www.sedar.com/ModifyCompanyDocumentSearchForm.do?lang=EN&company_search=Martinrea International Inc&document_selection=0&industry_group=A&FromDate=13&FromMonth=05&FromYear=2000&ToDate=13&ToMonth=11&ToYear=2020&Variable=Issuer
0,2001-07-31,MRE.TO,2001-07-31,2001-07-31,Q3,8446000.0,7103000.0,1343000.0,0.15901018233483305,0.0,1306000.0,0.0,0.0,0.0,9809000.0,543000.0,0.0,37000.0,0.004380771963059436,-1363000.0,-0.2256689557186834,0.0,-1906000.0,-0.2256689557186834,-580000.0,-1326000.0,-0.1569973952166706,-0.13,-0.13,10577000,10577000,https://www.sedar.com/ModifyCompanyDocumentSearchForm.do?lang=EN&company_search=Martinrea International Inc&document_selection=0&industry_group=A&FromDate=13&FromMonth=05&FromYear=2000&ToDate=13&ToMonth=11&ToYear=2020&Variable=Issuer,https://www.sedar.com/ModifyCompanyDocumentSearchForm.do?lang=EN&company_search=Martinrea International Inc&document_selection=0&industry_group=A&FromDate=13&FromMonth=05&FromYear=2000&ToDate=13&ToMonth=11&ToYear=2020&Variable=Issuer
0,2001-04-30,MRE.TO,2001-04-30,2001-04-30,Q2,9461000.0,8977000.0,484000.0,0.051157382940492546,0.0,1814000.0,0.0,0.0,0.0,12310000,416000.0,0.0,-1330000.0,-0.1405771060141634,-2849000.0,-1.854666525737237,-14295000,-17547000,-1.854666525737237,-3233000.0,-14314000,-1.5129478913434098,-0.17850240225649783,-0.17850240225649783,80189397,80189397,https://www.sedar.com/ModifyCompanyDocumentSearchForm.do?lang=EN&company_search=Martinrea International Inc&document_selection=0&industry_group=A&FromDate=13&FromMonth=05&FromYear=2000&ToDate=13&ToMonth=11&ToYear=2020&Variable=Issuer,https://www.sedar.com/ModifyCompanyDocumentSearchForm.do?lang=EN&company_search=Martinrea International Inc&document_selection=0&industry_group=A&FromDate=13&FromMonth=05&FromYear=2000&ToDate=13&ToMonth=11&ToYear=2020&Variable=Issuer
0,2001-01-31,MRE.TO,2001-01-31,2001-01-31,Q1,10136000,8270000.0,1866000.0,0.1840962904498816,0.0,1157000.0,0.0,0.0,0.0,10948000,574000.0,0.0,709000.0,0.06994869771112865,-812000.0,-0.13674033149171272,0.0,-1386000.0,-0.13674033149171272,-485000.0,-901000.0,-0.08889108129439621,-0.08,-0.08,10679000,10679000,https://www.sedar.com/ModifyCompanyDocumentSearchForm.do?lang=EN&company_search=Martinrea International Inc&document_selection=0&industry_group=A&FromDate=13&FromMonth=05&FromYear=2000&ToDate=13&ToMonth=11&ToYear=2020&Variable=Issuer,https://www.sedar.com/ModifyCompanyDocumentSearchForm.do?lang=EN&company_search=Martinrea International Inc&document_selection=0&industry_group=A&FromDate=13&FromMonth=05&FromYear=2000&ToDate=13&ToMonth=11&ToYear=2020&Variable=Issuer
0,2000-10-31,MRE.TO,2000-10-31,2000-10-31,Q4,15376000,12370000,3006000.0,0.19549947970863685,0.0,1333000.0,0.0,0.0,0.0,14837000,211000.0,0.0,1748000.0,0.11368366285119667,539000.0,0.025624349635796045,0.0,394000.0,0.025624349635796045,138000.0,256000.0,0.01664932362122789,0.02,0.02,10679000,10679000,https://www.sedar.com/ModifyCompanyDocumentSearchForm.do?lang=EN&company_search=Martinrea International Inc&document_selection=0&industry_group=A&FromDate=13&FromMonth=05&FromYear=2000&ToDate=13&ToMonth=11&ToYear=2020&Variable=Issuer,https://www.sedar.com/ModifyCompanyDocumentSearchForm.do?lang=EN&company_search=Martinrea International Inc&document_selection=0&industry_group=A&FromDate=13&FromMonth=05&FromYear=2000&ToDate=13&ToMonth=11&ToYear=2020&Variable=Issuer
0,2000-07-31,MRE.TO,2000-07-31,2000-07-31,Q3,9800000.0,7600000.0,2200000.0,0.22448979591836735,0.0,1000000.0,0.0,0.0,0.0,9500000.0,400000.0,0.0,1200000.0,0.12244897959183673,300000.0,0.0,0.0,0.0,0.0,0.0,0.0,0.0,0.0,0.0,10679000,10679000,https://www.sedar.com/ModifyCompanyDocumentSearchForm.do?lang=EN&company_search=Martinrea International Inc&document_selection=0&industry_group=A&FromDate=13&FromMonth=05&FromYear=2000&ToDate=13&ToMonth=11&ToYear=2020&Variable=Issuer,https://www.sedar.com/ModifyCompanyDocumentSearchForm.do?lang=EN&company_search=Martinrea International Inc&document_selection=0&industry_group=A&FromDate=13&FromMonth=05&FromYear=2000&ToDate=13&ToMonth=11&ToYear=2020&Variable=Issuer
0,2000-04-30,MRE.TO,2000-04-30,2000-04-30,Q2,12400000,-14800000,27200000,2.193548387096774,0.0,-2700000.0,0.0,0.0,0.0,16200000,0.0,0.0,-2700000.0,-0.21774193548387097,-3800000.0,-0.29838709677419356,18600000,-3700000.0,-0.29838709677419356,-1200000.0,16100000,1.2983870967741935,0.2007746734895637,0.2007746734895637,80189397,80189397,https://www.sedar.com/ModifyCompanyDocumentSearchForm.do?lang=EN&company_search=Martinrea International Inc&document_selection=0&industry_group=A&FromDate=13&FromMonth=05&FromYear=2000&ToDate=13&ToMonth=11&ToYear=2020&Variable=Issuer,https://www.sedar.com/ModifyCompanyDocumentSearchForm.do?lang=EN&company_search=Martinrea International Inc&document_selection=0&industry_group=A&FromDate=13&FromMonth=05&FromYear=2000&ToDate=13&ToMonth=11&ToYear=2020&Variable=Issuer
0,2000-01-31,MRE.TO,2000-01-31,2000-01-31,Q1,13900000,11700000,2200000.0,0.15827338129496402,0.0,600000.0,0.0,0.0,0.0,13400000,200000.0,0.0,1600000.0,0.11510791366906475,500000.0,0.02877697841726619,100000.0,400000.0,0.02877697841726619,200000.0,200000.0,0.014388489208633094,0.02,0.02,10000000,10000000,https://www.sedar.com/ModifyCompanyDocumentSearchForm.do?lang=EN&company_search=Martinrea International Inc&document_selection=0&industry_group=A&FromDate=13&FromMonth=05&FromYear=2000&ToDate=13&ToMonth=11&ToYear=2020&Variable=Issuer,https://www.sedar.com/ModifyCompanyDocumentSearchForm.do?lang=EN&company_search=Martinrea International Inc&document_selection=0&industry_group=A&FromDate=13&FromMonth=05&FromYear=2000&ToDate=13&ToMonth=11&ToYear=2020&Variable=Issuer
0,1999-10-31,MRE.TO,1999-10-31,1999-10-31,Q4,19600000,12700000,6900000.0,0.3520408163265306,0.0,2500000.0,0.0,0.0,0.0,16200000,0.0,0.0,4500000.0,0.22959183673469388,3400000.0,0.15306122448979592,0.0,3000000.0,0.15306122448979592,1000000.0,2000000.0,0.10204081632653061,0.19,0.18,10526316,11111111,https://www.sedar.com/ModifyCompanyDocumentSearchForm.do?lang=EN&company_search=Martinrea International Inc&document_selection=0&industry_group=A&FromDate=13&FromMonth=05&FromYear=2000&ToDate=13&ToMonth=11&ToYear=2020&Variable=Issuer,https://www.sedar.com/ModifyCompanyDocumentSearchForm.do?lang=EN&company_search=Martinrea International Inc&document_selection=0&industry_group=A&FromDate=13&FromMonth=05&FromYear=2000&ToDate=13&ToMonth=11&ToYear=2020&Variable=Issuer
0,1999-07-31,MRE.TO,1999-07-31,1999-07-31,Q3,14400000,9000000.0,5400000.0,0.375,0.0,1900000.0,0.0,0.0,0.0,11800000,0.0,0.0,3500000.0,0.24305555555555555,2600000.0,0.1597222222222222,0.0,2300000.0,0.1597222222222222,800000.0,1500000.0,0.10416666666666667,0.14,0.14,10714286,10714286,https://www.sedar.com/ModifyCompanyDocumentSearchForm.do?lang=EN&company_search=Martinrea International Inc&document_selection=0&industry_group=A&FromDate=13&FromMonth=05&FromYear=2000&ToDate=13&ToMonth=11&ToYear=2020&Variable=Issuer,https://www.sedar.com/ModifyCompanyDocumentSearchForm.do?lang=EN&company_search=Martinrea International Inc&document_selection=0&industry_group=A&FromDate=13&FromMonth=05&FromYear=2000&ToDate=13&ToMonth=11&ToYear=2020&Variable=Issuer
0,1999-04-30,MRE.TO,1999-04-30,1999-04-30,Q2,11700000,7200000.0,4500000.0,0.38461538461538464,0.0,1400000.0,0.0,0.0,0.0,9500000.0,0.0,0.0,3100000.0,0.26495726495726496,2200000.0,0.1794871794871795,-100000.0,2100000.0,0.1794871794871795,600000.0,1500000.0,0.1282051282051282,0.018705714921387923,0.018705714921387923,80189397,80189397,https://www.sedar.com/ModifyCompanyDocumentSearchForm.do?lang=EN&company_search=Martinrea International Inc&document_selection=0&industry_group=A&FromDate=13&FromMonth=05&FromYear=2000&ToDate=13&ToMonth=11&ToYear=2020&Variable=Issuer,https://www.sedar.com/ModifyCompanyDocumentSearchForm.do?lang=EN&company_search=Martinrea International Inc&document_selection=0&industry_group=A&FromDate=13&FromMonth=05&FromYear=2000&ToDate=13&ToMonth=11&ToYear=2020&Variable=Issuer
0,1999-01-31,MRE.TO,1999-01-31,1999-01-31,Q1,11900000,7700000.0,4200000.0,0.35294117647058826,0.0,1600000.0,0.0,0.0,0.0,10000000,100000.0,0.0,2600000.0,0.2184873949579832,1900000.0,0.15966386554621848,100000.0,1900000.0,0.15966386554621848,400000.0,1500000.0,0.12605042016806722,0.14,0.14,9285714.0,9285714.0,https://www.sedar.com/ModifyCompanyDocumentSearchForm.do?lang=EN&company_search=Martinrea International Inc&document_selection=0&industry_group=A&FromDate=13&FromMonth=05&FromYear=2000&ToDate=13&ToMonth=11&ToYear=2020&Variable=Issuer,https://www.sedar.com/ModifyCompanyDocumentSearchForm.do?lang=EN&company_search=Martinrea International Inc&document_selection=0&industry_group=A&FromDate=13&FromMonth=05&FromYear=2000&ToDate=13&ToMonth=11&ToYear=2020&Variable=Issuer
0,1998-10-31,MRE.TO,1998-10-31,1998-10-31,Q4,11200000,7400000.0,3800000.0,0.3392857142857143,0.0,1500000.0,0.0,0.0,0.0,9500000.0,300000.0,0.0,2300000.0,0.20535714285714285,1700000.0,0.13392857142857142,100000.0,1500000.0,0.13392857142857142,300000.0,1200000.0,0.10714285714285714,0.11,0.11,8235294.0,8235294.0,https://www.sedar.com/ModifyCompanyDocumentSearchForm.do?lang=EN&company_search=Martinrea International Inc&document_selection=0&industry_group=A&FromDate=13&FromMonth=05&FromYear=2000&ToDate=13&ToMonth=11&ToYear=2020&Variable=Issuer,https://www.sedar.com/ModifyCompanyDocumentSearchForm.do?lang=EN&company_search=Martinrea International Inc&document_selection=0&industry_group=A&FromDate=13&FromMonth=05&FromYear=2000&ToDate=13&ToMonth=11&ToYear=2020&Variable=Issuer
0,1998-07-31,MRE.TO,1998-07-31,1998-07-31,Q3,10500000,6400000.0,4100000.0,0.3904761904761905,0.0,1700000.0,0.0,0.0,0.0,8700000.0,0.0,0.0,2400000.0,0.22857142857142856,1800000.0,0.19047619047619047,0.0,2000000.0,0.19047619047619047,600000.0,1400000.0,0.13333333333333333,0.17,0.17,8235294.0,8235294.0,https://www.sedar.com/ModifyCompanyDocumentSearchForm.do?lang=EN&company_search=Martinrea International Inc&document_selection=0&industry_group=A&FromDate=13&FromMonth=05&FromYear=2000&ToDate=13&ToMonth=11&ToYear=2020&Variable=Issuer,https://www.sedar.com/ModifyCompanyDocumentSearchForm.do?lang=EN&company_search=Martinrea International Inc&document_selection=0&industry_group=A&FromDate=13&FromMonth=05&FromYear=2000&ToDate=13&ToMonth=11&ToYear=2020&Variable=Issuer
0,1998-04-30,MRE.TO,1998-04-30,1998-04-30,Q2,5700000.0,3500000.0,2200000.0,0.38596491228070173,0.0,700000.0,0.0,0.0,0.0,4500000.0,100000.0,0.0,1500000.0,0.2631578947368421,1200000.0,0.17543859649122806,-100000.0,1000000.0,0.17543859649122806,100000.0,900000.0,0.15789473684210525,0.011223428952832754,0.011223428952832754,80189397,80189397,https://www.sedar.com/ModifyCompanyDocumentSearchForm.do?lang=EN&company_search=Martinrea International Inc&document_selection=0&industry_group=A&FromDate=13&FromMonth=05&FromYear=2000&ToDate=13&ToMonth=11&ToYear=2020&Variable=Issuer,https://www.sedar.com/ModifyCompanyDocumentSearchForm.do?lang=EN&company_search=Martinrea International Inc&document_selection=0&industry_group=A&FromDate=13&FromMonth=05&FromYear=2000&ToDate=13&ToMonth=11&ToYear=2020&Variable=Issuer
0,1998-01-31,MRE.TO,1998-01-31,1998-01-31,Q1,4500000.0,2000000.0,2500000.0,0.5555555555555556,0.0,500000.0,0.0,0.0,0.0,2900000.0,100000.0,0.0,2000000.0,0.4444444444444444,1600000.0,0.3111111111111111,-100000.0,1400000.0,0.3111111111111111,600000.0,800000.0,0.17777777777777778,0.11,0.1,7272727.0,8000000.0,https://www.sedar.com/ModifyCompanyDocumentSearchForm.do?lang=EN&company_search=Martinrea International Inc&document_selection=0&industry_group=A&FromDate=13&FromMonth=05&FromYear=2000&ToDate=13&ToMonth=11&ToYear=2020&Variable=Issuer,https://www.sedar.com/ModifyCompanyDocumentSearchForm.do?lang=EN&company_search=Martinrea International Inc&document_selection=0&industry_group=A&FromDate=13&FromMonth=05&FromYear=2000&ToDate=13&ToMonth=11&ToYear=2020&Variable=Issuer
0,1997-10-31,MRE.TO,1997-10-31,1997-10-31,Q4,5600000.0,3000000.0,2600000.0,0.4642857142857143,0.0,400000.0,0.0,0.0,0.0,3700000.0,100000.0,0.0,2200000.0,0.39285714285714285,1900000.0,0.30357142857142855,-100000.0,1700000.0,0.30357142857142855,700000.0,1000000.0,0.17857142857142858,0.16,0.15,6250000.0,6666667.0,https://www.sedar.com/ModifyCompanyDocumentSearchForm.do?lang=EN&company_search=Martinrea International Inc&document_selection=0&industry_group=A&FromDate=13&FromMonth=05&FromYear=2000&ToDate=13&ToMonth=11&ToYear=2020&Variable=Issuer,https://www.sedar.com/ModifyCompanyDocumentSearchForm.do?lang=EN&company_search=Martinrea International Inc&document_selection=0&industry_group=A&FromDate=13&FromMonth=05&FromYear=2000&ToDate=13&ToMonth=11&ToYear=2020&Variable=Issuer
0,1997-07-31,MRE.TO,1997-07-31,1997-07-31,Q3,3700000.0,2400000.0,1300000.0,0.35135135135135137,0.0,400000.0,0.0,0.0,0.0,3000000.0,0.0,0.0,900000.0,0.24324324324324326,700000.0,0.21621621621621623,100000.0,800000.0,0.21621621621621623,300000.0,500000.0,0.13513513513513514,0.07,0.07,7142857.0,7142857.0,https://www.sedar.com/ModifyCompanyDocumentSearchForm.do?lang=EN&company_search=Martinrea International Inc&document_selection=0&industry_group=A&FromDate=13&FromMonth=05&FromYear=2000&ToDate=13&ToMonth=11&ToYear=2020&Variable=Issuer,https://www.sedar.com/ModifyCompanyDocumentSearchForm.do?lang=EN&company_search=Martinrea International Inc&document_selection=0&industry_group=A&FromDate=13&FromMonth=05&FromYear=2000&ToDate=13&ToMonth=11&ToYear=2020&Variable=Issuer
