,date,symbol,fillingDate,acceptedDate,period,revenue,costOfRevenue,grossProfit,grossProfitRatio,researchAndDevelopmentExpenses,generalAndAdministrativeExpenses,sellingAndMarketingExpenses,otherExpenses,operatingExpenses,costAndExpenses,interestExpense,depreciationAndAmortization,ebitda,ebitdaratio,operatingIncome,operatingIncomeRatio,totalOtherIncomeExpensesNet,incomeBeforeTax,incomeBeforeTaxRatio,incomeTaxExpense,netIncome,netIncomeRatio,eps,epsdiluted,weightedAverageShsOut,weightedAverageShsOutDil,link,finalLink
0,2020-06-30,LQDT,2020-08-06 00:00:00,2020-08-06 14:22:48,Q3,47722000,22494000,25228000,0.528645,0.0,23144000,7412000.0,-9000.0,25030000,47524000,224000.0,1567000.0000000002,2213000.0,0.046373,198000.0,0.004149,0.0,422000.0,0.008843,209000.0,213000.0,0.004463,0.0063,0.0063,33815330,33815330,https://www.sec.gov/Archives/edgar/data/1235468/000123546820000154/0001235468-20-000154-index.htm,https://www.sec.gov/Archives/edgar/data/1235468/000123546820000154/lqdt-20200630.htm
0,2020-03-31,LQDT,2020-05-07 00:00:00,2020-05-07 15:49:07,Q2,52824000,26619000,26205000,0.496081,0.0,29092000,10109000,-12000.0,30657000.000000004,57276000.00000001,257000.0,1577000.0,-2361000.0,-0.044696,-4452000.0,-0.08428,0.0,-4195000.0,-0.079415,43000.0,-4238000.0,-0.080229,-0.12604,-0.12604,33624890,33624890,https://www.sec.gov/Archives/edgar/data/1235468/000123546820000104/0001235468-20-000104-index.html,https://www.sec.gov/Archives/edgar/data/1235468/000123546820000104/lqdt-20200331.htm
0,2019-12-31,LQDT,2020-02-06 00:00:00,2020-02-06 14:42:22,Q1,49504000,24176000,25328000,0.511635,0.0,28553000,9605000.0,-12000.0,30318000,54494000,252000.0,1572000.0,-2914000.0,-0.058864,-4990000.0,-0.1008,0.0,-4738000.0,-0.095709,458000.0,-5196000.0,-0.104961,-0.1549,-0.1549,33545240,33545240,https://www.sec.gov/Archives/edgar/data/1235468/000123546820000055/0001235468-20-000055-index.html,https://www.sec.gov/Archives/edgar/data/1235468/000123546820000055/lqdt-20191231.htm
0,2019-09-30,LQDT,2019-12-10 00:00:00,2019-12-10 15:36:36,Q4,58790000,27314000,31476000,0.535397,0.0,33782000,9816000.0,-49000.0,36863000.00000001,64177000.00000001,224000.0,1516000.0,-3423000.0,-0.058224,-5387000.0,-0.091631,0.0,-5163000.0,-0.087821,64000.0,-5227000.0,-0.08891,-0.157,-0.157,33293780,33293780,https://www.sec.gov/Archives/edgar/data/1235468/000123546819000042/0001235468-19-000042-index.html,https://www.sec.gov/Archives/edgar/data/1235468/000123546819000042/lqdt-20190930.htm
0,2019-06-30,LQDT,2019-08-01 00:00:00,2019-08-01 13:23:34,Q3,56882000,25337000,31545000,0.554569,0.0,32869000,8771000.0,24000.0,36105999.99999999,61442999.99999999,454000.0,1206000.0,-2447000.0,-0.043019,-4561000.0,-0.080184,0.0,-4107000.0,-0.072202,542000.0,-4649000.0,-0.081731,-0.14018,-0.14018,33164750,33164750,https://www.sec.gov/Archives/edgar/data/1235468/000123546819000025/0001235468-19-000025-index.html,https://www.sec.gov/Archives/edgar/data/1235468/000123546819000025/lqdt06301910q.htm
0,2019-03-31,LQDT,2019-05-08 00:00:00,2019-05-08 13:40:50,Q2,56800000,24807000,31993000,0.563257,0.0,33963000,9135000.0,7000.0,36477999.99999999,61284999.99999999,451000.0,1165000.0000000002,-2417999.9999999995,-0.04257,-4485000.0,-0.078961,0.0,-4034000.0,-0.071021,328000.0,-4362000.0,-0.076796,-0.13223,-0.13223,32987610,32987610,https://www.sec.gov/Archives/edgar/data/1235468/000123546819000016/0001235468-19-000016-index.html,https://www.sec.gov/Archives/edgar/data/1235468/000123546819000016/lqdt03311910q.htm
0,2018-12-31,LQDT,2019-02-07 00:00:00,2019-02-07 13:16:34,Q1,54053000,24956000,29097000,0.538305,0.0,32763000,8981000.0,-11000.0,34172000,59128000,319000.0,1204000.0,-3233000.0,-0.059812,-5075000.0,-0.093889,0.0,-4756000.0,-0.087988,266000.0,-5022000.0,-0.092909,-0.15307,-0.15307,32808140,32808140,https://www.sec.gov/Archives/edgar/data/1235468/000123546819000006/0001235468-19-000006-index.html,https://www.sec.gov/Archives/edgar/data/1235468/000123546819000006/lqdt12311810q.htm
0,2018-09-30,LQDT,2018-12-06 00:00:00,2018-12-06 16:45:51,Q4,52700000,24200000,28500000,0.540797,0.0,34200000,33703000,-800000.0,35099999.99999999,59299999.99999999,0.0,1219999.9999999998,219999.9999999998,0.004175,-6600000.0,-0.125237,-800000.0,-6500000.0,-0.12334,0.0,-1000000.0,-0.018975,-0.03086,-0.03086,32400000,32400000,https://www.sec.gov/Archives/edgar/data/1235468/000123546818000007/0001235468-18-000007-index.html,https://www.sec.gov/Archives/edgar/data/1235468/000123546818000007/lqdt_10kx93018.htm
0,2018-06-30,LQDT,2018-08-02 00:00:00,2018-08-02 15:03:35,Q3,50600000,19500000,31100000,0.614625,0.0,32700000,8386000.0,500000.0,34200000,53700000,0.0,1020000.0,-2080000.0,-0.041107,-3100000.0,-0.061265,0.0,-3100000.0,-0.061265,600000.0,-3700000.0,-0.073123,-0.11526,-0.11526,32100000,32100000,https://www.sec.gov/Archives/edgar/data/1235468/000162828018010307/0001628280-18-010307-index.html,https://www.sec.gov/Archives/edgar/data/1235468/000162828018010307/lqdt6301810q.htm
0,2018-03-31,LQDT,2018-05-03 00:00:00,2018-05-03 13:14:23,Q2,60100000,28700000,31400000,0.522463,0.0,35500000,8225000.0,300000.0,37000000,65700000,300000.0,1150000.0,-3850000.0,-0.06406,-5600000.0,-0.093178,0.0,-5300000.0,-0.088186,400000.0,-5700000.0,-0.094842,-0.17813,-0.17813,32000000,32000000,https://www.sec.gov/Archives/edgar/data/1235468/000162828018005794/0001628280-18-005794-index.html,https://www.sec.gov/Archives/edgar/data/1235468/000162828018005794/lqdt3311810q.htm
0,2017-12-31,LQDT,2018-02-01 00:00:00,2018-02-01 13:18:03,Q1,61100000,27600000,33500000,0.548282,0.0,37300000,8310000.0,1500000.0,39999999.99999999,67599999.99999999,400000.0,1210000.0,810000.0,0.013257,-6500000.0,-0.106383,0.0,-6000000.0,-0.0982,400000.0,-1200000.0,-0.01964,-0.03762,-0.03762,31900000,31900000,https://www.sec.gov/Archives/edgar/data/1235468/000162828018000829/0001628280-18-000829-index.html,https://www.sec.gov/Archives/edgar/data/1235468/000162828018000829/lqdt12311710q.htm
0,2017-09-30,LQDT,2017-12-07 00:00:00,2017-12-06 18:00:17,Q4,61400000,29000000,32400000,0.527687,0.0,41800000,35211000,2600000.0,46900000.00000001,75900000,100000.0,1569999.9999999993,-12830000,-0.208958,-14600000,-0.237785,0.0,-14500000,-0.236156,-500000.0,-14000000,-0.228013,-0.44444,-0.44444,31500000,31500000,https://www.sec.gov/Archives/edgar/data/1235468/000162828017012164/0001628280-17-012164-index.html,https://www.sec.gov/Archives/edgar/data/1235468/000162828017012164/lqdt_10kx93017.htm
0,2017-06-30,LQDT,2017-08-03 00:00:00,2017-08-03 15:02:58,Q3,65500000,30400000,35100000,0.535878,0.0,41900000,8274000.0,700000.0,43900000,74300000,200000.0,1370000.0000000007,-7029999.999999999,-0.107328,-8800000.0,-0.134351,0.0,-8600000.0,-0.131298,0.0,-8600000.0,-0.131298,-0.27302,-0.27302,31500000,31500000,https://www.sec.gov/Archives/edgar/data/1235468/000162828017007977/0001628280-17-007977-index.html,https://www.sec.gov/Archives/edgar/data/1235468/000162828017007977/lqdt6301710q.htm
0,2017-03-31,LQDT,2017-05-04 00:00:00,2017-05-04 16:07:34,Q2,72300000,34600000,37800000,0.522822,0.0,43400000,9149000.0,1300000.0,46100000,80700000,100000.0,1430000.0,-6870000.0,-0.095021,-8400000.0,-0.116183,0.0,-8300000.0,-0.114799,-100000.0,-8300000.0,-0.114799,-0.26433,-0.26433,31400000,31400000,https://www.sec.gov/Archives/edgar/data/1235468/000162828017004929/0001628280-17-004929-index.html,https://www.sec.gov/Archives/edgar/data/1235468/000162828017004929/lqdt3311710q.htm
0,2016-12-31,LQDT,2017-02-09 00:00:00,2017-02-09 15:31:40,Q1,70800000,32300000,38500000,0.543785,0.0,46300000,9987000.0,-900000.0,46800000,79100000,0.0,1430000.0,-6870000.0,-0.097034,-8300000.0,-0.117232,-900000.0,-8300000.0,-0.117232,100000.0,-8400000.0,-0.118644,-0.26837,-0.26837,31300000,31300000,https://www.sec.gov/Archives/edgar/data/1235468/000162828017001061/0001628280-17-001061-index.html,https://www.sec.gov/Archives/edgar/data/1235468/000162828017001061/lqdt12311610q.htm
0,2016-09-30,LQDT,2016-11-21 00:00:00,2016-11-21 16:32:25,Q4,78500000,37000000,41500000,0.528662,0.0,46200000,8995000.0,975000.0,66800000,103800000,1000000.0,1549999.9999999998,-21750000,-0.27707,-25300000,-0.322293,0.0,-24300000,-0.309554,29500000,-53800000,-0.68535,-1.75244,-1.75244,30700000,30700000,https://www.sec.gov/Archives/edgar/data/1235468/000104746916016885/0001047469-16-016885-index.html,https://www.sec.gov/Archives/edgar/data/1235468/000104746916016885/a2230263z10-k.htm
0,2016-06-30,LQDT,2016-08-04,2016-08-04 16:55:35,Q3,85200000,39300000,45900000,0.538732,0.0,44200000,9967000.0,-209000.0,45800000,85100000,-200000.0,1620000.0,1320000.0,0.015493,100000.0,0.001174,0.0,-100000.0,-0.001174,0.0,-100000.0,-0.001174,-0.00326,-0.00326,30700000,30700000,https://www.sec.gov/Archives/edgar/data/1235468/000110465916137072/a16-11638_110q.htm,https://www.sec.gov/Archives/edgar/data/1235468/000110465916137072/a16-11638_110q.htm
0,2016-03-31,LQDT,2016-05-06 00:00:00,2016-05-06 09:57:50,Q2,86900000,39900000,47000000,0.540852,0.0,46800000,9148000.0,511000.0,48500000.00000001,88400000.00000001,400000.0,1660000.0,860000.0000000001,0.009896,-1500000.0,-0.017261,0.0,-1100000.0,-0.012658,-300000.0,-900000.0,-0.010357,-0.02941,-0.02941,30600000,30600000,https://www.sec.gov/Archives/edgar/data/1235468/000110465916118561/0001104659-16-118561-index.html,https://www.sec.gov/Archives/edgar/data/1235468/000110465916118561/a16-7268_110q.htm
0,2015-12-31,LQDT,2016-02-05 00:00:00,2016-02-05 09:31:56,Q1,65900000,26900000,39000000,0.591806,0.0,44700000,9460000.0,-60000.0,46400000,73300000,100000.0,1670000.0,-5630000.0,-0.085432,-7400000.0,-0.112291,0.0,-7400000.0,-0.112291,-2200000.0,-5200000.0,-0.078907,-0.17049,-0.17049,30500000,30500000,https://www.sec.gov/Archives/edgar/data/1235468/000110465916094146/0001104659-16-094146-index.html,https://www.sec.gov/Archives/edgar/data/1235468/000110465916094146/a16-1453_110q.htm
0,2015-09-30,LQDT,2015-11-23 00:00:00,2015-11-23 17:11:08,Q4,79300000,33200000,46100000,0.581337,0.0,48000000,10027000,-86000.0,109100000.00000001,142300000,-100000.0,2000000.0,-61200000,-0.771753,-63000000,-0.794451,0.0,-63100000,-0.795712,-19400000,-43700000,-0.551072,-1.45667,-1.45667,30000000,30000000,https://www.sec.gov/Archives/edgar/data/1235468/000104746915008919/0001047469-15-008919-index.html,https://www.sec.gov/Archives/edgar/data/1235468/000104746915008919/a2226702z10-k.htm
0,2015-06-30,LQDT,2015-08-07 00:00:00,2015-08-07 09:32:18,Q3,89700000,35800000,53900000,0.600892,0.0,51900000,10255000,-8000.0,54000000,89800000,0.0,2040000.0,2040000.0,0.022742,0.0,0.0,0.0,0.0,0.0,-1600000.0,1600000.0,0.017837,0.05333,0.05333,30000000,30000000,https://www.sec.gov/Archives/edgar/data/1235468/000110465915057489/0001104659-15-057489-index.html,https://www.sec.gov/Archives/edgar/data/1235468/000110465915057489/a15-12169_110q.htm
0,2015-03-31,LQDT,2015-05-08 00:00:00,2015-05-08 06:07:12,Q2,102900000,42700000,60300000,0.586006,0.0,54500000,10798000,-115000.0,56399999.99999999,99099999.99999999,0.0,2000000.0,5800000.0,0.056365,3800000.0,0.036929,0.0,3800000.0,0.036929,2400000.0,1400000.0,0.013605,0.04667,0.04667,30000000,30000000,https://www.sec.gov/Archives/edgar/data/1235468/000110465915035826/0001104659-15-035826-index.html,https://www.sec.gov/Archives/edgar/data/1235468/000110465915035826/a15-8106_110q.htm
0,2014-12-31,LQDT,2015-02-06,2015-02-06 10:03:01,Q1,125100000,54300000,70800000,0.565947,0.0,56400000,10385000,38000.0,155800000,210100000,0.0,3200000.0,-81800000,-0.653877,-85000000,-0.679456,0.0,-85000000,-0.679456,-20900000,-64100000,-0.51239,-2.14381,-2.14381,29900000,29900000,https://www.sec.gov/Archives/edgar/data/1235468/000104746914009487/a2222204z10-k.htm,https://www.sec.gov/Archives/edgar/data/1235468/000104746914009487/a2222204z10-k.htm
0,2014-09-30,LQDT,2014-11-21 00:00:00,2014-11-21 16:37:50,Q4,118400000,55100000,63300000,0.534628,0.0,59100000,11000000,-73000.0,62800000.00000001,117900000,-100000.0,3670000.000000002,4070000.000000002,0.034375,500000.0,0.004223,0.0,500000.0,0.004223,1200000.0,-700000.0,-0.005912,-0.02357,-0.02357,29700000,29700000,https://www.sec.gov/Archives/edgar/data/1235468/000104746914009487/0001047469-14-009487-index.html,https://www.sec.gov/Archives/edgar/data/1235468/000104746914009487/a2222204z10-k.htm
0,2014-06-30,LQDT,2014-08-08 00:00:00,2014-08-08 08:18:12,Q3,127000000,54500000,72400000,0.570079,0.0,58100000,10661000,-197000.0,43900000.00000001,98400000,-200000.0,4270000.0,32470000,0.255669,28600000,0.225197,0.0,28400000,0.223622,10000000,18400000,0.144882,0.59547,0.59547,30900000,30900000,https://www.sec.gov/Archives/edgar/data/1235468/000110465914058572/0001104659-14-058572-index.html,https://www.sec.gov/Archives/edgar/data/1235468/000110465914058572/a14-14211_110q.htm
0,2014-03-31,LQDT,2014-05-09 00:00:00,2014-05-09 09:30:52,Q2,128300000,54300000,74100000,0.577553,0.0,60300000,10459000,-121000.0,64600000.00000001,118900000.00000001,-100000.0,4250000.0,13550000,0.105612,9500000.0,0.074045,0.0,9400000.0,0.073266,3800000.0,5600000.0,0.043648,0.17337,0.17337,32300000,32300000,https://www.sec.gov/Archives/edgar/data/1235468/000110465914036827/0001104659-14-036827-index.html,https://www.sec.gov/Archives/edgar/data/1235468/000110465914036827/a14-10274_110q.htm
0,2013-12-31,LQDT,2014-02-07,2014-02-07 12:00:55,Q1,121900000,47700000,74200000,0.608696,0.0,57900000,9831000.0,21000.0,62399999.99999999,110099999.99999999,0.0,4410000.0,16210000,0.132978,11800000,0.096801,0.0,11800000,0.096801,4700000.0,7100000.0,0.058244,0.21713,0.21713,32700000,32700000,https://www.sec.gov/Archives/edgar/data/1235468/000104746913010744/a2217376z10-k.htm,https://www.sec.gov/Archives/edgar/data/1235468/000104746913010744/a2217376z10-k.htm
0,2013-09-30,LQDT,2013-11-21 00:00:00,2013-11-21 16:05:28,Q4,129100000,52400000,76700000,0.594113,0.0,55000000,17438000,506000.0,59500000.00000001,111900000.00000001,-100000.0,4390000.000000001,21390000,0.165686,17200000,0.13323,0.0,17100000,0.132455,6700000.0,10400000,0.080558,0.31804,0.31804,32700000,32700000,https://www.sec.gov/Archives/edgar/data/1235468/000104746913010744/0001047469-13-010744-index.html,https://www.sec.gov/Archives/edgar/data/1235468/000104746913010744/a2217376z10-k.htm
0,2013-06-30,LQDT,2013-08-09 00:00:00,2013-08-09 10:53:39,Q3,124200000,50000000,74200000,0.597424,0.0,50700000,10127000,-56000.0,55300000,105300000,-100000.0,4400000.0,23100000,0.18599,18900000,0.152174,0.0,18800000,0.151369,7500000.0,11300000,0.090982,0.34769,0.34769,32500000,32500000,https://www.sec.gov/Archives/edgar/data/1235468/000110465913062106/0001104659-13-062106-index.html,https://www.sec.gov/Archives/edgar/data/1235468/000110465913062106/a13-13997_110q.htm
0,2013-03-31,LQDT,2013-05-07 00:00:00,2013-05-07 10:39:16,Q2,130300000,49900000,80400000,0.617038,0.0,54200000,9973000.0,-96000.0,58800000.00000001,108700000,-100000.0,4380000.0,25780000,0.197851,21600000,0.165771,0.0,21500000,0.165004,8800000.0,12700000,0.097467,0.39319,0.39319,32300000,32300000,https://www.sec.gov/Archives/edgar/data/1235468/000110465913038007/0001104659-13-038007-index.html,https://www.sec.gov/Archives/edgar/data/1235468/000110465913038007/a13-9459_110q.htm
0,2012-12-31,LQDT,2013-02-08 00:00:00,2013-02-08 10:44:04,Q1,122200000,47100000,75100000,0.614566,0.0,55300000,10328000,924000.0,64800000.00000001,111900000.00000001,900000.0,4200000.0,16300000,0.133388,10300000,0.084288,0.0,11200000,0.091653,4500000.0,6700000.0,0.054828,0.20242,0.20242,33100000,33100000,https://www.sec.gov/Archives/edgar/data/1235468/000110465913008775/0001104659-13-008775-index.html,https://www.sec.gov/Archives/edgar/data/1235468/000110465913008775/a13-3277_110q.htm
0,2012-09-30,LQDT,2012-11-29 00:00:00,2012-11-29 14:15:24,Q4,122300000,50600000,71600000,0.585446,0.0,52000000,10443000,-593000.0,62900000,113500000,-600000.0,3599999.9999999995,11100000,0.09076,8800000.0,0.071954,0.0,8200000.0,0.067048,2600000.0,5500000.0,0.044971,0.16768,0.16768,32800000,32800000,https://www.sec.gov/Archives/edgar/data/1235468/000104746912010864/0001047469-12-010864-index.html,https://www.sec.gov/Archives/edgar/data/1235468/000104746912010864/a2211908z10-k.htm
0,2012-06-30,LQDT,2012-08-03 00:00:00,2012-08-03 16:05:31,Q3,121300000,49200000,72100000,0.594394,0.0,42200000,7364000.0,-517000.0,46800000,96000000,-500000.0,3500000.0,27800000,0.229184,25300000,0.208574,0.0,24800000,0.204452,9900000.0,14900000,0.122836,0.4488,0.4488,33200000,33200000,https://www.sec.gov/Archives/edgar/data/1235468/000110465912054150/0001104659-12-054150-index.html,https://www.sec.gov/Archives/edgar/data/1235468/000110465912054150/a12-13670_110q.htm
0,2012-03-31,LQDT,2012-05-04,2012-05-04 16:02:25,Q2,125700000,55000000,70700000,0.56245,0.0,42300000,6910000.0,-583000.0,38900000.00000001,93900000,-600000.0,3520000.0000000005,34220000,0.272235,31900000,0.253779,0.0,31300000,0.249006,12500000,18800000,0.149562,0.57317,0.57317,32800000,32800000,https://www.sec.gov/Archives/edgar/data/1235468/000110465912033189/a12-7107_110q.htm,https://www.sec.gov/Archives/edgar/data/1235468/000110465912033189/a12-7107_110q.htm
0,2011-12-31,LQDT,2012-02-08 00:00:00,2012-02-08 16:02:42,Q1,106000000,43300000,62700000,0.591509,0.0,42600000,6535000.0,-525000.0,46500000,89800000,-500000.0,3550000.0,18750000,0.176887,16300000,0.153774,0.0,15700000,0.148113,6600000.0,9100000.0,0.085849,0.28086,0.28086,32400000,32400000,https://www.sec.gov/Archives/edgar/data/1235468/000110465912007807/0001104659-12-007807-index.html,https://www.sec.gov/Archives/edgar/data/1235468/000110465912007807/a12-2495_110q.htm
0,2011-09-30,LQDT,2011-12-09 00:00:00,2011-12-09 13:13:20,Q4,79200000,25400000,53800000,0.679293,0.0,40800000,5295000.0,-1141000.0,44199999.99999999,69600000,-400000.0,1540000.0,6740000.0,0.085101,9600000.0,0.121212,0.0,9200000.0,0.116162,2500000.0,3100000.0,0.039141,0.10164,0.10164,30500000,30500000,https://www.sec.gov/Archives/edgar/data/1235468/000104746911010022/0001047469-11-010022-index.html,https://www.sec.gov/Archives/edgar/data/1235468/000104746911010022/a2206605z10-k.htm
0,2011-06-30,LQDT,2011-08-09 00:00:00,2011-08-09 14:29:09,Q3,83300000,31800000,51500000,0.618247,0.0,37300000,5789000.0,5000.0,39100000.00000001,70900000.00000001,-300000.0,1500000.0000000005,6600000.0,0.079232,12500000,0.15006,0.0,12200000,0.146459,6500000.0,-1100000.0,-0.013205,-0.04015,-0.04015,27400000,27400000,https://www.sec.gov/Archives/edgar/data/1235468/000110465911045300/0001104659-11-045300-index.html,https://www.sec.gov/Archives/edgar/data/1235468/000110465911045300/a11-14172_110q.htm
0,2011-03-31,LQDT,2011-05-10 00:00:00,2011-05-10 15:46:38,Q2,89400000,38300000,51100000,0.571588,0.0,38200000,6180000.0,-33000.0,39600000.00000001,77900000.00000001,33000.0,1400000.0,11633000,0.130123,11500000,0.128635,0.0,11200000,0.12528,5100000.0,5100000.0,0.057047,0.18545,0.18545,27500000,27500000,https://www.sec.gov/Archives/edgar/data/1235468/000110465911027797/0001104659-11-027797-index.html,https://www.sec.gov/Archives/edgar/data/1235468/000110465911027797/a11-10509_110q.htm
0,2010-12-31,LQDT,2011-02-04,2011-02-04 12:34:55,Q1,75500000,30900000,44600000,0.590728,0.0,34900000,6015000.0,-21000.0,40800000.00000001,71700000,21000.0,1250000.0,4071000.0,0.053921,3800000.0,0.050331,0.0,3500000.0,0.046358,1400000.0,1400000.0,0.018543,0.04947,0.04947,28300000,28300000,https://www.sec.gov/Archives/edgar/data/1235468/000104746910010322/a2201287z10-k.htm,https://www.sec.gov/Archives/edgar/data/1235468/000104746910010322/a2201287z10-k.htm
0,2010-09-30,LQDT,2010-12-10 00:00:00,2010-12-10 16:55:12,Q4,70200000,26600000,43600000,0.621083,0.0,36500000,6371000.0,0.0,37800000.00000001,64400000.00000001,-500000.0,870000.0000000001,5370000.0,0.076496,5800000.0,0.082621,0.0,5300000.0,0.075499,2500000.0,2500000.0,0.035613,0.09124,0.09124,27400000,27400000,https://www.sec.gov/Archives/edgar/data/1235468/000104746910010322/0001047469-10-010322-index.html,https://www.sec.gov/Archives/edgar/data/1235468/000104746910010322/a2201287z10-k.htm
0,2010-06-30,LQDT,2010-08-09 00:00:00,2010-08-09 15:09:53,Q3,61700000,22500000,39300000,0.636953,0.0,28100000,5220000.0,0.0,29500000,52000000,0.0,1259999.9999999998,8260000.0,0.133874,9800000.0,0.158833,0.0,9800000.0,0.158833,4000000.0,3000000.0,0.048622,0.10791,0.10791,27800000,27800000,https://www.sec.gov/Archives/edgar/data/1235468/000110465910043127/0001104659-10-043127-index.html,https://www.sec.gov/Archives/edgar/data/1235468/000110465910043127/a10-13045_110q.htm
0,2010-03-31,LQDT,2010-05-10 00:00:00,2010-05-10 16:59:56,Q2,75800000,33400000,42400000,0.559367,0.0,34700000,5012000.0,14000.0,35800000.00000001,69200000,-14000.0,1180000.0,7766000.0,0.102454,6500000.0,0.085752,0.0,6600000.0,0.087071,3000000.0,3600000.0,0.047493,0.13235,0.13235,27200000,27200000,https://www.sec.gov/Archives/edgar/data/1235468/000110465910027321/0001104659-10-027321-index.html,https://www.sec.gov/Archives/edgar/data/1235468/000110465910027321/a10-9425_110q.htm
0,2009-12-31,LQDT,2010-02-09 00:00:00,2010-02-09 12:37:47,Q1,65300000,27000000,38400000,0.588055,0.0,31700000,4647000.0,-14000.0,32700000,59700000,14000.0,1110000.0,6624000.0,0.10144,5600000.0,0.085758,0.0,5600000.0,0.085758,2600000.0,2900000.0,0.04441,0.10469,0.10469,27700000,27700000,https://www.sec.gov/Archives/edgar/data/1235468/000110465910005617/0001104659-10-005617-index.html,https://www.sec.gov/Archives/edgar/data/1235468/000110465910005617/a10-3102_110q.htm
0,2009-09-30,LQDT,2009-12-11 00:00:00,2009-12-11 14:16:54,Q4,62900000,24600000,38300000,0.608903,0.0,33000000,3694000.0,1495000.0,34199999.99999999,58799999.99999999,-1495000.0,730000.0,3435000.0,0.05461,4100000.0,0.065183,0.0,4300000.0,0.068362,3600000.0,600000.0,0.009539,0.02158,0.02158,27800000,27800000,https://www.sec.gov/Archives/edgar/data/1235468/000104746909010688/0001047469-09-010688-index.html,https://www.sec.gov/Archives/edgar/data/1235468/000104746909010688/a2195805z10-k.htm
0,2009-06-30,LQDT,2009-08-07 00:00:00,2009-08-07 12:03:11,Q3,58000000,20700000,37400000,0.644828,0.0,30100000,4398000.0,0.0,31099999.999999996,51800000,0.0,1030000.0,7330000.0,0.126379,6300000.0,0.108621,0.0,6300000.0,0.108621,2900000.0,3400000.0,0.058621,0.12319,0.12319,27600000,27600000,https://www.sec.gov/Archives/edgar/data/1235468/000110465909048101/0001104659-09-048101-index.html,https://www.sec.gov/Archives/edgar/data/1235468/000110465909048101/a09-18902_110q.htm
0,2009-03-31,LQDT,2009-05-06 00:00:00,2009-05-06 14:08:19,Q2,59700000,22700000,37000000,0.619765,0.0,33100000,4473000.0,0.0,34000000,56700000,100000.0,880000.0,4080000.0,0.068342,3000000.0,0.050251,0.0,3100000.0,0.051926,1400000.0,1700000.0,0.028476,0.06071,0.06071,28000000,28000000,https://www.sec.gov/Archives/edgar/data/1235468/000110465909029914/0001104659-09-029914-index.html,https://www.sec.gov/Archives/edgar/data/1235468/000110465909029914/a09-12170_110q.htm
0,2008-12-31,LQDT,2009-02-06 00:00:00,2009-02-06 13:45:06,Q1,55600000,18600000,37100000,0.667266,0.0,36400000,4432000.0,0.0,37300000,55900000,200000.0,840000.0,1040000.0,0.018705,-200000.0,-0.003597,0.0,0.0,0.0,0.0,0.0,0.0,0.0,0.0,28000000,28000000,https://www.sec.gov/Archives/edgar/data/1235468/000110465909007227/0001104659-09-007227-index.html,https://www.sec.gov/Archives/edgar/data/1235468/000110465909007227/a09-4771_110q.htm
0,2008-09-30,LQDT,2008-12-08 00:00:00,2008-12-08 16:45:19,Q4,70400000,20200000,50200000,0.713068,0.0,44400000,8861000.0,430000.0,45200000,65400000,-430000.0,850000.0000000001,5520000.0,0.078409,5000000.0,0.071023,0.0,5100000.0,0.072443,2400000.0,2700000.0,0.038352,0.09643,0.09643,28000000,28000000,https://www.sec.gov/Archives/edgar/data/1235468/000104746908012900/0001047469-08-012900-index.html,https://www.sec.gov/Archives/edgar/data/1235468/000104746908012900/a2189546z10-k.htm
0,2008-06-30,LQDT,2008-08-08 00:00:00,2008-08-08 16:51:27,Q3,71500000,19600000,51900000,0.725874,0.0,44900000,4469000.0,293000.0,45600000,65200000,-293000.0,789999.9999999998,6997000.0,0.09786,6200000.0,0.086713,0.0,6500000.0,0.090909,2700000.0,3800000.0,0.053147,0.13475,0.13475,28200000,28200000,https://www.sec.gov/Archives/edgar/data/1235468/000110465908051426/0001104659-08-051426-index.html,https://www.sec.gov/Archives/edgar/data/1235468/000110465908051426/a08-19188_110q.htm
0,2008-03-31,LQDT,2008-05-09 00:00:00,2008-05-09 14:43:12,Q2,62800000,16200000,46700000,0.743631,0.0,42100000,3917000.0,1109000.0,42800000,59000000,-1109000.0,670000.0,4061000.0,0.064666,3900000.0,0.062102,0.0,4500000.0,0.071656,1900000.0,2600000.0,0.041401,0.09187,0.09187,28300000,28300000,https://www.sec.gov/Archives/edgar/data/1235468/000110465908031787/0001104659-08-031787-index.html,https://www.sec.gov/Archives/edgar/data/1235468/000110465908031787/a08-13779_110q.htm
0,2007-12-31,LQDT,2008-02-08,2008-02-08 11:49:04,Q1,59300000,15400000,43900000,0.740304,0.0,39800000,4133000.0,0.0,40300000.00000001,55700000.00000001,500000.0,590000.0,5090000.0,0.085835,3500000.0,0.059022,0.0,4000000.0,0.067454,1600000.0,2400000.0,0.040472,0.08541,0.08541,28100000,28100000,https://www.sec.gov/Archives/edgar/data/1235468/000104746907009840/a2181477z10-k.htm,https://www.sec.gov/Archives/edgar/data/1235468/000104746907009840/a2181477z10-k.htm
0,2007-09-30,LQDT,2007-12-07 00:00:00,2007-12-07 15:12:35,Q4,51700000,13600000,38100000,0.736944,0.0,32800000,3798000.0,-391000.0,33400000,47000000,391000.0,570000.0000000001,6161000.0,0.119168,4700000.0,0.090909,0.0,5200000.0,0.10058,2000000.0,3200000.0,0.061896,0.11429,0.11429,28000000,28000000,https://www.sec.gov/Archives/edgar/data/1235468/000104746907009840/0001047469-07-009840-index.html,https://www.sec.gov/Archives/edgar/data/1235468/000104746907009840/a2181477z10-k.htm
0,2007-06-30,LQDT,2007-08-03 00:00:00,2007-08-03 17:05:09,Q3,52500000,13400000,39100000,0.744762,0.0,33800000,3556000.0,475000.0,34400000,47800000,-475000.0,560000.0,5285000.0,0.100667,4700000.0,0.089524,0.0,5200000.0,0.099048,2100000.0,3100000.0,0.059048,0.10954,0.10954,28300000,28300000,https://www.sec.gov/Archives/edgar/data/1235468/000110465907058806/0001104659-07-058806-index.html,https://www.sec.gov/Archives/edgar/data/1235468/000110465907058806/a07-19260_110q.htm
0,2007-03-31,LQDT,2007-05-03 00:00:00,2007-05-03 16:59:46,Q2,49300000,11500000,37700000,0.764706,0.0,33600000,3225000.0,551000.0,34100000,45600000,-551000.0,510000.0,4159000.0,0.084361,3700000.0,0.075051,0.0,4200000.0,0.085193,1700000.0,2500000.0,0.05071,0.08772,0.08772,28500000,28500000,https://www.sec.gov/Archives/edgar/data/1235468/000110465907035449/0001104659-07-035449-index.html,https://www.sec.gov/Archives/edgar/data/1235468/000110465907035449/a07-11488_110q.htm
0,2006-12-31,LQDT,2007-02-09,2007-02-08 19:49:32,Q1,45200000,8500000.0,36700000,0.811947,0.0,33000000,2964000.0,598000.0,33400000,41900000,-598000.0,480000.0,3682000.0,0.08146,3300000.0,0.073009,0.0,3900000.0,0.086283,1500000.0,2300000.0,0.050885,0.08099,0.08099,28400000,28400000,https://www.sec.gov/Archives/edgar/data/1235468/000110465906083372/a06-25894_110k.htm,https://www.sec.gov/Archives/edgar/data/1235468/000110465906083372/a06-25894_110k.htm
0,2006-09-30,LQDT,2006-12-22,2006-12-21 19:45:24,Q4,39800000,3800000.0,36000000,0.904523,0.0,32300000,2535000.0,550000.0,32600000,36400000,-550000.0,429999.99999999994,3680000.0,0.092462,3300000.0,0.082915,0.0,3900000.0,0.09799,1600000.0,2200000.0,0.055276,0.07801,0.07801,28200000,28200000,https://www.sec.gov/Archives/edgar/data/1235468/000110465906083372/a06-25894_110k.htm,https://www.sec.gov/Archives/edgar/data/1235468/000110465906083372/a06-25894_110k.htm
0,2006-06-30,LQDT,2006-08-11,2006-08-11 17:12:14,Q3,38800000,3400000.0,35300000,0.909794,0.0,31600000,2411000.0,454000.0,32000000,35400000,-454000.0,380000.0000000001,3726000.0,0.096031,3300000.0,0.085052,0.0,3800000.0,0.097938,1400000.0,2400000.0,0.061856,0.08481,0.08481,28300000,28300000,https://www.sec.gov/Archives/edgar/data/1235468/000110465906054148/a06-15809_110q.htm,https://www.sec.gov/Archives/edgar/data/1235468/000110465906054148/a06-15809_110q.htm
