,date,symbol,fillingDate,acceptedDate,period,revenue,costOfRevenue,grossProfit,grossProfitRatio,researchAndDevelopmentExpenses,generalAndAdministrativeExpenses,sellingAndMarketingExpenses,otherExpenses,operatingExpenses,costAndExpenses,interestExpense,depreciationAndAmortization,ebitda,ebitdaratio,operatingIncome,operatingIncomeRatio,totalOtherIncomeExpensesNet,incomeBeforeTax,incomeBeforeTaxRatio,incomeTaxExpense,netIncome,netIncomeRatio,eps,epsdiluted,weightedAverageShsOut,weightedAverageShsOutDil,link,finalLink
0,2020-09-30,SCU.TO,2020-09-30,2020-09-30,Q3,6245000.0,4148000.0,2097000.0,0.3357886309047238,0.0,1398000.0,0.0,60000.0,0.0,6940000.0,1105000.0,0.0,1502000.0,0.24051240992794234,-695000.0,-0.16413130504403523,32000.0,-1025000.0,-0.16413130504403523,-274000.0,-751000.0,-0.12025620496397117,-0.03,-0.03,22916028,22916028,https://www.sedar.com/ModifyCompanyDocumentSearchForm.do?lang=EN&company_search=Second Cup Ltd&document_selection=0&industry_group=A&FromDate=13&FromMonth=05&FromYear=2000&ToDate=13&ToMonth=11&ToYear=2020&Variable=Issuer,https://www.sedar.com/ModifyCompanyDocumentSearchForm.do?lang=EN&company_search=Second Cup Ltd&document_selection=0&industry_group=A&FromDate=13&FromMonth=05&FromYear=2000&ToDate=13&ToMonth=11&ToYear=2020&Variable=Issuer
0,2020-06-30,SCU.TO,2020-06-30,2020-06-30,Q2,3536000.0,2984000.0,552000.0,0.15610859728506787,0.0,1247000.0,0.0,0.0,0.0,5784000.0,1192000.0,0.0,101000.0,0.028563348416289592,-2248000.0,-0.745475113122172,8000.0,-2636000.0,-0.745475113122172,-705000.0,-1931000.0,-0.5460972850678733,-0.08,-0.08,22916028,22916028,https://www.sedar.com/ModifyCompanyDocumentSearchForm.do?lang=EN&company_search=Second Cup Ltd&document_selection=0&industry_group=A&FromDate=13&FromMonth=05&FromYear=2000&ToDate=13&ToMonth=11&ToYear=2020&Variable=Issuer,https://www.sedar.com/ModifyCompanyDocumentSearchForm.do?lang=EN&company_search=Second Cup Ltd&document_selection=0&industry_group=A&FromDate=13&FromMonth=05&FromYear=2000&ToDate=13&ToMonth=11&ToYear=2020&Variable=Issuer
0,2020-03-31,SCU.TO,2020-03-31,2020-03-31,Q1,8793000.0,8773000.0,20000.0,0.002274536563175253,0.0,1570000.0,0.0,-450000.0,0.0,11280000,1157000.0,0.0,-1147000.0,-0.13044467189810077,-2487000.0,-0.44933469805527126,-1160000.0,-3951000.0,-0.44933469805527126,-1054000.0,-2897000.0,-0.3294666211759354,-0.13,-0.13,22656636,22656636,https://www.sedar.com/ModifyCompanyDocumentSearchForm.do?lang=EN&company_search=Second Cup Ltd&document_selection=0&industry_group=A&FromDate=13&FromMonth=05&FromYear=2000&ToDate=13&ToMonth=11&ToYear=2020&Variable=Issuer,https://www.sedar.com/ModifyCompanyDocumentSearchForm.do?lang=EN&company_search=Second Cup Ltd&document_selection=0&industry_group=A&FromDate=13&FromMonth=05&FromYear=2000&ToDate=13&ToMonth=11&ToYear=2020&Variable=Issuer
0,2019-12-31,SCU.TO,2019-12-31,2019-12-31,Q4,7604000.0,6478000.0,1126000.0,0.14807995791688586,0.0,1540000.0,0.0,581000.0,0.0,8928000.0,4121000.0,0.0,2222000.0,0.2922146238821673,-1324000.0,-0.7155444502893215,-3321000.0,-5441000.0,-0.7155444502893215,-1396000.0,-4045000.0,-0.5319568648079958,-0.17651401019408774,-0.17651401019408774,22916028,22916028,https://www.sedar.com/ModifyCompanyDocumentSearchForm.do?lang=EN&company_search=Second Cup Ltd&document_selection=0&industry_group=A&FromDate=13&FromMonth=05&FromYear=2000&ToDate=13&ToMonth=11&ToYear=2020&Variable=Issuer,https://www.sedar.com/ModifyCompanyDocumentSearchForm.do?lang=EN&company_search=Second Cup Ltd&document_selection=0&industry_group=A&FromDate=13&FromMonth=05&FromYear=2000&ToDate=13&ToMonth=11&ToYear=2020&Variable=Issuer
0,2019-09-30,SCU.TO,2019-09-30,2019-09-30,Q3,6652000.0,4728000.0,1924000.0,0.28923631990378834,0.0,1757000.0,0.0,-349000.0,0.0,7390000.0,24000.0,0.0,-122000.0,-0.018340348767288035,-738000.0,-0.15619362597714972,-337000.0,-1039000.0,-0.15619362597714972,-277000.0,-762000.0,-0.11455201443174985,-0.04,-0.04,20366649,20366649,https://www.sedar.com/ModifyCompanyDocumentSearchForm.do?lang=EN&company_search=Second Cup Ltd&document_selection=0&industry_group=A&FromDate=13&FromMonth=05&FromYear=2000&ToDate=13&ToMonth=11&ToYear=2020&Variable=Issuer,https://www.sedar.com/ModifyCompanyDocumentSearchForm.do?lang=EN&company_search=Second Cup Ltd&document_selection=0&industry_group=A&FromDate=13&FromMonth=05&FromYear=2000&ToDate=13&ToMonth=11&ToYear=2020&Variable=Issuer
0,2019-06-30,SCU.TO,2019-06-30,2019-06-30,Q2,6507000.0,4480000.0,2027000.0,0.3115106808052866,0.0,1790000.0,0.0,-259000.0,0.0,7125000.0,14000.0,0.0,50000.0,0.007684032580298141,-618000.0,-0.12909174734900877,-279000.0,-840000.0,-0.12909174734900877,-224000.0,-616000.0,-0.09466728138927309,-0.03,-0.03,19879718,19879718,https://www.sedar.com/ModifyCompanyDocumentSearchForm.do?lang=EN&company_search=Second Cup Ltd&document_selection=0&industry_group=A&FromDate=13&FromMonth=05&FromYear=2000&ToDate=13&ToMonth=11&ToYear=2020&Variable=Issuer,https://www.sedar.com/ModifyCompanyDocumentSearchForm.do?lang=EN&company_search=Second Cup Ltd&document_selection=0&industry_group=A&FromDate=13&FromMonth=05&FromYear=2000&ToDate=13&ToMonth=11&ToYear=2020&Variable=Issuer
0,2019-03-31,SCU.TO,2019-03-31,2019-03-31,Q1,6239000.0,4521000.0,1718000.0,0.27536464176951436,0.0,1368000.0,0.0,1426000.0,0.0,6727000.0,4000.0,0.0,1865000.0,0.2989261099535182,-488000.0,0.16364802051610836,1425000.0,1021000.0,0.16364802051610836,271000.0,750000.0,0.12021157236736657,0.04,0.04,19900942,19900942,https://www.sedar.com/ModifyCompanyDocumentSearchForm.do?lang=EN&company_search=Second Cup Ltd&document_selection=0&industry_group=A&FromDate=13&FromMonth=05&FromYear=2000&ToDate=13&ToMonth=11&ToYear=2020&Variable=Issuer,https://www.sedar.com/ModifyCompanyDocumentSearchForm.do?lang=EN&company_search=Second Cup Ltd&document_selection=0&industry_group=A&FromDate=13&FromMonth=05&FromYear=2000&ToDate=13&ToMonth=11&ToYear=2020&Variable=Issuer
0,2018-12-31,SCU.TO,2018-12-31,2018-12-31,Q4,9253000.0,6974000.0,2279000.0,0.24629849778450233,0.0,1116000.0,0.0,0.0,0.0,9233000.0,0.0,0.0,558000.0,0.060304766021830755,20000.0,-0.0007565114017075543,-90000.0,-7000.0,-0.0007565114017075543,47000.0,-54000.0,-0.005835945098886848,-0.0023564293079062393,-0.0023564293079062393,22916028,22916028,https://www.sedar.com/ModifyCompanyDocumentSearchForm.do?lang=EN&company_search=Second Cup Ltd&document_selection=0&industry_group=A&FromDate=13&FromMonth=05&FromYear=2000&ToDate=13&ToMonth=11&ToYear=2020&Variable=Issuer,https://www.sedar.com/ModifyCompanyDocumentSearchForm.do?lang=EN&company_search=Second Cup Ltd&document_selection=0&industry_group=A&FromDate=13&FromMonth=05&FromYear=2000&ToDate=13&ToMonth=11&ToYear=2020&Variable=Issuer
0,2018-09-30,SCU.TO,2018-09-30,2018-09-30,Q3,5937000.0,3932000.0,2005000.0,0.33771264948627255,0.0,1147000.0,0.0,0.0,-436000.0,4981000.0,0.0,0.0,1375000.0,0.2315984503958228,956000.0,0.17466734040761328,20000.0,1037000.0,0.17466734040761328,271000.0,766000.0,0.12902139127505474,0.04,0.04,19940073,19940073,https://www.sedar.com/ModifyCompanyDocumentSearchForm.do?lang=EN&company_search=Second Cup Ltd&document_selection=0&industry_group=A&FromDate=13&FromMonth=05&FromYear=2000&ToDate=13&ToMonth=11&ToYear=2020&Variable=Issuer,https://www.sedar.com/ModifyCompanyDocumentSearchForm.do?lang=EN&company_search=Second Cup Ltd&document_selection=0&industry_group=A&FromDate=13&FromMonth=05&FromYear=2000&ToDate=13&ToMonth=11&ToYear=2020&Variable=Issuer
0,2018-06-30,SCU.TO,2018-06-30,2018-06-30,Q2,5627000.0,3733000.0,1894000.0,0.33659143415674425,0.0,1354000.0,0.0,383000.0,0.0,5411000.0,0.0,0.0,959000.0,0.17042829216278657,216000.0,0.13897280966767372,530000.0,782000.0,0.13897280966767372,205000.0,577000.0,0.10254131864226053,0.03,0.03,18761522,18761522,https://www.sedar.com/ModifyCompanyDocumentSearchForm.do?lang=EN&company_search=Second Cup Ltd&document_selection=0&industry_group=A&FromDate=13&FromMonth=05&FromYear=2000&ToDate=13&ToMonth=11&ToYear=2020&Variable=Issuer,https://www.sedar.com/ModifyCompanyDocumentSearchForm.do?lang=EN&company_search=Second Cup Ltd&document_selection=0&industry_group=A&FromDate=13&FromMonth=05&FromYear=2000&ToDate=13&ToMonth=11&ToYear=2020&Variable=Issuer
0,2018-03-31,SCU.TO,2018-03-31,2018-03-31,Q1,4897000.0,3276000.0,1621000.0,0.33101899121911377,0.0,1447000.0,0.0,0.0,0.0,5072000.0,0.0,0.0,179000.0,0.03655299162752706,-175000.0,-0.03471513171329385,0.0,-170000.0,-0.03471513171329385,-32000.0,-138000.0,-0.028180518684909128,-0.01,-0.01,17041473,17041473,https://www.sedar.com/ModifyCompanyDocumentSearchForm.do?lang=EN&company_search=Second Cup Ltd&document_selection=0&industry_group=A&FromDate=13&FromMonth=05&FromYear=2000&ToDate=13&ToMonth=11&ToYear=2020&Variable=Issuer,https://www.sedar.com/ModifyCompanyDocumentSearchForm.do?lang=EN&company_search=Second Cup Ltd&document_selection=0&industry_group=A&FromDate=13&FromMonth=05&FromYear=2000&ToDate=13&ToMonth=11&ToYear=2020&Variable=Issuer
0,2017-12-31,SCU.TO,2017-12-31,2017-12-31,Q4,6085000.0,3442000.0,2643000.0,0.4343467543138866,0.0,1206000.0,0.0,0.0,0.0,4994000.0,3392000.0,0.0,4850000.0,0.7970419063270336,1091000.0,0.1640098603122432,3192000.0,998000.0,0.1640098603122432,343000.0,655000.0,0.1076417419884963,0.028582614753307162,0.028582614753307162,22916028,22916028,https://www.sedar.com/ModifyCompanyDocumentSearchForm.do?lang=EN&company_search=Second Cup Ltd&document_selection=0&industry_group=A&FromDate=13&FromMonth=05&FromYear=2000&ToDate=13&ToMonth=11&ToYear=2020&Variable=Issuer,https://www.sedar.com/ModifyCompanyDocumentSearchForm.do?lang=EN&company_search=Second Cup Ltd&document_selection=0&industry_group=A&FromDate=13&FromMonth=05&FromYear=2000&ToDate=13&ToMonth=11&ToYear=2020&Variable=Issuer
0,2017-09-30,SCU.TO,2017-09-30,2017-09-30,Q3,5339000.0,3033000.0,2306000.0,0.4319160891552725,0.0,1504000.0,0.0,0.0,0.0,4906000.0,92000.0,0.0,790000.0,0.1479677842292564,433000.0,-0.5540363363925829,-3287000.0,-2958000.0,-0.5540363363925829,4000.0,-2962000.0,-0.5547855403633639,-0.19,-0.19,15236961,15236961,https://www.sedar.com/ModifyCompanyDocumentSearchForm.do?lang=EN&company_search=Second Cup Ltd&document_selection=0&industry_group=A&FromDate=13&FromMonth=05&FromYear=2000&ToDate=13&ToMonth=11&ToYear=2020&Variable=Issuer,https://www.sedar.com/ModifyCompanyDocumentSearchForm.do?lang=EN&company_search=Second Cup Ltd&document_selection=0&industry_group=A&FromDate=13&FromMonth=05&FromYear=2000&ToDate=13&ToMonth=11&ToYear=2020&Variable=Issuer
0,2017-06-30,SCU.TO,2017-06-30,2017-06-30,Q2,6237000.0,4089000.0,2148000.0,0.3443963443963444,0.0,1842000.0,0.0,0.0,0.0,6299000.0,206000.0,0.0,268000.0,0.04296937630270964,-62000.0,-0.062209395542728876,-76000.0,-388000.0,-0.062209395542728876,-73000.0,-315000.0,-0.050505050505050504,-0.02,-0.02,12830945,12830945,https://www.sedar.com/ModifyCompanyDocumentSearchForm.do?lang=EN&company_search=Second Cup Ltd&document_selection=0&industry_group=A&FromDate=13&FromMonth=05&FromYear=2000&ToDate=13&ToMonth=11&ToYear=2020&Variable=Issuer,https://www.sedar.com/ModifyCompanyDocumentSearchForm.do?lang=EN&company_search=Second Cup Ltd&document_selection=0&industry_group=A&FromDate=13&FromMonth=05&FromYear=2000&ToDate=13&ToMonth=11&ToYear=2020&Variable=Issuer
0,2017-03-31,SCU.TO,2017-03-31,2017-03-31,Q1,5975000.0,4432000.0,1543000.0,0.2582426778242678,0.0,1457000.0,0.0,0.0,0.0,6264000.0,207000.0,0.0,41000.0,0.0068619246861924684,-289000.0,-0.09589958158995816,-26000.0,-573000.0,-0.09589958158995816,-98000.0,-475000.0,-0.0794979079497908,-0.04,-0.04,12830945,12830945,https://www.sedar.com/ModifyCompanyDocumentSearchForm.do?lang=EN&company_search=Second Cup Ltd&document_selection=0&industry_group=A&FromDate=13&FromMonth=05&FromYear=2000&ToDate=13&ToMonth=11&ToYear=2020&Variable=Issuer,https://www.sedar.com/ModifyCompanyDocumentSearchForm.do?lang=EN&company_search=Second Cup Ltd&document_selection=0&industry_group=A&FromDate=13&FromMonth=05&FromYear=2000&ToDate=13&ToMonth=11&ToYear=2020&Variable=Issuer
0,2016-12-31,SCU.TO,2016-12-31,2016-12-31,Q4,7500000.0,5415000.0,2085000.0,0.278,0.0,1503000.0,0.0,0.0,0.0,7283000.0,95000.0,0.0,587000.0,0.07826666666666666,217000.0,0.027333333333333334,84000.0,205000.0,0.027333333333333334,58000.0,147000.0,0.0196,0.006414724227078096,0.006414724227078096,22916028,22916028,https://www.sedar.com/ModifyCompanyDocumentSearchForm.do?lang=EN&company_search=Second Cup Ltd&document_selection=0&industry_group=A&FromDate=13&FromMonth=05&FromYear=2000&ToDate=13&ToMonth=11&ToYear=2020&Variable=Issuer,https://www.sedar.com/ModifyCompanyDocumentSearchForm.do?lang=EN&company_search=Second Cup Ltd&document_selection=0&industry_group=A&FromDate=13&FromMonth=05&FromYear=2000&ToDate=13&ToMonth=11&ToYear=2020&Variable=Issuer
0,2016-09-30,SCU.TO,2016-09-30,2016-09-30,Q3,7656000.0,5745000.0,1911000.0,0.24960815047021945,0.0,1403000.0,0.0,0.0,0.0,7530000.0,64000.0,0.0,516000.0,0.06739811912225706,126000.0,-0.011363636363636364,-151000.0,-87000.0,-0.011363636363636364,-12000.0,-75000.0,-0.009796238244514107,-0.01,-0.01,12830945,12830945,https://www.sedar.com/ModifyCompanyDocumentSearchForm.do?lang=EN&company_search=Second Cup Ltd&document_selection=0&industry_group=A&FromDate=13&FromMonth=05&FromYear=2000&ToDate=13&ToMonth=11&ToYear=2020&Variable=Issuer,https://www.sedar.com/ModifyCompanyDocumentSearchForm.do?lang=EN&company_search=Second Cup Ltd&document_selection=0&industry_group=A&FromDate=13&FromMonth=05&FromYear=2000&ToDate=13&ToMonth=11&ToYear=2020&Variable=Issuer
0,2016-06-30,SCU.TO,2016-06-30,2016-06-30,Q2,7761000.0,6243000.0,1518000.0,0.19559335137224584,0.0,1492000.0,0.0,0.0,0.0,8135000.0,70000.0,0.0,32000.0,0.004123180002576988,-374000.0,-0.07705192629815745,-154000.0,-598000.0,-0.07705192629815745,-157000.0,-441000.0,-0.05682257441051411,-0.03,-0.03,12830945,12830945,https://www.sedar.com/ModifyCompanyDocumentSearchForm.do?lang=EN&company_search=Second Cup Ltd&document_selection=0&industry_group=A&FromDate=13&FromMonth=05&FromYear=2000&ToDate=13&ToMonth=11&ToYear=2020&Variable=Issuer,https://www.sedar.com/ModifyCompanyDocumentSearchForm.do?lang=EN&company_search=Second Cup Ltd&document_selection=0&industry_group=A&FromDate=13&FromMonth=05&FromYear=2000&ToDate=13&ToMonth=11&ToYear=2020&Variable=Issuer
0,2016-03-31,SCU.TO,2016-03-31,2016-03-31,Q1,7434000.0,4952000.0,2482000.0,0.3338714016680118,0.0,2805000.0,0.0,0.0,0.0,8163000.0,30000.0,406000.0,-320000.0,-0.04304546677428033,-729000.0,-0.10223298358891579,-4000.0,-760000.0,-0.10223298358891579,-154000.0,-606000.0,-0.08151735270379339,-0.05,-0.05,12830945,12830945,https://www.sedar.com/ModifyCompanyDocumentSearchForm.do?lang=EN&company_search=Second Cup Ltd&document_selection=0&industry_group=A&FromDate=13&FromMonth=05&FromYear=2000&ToDate=13&ToMonth=11&ToYear=2020&Variable=Issuer,https://www.sedar.com/ModifyCompanyDocumentSearchForm.do?lang=EN&company_search=Second Cup Ltd&document_selection=0&industry_group=A&FromDate=13&FromMonth=05&FromYear=2000&ToDate=13&ToMonth=11&ToYear=2020&Variable=Issuer
0,2015-12-31,SCU.TO,2015-12-31,2015-12-31,Q4,9636000.0,626000.0,9010000.0,0.9350352843503529,0.0,8434000.0,0.0,0.0,0.0,9447000.0,88000.0,0.0,593000.0,0.06154005811540058,189000.0,0.009858862598588626,-22000.0,95000.0,0.009858862598588626,1000.0,94000.0,0.009755085097550851,0.004101932498947898,0.004101932498947898,22916028,22916028,https://www.sedar.com/ModifyCompanyDocumentSearchForm.do?lang=EN&company_search=Second Cup Ltd&document_selection=0&industry_group=A&FromDate=13&FromMonth=05&FromYear=2000&ToDate=13&ToMonth=11&ToYear=2020&Variable=Issuer,https://www.sedar.com/ModifyCompanyDocumentSearchForm.do?lang=EN&company_search=Second Cup Ltd&document_selection=0&industry_group=A&FromDate=13&FromMonth=05&FromYear=2000&ToDate=13&ToMonth=11&ToYear=2020&Variable=Issuer
0,2015-09-30,SCU.TO,2015-09-30,2015-09-30,Q3,9270000.0,8945000.0,325000.0,0.03505933117583603,0.0,1204000.0,0.0,0.0,0.0,10536000,160000.0,0.0,-855000.0,-0.09223300970873786,-1266000.0,-0.15609492988133764,-45000.0,-1447000.0,-0.15609492988133764,-348000.0,-1099000.0,-0.118554476806904,-0.09,-0.09,12830945,12830945,https://www.sedar.com/ModifyCompanyDocumentSearchForm.do?lang=EN&company_search=Second Cup Ltd&document_selection=0&industry_group=A&FromDate=13&FromMonth=05&FromYear=2000&ToDate=13&ToMonth=11&ToYear=2020&Variable=Issuer,https://www.sedar.com/ModifyCompanyDocumentSearchForm.do?lang=EN&company_search=Second Cup Ltd&document_selection=0&industry_group=A&FromDate=13&FromMonth=05&FromYear=2000&ToDate=13&ToMonth=11&ToYear=2020&Variable=Issuer
0,2015-06-30,SCU.TO,2015-06-30,2015-06-30,Q2,9420000.0,7340000.0,2080000.0,0.2208067940552017,0.0,1779000.0,0.0,0.0,0.0,9459000.0,105000.0,418000.0,334000.0,0.03545647558386412,-39000.0,-0.008280254777070064,33000.0,-78000.0,-0.008280254777070064,-6000.0,-72000.0,-0.007643312101910828,-0.003141905743874986,-0.003141905743874986,22916028,22916028,https://www.sedar.com/ModifyCompanyDocumentSearchForm.do?lang=EN&company_search=Second Cup Ltd&document_selection=0&industry_group=A&FromDate=13&FromMonth=05&FromYear=2000&ToDate=13&ToMonth=11&ToYear=2020&Variable=Issuer,https://www.sedar.com/ModifyCompanyDocumentSearchForm.do?lang=EN&company_search=Second Cup Ltd&document_selection=0&industry_group=A&FromDate=13&FromMonth=05&FromYear=2000&ToDate=13&ToMonth=11&ToYear=2020&Variable=Issuer
0,2015-03-31,SCU.TO,2015-03-31,2015-03-31,Q1,9014000.0,3766000.0,5248000.0,0.5822054581761704,0.0,4884000.0,0.0,0.0,0.0,9001000.0,206000.0,273000.0,394000.0,0.043709784779232305,13000.0,-0.0119813623252718,55000.0,-108000.0,-0.0119813623252718,-32000.0,-76000.0,-0.008431329043709785,-0.01,-0.01,12830945,12830945,https://www.sedar.com/ModifyCompanyDocumentSearchForm.do?lang=EN&company_search=Second Cup Ltd&document_selection=0&industry_group=A&FromDate=13&FromMonth=05&FromYear=2000&ToDate=13&ToMonth=11&ToYear=2020&Variable=Issuer,https://www.sedar.com/ModifyCompanyDocumentSearchForm.do?lang=EN&company_search=Second Cup Ltd&document_selection=0&industry_group=A&FromDate=13&FromMonth=05&FromYear=2000&ToDate=13&ToMonth=11&ToYear=2020&Variable=Issuer
0,2014-12-31,SCU.TO,2014-12-31,2014-12-31,Q4,7367000.0,2780000.0,4587000.0,0.6226415094339622,0.0,3518000.0,0.0,0.0,0.0,5442000.0,123000.0,288000.0,2325000.0,0.31559657934030133,1925000.0,-0.08510927107370707,-2446000.0,-627000.0,-0.08510927107370707,-159000.0,-468000.0,-0.06352653726075744,-0.020422387335187406,-0.020422387335187406,22916028,22916028,https://www.sedar.com/ModifyCompanyDocumentSearchForm.do?lang=EN&company_search=Second Cup Ltd&document_selection=0&industry_group=A&FromDate=13&FromMonth=05&FromYear=2000&ToDate=13&ToMonth=11&ToYear=2020&Variable=Issuer,https://www.sedar.com/ModifyCompanyDocumentSearchForm.do?lang=EN&company_search=Second Cup Ltd&document_selection=0&industry_group=A&FromDate=13&FromMonth=05&FromYear=2000&ToDate=13&ToMonth=11&ToYear=2020&Variable=Issuer
0,2014-09-30,SCU.TO,2014-09-30,2014-09-30,Q3,6695000.0,1849000.0,4846000.0,0.7238237490664675,0.0,3767000.0,0.0,0.0,0.0,7203000.0,125000.0,254000.0,-151000.0,-0.022554144884241973,-508000.0,-4.53024645257655,-29706000,-30330000,-4.53024645257655,-4100000.0,-26230000,-3.917849141150112,-2.65,-2.65,9903045.0,9903045.0,https://www.sedar.com/ModifyCompanyDocumentSearchForm.do?lang=EN&company_search=Second Cup Ltd&document_selection=0&industry_group=A&FromDate=13&FromMonth=05&FromYear=2000&ToDate=13&ToMonth=11&ToYear=2020&Variable=Issuer,https://www.sedar.com/ModifyCompanyDocumentSearchForm.do?lang=EN&company_search=Second Cup Ltd&document_selection=0&industry_group=A&FromDate=13&FromMonth=05&FromYear=2000&ToDate=13&ToMonth=11&ToYear=2020&Variable=Issuer
0,2014-06-30,SCU.TO,2014-06-30,2014-06-30,Q2,6498000.0,1172000.0,5326000.0,0.819636811326562,0.0,3810000.0,0.0,0.0,0.0,5257000.0,139000.0,196000.0,1555000.0,0.23930440135426284,1241000.0,-0.07510003077870114,-1629000.0,-488000.0,-0.07510003077870114,-98000.0,-390000.0,-0.06001846722068329,-0.017018656112656173,-0.017018656112656173,22916028,22916028,https://www.sedar.com/ModifyCompanyDocumentSearchForm.do?lang=EN&company_search=Second Cup Ltd&document_selection=0&industry_group=A&FromDate=13&FromMonth=05&FromYear=2000&ToDate=13&ToMonth=11&ToYear=2020&Variable=Issuer,https://www.sedar.com/ModifyCompanyDocumentSearchForm.do?lang=EN&company_search=Second Cup Ltd&document_selection=0&industry_group=A&FromDate=13&FromMonth=05&FromYear=2000&ToDate=13&ToMonth=11&ToYear=2020&Variable=Issuer
0,2014-03-31,SCU.TO,2014-03-31,2014-03-31,Q1,7612000.0,1878000.0,5734000.0,0.7532842879663689,0.0,4793000.0,0.0,0.0,0.0,6937000.0,156000.0,195000.0,941000.0,0.12362059905412506,675000.0,0.009196006305832895,-449000.0,70000.0,0.009196006305832895,14000.0,56000.0,0.007356805044666317,0.01,0.01,9903045.0,9903045.0,https://www.sedar.com/ModifyCompanyDocumentSearchForm.do?lang=EN&company_search=Second Cup Ltd&document_selection=0&industry_group=A&FromDate=13&FromMonth=05&FromYear=2000&ToDate=13&ToMonth=11&ToYear=2020&Variable=Issuer,https://www.sedar.com/ModifyCompanyDocumentSearchForm.do?lang=EN&company_search=Second Cup Ltd&document_selection=0&industry_group=A&FromDate=13&FromMonth=05&FromYear=2000&ToDate=13&ToMonth=11&ToYear=2020&Variable=Issuer
0,2013-12-31,SCU.TO,2013-12-31,2013-12-31,Q4,8038000.0,1089000.0,6949000.0,0.8645185369494899,-125000.0,3763000.0,0.0,0.0,0.0,5075000.0,273000.0,206000.0,3300000.0,0.4105498880318487,2963000.0,0.20365762627519282,-1042000.0,1637000.0,0.20365762627519282,460000.0,1177000.0,0.1464294600646927,0.05136143139640081,0.05136143139640081,22916028,22916028,https://www.sedar.com/ModifyCompanyDocumentSearchForm.do?lang=EN&company_search=Second Cup Ltd&document_selection=0&industry_group=A&FromDate=13&FromMonth=05&FromYear=2000&ToDate=13&ToMonth=11&ToYear=2020&Variable=Issuer,https://www.sedar.com/ModifyCompanyDocumentSearchForm.do?lang=EN&company_search=Second Cup Ltd&document_selection=0&industry_group=A&FromDate=13&FromMonth=05&FromYear=2000&ToDate=13&ToMonth=11&ToYear=2020&Variable=Issuer
0,2013-09-30,SCU.TO,2013-09-30,2013-09-30,Q3,6268000.0,1042000.0,5226000.0,0.8337587747287811,226000.0,3559000.0,0.0,0.0,0.0,5137000.0,113000.0,187000.0,1467000.0,0.23404594767070835,1131000.0,0.20277600510529675,227000.0,1271000.0,0.20277600510529675,353000.0,918000.0,0.14645820038289725,0.09,0.09,9903045.0,9903045.0,https://www.sedar.com/ModifyCompanyDocumentSearchForm.do?lang=EN&company_search=Second Cup Ltd&document_selection=0&industry_group=A&FromDate=13&FromMonth=05&FromYear=2000&ToDate=13&ToMonth=11&ToYear=2020&Variable=Issuer,https://www.sedar.com/ModifyCompanyDocumentSearchForm.do?lang=EN&company_search=Second Cup Ltd&document_selection=0&industry_group=A&FromDate=13&FromMonth=05&FromYear=2000&ToDate=13&ToMonth=11&ToYear=2020&Variable=Issuer
0,2013-06-30,SCU.TO,2013-06-30,2013-06-30,Q2,6636000.0,956000.0,5680000.0,0.8559373116335142,246000.0,2905000.0,40000.0,0.0,0.0,4451000.0,117000.0,172000.0,2500000.0,0.3767329716696805,2185000.0,-1.732368896925859,-13586000,-11496000,-1.732368896925859,-1344000.0,-10152000,-1.5298372513562386,-1.03,-1.03,9903045.0,9903045.0,https://www.sedar.com/ModifyCompanyDocumentSearchForm.do?lang=EN&company_search=Second Cup Ltd&document_selection=0&industry_group=A&FromDate=13&FromMonth=05&FromYear=2000&ToDate=13&ToMonth=11&ToYear=2020&Variable=Issuer,https://www.sedar.com/ModifyCompanyDocumentSearchForm.do?lang=EN&company_search=Second Cup Ltd&document_selection=0&industry_group=A&FromDate=13&FromMonth=05&FromYear=2000&ToDate=13&ToMonth=11&ToYear=2020&Variable=Issuer
0,2013-03-31,SCU.TO,2013-03-31,2013-03-31,Q1,6246000.0,967000.0,5279000.0,0.8451809157861031,456000.0,3401000.0,40000.0,0.0,0.0,5124000.0,159000.0,183000.0,1409000.0,0.2255843739993596,1122000.0,0.1520973422990714,0.0,950000.0,0.1520973422990714,262000.0,688000.0,0.11015049631764329,0.07,0.07,9903045.0,9903045.0,https://www.sedar.com/ModifyCompanyDocumentSearchForm.do?lang=EN&company_search=Second Cup Ltd&document_selection=0&industry_group=A&FromDate=13&FromMonth=05&FromYear=2000&ToDate=13&ToMonth=11&ToYear=2020&Variable=Issuer,https://www.sedar.com/ModifyCompanyDocumentSearchForm.do?lang=EN&company_search=Second Cup Ltd&document_selection=0&industry_group=A&FromDate=13&FromMonth=05&FromYear=2000&ToDate=13&ToMonth=11&ToYear=2020&Variable=Issuer
0,2012-12-31,SCU.TO,2012-12-31,2012-12-31,Q4,7785000.0,1147000.0,6638000.0,0.852665382145151,208000.0,3260000.0,51000.0,0.0,107000.0,5082000.0,138000.0,208000.0,3037000.0,0.3901091843288375,2703000.0,-1.6847784200385356,-15691000,-13116000,-1.6847784200385356,-1092000.0,-12024000,-1.544508670520231,-0.5246982592271227,-0.5246982592271227,22916028,22916028,https://www.sedar.com/ModifyCompanyDocumentSearchForm.do?lang=EN&company_search=Second Cup Ltd&document_selection=0&industry_group=A&FromDate=13&FromMonth=05&FromYear=2000&ToDate=13&ToMonth=11&ToYear=2020&Variable=Issuer,https://www.sedar.com/ModifyCompanyDocumentSearchForm.do?lang=EN&company_search=Second Cup Ltd&document_selection=0&industry_group=A&FromDate=13&FromMonth=05&FromYear=2000&ToDate=13&ToMonth=11&ToYear=2020&Variable=Issuer
0,2012-09-30,SCU.TO,2012-09-30,2012-09-30,Q3,6378000.0,971000.0,5407000.0,0.8477579178425839,179000.0,3443000.0,41000.0,0.0,110000.0,5216000.0,128000.0,191000.0,1480000.0,0.23204766384446535,1162000.0,0.15945437441204138,-29000.0,1017000.0,0.15945437441204138,271000.0,746000.0,0.1169645656945751,0.08,0.08,9903045.0,9903045.0,https://www.sedar.com/ModifyCompanyDocumentSearchForm.do?lang=EN&company_search=Second Cup Ltd&document_selection=0&industry_group=A&FromDate=13&FromMonth=05&FromYear=2000&ToDate=13&ToMonth=11&ToYear=2020&Variable=Issuer,https://www.sedar.com/ModifyCompanyDocumentSearchForm.do?lang=EN&company_search=Second Cup Ltd&document_selection=0&industry_group=A&FromDate=13&FromMonth=05&FromYear=2000&ToDate=13&ToMonth=11&ToYear=2020&Variable=Issuer
0,2012-06-30,SCU.TO,2012-06-30,2012-06-30,Q2,6175000.0,729000.0,5446000.0,0.8819433198380566,221000.0,2698000.0,85000.0,0.0,193000.0,4112000.0,160000.0,159000.0,2351000.0,0.3807287449392713,2063000.0,0.31093117408906884,0.0,1920000.0,0.31093117408906884,1078000.0,842000.0,0.13635627530364372,0.09,0.09,9903045.0,9903045.0,https://www.sedar.com/ModifyCompanyDocumentSearchForm.do?lang=EN&company_search=Second Cup Ltd&document_selection=0&industry_group=A&FromDate=13&FromMonth=05&FromYear=2000&ToDate=13&ToMonth=11&ToYear=2020&Variable=Issuer,https://www.sedar.com/ModifyCompanyDocumentSearchForm.do?lang=EN&company_search=Second Cup Ltd&document_selection=0&industry_group=A&FromDate=13&FromMonth=05&FromYear=2000&ToDate=13&ToMonth=11&ToYear=2020&Variable=Issuer
0,2012-03-31,SCU.TO,2012-03-31,2012-03-31,Q1,6008000.0,676000.0,5332000.0,0.8874833555259654,0.0,3450000.0,145000.0,0.0,67000.0,4459000.0,138000.0,158000.0,-1015000.0,-0.16894141145139813,1549000.0,-0.23735019973368843,-7000.0,-1426000.0,-0.23735019973368843,-394000.0,1032000.0,0.17177097203728361,0.1,0.1,9903045.0,9903045.0,https://www.sedar.com/ModifyCompanyDocumentSearchForm.do?lang=EN&company_search=Second Cup Ltd&document_selection=0&industry_group=A&FromDate=13&FromMonth=05&FromYear=2000&ToDate=13&ToMonth=11&ToYear=2020&Variable=Issuer,https://www.sedar.com/ModifyCompanyDocumentSearchForm.do?lang=EN&company_search=Second Cup Ltd&document_selection=0&industry_group=A&FromDate=13&FromMonth=05&FromYear=2000&ToDate=13&ToMonth=11&ToYear=2020&Variable=Issuer
0,2011-12-31,SCU.TO,2011-12-31,2011-12-31,Q4,7363000.0,760000.0,6603000.0,0.8967812033138667,0.0,2574000.0,110000.0,0.0,102000.0,4052000.0,114000.0,231000.0,3667000.0,0.4980306940105935,3311000.0,0.4231970664131468,-101000.0,3116000.0,0.4231970664131468,764000.0,2352000.0,0.3194350129023496,0.10263558763324954,0.10263558763324954,22916028,22916028,https://www.sedar.com/ModifyCompanyDocumentSearchForm.do?lang=EN&company_search=Second Cup Ltd&document_selection=0&industry_group=A&FromDate=13&FromMonth=05&FromYear=2000&ToDate=13&ToMonth=11&ToYear=2020&Variable=Issuer,https://www.sedar.com/ModifyCompanyDocumentSearchForm.do?lang=EN&company_search=Second Cup Ltd&document_selection=0&industry_group=A&FromDate=13&FromMonth=05&FromYear=2000&ToDate=13&ToMonth=11&ToYear=2020&Variable=Issuer
0,2011-09-30,SCU.TO,2011-09-30,2011-09-30,Q3,6138000.0,574000.0,5564000.0,0.9064841968067775,0.0,2915000.0,90000.0,0.0,59000.0,3767000.0,284000.0,119000.0,2607000.0,0.42473118279569894,2371000.0,0.3413163897034865,-9000.0,2095000.0,0.3413163897034865,443000.0,1652000.0,0.2691430433365917,0.17,0.166817,9903045.0,9903045.0,https://www.sedar.com/ModifyCompanyDocumentSearchForm.do?lang=EN&company_search=Second Cup Ltd&document_selection=0&industry_group=A&FromDate=13&FromMonth=05&FromYear=2000&ToDate=13&ToMonth=11&ToYear=2020&Variable=Issuer,https://www.sedar.com/ModifyCompanyDocumentSearchForm.do?lang=EN&company_search=Second Cup Ltd&document_selection=0&industry_group=A&FromDate=13&FromMonth=05&FromYear=2000&ToDate=13&ToMonth=11&ToYear=2020&Variable=Issuer
0,2011-06-30,SCU.TO,2011-06-30,2011-06-30,Q2,6072000.0,465000.0,5607000.0,0.9234189723320159,43000.0,2690000.0,19000.0,0.0,0.0,3515000.0,237000.0,88000.0,2756000.0,0.4538866930171278,2557000.0,0.3759881422924901,-51000.0,2283000.0,0.3759881422924901,738000.0,1545000.0,0.2544466403162055,0.16,0.16,9903045.0,9903045.0,https://www.sedar.com/ModifyCompanyDocumentSearchForm.do?lang=EN&company_search=Second Cup Ltd&document_selection=0&industry_group=A&FromDate=13&FromMonth=05&FromYear=2000&ToDate=13&ToMonth=11&ToYear=2020&Variable=Issuer,https://www.sedar.com/ModifyCompanyDocumentSearchForm.do?lang=EN&company_search=Second Cup Ltd&document_selection=0&industry_group=A&FromDate=13&FromMonth=05&FromYear=2000&ToDate=13&ToMonth=11&ToYear=2020&Variable=Issuer
0,2011-03-31,SCU.TO,2011-03-31,2011-03-31,Q1,5428000.0,424000.0,5004000.0,0.9218865143699336,0.0,3237000.0,95000.0,0.0,0.0,3856000.0,147000.0,51000.0,1729000.0,0.31853352984524685,1572000.0,0.2566322770817981,-48000.0,1393000.0,0.2566322770817981,-6359000.0,7752000.0,1.4281503316138542,0.78,0.78,9903045.0,9903045.0,https://www.sedar.com/ModifyCompanyDocumentSearchForm.do?lang=EN&company_search=Second Cup Ltd&document_selection=0&industry_group=A&FromDate=13&FromMonth=05&FromYear=2000&ToDate=13&ToMonth=11&ToYear=2020&Variable=Issuer,https://www.sedar.com/ModifyCompanyDocumentSearchForm.do?lang=EN&company_search=Second Cup Ltd&document_selection=0&industry_group=A&FromDate=13&FromMonth=05&FromYear=2000&ToDate=13&ToMonth=11&ToYear=2020&Variable=Issuer
0,2010-12-31,SCU.TO,2010-12-31,2010-12-31,Q4,6490000.0,3258000.0,3232000.0,0.4979969183359014,0.0,54000.0,0.0,75000.0,0.0,3439000.0,-99000.0,-219000.0,2139000.0,0.3295839753466872,3051000.0,0.40215716486902925,574000.0,2610000.0,0.40215716486902925,-33000.0,2643000.0,0.40724191063174114,0.1153341233480776,0.1153341233480776,22916028,22916028,https://www.sedar.com/ModifyCompanyDocumentSearchForm.do?lang=EN&company_search=Second Cup Ltd&document_selection=0&industry_group=A&FromDate=13&FromMonth=05&FromYear=2000&ToDate=13&ToMonth=11&ToYear=2020&Variable=Issuer,https://www.sedar.com/ModifyCompanyDocumentSearchForm.do?lang=EN&company_search=Second Cup Ltd&document_selection=0&industry_group=A&FromDate=13&FromMonth=05&FromYear=2000&ToDate=13&ToMonth=11&ToYear=2020&Variable=Issuer
0,2010-09-30,SCU.TO,2010-09-30,2010-09-30,Q3,6687000.0,0.0,6687000.0,1.0,0.0,3624000.0,1013000.0,-3000.0,0.0,3745000.0,268000.0,121000.0,3060000.0,0.4576043068640646,2942000.0,0.39509496037086883,-32000.0,2642000.0,0.39509496037086883,0.0,2642000.0,0.39509496037086883,0.2682,0.2682,9851036.0,9851036.0,https://www.sedar.com/ModifyCompanyDocumentSearchForm.do?lang=EN&company_search=Second Cup Ltd&document_selection=0&industry_group=A&FromDate=13&FromMonth=05&FromYear=2000&ToDate=13&ToMonth=11&ToYear=2020&Variable=Issuer,https://www.sedar.com/ModifyCompanyDocumentSearchForm.do?lang=EN&company_search=Second Cup Ltd&document_selection=0&industry_group=A&FromDate=13&FromMonth=05&FromYear=2000&ToDate=13&ToMonth=11&ToYear=2020&Variable=Issuer
0,2010-06-30,SCU.TO,2010-06-30,2010-06-30,Q2,6065000.0,729000.0,5336000.0,0.8798021434460016,0.0,2511000.0,0.0,-312000.0,0.0,3359000.0,362000.0,119000.0,2513000.0,0.41434460016488045,2706000.0,0.3330585325638912,-324000.0,2020000.0,0.3330585325638912,-83000.0,2103000.0,0.3467436108821105,0.2135,0.2135,9851036.0,9851036.0,https://www.sedar.com/ModifyCompanyDocumentSearchForm.do?lang=EN&company_search=Second Cup Ltd&document_selection=0&industry_group=A&FromDate=13&FromMonth=05&FromYear=2000&ToDate=13&ToMonth=11&ToYear=2020&Variable=Issuer,https://www.sedar.com/ModifyCompanyDocumentSearchForm.do?lang=EN&company_search=Second Cup Ltd&document_selection=0&industry_group=A&FromDate=13&FromMonth=05&FromYear=2000&ToDate=13&ToMonth=11&ToYear=2020&Variable=Issuer
0,2010-03-31,SCU.TO,2010-03-31,2010-03-31,Q1,5929000.0,816000.0,5113000.0,0.8623713948389273,0.0,2908000.0,0.0,22000.0,0.0,3845000.0,204000.0,121000.0,2227000.0,0.37561140158542755,2084000.0,0.3229886996120762,35000.0,1915000.0,0.3229886996120762,0.0,1915000.0,0.3229886996120762,0.1944,0.1944,9851036.0,9851036.0,https://www.sedar.com/ModifyCompanyDocumentSearchForm.do?lang=EN&company_search=Second Cup Ltd&document_selection=0&industry_group=A&FromDate=13&FromMonth=05&FromYear=2000&ToDate=13&ToMonth=11&ToYear=2020&Variable=Issuer,https://www.sedar.com/ModifyCompanyDocumentSearchForm.do?lang=EN&company_search=Second Cup Ltd&document_selection=0&industry_group=A&FromDate=13&FromMonth=05&FromYear=2000&ToDate=13&ToMonth=11&ToYear=2020&Variable=Issuer
0,2009-12-31,SCU.TO,2009-12-31,2009-12-31,Q4,12725000,2730000.0,9995000.0,0.7854616895874263,0.0,1165000.0,0.0,0.0,0.0,4055000.0,175000.0,0.0,3405000.0,0.2675834970530452,8670000.0,0.23638506876227897,-62000.0,3008000.0,0.23638506876227897,-1111000.0,4119000.0,0.3236935166994106,0.1797431910975148,0.1797431910975148,22916028,22916028,https://www.sedar.com/ModifyCompanyDocumentSearchForm.do?lang=EN&company_search=Second Cup Ltd&document_selection=0&industry_group=A&FromDate=13&FromMonth=05&FromYear=2000&ToDate=13&ToMonth=11&ToYear=2020&Variable=Issuer,https://www.sedar.com/ModifyCompanyDocumentSearchForm.do?lang=EN&company_search=Second Cup Ltd&document_selection=0&industry_group=A&FromDate=13&FromMonth=05&FromYear=2000&ToDate=13&ToMonth=11&ToYear=2020&Variable=Issuer
0,2009-09-30,SCU.TO,2009-09-30,2009-09-30,Q3,6589000.0,0.0,6589000.0,1.0,0.0,3851000.0,0.0,0.0,0.0,3958000.0,186000.0,0.0,2738000.0,0.41554105327060253,2631000.0,0.36894824707846413,-14000.0,2431000.0,0.36894824707846413,-47000.0,2478000.0,0.37608134770071333,0.2519,0.2519,9839131.0,9839131.0,https://www.sedar.com/ModifyCompanyDocumentSearchForm.do?lang=EN&company_search=Second Cup Ltd&document_selection=0&industry_group=A&FromDate=13&FromMonth=05&FromYear=2000&ToDate=13&ToMonth=11&ToYear=2020&Variable=Issuer,https://www.sedar.com/ModifyCompanyDocumentSearchForm.do?lang=EN&company_search=Second Cup Ltd&document_selection=0&industry_group=A&FromDate=13&FromMonth=05&FromYear=2000&ToDate=13&ToMonth=11&ToYear=2020&Variable=Issuer
0,2009-06-30,SCU.TO,2009-06-30,2009-06-30,Q2,2787000.0,0.0,2787000.0,1.0,0.0,296000.0,0.0,0.0,-27000.0,300000.0,173000.0,0.0,2518000.0,0.9034804449228561,2487000.0,0.8302834589163975,0.0,2314000.0,0.8302834589163975,0.0,2314000.0,0.8302834589163975,0.2337,0.2337,9903045.0,9903045.0,https://www.sedar.com/ModifyCompanyDocumentSearchForm.do?lang=EN&company_search=Second Cup Ltd&document_selection=0&industry_group=A&FromDate=13&FromMonth=05&FromYear=2000&ToDate=13&ToMonth=11&ToYear=2020&Variable=Issuer,https://www.sedar.com/ModifyCompanyDocumentSearchForm.do?lang=EN&company_search=Second Cup Ltd&document_selection=0&industry_group=A&FromDate=13&FromMonth=05&FromYear=2000&ToDate=13&ToMonth=11&ToYear=2020&Variable=Issuer
0,2009-03-31,SCU.TO,2009-03-31,2009-03-31,Q1,2828000.0,0.0,2828000.0,1.0,0.0,103000.0,0.0,0.0,16000.0,132000.0,176000.0,0.0,2709000.0,0.9579207920792079,2696000.0,0.8910891089108911,0.0,2520000.0,0.8910891089108911,-33000.0,2553000.0,0.9027581329561527,0.2578,0.2578,9903045.0,9903045.0,https://www.sedar.com/ModifyCompanyDocumentSearchForm.do?lang=EN&company_search=Second Cup Ltd&document_selection=0&industry_group=A&FromDate=13&FromMonth=05&FromYear=2000&ToDate=13&ToMonth=11&ToYear=2020&Variable=Issuer,https://www.sedar.com/ModifyCompanyDocumentSearchForm.do?lang=EN&company_search=Second Cup Ltd&document_selection=0&industry_group=A&FromDate=13&FromMonth=05&FromYear=2000&ToDate=13&ToMonth=11&ToYear=2020&Variable=Issuer
0,2008-12-31,SCU.TO,,,Q4,0.0,0.0,0.0,0.0,0.0,148000.0,0.0,0.0,0.0,467000.0,0.0,0.0,-12249000,0.0,12100000,0.0,-33335000,-21410000,0.0,-3735000.0,-17675000,0.0,-0.7712942225415329,-0.7712942225415329,22916028,22916028,https://www.sedar.com/ModifyCompanyDocumentSearchForm.do?lang=EN&company_search=Second Cup Ltd&document_selection=0&industry_group=A&FromDate=13&FromMonth=05&FromYear=2000&ToDate=13&ToMonth=11&ToYear=2020&Variable=Issuer,https://www.sedar.com/ModifyCompanyDocumentSearchForm.do?lang=EN&company_search=Second Cup Ltd&document_selection=0&industry_group=A&FromDate=13&FromMonth=05&FromYear=2000&ToDate=13&ToMonth=11&ToYear=2020&Variable=Issuer
0,2008-09-30,SCU.TO,,,Q3,0.0,0.0,0.0,0.0,0.0,91000.0,0.0,-23000.0,0.0,91000.0,0.0,0.0,-91000.0,0.0,-91000.0,0.0,3008000.0,2745000.0,0.0,0.0,2745000.0,0.0,0.2777,0.2774,9884733.0,9896733.0,https://www.sedar.com/ModifyCompanyDocumentSearchForm.do?lang=EN&company_search=Second Cup Ltd&document_selection=0&industry_group=A&FromDate=13&FromMonth=05&FromYear=2000&ToDate=13&ToMonth=11&ToYear=2020&Variable=Issuer,https://www.sedar.com/ModifyCompanyDocumentSearchForm.do?lang=EN&company_search=Second Cup Ltd&document_selection=0&industry_group=A&FromDate=13&FromMonth=05&FromYear=2000&ToDate=13&ToMonth=11&ToYear=2020&Variable=Issuer
0,2008-06-30,SCU.TO,,,Q2,0.0,0.0,0.0,0.0,0.0,89000.0,0.0,88000.0,0.0,101000.0,0.0,0.0,-89000.0,0.0,-101000.0,0.0,3190000.0,2917000.0,0.0,0.0,2917000.0,0.0,0.2951,0.2946,9884733.0,9902733.0,https://www.sedar.com/ModifyCompanyDocumentSearchForm.do?lang=EN&company_search=Second Cup Ltd&document_selection=0&industry_group=A&FromDate=13&FromMonth=05&FromYear=2000&ToDate=13&ToMonth=11&ToYear=2020&Variable=Issuer,https://www.sedar.com/ModifyCompanyDocumentSearchForm.do?lang=EN&company_search=Second Cup Ltd&document_selection=0&industry_group=A&FromDate=13&FromMonth=05&FromYear=2000&ToDate=13&ToMonth=11&ToYear=2020&Variable=Issuer
0,2008-03-31,SCU.TO,,,Q1,0.0,0.0,0.0,0.0,0.0,83000.0,0.0,-171000.0,0.0,96000.0,0.0,0.0,-83000.0,0.0,-96000.0,0.0,2813000.0,2553000.0,0.0,71000.0,2482000.0,0.0,0.2511,0.2511,9884733.0,9920733.0,https://www.sedar.com/ModifyCompanyDocumentSearchForm.do?lang=EN&company_search=Second Cup Ltd&document_selection=0&industry_group=A&FromDate=13&FromMonth=05&FromYear=2000&ToDate=13&ToMonth=11&ToYear=2020&Variable=Issuer,https://www.sedar.com/ModifyCompanyDocumentSearchForm.do?lang=EN&company_search=Second Cup Ltd&document_selection=0&industry_group=A&FromDate=13&FromMonth=05&FromYear=2000&ToDate=13&ToMonth=11&ToYear=2020&Variable=Issuer
0,2007-12-31,SCU.TO,,,Q4,0.0,0.0,0.0,0.0,0.0,61000.0,0.0,-161000.0,0.0,92000.0,0.0,0.0,-80000.0,0.0,-92000.0,0.0,3656000.0,3484000.0,0.0,-2041000.0,5525000.0,0.0,0.24109762826262912,0.24109762826262912,22916028,22916028,https://www.sedar.com/ModifyCompanyDocumentSearchForm.do?lang=EN&company_search=Second Cup Ltd&document_selection=0&industry_group=A&FromDate=13&FromMonth=05&FromYear=2000&ToDate=13&ToMonth=11&ToYear=2020&Variable=Issuer,https://www.sedar.com/ModifyCompanyDocumentSearchForm.do?lang=EN&company_search=Second Cup Ltd&document_selection=0&industry_group=A&FromDate=13&FromMonth=05&FromYear=2000&ToDate=13&ToMonth=11&ToYear=2020&Variable=Issuer
0,2007-09-30,SCU.TO,,,Q3,0.0,0.0,0.0,0.0,0.0,228000.0,0.0,18000.0,0.0,228000.0,0.0,0.0,-203000.0,0.0,-228000.0,0.0,2800000.0,2571000.0,0.0,0.0,2571000.0,0.0,0.2648,0.2641,9708609.0,9734609.0,https://www.sedar.com/ModifyCompanyDocumentSearchForm.do?lang=EN&company_search=Second Cup Ltd&document_selection=0&industry_group=A&FromDate=13&FromMonth=05&FromYear=2000&ToDate=13&ToMonth=11&ToYear=2020&Variable=Issuer,https://www.sedar.com/ModifyCompanyDocumentSearchForm.do?lang=EN&company_search=Second Cup Ltd&document_selection=0&industry_group=A&FromDate=13&FromMonth=05&FromYear=2000&ToDate=13&ToMonth=11&ToYear=2020&Variable=Issuer
0,2007-06-30,SCU.TO,,,Q2,0.0,0.0,0.0,0.0,0.0,106000.0,0.0,0.0,0.0,106000.0,0.0,0.0,-106000.0,0.0,-106000.0,0.0,13270000,13374000,0.0,15545000,-2171000.0,0.0,-0.2236,-0.2236,9708609.0,9723609.0,https://www.sedar.com/ModifyCompanyDocumentSearchForm.do?lang=EN&company_search=Second Cup Ltd&document_selection=0&industry_group=A&FromDate=13&FromMonth=05&FromYear=2000&ToDate=13&ToMonth=11&ToYear=2020&Variable=Issuer,https://www.sedar.com/ModifyCompanyDocumentSearchForm.do?lang=EN&company_search=Second Cup Ltd&document_selection=0&industry_group=A&FromDate=13&FromMonth=05&FromYear=2000&ToDate=13&ToMonth=11&ToYear=2020&Variable=Issuer
0,2007-03-31,SCU.TO,,,Q1,0.0,0.0,0.0,0.0,0.0,375000.0,0.0,0.0,0.0,375000.0,0.0,0.0,-375000.0,0.0,-375000.0,0.0,277000.0,2274000.0,0.0,3000.0,2271000.0,0.0,0.2339,0.2337,9708609.0,9717409.0,https://www.sedar.com/ModifyCompanyDocumentSearchForm.do?lang=EN&company_search=Second Cup Ltd&document_selection=0&industry_group=A&FromDate=13&FromMonth=05&FromYear=2000&ToDate=13&ToMonth=11&ToYear=2020&Variable=Issuer,https://www.sedar.com/ModifyCompanyDocumentSearchForm.do?lang=EN&company_search=Second Cup Ltd&document_selection=0&industry_group=A&FromDate=13&FromMonth=05&FromYear=2000&ToDate=13&ToMonth=11&ToYear=2020&Variable=Issuer
0,2006-12-31,SCU.TO,,,Q4,0.0,0.0,0.0,0.0,0.0,57000.0,0.0,0.0,0.0,57000.0,0.0,0.0,-27000.0,0.0,-57000.0,0.0,775000.0,3114000.0,0.0,3000.0,3111000.0,0.0,0.135756510683265,0.135756510683265,22916028,22916028,https://www.sedar.com/ModifyCompanyDocumentSearchForm.do?lang=EN&company_search=Second Cup Ltd&document_selection=0&industry_group=A&FromDate=13&FromMonth=05&FromYear=2000&ToDate=13&ToMonth=11&ToYear=2020&Variable=Issuer,https://www.sedar.com/ModifyCompanyDocumentSearchForm.do?lang=EN&company_search=Second Cup Ltd&document_selection=0&industry_group=A&FromDate=13&FromMonth=05&FromYear=2000&ToDate=13&ToMonth=11&ToYear=2020&Variable=Issuer
0,2006-09-30,SCU.TO,,,Q3,0.0,0.0,0.0,0.0,0.0,70000.0,0.0,0.0,0.0,70000.0,0.0,0.0,-60000.0,0.0,-70000.0,0.0,294000.0,2631000.0,0.0,4000.0,2627000.0,0.0,0.2726,0.2716,9638076.0,9672076.0,https://www.sedar.com/ModifyCompanyDocumentSearchForm.do?lang=EN&company_search=Second Cup Ltd&document_selection=0&industry_group=A&FromDate=13&FromMonth=05&FromYear=2000&ToDate=13&ToMonth=11&ToYear=2020&Variable=Issuer,https://www.sedar.com/ModifyCompanyDocumentSearchForm.do?lang=EN&company_search=Second Cup Ltd&document_selection=0&industry_group=A&FromDate=13&FromMonth=05&FromYear=2000&ToDate=13&ToMonth=11&ToYear=2020&Variable=Issuer
0,2006-06-30,SCU.TO,,,Q2,0.0,0.0,0.0,0.0,0.0,102000.0,0.0,0.0,0.0,102000.0,0.0,0.0,62000.0,0.0,-102000.0,0.0,-116000.0,2162000.0,0.0,2000.0,2160000.0,0.0,0.2241,0.2234,9638076.0,9669076.0,https://www.sedar.com/ModifyCompanyDocumentSearchForm.do?lang=EN&company_search=Second Cup Ltd&document_selection=0&industry_group=A&FromDate=13&FromMonth=05&FromYear=2000&ToDate=13&ToMonth=11&ToYear=2020&Variable=Issuer,https://www.sedar.com/ModifyCompanyDocumentSearchForm.do?lang=EN&company_search=Second Cup Ltd&document_selection=0&industry_group=A&FromDate=13&FromMonth=05&FromYear=2000&ToDate=13&ToMonth=11&ToYear=2020&Variable=Issuer
0,2006-03-31,SCU.TO,,,Q1,0.0,0.0,0.0,0.0,0.0,268000.0,0.0,0.0,0.0,268000.0,0.0,0.0,-268000.0,0.0,-268000.0,0.0,162000.0,2248000.0,0.0,3000.0,2245000.0,0.0,0.2329,0.2326,9638076.0,9651905.0,https://www.sedar.com/ModifyCompanyDocumentSearchForm.do?lang=EN&company_search=Second Cup Ltd&document_selection=0&industry_group=A&FromDate=13&FromMonth=05&FromYear=2000&ToDate=13&ToMonth=11&ToYear=2020&Variable=Issuer,https://www.sedar.com/ModifyCompanyDocumentSearchForm.do?lang=EN&company_search=Second Cup Ltd&document_selection=0&industry_group=A&FromDate=13&FromMonth=05&FromYear=2000&ToDate=13&ToMonth=11&ToYear=2020&Variable=Issuer
