,date,symbol,fillingDate,acceptedDate,period,revenue,costOfRevenue,grossProfit,grossProfitRatio,researchAndDevelopmentExpenses,generalAndAdministrativeExpenses,sellingAndMarketingExpenses,otherExpenses,operatingExpenses,costAndExpenses,interestExpense,depreciationAndAmortization,ebitda,ebitdaratio,operatingIncome,operatingIncomeRatio,totalOtherIncomeExpensesNet,incomeBeforeTax,incomeBeforeTaxRatio,incomeTaxExpense,netIncome,netIncomeRatio,eps,epsdiluted,weightedAverageShsOut,weightedAverageShsOutDil,link,finalLink
0,2020-09-30,BYD,2020-11-05,2020-11-05 16:28:17,Q3,652238000,77469000,574769000,0.8812258715376903,0.0,86983000,0.0,438182000,525165000,525165000,-62387000,69320000,196393000,0.3011063446165357,127073000,0.1948261217531024,0.0,69718000,0.1068904295671212,-31602000,38116000,0.05843879074816248,0.34,0.34,113257000,113257000,https://www.sec.gov/Archives/edgar/data/906553/000143774920022795/0001437749-20-022795-index.htm,https://www.sec.gov/Archives/edgar/data/906553/000143774920022795/bgc20200930_10q.htm
0,2020-06-30,BYD,2020-08-06,2020-08-06 08:06:38,Q2,209859000,100772000,109087000,0.5198109206657804,0.0,125123000,0.0,1099000.0,195847000.00000003,296619000.00000006,59208000,69213000,-17093000,-0.08145,-86760000,-0.41342,-115000.0,-145514000,-0.693389,-36970000,-108544000,-0.517223,-0.95839,-0.95839,113257000,113257000,https://www.sec.gov/Archives/edgar/data/906553/000143774920016749/0001437749-20-016749-index.htm,https://www.sec.gov/Archives/edgar/data/906553/000143774920016749/bgc20200630_10q.htm
0,2020-03-31,BYD,2020-05-11 00:00:00,2020-05-11 08:58:26,Q1,680525000,372971000,307554000,0.451936,0.0,199707000,0.0,7543000.0,445490000,818461000,-51845000,66965000,-173878000,-0.255506,-137936000,-0.202691,344000.0,-188998000,-0.277724,-41439000,-147559000,-0.216831,-1.2977,-1.2977,113708000,113708000,https://www.sec.gov/Archives/edgar/data/906553/000143774920010170/0001437749-20-010170-index.html,https://www.sec.gov/Archives/edgar/data/906553/000143774920010170/bgc20200331_10q.htm
0,2019-12-31,BYD,2020-02-27 00:00:00,2020-02-27 16:35:29,Q4,833131000,437869000,395262000,0.47443,0.0,203875000,0.0,355000.0,314602000,752471000,55241000,76173000.00000003,157222000.00000003,0.188712,80660000,0.096816,-113000.0,25808000,0.030977,1512000.0,24296000,0.029162,0.21284,0.21284,114151000,114151000,https://www.sec.gov/Archives/edgar/data/906553/000143774920003765/0001437749-20-003765-index.html,https://www.sec.gov/Archives/edgar/data/906553/000143774920003765/bgc20190819_10k.htm
0,2019-09-30,BYD,2019-11-07 00:00:00,2019-11-07 16:11:06,Q3,819568000,430202000,389366000,0.475087,0.0,209623000,0.0,1260000.0,276217000,706419000,59661000,65091999.99999998,178561999.99999997,0.217873,113149000,0.138059,-113000.0,53809000,0.065655,14404000,39405000,0.04808,0.34575,0.34575,113971000,113971000,https://www.sec.gov/Archives/edgar/data/906553/000143774919021960/0001437749-19-021960-index.html,https://www.sec.gov/Archives/edgar/data/906553/000143774919021960/bgc20190930_10q.htm
0,2019-06-30,BYD,2019-08-07,2019-08-07 16:27:51,Q2,846132000,438617000,407515000,0.481621,0.0,212667000,0.0,105000.0,281330999.99999994,719948000,61233000,68051000,195506000,0.231059,126184000,0.14913,455000.0,66222000,0.078264,17738000,48484000,0.057301,0.42606,0.42606,113795000,113795000,https://www.sec.gov/Archives/edgar/data/906553/000143774919015811/bgc20190531_10q.htm,https://www.sec.gov/Archives/edgar/data/906553/000143774919015811/bgc20190531_10q.htm
0,2019-03-31,BYD,2019-05-09 00:00:00,2019-05-09 16:14:49,Q1,827288000,429529000,397759000,0.480799,0.0,212681000,0.0,199000.0,280133000.00000006,709662000,61330000,67253000,184870000,0.223465,117626000,0.142183,-115000.0,56287000,0.068038,10836000,45451000,0.05494,0.39914,0.39914,113871000,113871000,https://www.sec.gov/Archives/edgar/data/906553/000090655319000020/0000906553-19-000020-index.html,https://www.sec.gov/Archives/edgar/data/906553/000090655319000020/byd10q3312019.htm
0,2018-12-31,BYD,2019-03-01 00:00:00,2019-03-01 16:22:10,Q4,791623000,415956000,375667000,0.474553,0.0,210913000,0.0,-22000.0,280982999.99999994,696939000,60300000,70092000.00000001,165217000,0.208707,94684000,0.119607,-112000.0,34825000,0.043992,11958000,22867000,0.028886,0.19912,0.19912,114843000,114843000,https://www.sec.gov/Archives/edgar/data/906553/000090655319000009/0000906553-19-000009-index.html,https://www.sec.gov/Archives/edgar/data/906553/000090655319000009/byd10k2018.htm
0,2018-09-30,BYD,2018-11-08 00:00:00,2018-11-08 16:13:21,Q3,612196000,323051000,289145000,0.472308,0.0,164624000,0.0,265000.0,219577000.00000006,542628000.0000001,54670000,54687000,126428000,0.206516,69568000,0.113637,-16000.0,17071000,0.027885,5234000.0,11837000,0.019335,0.10287,0.10287,115070000,115070000,https://www.sec.gov/Archives/edgar/data/906553/000090655318000058/0000906553-18-000058-index.html,https://www.sec.gov/Archives/edgar/data/906553/000090655318000058/byd10q9302018.htm
0,2018-06-30,BYD,2018-08-06 00:00:00,2018-08-06 17:08:32,Q2,616800000,318900000,297900000,0.482977,0.0,146600000,0.0,100000.0,201600000.00000003,520500000,44959000,53900000.00000001,150959000,0.244745,96300000,0.156128,0.0,51800000,0.083982,13200000,38900000,0.063067,0.33767,0.33767,115200000,115200000,https://www.sec.gov/Archives/edgar/data/906553/000090655318000044/0000906553-18-000044-index.html,https://www.sec.gov/Archives/edgar/data/906553/000090655318000044/byd10q6302018.htm
0,2018-03-31,BYD,2018-05-09 00:00:00,2018-05-09 16:10:20,Q1,606100000,313500000,292700000,0.482924,0.0,144800000,0.0,1800000.0,197899999.99999997,511400000,44259000,51300000,146859000,0.242302,94700000,0.156245,400000.0,51300000,0.084639,9900000.0,41400000,0.068306,0.35938,0.35938,115200000,115200000,https://www.sec.gov/Archives/edgar/data/906553/000090655318000022/0000906553-18-000022-index.html,https://www.sec.gov/Archives/edgar/data/906553/000090655318000022/byd10q3312018.htm
0,2017-12-31,BYD,2018-02-26 00:00:00,2018-02-26 17:19:14,Q4,595100000,315500000,279600000,0.469837,0.0,143500000,0.0,200000.0,199799999.99999994,515299999.99999994,43397000,55800000.00000001,196797000,0.330696,79700000,0.133927,700000.0,37500000,0.063015,15500000,82100000,0.13796,0.71267,0.71267,115200000,115200000,https://www.sec.gov/Archives/edgar/data/906553/000090655318000011/0000906553-18-000011-index.html,https://www.sec.gov/Archives/edgar/data/906553/000090655318000011/byd10k2017.htm
0,2017-09-30,BYD,2017-11-07 00:00:00,2017-11-07 16:58:34,Q3,591500000,312800000,278700000,0.471175,0.0,143800000,0.0,800000.0,200099999.99999997,512899999.99999994,43309000,55199999.99999999,134409000,0.227234,78600000,0.132883,100000.0,35900000,0.060693,12700000,23200000,0.039222,0.20087,0.20087,115500000,115500000,https://www.sec.gov/Archives/edgar/data/906553/000090655317000052/0000906553-17-000052-index.html,https://www.sec.gov/Archives/edgar/data/906553/000090655317000052/byd10q9302017.htm
0,2017-06-30,BYD,2017-08-03 00:00:00,2017-08-03 16:19:06,Q2,604100000,316600000,287500000,0.475915,0.0,144900000,0.0,500000.0,198299999.99999994,514899999.99999994,42728000,52500000,162628000,0.269207,89200000,0.147658,-600000.0,46300000,0.076643,18700000,48700000,0.080616,0.42019,0.42019,115900000,115900000,https://www.sec.gov/Archives/edgar/data/906553/000090655317000042/0000906553-17-000042-index.html,https://www.sec.gov/Archives/edgar/data/906553/000090655317000042/byd10q6302017.htm
0,2017-03-31,BYD,2017-05-09 00:00:00,2017-05-09 16:05:15,Q1,610100000,319000000,291100000,0.477135,0.0,141800000,0.0,500000.0,196399999.99999997,515400000,43674000,54000000,149474000,0.244999,94700000,0.15522,-100000.0,51300000,0.084085,16300000,35500000,0.058187,0.3063,0.3063,115900000,115900000,https://www.sec.gov/Archives/edgar/data/906553/000090655317000035/0000906553-17-000035-index.html,https://www.sec.gov/Archives/edgar/data/906553/000090655317000035/byd10q3312017.htm
0,2016-12-31,BYD,2017-02-23 00:00:00,2017-02-23 17:15:01,Q4,554800000,298800000,256000000,0.461428,0.0,137100000,0.0,-300000.0,226099999.99999997,524899999.99999994,42537000,52399999.99999998,83836999.99999999,0.151112,30000000,0.054074,-400000.0,-12500000,-0.022531,-23300000,12200000,0.02199,0.10554,0.10554,115600000,115600000,https://www.sec.gov/Archives/edgar/data/906553/000090655317000013/0000906553-17-000013-index.html,https://www.sec.gov/Archives/edgar/data/906553/000090655317000013/byd10k2016.htm
0,2016-09-30,BYD,2016-11-08 00:00:00,2016-11-08 16:35:58,Q3,531900000,287800000,244100000,0.458921,0.0,128300000,0.0,0.0,217700000,505500000,55203000,47900000.00000001,256103000,0.481487,26400000,0.049633,0.0,-27800000,-0.052265,-189600000,342600000,0.644106,2.97396,2.97396,115200000,115200000,https://www.sec.gov/Archives/edgar/data/906553/000090655316000142/0000906553-16-000142-index.html,https://www.sec.gov/Archives/edgar/data/906553/000090655316000142/byd10q9302016.htm
0,2016-06-30,BYD,2016-08-08 00:00:00,2016-08-08 16:19:27,Q2,544900000,290000000,254900000,0.467792,0.0,126000000,0.0,100000.0,174800000,464800000,61887000,48200000,147887000,0.271402,80100000,0.146999,-100000.0,19100000,0.035052,7800000.0,30000000,0.055056,0.26064,0.26064,115100000,115100000,https://www.sec.gov/Archives/edgar/data/906553/000090655316000119/0000906553-16-000119-index.html,https://www.sec.gov/Archives/edgar/data/906553/000090655316000119/byd10q6302016.htm
0,2016-03-31,BYD,2016-05-05 00:00:00,2016-05-05 16:17:10,Q1,552400000,295200000,257200000,0.465605,0.0,125400000,0.0,400000.0,175400000.00000003,470600000.00000006,53065000,47700000,141565000,0.256273,81800000,0.148081,-100000.0,29200000,0.05286,7600000.0,33200000,0.060101,0.29097,0.29097,114100000,114100000,https://www.sec.gov/Archives/edgar/data/906553/000090655316000089/0000906553-16-000089-index.html,https://www.sec.gov/Archives/edgar/data/906553/000090655316000089/byd10q3312016.htm
0,2015-12-31,BYD,2016-02-25 00:00:00,2016-02-25 17:23:15,Q4,542700000,295000000,247700000,0.456422,0.0,131000000,0.0,600000.0,209300000,504300000,53966000,51799999.99999998,98165999.99999999,0.180884,38400000,0.070757,0.0,-15100000,-0.027824,-700000.0,-6900000.0,-0.012714,-0.06005,-0.06005,114900000,114900000,https://www.sec.gov/Archives/edgar/data/906553/000090655316000053/0000906553-16-000053-index.html,https://www.sec.gov/Archives/edgar/data/906553/000090655316000053/byd10k2015.htm
0,2015-09-30,BYD,2015-11-06 00:00:00,2015-11-06 16:08:23,Q3,546300000,299900000,246400000,0.451034,0.0,125500000,0.0,200000.0,177900000.00000003,477800000.00000006,56558000,51400000.00000001,137058000,0.250884,68600000,0.125572,-1800000.0,10700000,0.019586,3700000.0,25400000,0.046495,0.22399,0.22399,113400000,113400000,https://www.sec.gov/Archives/edgar/data/906553/000090655315000035/0000906553-15-000035-index.html,https://www.sec.gov/Archives/edgar/data/906553/000090655315000035/byd10q09302015.htm
0,2015-06-30,BYD,2015-08-06 00:00:00,2015-08-06 16:37:42,Q2,559900000,298000000,261800000,0.467583,0.0,126700000,0.0,100000.0,209700000,507700000,57131000,52000000.00000001,109331000.00000001,0.195269,52100000,0.093052,-1300000.0,-5800000.0,-0.010359,6600000.0,-6400000.0,-0.011431,-0.05704,-0.05704,112200000,112200000,https://www.sec.gov/Archives/edgar/data/906553/000090655315000025/0000906553-15-000025-index.html,https://www.sec.gov/Archives/edgar/data/906553/000090655315000025/byd10q06302015.htm
0,2015-03-31,BYD,2015-05-05 00:00:00,2015-05-05 16:11:14,Q1,550600000,298000000,252600000,0.458772,0.0,127600000,0.0,100000.0,181200000,479200000,56935000,51900000,127735000,0.231992,71400000,0.129677,-600000.0,14300000,0.025972,-16200000,35100000,0.063749,0.312,0.312,112500000,112500000,https://www.sec.gov/Archives/edgar/data/906553/000090655315000019/0000906553-15-000019-index.html,https://www.sec.gov/Archives/edgar/data/906553/000090655315000019/byd10q03312015.htm
0,2014-12-31,BYD,2015-02-27,2015-02-27 16:23:00,Q4,531600000,292900000,238700000,0.449022,0.0,129400000,0.0,-10900000,212300000,505200000,57168000,52800000.00000001,66268000.00000001,0.124658,26400000,0.049661,-13400000,-43700000,-0.082205,-11300000,-32400000,-0.060948,-0.29348,-0.29348,110400000,110400000,https://www.sec.gov/Archives/edgar/data/906553/000090655315000011/byd10k2014.htm,https://www.sec.gov/Archives/edgar/data/906553/000090655315000011/byd10k2014.htm
0,2014-09-30,BYD,2014-11-07 00:00:00,2014-11-07 16:24:50,Q3,738800000,403900000,335000000,0.453438,0.0,174800000,0.0,-1100000.0,258200000.00000006,662100000,75420000,66100000,128420000,0.173822,76800000,0.103952,-3200000.0,-1400000.0,-0.001895,2000000.0,-15100000,-0.020439,-0.1374,-0.1374,109900000,109900000,https://www.sec.gov/Archives/edgar/data/906553/000090655314000049/0000906553-14-000049-index.html,https://www.sec.gov/Archives/edgar/data/906553/000090655314000049/byd10q9302014.htm
0,2014-06-30,BYD,2014-08-08 00:00:00,2014-08-08 16:56:43,Q2,722500000,394300000,328300000,0.454394,0.0,173800000,0.0,-600000.0,240300000,634600000,75296000,65899999.99999999,147096000,0.203593,87900000,0.121661,-2500000.0,10600000,0.014671,5200000.0,700000.0,0.000969,0.00632,0.00632,110800000,110800000,https://www.sec.gov/Archives/edgar/data/906553/000090655314000034/0000906553-14-000034-index.html,https://www.sec.gov/Archives/edgar/data/906553/000090655314000034/byd10q6302014.htm
0,2014-03-31,BYD,2014-05-09 00:00:00,2014-05-09 17:02:11,Q1,708300000,383400000,324900000,0.458704,0.0,188600000,0.0,-200000.0,256400000,639800000,75503000,66200000,140303000,0.198084,68500000,0.09671,100000.0,-6400000.0,-0.009036,4800000.0,-6200000.0,-0.008753,-0.05647,-0.05647,109800000,109800000,https://www.sec.gov/Archives/edgar/data/906553/000090655314000022/0000906553-14-000022-index.html,https://www.sec.gov/Archives/edgar/data/906553/000090655314000022/byd10q3312014.htm
0,2013-12-31,BYD,2014-03-14,2014-03-14 16:40:38,Q4,681500000,383400000,298100000,0.437417,0.0,181600000,0.0,800000.0,280300000.00000006,663700000.0000001,77377000,68999999.99999997,105876999.99999997,0.155359,17800000,0.026119,-1600000.0,-60800000,-0.089215,6800000.0,-47300000,-0.069406,-0.43157,-0.43157,109600000,109600000,https://www.sec.gov/Archives/edgar/data/906553/000090655314000011/byd10k2013.htm,https://www.sec.gov/Archives/edgar/data/906553/000090655314000011/byd10k2013.htm
0,2013-09-30,BYD,2013-11-08 00:00:00,2013-11-08 16:32:23,Q3,738600000,405600000,332900000,0.450718,0.0,182300000,0.0,3400000.0,283199999.99999994,688799999.9999999,83145000,69000000,117845000,0.159552,49800000,0.067425,1200000.0,-31500000,-0.042648,3000000.0,-37300000,-0.050501,-0.36713,-0.36713,101600000,101600000,https://www.sec.gov/Archives/edgar/data/906553/000090655313000066/0000906553-13-000066-index.html,https://www.sec.gov/Archives/edgar/data/906553/000090655313000066/byd10q9302013.htm
0,2013-06-30,BYD,2013-08-09 00:00:00,2013-08-09 16:06:22,Q2,738700000,399200000,339600000,0.459727,0.0,184000000,0.0,200000.0,261900000.00000003,661100000,88126000,70400000,166026000,0.224754,77600000,0.105049,-700000.0,-10600000,-0.01435,-4100000.0,11600000,0.015703,0.13004,0.13004,89200000,89200000,https://www.sec.gov/Archives/edgar/data/906553/000090655313000049/0000906553-13-000049-index.html,https://www.sec.gov/Archives/edgar/data/906553/000090655313000049/byd10q6302013.htm
0,2013-03-31,BYD,2013-05-10 00:00:00,2013-05-09 20:55:36,Q1,735600000,398600000,337000000,0.458129,0.0,181000000,0.0,1600000.0,252600000.00000003,651200000,95682000,70000000,155982000,0.212047,84400000,0.114736,-2500000.0,-13100000,-0.017809,-2400000.0,-7300000.0,-0.009924,-0.08211,-0.08211,88900000,88900000,https://www.sec.gov/Archives/edgar/data/906553/000090655313000033/0000906553-13-000033-index.html,https://www.sec.gov/Archives/edgar/data/906553/000090655313000033/byd10q3312013.htm
0,2012-12-31,BYD,2013-03-18 00:00:00,2013-03-18 08:12:00,Q4,624700000,358100000,266600000,0.426765,0.0,177500000,0.0,-2500000.0,1291800000.0000002,1649900000.0000002,87273000,63099999.99999999,-963927000,-1.543024,-1025200000,-1.641108,-11700000,-1123700000,-1.798783,-214400000,-899900000,-1.440531,-10.24943,-10.24943,87800000,87800000,https://www.sec.gov/Archives/edgar/data/906553/000090655313000019/0000906553-13-000019-index.html,https://www.sec.gov/Archives/edgar/data/906553/000090655313000019/byd10k2012r.htm
0,2012-09-30,BYD,2012-11-08 00:00:00,2012-11-08 17:01:17,Q3,612400000,350800000,261600000,0.427172,0.0,162300000,0.0,-1100000.0,211599999.99999997,562400000,74115000,50500000,100715000,0.16446,50000000,0.081646,-600000.0,-24500000,-0.040007,-8100000.0,-15800000,-0.0258,-0.18037,-0.18037,87600000,87600000,https://www.sec.gov/Archives/edgar/data/906553/000090655312000029/0000906553-12-000029-index.html,https://www.sec.gov/Archives/edgar/data/906553/000090655312000029/byd10q9302012.htm
0,2012-06-30,BYD,2012-08-06 00:00:00,2012-08-06 16:36:04,Q2,614100000,342000000,272000000,0.442925,0.0,164300000,0.0,-8400000.0,206500000,548500000,64788000,50599999.99999999,111288000,0.181221,65500000,0.10666,-6200000.0,-5100000.0,-0.008305,-5100000.0,1000000.0,0.001628,0.01139,0.01139,87800000,87800000,https://www.sec.gov/Archives/edgar/data/906553/000090655312000021/0000906553-12-000021-index.html,https://www.sec.gov/Archives/edgar/data/906553/000090655312000021/byd10q6302012.htm
0,2012-03-31,BYD,2012-05-04,2012-05-04 16:39:16,Q1,631700000,341900000,289800000,0.458762,0.0,161800000,0.0,200000.0,212000000,553900000,63828000,50000000,126428000,0.200139,77800000,0.12316,0.0,14000000,0.022162,6700000.0,5900000.0,0.00934,0.06712,0.06712,87900000,87900000,https://www.sec.gov/Archives/edgar/data/906553/000090655312000005/byd10k2011.htm,https://www.sec.gov/Archives/edgar/data/906553/000090655312000005/byd10k2011.htm
0,2011-12-31,BYD,2012-03-07 00:00:00,2012-03-07 17:10:50,Q4,606700000,338500000,268100000,0.441899,0.0,158300000,0.0,256387000,213399999.99999997,551900000,66663000,50200000.00000002,118063000.00000001,0.194599,54800000,0.090325,10600000,-1300000.0,-0.002143,1700000.0,-500000.0,-0.000824,-0.00571,-0.00571,87500000,87500000,https://www.sec.gov/Archives/edgar/data/906553/000090655312000005/0000906553-12-000005-index.html,https://www.sec.gov/Archives/edgar/data/906553/000090655312000005/byd10k2011.htm
0,2011-09-30,BYD,2011-11-09 00:00:00,2011-11-09 14:43:10,Q3,590200000,323700000,266500000,0.451542,0.0,150000000,0.0,241700000,198300000,522000000,60083000,46000000,111383000,0.188721,68200000,0.115554,1000000.0,9200000.0,0.015588,2200000.0,3100000.0,0.005252,0.03547,0.03547,87400000,87400000,https://www.sec.gov/Archives/edgar/data/906553/000090655311000023/0000906553-11-000023-index.html,https://www.sec.gov/Archives/edgar/data/906553/000090655311000023/byd10q93011.htm
0,2011-06-30,BYD,2011-08-05 00:00:00,2011-08-05 16:22:17,Q2,574400000,314100000,260300000,0.453169,0.0,147600000,0.0,475326000,198299999.99999994,512399999.99999994,121645780,48499999.99999999,168045780,0.292559,62000000,0.107939,0.0,-4700000.0,-0.008182,900000.0,-3000000.0,-0.005223,-0.0344,-0.0344,87200000,87200000,https://www.sec.gov/Archives/edgar/data/906553/000144530511002384/0001445305-11-002384-index.html,https://www.sec.gov/Archives/edgar/data/906553/000144530511002384/byd10q63011.htm
0,2011-03-31,BYD,2011-05-10 00:00:00,2011-05-10 16:09:11,Q1,564900000,313200000,251700000,0.445566,0.0,148300000,0.0,421054000,203700000,516900000,-57291000,50600000,-13291000,-0.023528,48100000,0.085148,0.0,-9400000.0,-0.01664,-3100000.0,-3500000.0,-0.006196,-0.04014,-0.04014,87200000,87200000,https://www.sec.gov/Archives/edgar/data/906553/000144530511000860/0001445305-11-000860-index.html,https://www.sec.gov/Archives/edgar/data/906553/000144530511000860/byd10q33111.htm
0,2010-12-31,BYD,2011-03-15,2011-03-15 15:41:25,Q4,551900000,310400000,241500000,0.437579,0.0,149200000,0.0,-200000.0,201600000.00000003,512000000,-59261000,51400000.00000001,-22260999.999999993,-0.040335,40000000,0.072477,0.0,-31600000,-0.057257,-7300000.0,-7100000.0,-0.012865,-0.0817,-0.0817,86900000,86900000,https://www.sec.gov/Archives/edgar/data/906553/000144530511000424/byd10k2010.htm,https://www.sec.gov/Archives/edgar/data/906553/000144530511000424/byd10k2010.htm
0,2010-09-30,BYD,2010-10-27 00:00:00,2010-10-27 17:18:50,Q3,595400000,330000000,265300000,0.445583,0.0,157100000,0.0,440198000,210899999.99999997,540900000,-45781000,52400000.00000001,18619000.000000007,0.031271,54500000,0.091535,10000000,21200000,0.035606,6400000.0,5600000.0,0.009405,0.06459,0.06459,86700000,86700000,https://www.sec.gov/Archives/edgar/data/906553/000144530510001167/0001445305-10-001167-index.html,https://www.sec.gov/Archives/edgar/data/906553/000144530510001167/byd2010q3.htm
0,2010-06-30,BYD,2010-08-05 00:00:00,2010-08-05 17:22:59,Q2,578400000,319000000,259500000,0.448651,0.0,152400000,0.0,734944000,207899999.99999997,526900000,-34650000,55500000,29150000,0.050398,51600000,0.089212,0.0,16900000,0.029219,4900000.0,3400000.0,0.005878,0.03868,0.03868,87900000,87900000,https://www.sec.gov/Archives/edgar/data/906553/000119312510179577/0001193125-10-179577-index.html,https://www.sec.gov/Archives/edgar/data/906553/000119312510179577/d10q.htm
0,2010-03-31,BYD,2010-05-07 00:00:00,2010-05-07 15:43:15,Q1,415100000,230000000,185100000,0.445917,0.0,107600000,0.0,3133000.0,139100000.00000003,369100000,-29007000,40000000,23593000,0.056837,46100000,0.111058,-3100000.0,13900000,0.033486,4200000.0,8400000.0,0.020236,0.097,0.097,86600000,86600000,https://www.sec.gov/Archives/edgar/data/906553/000119312510112807/0001193125-10-112807-index.html,https://www.sec.gov/Archives/edgar/data/906553/000119312510112807/d10q.htm
0,2009-12-31,BYD,2010-03-05 00:00:00,2010-03-05 15:45:21,Q4,384900000,222600000,162400000,0.421928,0.0,105200000,0.0,3000.0,133200000.00000001,355800000,-33024000,39100000.00000001,-823999.99999999,-0.002141,29100000,0.075604,-3100000.0,-7000000.0,-0.018187,-5900000.0,-1000000.0,-0.002598,-0.01159,-0.01159,86300000,86300000,https://www.sec.gov/Archives/edgar/data/906553/000119312510048887/0001193125-10-048887-index.html,https://www.sec.gov/Archives/edgar/data/906553/000119312510048887/d10k.htm
0,2009-09-30,BYD,2009-11-06 00:00:00,2009-11-06 17:17:39,Q3,398200000,222800000,175500000,0.440733,0.0,111900000,0.0,-8996000.0,124899999.99999999,347700000,-32300000,40599999.99999999,19299999.999999993,0.048468,50500000,0.126821,-7200000.0,11000000,0.027624,4700000.0,6300000.0,0.015821,0.07292,0.07292,86400000,86400000,https://www.sec.gov/Archives/edgar/data/906553/000119312509227770/0001193125-09-227770-index.html,https://www.sec.gov/Archives/edgar/data/906553/000119312509227770/d10q.htm
0,2009-06-30,BYD,2009-08-10 00:00:00,2009-08-10 15:16:20,Q2,423000000,229200000,193800000,0.458156,0.0,110700000,0.0,4504000.0,131500000,360700000,-36235000,42000000,27265000,0.064456,62200000,0.147045,-4500000.0,21500000,0.050827,8700000.0,12800000,0.03026,0.14832,0.14832,86300000,86300000,https://www.sec.gov/Archives/edgar/data/906553/000119312509170487/0001193125-09-170487-index.html,https://www.sec.gov/Archives/edgar/data/906553/000119312509170487/d10q.htm
0,2009-03-31,BYD,2009-05-08 00:00:00,2009-05-08 17:01:28,Q1,434800000,233600000,201300000,0.462971,0.0,114900000,0.0,4522000.0,171600000,405200000,-45271000,42700000,-22771000,-0.052371,29600000,0.068077,-4500000.0,-20200000,-0.046458,-6400000.0,-13800000,-0.031739,-0.1588,-0.1588,86900000,86900000,https://www.sec.gov/Archives/edgar/data/906553/000119312509105543/0001193125-09-105543-index.html,https://www.sec.gov/Archives/edgar/data/906553/000119312509105543/d10q.htm
0,2008-12-31,BYD,2009-03-02 00:00:00,2009-03-02 16:53:43,Q4,422600000,236000000,186600000,0.441552,0.0,109100000,0.0,3120000.0,407500000,643500000,-25323000,41700000,-232923000,-0.551167,-220900000,-0.522717,-3100000.0,-249300000,-0.58992,-28500000,-220800000,-0.52248,-2.51195,-2.51195,87900000,87900000,https://www.sec.gov/Archives/edgar/data/906553/000119312509042674/0001193125-09-042674-index.html,https://www.sec.gov/Archives/edgar/data/906553/000119312509042674/d10k.htm
0,2008-09-30,BYD,2008-11-10 00:00:00,2008-11-10 14:57:29,Q3,426500000,237600000,188800000,0.442673,0.0,117700000,0.0,5154000.0,142500000.00000003,380100000.00000006,-27400000,41599999.99999999,29099999.999999993,0.06823,46400000,0.108792,-5200000.0,14900000,0.034936,6200000.0,8700000.0,0.020399,0.09898,0.09898,87900000,87900000,https://www.sec.gov/Archives/edgar/data/906553/000119312508231539/0001193125-08-231539-index.html,https://www.sec.gov/Archives/edgar/data/906553/000119312508231539/d10q.htm
0,2008-06-30,BYD,2008-08-11 00:00:00,2008-08-11 16:35:15,Q2,460800000,244600000,216200000,0.469184,0.0,119100000,0.0,3130000.0,151200000.00000003,395800000,-27162000,42500000,50038000,0.108589,65000000,0.141059,-3100000.0,34700000,0.075304,13000000,21700000,0.047092,0.24631,0.24631,88100000,88100000,https://www.sec.gov/Archives/edgar/data/906553/000113626108000139/0001136261-08-000139-index.html,https://www.sec.gov/Archives/edgar/data/906553/000113626108000139/form10q.htm
0,2008-03-31,BYD,2008-05-12 00:00:00,2008-05-12 14:54:49,Q1,471100000,249800000,221300000,0.469752,0.0,122300000,0.0,4605000.0,236700000,486500000,-30261000,43200000,-36861000,-0.078245,-15300000,-0.032477,-4600000.0,-49800000,-0.10571,-17200000,-32600000,-0.0692,-0.3713,-0.3713,87800000,87800000,https://www.sec.gov/Archives/edgar/data/906553/000090655308000005/0000906553-08-000005-index.html,https://www.sec.gov/Archives/edgar/data/906553/000090655308000005/form10q.htm
0,2007-12-31,BYD,2008-02-29,2008-02-29 15:52:36,Q4,478600000,253600000,225100000,0.47033,0.0,119700000,0.0,-13768000,144299999.99999997,397900000,137573000,42000000,224673000,0.469438,80700000,0.168617,-3000000.0,44900000,0.093815,13900000,31200000,0.06519,0.35254,0.35254,88500000,88500000,https://www.sec.gov/Archives/edgar/data/906553/000119312508043612/d10k.htm,https://www.sec.gov/Archives/edgar/data/906553/000119312508043612/d10k.htm
0,2007-09-30,BYD,2007-11-09 00:00:00,2007-11-09 14:25:16,Q3,490100000,256700000,233400000,0.476229,0.0,126700000,0.0,0.0,142300000,399000000,-38000000,41500000,53000000,0.108141,91100000,0.18588,-3400000.0,49600000,0.101204,17700000,31800000,0.064885,0.35771,0.35771,88900000,88900000,https://www.sec.gov/Archives/edgar/data/906553/000090655307000016/0000906553-07-000016-index.html,https://www.sec.gov/Archives/edgar/data/906553/000090655307000016/form10q.htm
0,2007-06-30,BYD,2007-08-09 00:00:00,2007-08-09 14:45:06,Q2,511400000,274000000,237400000,0.464216,0.0,124100000,0.0,0.0,167200000,441200000,-31100000,41900000,45500000,0.088971,70200000,0.13727,-3600000.0,35600000,0.069613,12600000,22100000,0.043215,0.24915,0.24915,88700000,88700000,https://www.sec.gov/Archives/edgar/data/906553/000090655307000012/0000906553-07-000012-index.html,https://www.sec.gov/Archives/edgar/data/906553/000090655307000012/form10q.htm
0,2007-03-31,BYD,2007-05-10 00:00:00,2007-05-10 11:26:00,Q1,517000000,273600000,243400000,0.470793,0.0,119600000,0.0,0.0,148200000,421800000,-36600000,40600000,241600000,0.467311,95300000,0.184333,-3800000.0,54900000,0.10619,19700000,217900000,0.42147,2.46215,2.46215,88500000,88500000,https://www.sec.gov/Archives/edgar/data/906553/000090655307000007/0000906553-07-000007-index.html,https://www.sec.gov/Archives/edgar/data/906553/000090655307000007/form10q.htm
0,2006-12-31,BYD,,,Q4,520800000,285000000,235800000,0.452765,0.0,116400000,0.0,0.0,112699999.99999999,397700000,-37000000,43599999.99999999,90300000,0.173387,123100000,0.236367,-3100000.0,83000000,0.15937,27400000,56300000,0.108103,0.64123,0.64123,87800000,87800000,,
0,2006-09-30,BYD,2006-11-09,2006-11-09 14:57:29,Q3,530700000,294700000,236000000,0.444696,0.0,122500000,0.0,0.0,150300000,445000000,-39200000,50899999.99999999,13999999.99999999,0.02638,85700000,0.161485,-3200000.0,43300000,0.08159,15200000,-12900000,-0.024308,-0.1456,-0.1456,88600000,88600000,https://www.sec.gov/Archives/edgar/data/906553/000090655306000007/form10q.htm,https://www.sec.gov/Archives/edgar/data/906553/000090655306000007/form10q.htm
0,2006-06-30,BYD,2006-08-09,2006-08-09 16:15:07,Q2,551500000,307100000,244400000,0.443155,0.0,126300000,0.0,-2070000.0,186899999.99999997,494000000,44320000,57000000,118320000,0.214542,57500000,0.104261,-2100000.0,19200000,0.034814,6800000.0,10200000,0.018495,0.11196,0.11196,91100000,91100000,https://www.sec.gov/Archives/edgar/data/906553/000119312506167740/d10q.htm,https://www.sec.gov/Archives/edgar/data/906553/000119312506167740/d10q.htm
0,2006-03-31,BYD,2006-05-10,2006-05-09 19:54:52,Q1,589600000,303000000,286700000,0.486262,0.0,121900000,0.0,-2225000.0,148200000,451200000,41770000,56700000,197770000,0.335431,138400000,0.234735,-2200000.0,101300000,0.171811,36100000,63200000,0.107191,0.69527,0.69527,90900000,90900000,https://www.sec.gov/Archives/edgar/data/906553/000119312506053694/d10k.htm,https://www.sec.gov/Archives/edgar/data/906553/000119312506053694/d10k.htm
0,2005-12-31,BYD,2006-03-14,2006-03-14 16:07:39,Q4,543900000,282700000,261200000,0.480235,0.0,112100000,0.0,-2802000.0,191000000,473700000,32451000,45400000.00000001,110751000,0.203624,70200000,0.129068,-2800000.0,35700000,0.065637,10000000,22900000,0.042103,0.25165,0.25165,91000000,91000000,https://www.sec.gov/Archives/edgar/data/906553/000119312506053694/d10k.htm,https://www.sec.gov/Archives/edgar/data/906553/000119312506053694/d10k.htm
0,2005-09-30,BYD,2005-11-08,2005-11-08 15:54:27,Q3,523500000,285200000,238300000,0.455205,0.0,118000000,0.0,-2861000.0,135700000,420900000,31703000,42000000,124103000,0.237064,102600000,0.195989,-2900000.0,51400000,0.098185,17500000,32900000,0.062846,0.36313,0.36313,90600000,90600000,https://www.sec.gov/Archives/edgar/data/906553/000119312505219758/d10q.htm,https://www.sec.gov/Archives/edgar/data/906553/000119312505219758/d10q.htm
0,2005-06-30,BYD,2005-08-08,2005-08-08 16:03:13,Q2,526800000,285600000,241200000,0.457859,0.0,111200000,0.0,-3268000.0,149399999.99999997,435000000,32763000,44100000,151463000,0.287515,91800000,0.17426,-3300000.0,74200000,0.14085,26000000,48600000,0.092255,0.53231,0.53231,91300000,91300000,https://www.sec.gov/Archives/edgar/data/906553/000119312505160708/d10q.htm,https://www.sec.gov/Archives/edgar/data/906553/000119312505160708/d10q.htm
0,2005-03-31,BYD,2005-05-09,2005-05-09 15:33:33,Q1,566900000,303300000,263500000,0.464809,0.0,118100000,0.0,-2787000.0,140099999.99999997,443399999.99999994,32106000,43400000,148106000,0.261256,123500000,0.217851,-2800000.0,89000000,0.156994,32500000,40100000,0.070736,0.44605,0.44605,89900000,89900000,https://www.sec.gov/Archives/edgar/data/906553/000119312505050057/d10k.htm,https://www.sec.gov/Archives/edgar/data/906553/000119312505050057/d10k.htm
0,2004-12-31,BYD,2005-03-15,2005-03-15 06:27:42,Q4,539600000,294400000,245200000,0.454411,0.0,126800000,0.0,7015000.0,147400000.00000003,441800000.00000006,31514000,43099999.99999999,148114000,0.274489,97800000,0.181245,7000000.0,73500000,0.136212,26600000,46900000,0.086916,0.52578,0.52578,89200000,89200000,https://www.sec.gov/Archives/edgar/data/906553/000119312505050057/d10k.htm,https://www.sec.gov/Archives/edgar/data/906553/000119312505050057/d10k.htm
0,2004-09-30,BYD,2004-11-08,2004-11-08 16:22:00,Q3,522500000,296000000,226500000,0.433493,0.0,118200000,0.0,-6419000.0,141200000,437200000,30784000,42100000,129284000,0.247433,85300000,0.163254,-6400000.0,56400000,0.107943,20900000,35500000,0.067943,0.40158,0.40158,88400000,88400000,https://www.sec.gov/Archives/edgar/data/906553/000119312504189507/d10q.htm,https://www.sec.gov/Archives/edgar/data/906553/000119312504189507/d10q.htm
0,2004-06-30,BYD,2004-08-09 00:00:00,2004-08-09 15:08:15,Q2,341900000,197700000,144200000,0.421761,0.0,77900000,0.0,-6690000.0,91400000.00000003,289100000.00000006,21887000,26299999.999999996,73787000,0.215815,52800000,0.154431,-6700000.0,25700000,0.075168,10100000,15500000,0.045335,0.22628,0.22628,68500000,68500000,https://www.sec.gov/Archives/edgar/data/906553/000119312504135767/0001193125-04-135767-index.html,https://www.sec.gov/Archives/edgar/data/906553/000119312504135767/d10q.htm
0,2004-03-31,BYD,2004-05-07,2004-05-07 13:34:36,Q1,330000000,190300000,139800000,0.423636,0.0,72200000,0.0,-6460000.0,84000000,274300000,17842000,24600000,73942000,0.224067,55700000,0.168788,-6500000.0,31500000,0.095455,18000000,13500000,0.040909,0.2024,0.2024,66700000,66700000,https://www.sec.gov/Archives/edgar/data/906553/000119312504034617/d10k.htm,https://www.sec.gov/Archives/edgar/data/906553/000119312504034617/d10k.htm
0,2003-12-31,BYD,2004-03-04,2004-03-04 15:58:41,Q4,308200000,183000000,125200000,0.40623,0.0,67100000,0.0,-8754000.0,81899999.99999999,264899999.99999997,18144000,24200000.000000004,61544000,0.199689,43300000,0.140493,-5900000.0,19300000,0.062622,6900000.0,12300000,0.039909,0.18496,0.18496,66500000,66500000,https://www.sec.gov/Archives/edgar/data/906553/000119312504034617/d10k.htm,https://www.sec.gov/Archives/edgar/data/906553/000119312504034617/d10k.htm
0,2003-09-30,BYD,2003-11-13,2003-11-13 15:38:22,Q3,310500000,185300000,125200000,0.403221,0.0,70300000,0.0,0.0,89000000,274300000,20580000,23499999.999999993,56879999.99999999,0.183188,36200000,0.116586,-2800000.0,12900000,0.041546,5100000.0,7700000.0,0.024799,0.11649,0.11649,66100000,66100000,https://www.sec.gov/Archives/edgar/data/906553/000119312503080061/d10q.htm,https://www.sec.gov/Archives/edgar/data/906553/000119312503080061/d10q.htm
0,2003-06-30,BYD,2003-08-12,2003-08-12 15:54:03,Q2,312500000,184100000,128400000,0.41088,0.0,68800000,0.0,0.0,103900000,288000000,17213000,23200000.000000004,47713000,0.152682,24500000,0.0784,0.0,7400000.0,0.02368,2900000.0,4400000.0,0.01408,0.06697,0.06697,65700000,65700000,https://www.sec.gov/Archives/edgar/data/906553/000119312503034274/d10q.htm,https://www.sec.gov/Archives/edgar/data/906553/000119312503034274/d10q.htm
0,2003-03-31,BYD,2003-05-13 00:00:00,2003-05-13 16:48:22,Q1,321900000,182900000,139000000,0.431811,0.0,67100000,0.0,0.0,94200000.00000001,277100000,18612000,22900000,67812000,0.210662,44800000,0.139174,0.0,26300000,0.081702,9900000.0,16400000,0.050947,0.24736,0.24736,66300000,66300000,https://www.sec.gov/Archives/edgar/data/906553/000101706203001201/0001017062-03-001201-index.html,https://www.sec.gov/Archives/edgar/data/906553/000101706203001201/d10q.htm
0,2002-12-31,BYD,2003-03-27,2003-03-27 14:53:45,Q4,306100000,174000000,132100000,0.431558,0.0,70100000,0.0,3800000.0,108899999.99999999,282900000,17477000,23399999.99999999,47076999.99999999,0.153796,23200000,0.075792,3800000.0,6200000.0,0.020255,2300000.0,3900000.0,0.012741,0.05838,0.05838,66800000,66800000,https://www.sec.gov/Archives/edgar/data/906553/000101706203000539/d10k.htm,https://www.sec.gov/Archives/edgar/data/906553/000101706203000539/d10k.htm
0,2002-09-30,BYD,2002-11-14,2002-11-13 20:17:56,Q3,308000000,172300000,135700000,0.440584,0.0,70800000,0.0,0.0,99399999.99999999,271700000,18391000,23000000,59291000,0.192503,36300000,0.117857,0.0,17900000,0.058117,6600000.0,11300000,0.036688,0.16942,0.16942,66700000,66700000,https://www.sec.gov/Archives/edgar/data/906553/000101706202001959/d10q.htm,https://www.sec.gov/Archives/edgar/data/906553/000101706202001959/d10q.htm
0,2002-06-30,BYD,2002-08-14,2002-08-14 13:44:27,Q2,312000000,173000000,139000000,0.445513,0.0,70600000,0.0,0.0,92800000.00000001,265800000,19431000,22100000,68331000,0.21901,46300000,0.148397,0.0,26800000,0.085897,9800000.0,17000000,0.054487,0.25602,0.25602,66400000,66400000,https://www.sec.gov/Archives/edgar/data/906553/000101706202001538/d10q.htm,https://www.sec.gov/Archives/edgar/data/906553/000101706202001538/d10q.htm
0,2002-03-31,BYD,2002-05-13,2002-05-13 15:34:06,Q1,302800000,167800000,135000000,0.445839,0.0,69700000,0.0,0.0,91300000.00000001,259100000,17605000,21600000,57005000,0.18826,43700000,0.14432,0.0,26100000,0.086196,10000000,7800000.0,0.02576,0.12056,0.12056,64700000,64700000,https://www.sec.gov/Archives/edgar/data/906553/000101706202000927/d10q.htm,https://www.sec.gov/Archives/edgar/data/906553/000101706202000927/d10q.htm
0,2001-12-31,BYD,,,Q4,267200000,153800000,113400000,0.424401,0.0,61500000,0.0,0.0,87199999.99999999,241000000,-15600000,25700000.000000004,20800000.000000004,0.077844,26300000,0.098428,0.0,10700000,0.040045,4300000.0,6400000.0,0.023952,0.10207,0.10207,62700000,62700000,,
0,2001-09-30,BYD,2001-11-14 00:00:00,2001-11-14 00:00:00,Q3,273400000,158400000,115000000,0.420629,0.0,63600000,0.0,0.0,89100000,247500000,-19000000,25499999.999999993,13399999.999999993,0.049012,25900000,0.094733,0.0,6900000.0,0.025238,2800000.0,4100000.0,0.014996,0.06581,0.06581,62300000,62300000,https://www.sec.gov/Archives/edgar/data/906553/000089256901501074/0000892569-01-501074-index.html,https://www.sec.gov/Archives/edgar/data/906553/000089256901501074/a77027e10-q.txt
0,2001-06-30,BYD,2001-08-09 00:00:00,2001-08-09 00:00:00,Q2,281300000,161900000,119300000,0.424102,0.0,61800000,0.0,0.0,86299999.99999999,248199999.99999997,-18900000,24400000.000000004,19600000.000000004,0.069677,33100000,0.117668,0.0,14100000,0.050124,5700000.0,8400000.0,0.029861,0.13483,0.13483,62300000,62300000,https://www.sec.gov/Archives/edgar/data/906553/000109581101503855/0001095811-01-503855-index.html,https://www.sec.gov/Archives/edgar/data/906553/000109581101503855/a74686e10-q.txt
0,2001-03-31,BYD,,,Q1,280400000,161300000,119200000,0.425107,0.0,64300000,0.0,0.0,88500000,249800000,-20500000,24200000,13900000,0.049572,30700000,0.109486,0.0,10200000,0.036377,4100000.0,6100000.0,0.021755,0.09807,0.09807,62200000,62200000,,
0,2000-12-31,BYD,,,Q4,254900000,158800000,96100000,0.377011,0.0,59000000,0.0,0.0,83199999.99999999,242000000,-20500000,24099999.999999993,-4000000.000000006,-0.015692,12900000,0.050608,0.0,-7600000.0,-0.029816,-2900000.0,-4700000.0,-0.018439,-0.07556,-0.07556,62200000,62200000,,
0,2000-09-30,BYD,2000-11-13 00:00:00,2000-11-13 00:00:00,Q3,264400000,156000000,108300000,0.409607,0.0,61600000,0.0,0.0,84300000.00000001,240300000,-18100000,22700000.000000004,10600000.000000004,0.040091,24100000,0.09115,0.0,6000000.0,0.022693,2300000.0,3700000.0,0.013994,0.05939,0.05939,62300000,62300000,https://www.sec.gov/Archives/edgar/data/906553/000109581100004701/0001095811-00-004701-index.html,https://www.sec.gov/Archives/edgar/data/906553/000109581100004701/a66986e10-q.txt
0,2000-06-30,BYD,2000-08-11 00:00:00,2000-08-11 00:00:00,Q2,264800000,151700000,113100000,0.427115,0.0,61200000,0.0,0.0,83400000,235100000,-18900000,22100000,14100000,0.053248,29700000,0.11216,0.0,10800000,0.040785,4200000.0,6700000.0,0.025302,0.10754,0.10754,62300000,62300000,https://www.sec.gov/Archives/edgar/data/906553/000109581100002569/0001095811-00-002569-index.html,https://www.sec.gov/Archives/edgar/data/906553/000109581100002569/e10-q.txt
0,2000-03-31,BYD,2000-05-11 00:00:00,2000-05-11 00:00:00,Q1,347400000,152000000,195400000,0.562464,0.0,61100000,0.0,0.0,82699999.99999999,234700000,-20000000,21600000,94400000,0.271733,112800000,0.324698,0.0,92800000,0.267127,35700000,57100000,0.164364,0.91653,0.91653,62300000,62300000,https://www.sec.gov/Archives/edgar/data/906553/000109581100001358/0001095811-00-001358-index.html,https://www.sec.gov/Archives/edgar/data/906553/0001095811-00-001358.txt
0,1999-12-31,BYD,,,Q4,262300000,148400000,114000000,0.434617,0.0,60200000,0.0,0.0,79500000,227900000,-18600000,19399999.99999999,16399999.99999999,0.062524,34400000,0.131148,-200000.0,15500000,0.059093,6200000.0,9400000.0,0.035837,0.15016,0.15016,62600000,62600000,,
0,1999-09-30,BYD,,,Q3,239500000,136800000,102800000,0.429228,0.0,51600000,0.0,0.0,69000000,205800000,-16500000,17400000.000000007,18200000.000000007,0.075992,33700000,0.14071,100000.0,17300000,0.072234,7000000.0,10300000,0.043006,0.16506,0.16506,62400000,62400000,,
0,1999-06-30,BYD,,,Q2,241900000,138300000,103600000,0.428276,0.0,52000000,0.0,0.0,70600000,208900000,-16700000,18599999.999999996,18299999.999999996,0.075651,33100000,0.136833,0.0,16500000,0.06821,6700000.0,9700000.0,0.040099,0.1562,0.1562,62100000,62100000,,
0,1999-03-31,BYD,,,Q1,243300000,137800000,105500000,0.433621,0.0,51300000,0.0,0.0,70000000,207800000,-17100000,18700000,18200000,0.074805,35400000,0.145499,100000.0,18300000,0.075216,7700000.0,8900000.0,0.03658,0.14355,0.14355,62000000,62000000,,
0,1998-12-31,BYD,,,Q4,245000000,140000000,104900000,0.428163,0.0,52500000,0.0,0.0,71000000,211000000,-17700000,18500000.000000007,17100000.000000007,0.069796,33900000,0.138367,100000.0,16300000,0.066531,7000000.0,9300000.0,0.037959,0.15049,0.15049,61800000,61800000,,
0,1998-09-30,BYD,,,Q3,234600000,138100000,96500000,0.411338,0.0,49800000,0.0,0.0,67700000.00000001,205800000.00000003,-18400000,17900000,9900000.0,0.042199,28800000,0.122762,100000.0,10400000,0.044331,4500000.0,5900000.0,0.025149,0.09547,0.09547,61800000,61800000,,
0,1998-06-30,BYD,,,Q2,245500000,141900000,103600000,0.421996,0.0,53500000,0.0,0.0,77900000,219800000,-18700000,18400000,6700000.0,0.027291,25700000,0.104684,100000.0,7100000.0,0.028921,3000000.0,4000000.0,0.016293,0.06472,0.06472,61800000,61800000,,
0,1998-03-31,BYD,,,Q1,250000000,143200000,106800000,0.4272,0.0,53000000,0.0,0.0,71600000.00000001,214800000.00000003,-19300000,18600000,15400000,0.0616,35200000,0.1408,100000.0,16100000,0.0644,6800000.0,9300000.0,0.0372,0.15024,0.15024,61900000,61900000,,
0,1997-12-31,BYD,,,Q4,238000000,139600000,98400000,0.413445,0.0,50000000,0.0,0.0,68300000.00000001,207900000,-19300000,18300000,2700000.0,0.011345,30100000,0.126471,100000.0,11000000,0.046218,4700000.0,-1000000.0,-0.004202,-0.01613,-0.01613,62000000,62000000,,
0,1997-09-30,BYD,,,Q3,217700000,126700000,91100000,0.418466,0.0,46200000,0.0,0.0,62999999.999999985,189700000,-18300000,16800000,8400000.0,0.038585,28000000,0.128617,100000.0,9900000.0,0.045475,4000000.0,5900000.0,0.027102,0.09593,0.09593,61500000,61500000,,
0,1997-06-30,BYD,,,Q2,214300000,121800000,92500000,0.431638,0.0,39100000,0.0,0.0,69600000.00000001,191400000,-17300000,18400000.000000007,6800000.000000006,0.031731,22800000,0.106393,200000.0,5700000.0,0.026598,2300000.0,3400000.0,0.015866,0.05537,0.05537,61400000,61400000,,
0,1997-03-31,BYD,,,Q1,220000000,127600000,92400000,0.42,0.0,47500000,0.0,0.0,191100000,318700000,-17400000,17999999.999999996,-115300000,-0.524091,-98700000,-0.448636,200000.0,-115900000,-0.526818,-38200000,-77700000,-0.353182,-1.26547,-1.26547,61400000,61400000,,
0,1996-12-31,BYD,,,Q4,199100000,117700000,81400000,0.40884,0.0,51700000,0.0,0.0,61100000.00000001,178800000,-13800000,15700000.000000002,2500000.000000001,0.012557,20400000,0.102461,200000.0,6700000.0,0.033651,2600000.0,-2000000.0,-0.010045,-0.03273,-0.03273,61100000,61100000,,
0,1996-09-30,BYD,,,Q3,185900000,113600000,72300000,0.388919,0.0,46100000,0.0,0.0,61200000.00000002,174800000.00000003,-13300000,15100000,-100000.0,-0.000538,11100000,0.05971,200000.0,-2000000.0,-0.010758,-700000.0,-1200000.0,-0.006455,-0.02098,-0.02098,57200000,57200000,,
0,1996-06-30,BYD,,,Q2,194300000,113800000,80600000,0.414822,0.0,46800000,0.0,0.0,61500000.000000015,175300000,-13000000,14700000.000000004,6400000.000000003,0.032939,19000000,0.097787,200000.0,6200000.0,0.031909,2700000.0,2000000.0,0.010293,0.03503,0.03503,57100000,57100000,,
