,date,symbol,fillingDate,acceptedDate,period,revenue,costOfRevenue,grossProfit,grossProfitRatio,researchAndDevelopmentExpenses,generalAndAdministrativeExpenses,sellingAndMarketingExpenses,otherExpenses,operatingExpenses,costAndExpenses,interestExpense,depreciationAndAmortization,ebitda,ebitdaratio,operatingIncome,operatingIncomeRatio,totalOtherIncomeExpensesNet,incomeBeforeTax,incomeBeforeTaxRatio,incomeTaxExpense,netIncome,netIncomeRatio,eps,epsdiluted,weightedAverageShsOut,weightedAverageShsOutDil,link,finalLink
0,2020-09-30,SBH,2020-11-24,2020-11-23 19:29:41,Q4,957812000,468669000,489143000,0.5106879011747608,0.0,366982000,0.0,0.0,0.0,835651000,28310000,0.0,148111000,0.15463472998876607,122161000,0.0953913711667843,-2484000.0,91367000,0.0953913711667843,21179000,70188000,0.07327951623074257,0.0,0.0,0.0,0.0,https://www.sec.gov/Archives/edgar/data/1368458/000156459020054910/0001564590-20-054910-index.htm,https://www.sec.gov/Archives/edgar/data/1368458/000156459020054910/sbh-10k_20200930.htm
0,2020-06-30,SBH,2020-07-31,2020-07-30 19:57:41,Q3,705287000,383441000,321846000,0.4563333791775547,0.0,314599000,0.0,0.0,0.0,698040000,27298000,0.0,34079000,0.04831933666720073,7247000.0,-0.036675849689559004,-5816000.0,-25867000,-0.036675849689559004,-2341000.0,-23526000,-0.033356633540672094,-0.21,-0.21,112271000,112271000,https://www.sec.gov/Archives/edgar/data/1368458/000156459020034832/0001564590-20-034832-index.htm,https://www.sec.gov/Archives/edgar/data/1368458/000156459020034832/sbh-10q_20200630.htm
0,2020-03-31,SBH,2020-05-07 00:00:00,2020-05-07 14:59:49,Q2,871023000,441266000,429757000,0.49339340063350795,0.0,383299000,0.0,0.0,0.0,824565000,21644000,0.0,73379000,0.08424461810996954,46458000,0.02482253625908845,-3193000.0,21621000,0.02482253625908845,8253000.0,13368000,0.015347470732690181,0.12,0.12,114823000,115795000,https://www.sec.gov/Archives/edgar/data/1368458/000156459020022720/0001564590-20-022720-index.html,https://www.sec.gov/Archives/edgar/data/1368458/000156459020022720/sbh-10q_20200331.htm
0,2019-12-31,SBH,2020-02-06 00:00:00,2020-02-06 10:30:34,Q1,980208000,505360000,474848000,0.4844359564500596,0.0,377930000,0.0,0.0,0.0,883290000,21541000,0.0,123994000,0.12649764131694496,96918000,0.0743168796826796,-2531000.0,72846000,0.0743168796826796,19631000,53215000,0.054289497739255344,0.46,0.45,116125000,117154000,https://www.sec.gov/Archives/edgar/data/1368458/000156459020003606/0001564590-20-003606-index.html,https://www.sec.gov/Archives/edgar/data/1368458/000156459020003606/sbh-10q_20191231.htm
0,2019-09-30,SBH,2019-11-25 00:00:00,2019-11-22 20:46:12,Q4,965937000,486647000,479290000,0.496191780623374,0.0,363954000,0.0,0.0,0.0,850601000,22217000,0.0,142569000,0.14759658238580778,115336000,0.09718542720695035,756000.0,93875000,0.09718542720695035,24868000,69007000,0.07144047696692435,0.58,0.58,118374000,118997000,https://www.sec.gov/Archives/edgar/data/1368458/000156459019044262/0001564590-19-044262-index.html,https://www.sec.gov/Archives/edgar/data/1368458/000156459019044262/sbh-10k_20190930.htm
0,2019-06-30,SBH,2019-07-31,2019-07-31 11:03:06,Q3,975169000,492947000,482222000,0.49450095316811754,0.0,360183000,0.0,0.0,0.0,853130000,25781000,0.0,149189000,0.15298784108190477,122039000,0.09675246034277135,-1908000.0,94350000,0.09675246034277135,23186000,71164000,0.07297606876346562,0.59,0.59,120119000,120977000,https://www.sec.gov/Archives/edgar/data/1368458/000156459019027277/sbh-10q_20190630.htm,https://www.sec.gov/Archives/edgar/data/1368458/000156459019027277/sbh-10q_20190630.htm
0,2019-03-31,SBH,2019-05-01 00:00:00,2019-05-01 10:34:19,Q2,945852000,477528000,468324000,0.4951345453622765,0.0,361626000,0.0,0.0,0.0,839154000,23821000,0.0,133467000,0.14110769972469267,106698000,0.09376836968151465,5814000.0,88691000,0.09376836968151465,22966000,65725000,0.06948761539860358,0.55,0.54,120077000,120991000,https://www.sec.gov/Archives/edgar/data/1368458/000156459019014601/0001564590-19-014601-index.html,https://www.sec.gov/Archives/edgar/data/1368458/000156459019014601/sbh-10q_20190331.htm
0,2018-12-31,SBH,2019-02-05 00:00:00,2019-02-05 10:10:18,Q1,989453000,508748000,480705000,0.48582903887299345,0.0,366987000,0.0,0.0,0.0,875735000,24489000,0.0,140224000,0.14171870720488997,113718000,0.08615770531798883,-3980000.0,85249000,0.08615770531798883,19522000,65727000,0.06642761202401731,0.55,0.54,119989000,120979000,https://www.sec.gov/Archives/edgar/data/1368458/000156459019001906/0001564590-19-001906-index.html,https://www.sec.gov/Archives/edgar/data/1368458/000156459019001906/sbh-10q_20181231.htm
0,2018-09-30,SBH,2018-11-14 00:00:00,2018-11-14 16:02:39,Q4,965997000,487905000,478092000,0.4949207916794773,0.0,365864000,0.0,0.0,0.0,853769000,24383000,0.0,139629000,0.14454392715505326,112228000,0.08151474590500798,-9102000.0,78743000,0.08151474590500798,23557000,55186000,0.057128541807065655,0.46,0.46,119805000,120441000,https://www.sec.gov/Archives/edgar/data/1368458/000156459018029551/0001564590-18-029551-index.html,https://www.sec.gov/Archives/edgar/data/1368458/000156459018029551/sbh-10k_20180930.htm
0,2018-06-30,SBH,2018-08-02 00:00:00,2018-08-02 10:53:39,Q3,996283000,502913000,493370000,0.4952106981650796,0.0,378598000,0.0,0.0,0.0,881511000,24501000,0.0,142191000,0.1427214957998882,114772000,0.07801698914866559,-12544000,77727000,0.07801698914866559,19501000,58226000,0.05844323349891547,0.48,0.48,120901000,121673000,https://www.sec.gov/Archives/edgar/data/1368458/000156459018018741/0001564590-18-018741-index.html,https://www.sec.gov/Archives/edgar/data/1368458/000156459018018741/sbh-10q_20180630.htm
0,2018-03-31,SBH,2018-05-03 00:00:00,2018-05-03 09:50:23,Q2,975321000,488999000,486322000,0.49862763131317794,0.0,368461000,0.0,0.0,0.0,857460000,25262000,0.0,144780000,0.14844343554583567,117861000,0.0880120493663112,-6759000.0,85840000,0.0880120493663112,24469000,61371000,0.06292389890097722,0.49,0.49,124270000,125057000,https://www.sec.gov/Archives/edgar/data/1368458/000156459018010530/0001564590-18-010530-index.html,https://www.sec.gov/Archives/edgar/data/1368458/000156459018010530/sbh-10q_20180331.htm
0,2017-12-31,SBH,2018-02-08 00:00:00,2018-02-08 09:55:03,Q1,994964000,508335000,486629000,0.48909206765269897,0.0,371286000,0.0,0.0,0.0,879621000,24016000,0.0,142433000,0.14315392315701875,115343000,0.08655288030521707,-5210000.0,86117000,0.08655288030521707,2853000.0,83264000,0.08368543987521157,0.65,0.65,127784000,128645000,https://www.sec.gov/Archives/edgar/data/1368458/000156459018001632/0001564590-18-001632-index.html,https://www.sec.gov/Archives/edgar/data/1368458/000156459018001632/sbh-10q_20171231.htm
0,2017-09-30,SBH,2017-11-15 00:00:00,2017-11-15 09:57:20,Q4,974195000,491753000,482442000,0.49522118261744313,0.0,333913000,0.0,0.0,0.0,854017000,52283000,0.0,148529000,0.15246331586592007,120178000,0.061056564650814264,-8414000.0,59481000,0.061056564650814264,23762000,35719000,0.03666514404200391,0.27,0.27,130543000,131163000,https://www.sec.gov/Archives/edgar/data/1368458/000104746917007074/0001047469-17-007074-index.html,https://www.sec.gov/Archives/edgar/data/1368458/000104746917007074/a2233150z10-k.htm
0,2017-06-30,SBH,2017-08-03 00:00:00,2017-08-03 09:36:58,Q3,998043000,495404000,502639000,0.5036245933291451,0.0,337992000,0.0,0.0,0.0,862651000,26969000,0.0,164648000,0.16497084794943706,135392000,0.1035716897969326,-5054000.0,103369000,0.1035716897969326,36830000,66539000,0.06666947215701127,0.49,0.49,135450000,136159000,https://www.sec.gov/Archives/edgar/data/1368458/000110465917049158/0001104659-17-049158-index.html,https://www.sec.gov/Archives/edgar/data/1368458/000110465917049158/a17-13925_110q.htm
0,2017-03-31,SBH,2017-05-04 00:00:00,2017-05-04 09:45:06,Q2,966470000,478364000,488106000,0.5050399908946993,0.0,331979000,0.0,0.0,0.0,838221000,26848000,0.0,156127000,0.1615435554129978,128249000,0.0953883721170859,-9211000.0,92190000,0.0953883721170859,35198000,56992000,0.05896923856922615,0.41,0.4,140549000,141325000,https://www.sec.gov/Archives/edgar/data/1368458/000110465917029701/0001104659-17-029701-index.html,https://www.sec.gov/Archives/edgar/data/1368458/000110465917029701/a17-9863_110q.htm
0,2016-12-31,SBH,2017-02-02 00:00:00,2017-02-02 12:18:49,Q1,999609000,507901000,491708000,0.4919003330302148,0.0,347412000,0.0,0.0,0.0,882152000,26799000,0.0,144296000,0.14435244180474566,117457000,0.09069346114330704,0.0,90658000,0.09069346114330704,34832000,55826000,0.055847836504073094,0.39,0.39,143631000,144860000,https://www.sec.gov/Archives/edgar/data/1368458/000110465917006055/0001104659-17-006055-index.html,https://www.sec.gov/Archives/edgar/data/1368458/000110465917006055/a16-22906_110q.htm
0,2016-09-30,SBH,2016-11-15 00:00:00,2016-11-15 12:11:41,Q4,976358000,492917000,483441000,0.4951472717998931,0.0,345489000,0.0,0.0,0.0,865539000,26620000,0.0,137952000,0.14129243576638897,110819000,0.08623783489252917,0.0,84199000,0.08623783489252917,31578000,52621000,0.0538951900839651,0.0,0.0,0.0,0.0,https://www.sec.gov/Archives/edgar/data/1368458/000104746916016713/0001047469-16-016713-index.html,https://www.sec.gov/Archives/edgar/data/1368458/000104746916016713/a2230256z10-k.htm
0,2016-06-30,SBH,2016-08-04,2016-08-04 12:29:52,Q3,998161000,499185000,498976000,0.49989530747043814,0.0,339459000,0.0,0.0,0.0,864077000,26703000,0.0,159517000,0.15981089223081246,134084000,0.10757883748212964,0.0,107381000,0.10757883748212964,39462000,67919000,0.06804413316088287,0.47,0.46,145957000,147837000,https://www.sec.gov/Archives/edgar/data/1368458/000110465916136907/a16-11492_110q.htm,https://www.sec.gov/Archives/edgar/data/1368458/000110465916136907/a16-11492_110q.htm
0,2016-03-31,SBH,2016-05-05 00:00:00,2016-05-05 12:13:52,Q2,980067000,492593000,487474000,0.4973884438512877,0.0,341311000,0.0,0.0,0.0,857609000,26971000,0.0,146163000,0.1491357223536758,122458000,0.09742905331982406,0.0,95487000,0.09742905331982406,35328000,60159000,0.06138253813259706,0.41,0.41,146447000,148360000,https://www.sec.gov/Archives/edgar/data/1368458/000110465916118137/0001104659-16-118137-index.html,https://www.sec.gov/Archives/edgar/data/1368458/000110465916118137/a16-7984_110q.htm
0,2015-12-31,SBH,2016-02-04 00:00:00,2016-02-04 12:32:19,Q1,998032000,503983000,494049000,0.4950232056687561,0.0,339728000,0.0,0.0,0.0,867097000,63943000,0.0,154321000,0.15462530259550797,130935000,0.06712410022925117,0.0,66992000,0.06712410022925117,24749000,42243000,0.042326298154768585,0.28,0.28,150786000,152426000,https://www.sec.gov/Archives/edgar/data/1368458/000110465916093872/0001104659-16-093872-index.html,https://www.sec.gov/Archives/edgar/data/1368458/000110465916093872/a15-24260_110q.htm
0,2015-09-30,SBH,2015-11-12 00:00:00,2015-11-12 13:03:32,Q4,964231000,488920000,475311000,0.49294308106667384,0.0,330855000,0.0,0.0,0.0,844998000,29152000,0.0,144456000,0.14981472282056893,119233000,0.09342263420279995,0.0,90081000,0.09342263420279995,33901000,56180000,0.058264046685908254,0.36,0.36,154725000,156457000,https://www.sec.gov/Archives/edgar/data/1368458/000104746915008573/0001047469-15-008573-index.html,https://www.sec.gov/Archives/edgar/data/1368458/000104746915008573/a2226468z10-k.htm
0,2015-06-30,SBH,2015-08-06 00:00:00,2015-08-06 12:02:23,Q3,967890000,486571000,481319000,0.4972868817737553,0.0,327870000,0.0,0.0,0.0,837041000,29221000,0.0,153450000,0.15854074326628026,130849000,0.10499953507113412,0.0,101628000,0.10499953507113412,39165000,62463000,0.0645352261104051,0.4,0.39,157110000,159120000,https://www.sec.gov/Archives/edgar/data/1368458/000110465915056953/0001104659-15-056953-index.html,https://www.sec.gov/Archives/edgar/data/1368458/000110465915056953/a15-11822_110q.htm
0,2015-03-31,SBH,2015-05-05 00:00:00,2015-05-05 12:32:47,Q2,937755000,470303000,467452000,0.4984798801392688,0.0,317456000,0.0,0.0,0.0,808748000,29228000,0.0,149996000,0.15995222632777217,129007000,0.10640199199151164,0.0,99779000,0.10640199199151164,38244000,61535000,0.06561948483345863,0.39,0.39,157504000,159620000,https://www.sec.gov/Archives/edgar/data/1368458/000110465915034136/0001104659-15-034136-index.html,https://www.sec.gov/Archives/edgar/data/1368458/000110465915034136/a15-6165_110q.htm
0,2014-12-31,SBH,2015-02-05,2015-02-05 12:57:21,Q1,964468000,490699000,473769000,0.49122314063297073,0.0,336954000,0.0,0.0,0.0,848232000,29241000,0.0,136815000,0.14185540629652824,116236000,0.09019998589896192,0.0,86995000,0.09019998589896192,32086000,54909000,0.056931904428140695,0.35,0.35,156104000,158545000,https://www.sec.gov/Archives/edgar/data/1368458/000104746914009151/a2221854z10-k.htm,https://www.sec.gov/Archives/edgar/data/1368458/000104746914009151/a2221854z10-k.htm
0,2014-09-30,SBH,2014-11-13 00:00:00,2014-11-13 12:44:03,Q4,944288000,476748000,467540000,0.49512436883662614,0.0,320497000,0.0,0.0,0.0,818169000,29262000,0.0,147043000,0.15571838252736453,126119000,0.10257146124911044,0.0,96857000,0.10257146124911044,35107000,61750000,0.06539318512996035,0.4,0.39,154690000,158124000,https://www.sec.gov/Archives/edgar/data/1368458/000104746914009151/0001047469-14-009151-index.html,https://www.sec.gov/Archives/edgar/data/1368458/000104746914009151/a2221854z10-k.htm
0,2014-06-30,SBH,2014-07-31 00:00:00,2014-07-31 12:42:51,Q3,949275000,473564000,475711000,0.5011308630270469,0.0,320726000,0.0,0.0,0.0,814279000,29308000,0.0,154985000,0.16326670353690975,134996000,0.11133549287614232,0.0,105688000,0.11133549287614232,37932000,67756000,0.07137657686128888,0.43,0.42,158950000,162524000,https://www.sec.gov/Archives/edgar/data/1368458/000110465914055360/0001104659-14-055360-index.html,https://www.sec.gov/Archives/edgar/data/1368458/000110465914055360/a14-13879_110q.htm
0,2014-03-31,SBH,2014-05-01 00:00:00,2014-05-01 08:07:20,Q2,919471000,463075000,456396000,0.4963680203073289,0.0,312813000,0.0,0.0,0.0,795383000,29258000,0.0,143583000,0.15615826926569734,124088000,0.10313538980565999,0.0,94830000,0.10313538980565999,36338000,58492000,0.0636148394022215,0.36,0.35,162535000,166140000,https://www.sec.gov/Archives/edgar/data/1368458/000110465914033026/0001104659-14-033026-index.html,https://www.sec.gov/Archives/edgar/data/1368458/000110465914033026/a14-8385_110q.htm
0,2013-12-31,SBH,2014-02-06,2014-02-06 12:39:48,Q1,940464000,479938000,460526000,0.4896795624287586,0.0,319478000,0.0,0.0,0.0,818671000,28489000,0.0,141048000,0.14997703261368855,121793000,0.0992106024260365,0.0,93304000,0.0992106024260365,35309000,57995000,0.06166636894128855,0.35,0.35,163603000,167755000,https://www.sec.gov/Archives/edgar/data/1368458/000104746913010533/a2217261z10-k.htm,https://www.sec.gov/Archives/edgar/data/1368458/000104746913010533/a2217261z10-k.htm
0,2013-09-30,SBH,2013-11-14 00:00:00,2013-11-14 12:42:40,Q4,906435000,457077000,449358000,0.49574211057604795,0.0,301931000,0.0,0.0,0.0,778347000,27185000,0.0,147427000,0.16264486697887878,128088000,0.11131851704755442,0.0,100903000,0.11131851704755442,36090000,64813000,0.07150319658883428,0.39,0.38,166204000,170734000,https://www.sec.gov/Archives/edgar/data/1368458/000104746913010533/0001047469-13-010533-index.html,https://www.sec.gov/Archives/edgar/data/1368458/000104746913010533/a2217261z10-k.htm
0,2013-06-30,SBH,2013-08-01 00:00:00,2013-08-01 12:56:43,Q3,912101000,455018000,457083000,0.5011320018287448,0.0,295719000,0.0,0.0,0.0,769535000,27006000,0.0,161364000,0.17691461800831268,142566000,0.12669649523462861,0.0,115560000,0.12669649523462861,43094000,72466000,0.07944953464583418,0.43,0.42,168725000,173762000,https://www.sec.gov/Archives/edgar/data/1368458/000110465913058822/0001104659-13-058822-index.html,https://www.sec.gov/Archives/edgar/data/1368458/000110465913058822/a13-12684_110q.htm
0,2013-03-31,SBH,2013-05-02 00:00:00,2013-05-02 12:19:52,Q2,898239000,453785000,444454000,0.4948059480828599,0.0,299370000,0.0,0.0,0.0,770402000,26779000,0.0,145084000,0.1615204861957675,127837000,0.11250680498174762,0.0,101058000,0.11250680498174762,36169000,64889000,0.072240238956447,0.37,0.36,173461000,178389000,https://www.sec.gov/Archives/edgar/data/1368458/000110465913036433/0001104659-13-036433-index.html,https://www.sec.gov/Archives/edgar/data/1368458/000110465913036433/a13-8935_110q.htm
0,2012-12-31,SBH,2013-02-07 00:00:00,2013-02-07 12:16:07,Q1,905441000,461073000,444368000,0.4907752134042969,0.0,305689000,0.0,0.0,0.0,783570000,26725000,0.0,138679000,0.15316182942897438,121871000,0.10508249571203425,0.0,95146000,0.10508249571203425,36163000,58983000,0.06514284199633107,0.33,0.32,178346000,183386000,https://www.sec.gov/Archives/edgar/data/1368458/000110465913008326/0001104659-13-008326-index.html,https://www.sec.gov/Archives/edgar/data/1368458/000110465913008326/a12-28974_110q.htm
0,2012-09-30,SBH,2012-11-15 00:00:00,2012-11-15 12:22:19,Q4,882557000,442320000,440237000,0.4988199062496813,0.0,305470000,0.0,0.0,0.0,764696000,25172000,0.0,134767000,0.15270061877023242,117861000,0.10502324495754949,0.0,92689000,0.10502324495754949,27059000,65630000,0.07436346887509815,0.36,0.35,179911000,185425000,https://www.sec.gov/Archives/edgar/data/1368458/000104746912010611/0001047469-12-010611-index.html,https://www.sec.gov/Archives/edgar/data/1368458/000104746912010611/a2211766z10-k.htm
0,2012-06-30,SBH,2012-08-02 00:00:00,2012-08-02 12:38:19,Q3,886991000,442612000,444379000,0.5009960642216212,0.0,291533000,0.0,0.0,0.0,750444000,26925000,0.0,152846000,0.17231967404404328,136547000,0.12358862716758118,0.0,109622000,0.12358862716758118,40135000,69487000,0.07834014099353882,0.38,0.37,182756000,188496000,https://www.sec.gov/Archives/edgar/data/1368458/000110465912053622/0001104659-12-053622-index.html,https://www.sec.gov/Archives/edgar/data/1368458/000110465912053622/a12-13647_110q.htm
0,2012-03-31,SBH,2012-05-03,2012-05-03 12:43:27,Q2,889281000,452495000,436786000,0.4911675836996405,0.0,289189000,0.0,0.0,0.0,757624000,22355000,0.0,147597000,0.16597340997952278,131657000,0.12291053109197206,0.0,109302000,0.12291053109197206,41489000,67813000,0.07625598657792082,0.36,0.35,186335000,191684000,https://www.sec.gov/Archives/edgar/data/1368458/000110465912032474/a12-6316_110q.htm,https://www.sec.gov/Archives/edgar/data/1368458/000110465912032474/a12-6316_110q.htm
0,2011-12-31,SBH,2012-02-02 00:00:00,2012-02-02 13:33:53,Q1,864815000,442958000,421857000,0.48780028098495054,0.0,293014000,0.0,0.0,0.0,751525000,63961000,0.0,128843000,0.14898330856888467,113290000,0.05703994495932656,0.0,49329000,0.05703994495932656,19195000,30134000,0.034844446500118524,0.16,0.16,184689000,190208000,https://www.sec.gov/Archives/edgar/data/1368458/000110465912006141/0001104659-12-006141-index.html,https://www.sec.gov/Archives/edgar/data/1368458/000110465912006141/a11-31963_110q.htm
0,2011-09-30,SBH,2011-11-16 00:00:00,2011-11-16 12:39:02,Q4,837186000,424318000,412868000,0.49316161522051255,0.0,283118000,0.0,0.0,0.0,722997000,27472000,0.0,129750000,0.15498348037353707,114189000,0.10358152190791532,0.0,86717000,0.10358152190791532,32362000,54355000,0.06492583488018194,0.0,0.0,0.0,0.0,https://www.sec.gov/Archives/edgar/data/1368458/000104746911009618/0001047469-11-009618-index.html,https://www.sec.gov/Archives/edgar/data/1368458/000104746911009618/a2206267z10-k.htm
0,2011-06-30,SBH,2011-08-04 00:00:00,2011-08-04 12:33:29,Q3,836576000,426045000,410531000,0.4907276804498336,0.0,259007000,0.0,0.0,0.0,700325000,27741000,0.0,151524000,0.1811240102513101,136251000,0.12970728302031137,0.0,108510000,0.12970728302031137,39367000,69143000,0.08264999234976858,0.38,0.37,183164000,188592000,https://www.sec.gov/Archives/edgar/data/1368458/000110465911043580/0001104659-11-043580-index.html,https://www.sec.gov/Archives/edgar/data/1368458/000110465911043580/a11-14159_110q.htm
0,2011-03-31,SBH,2011-05-05 00:00:00,2011-05-05 12:28:02,Q2,801805000,409991000,391814000,0.4886649497072231,0.0,271381000,0.0,0.0,0.0,696149000,27793000,0.0,120433000,0.15020235593442297,105656000,0.09710964636039934,0.0,77863000,0.09710964636039934,28585000,49278000,0.061458833506900054,0.27,0.26,182831000,187724000,https://www.sec.gov/Archives/edgar/data/1368458/000110465911026176/0001104659-11-026176-index.html,https://www.sec.gov/Archives/edgar/data/1368458/000110465911026176/a11-9989_110q.htm
0,2010-12-31,SBH,2011-02-03,2011-02-03 13:21:30,Q1,793564000,414173000,379391000,0.4780849433694069,0.0,272908000,0.0,0.0,0.0,701192000,29523000,0.0,106483000,0.13418325428068814,92372000,0.07919840113714836,0.0,62849000,0.07919840113714836,21900000,40949000,0.051601383127258794,0.22,0.22,182462000,187201000,https://www.sec.gov/Archives/edgar/data/1368458/000104746910009883/a2200984z10-k.htm,https://www.sec.gov/Archives/edgar/data/1368458/000104746910009883/a2200984z10-k.htm
0,2010-09-30,SBH,2010-11-18 00:00:00,2010-11-18 09:42:22,Q4,747797000,381780000,366017000,0.48946037494132766,0.0,258465000,0.0,0.0,0.0,654382000,27833000,0.0,107552000,0.14382512901228542,93415000,0.08770027159777319,0.0,65582000,0.08770027159777319,23556000,42026000,0.0561997440481842,0.0,0.0,0.0,0.0,https://www.sec.gov/Archives/edgar/data/1368458/000104746910009883/0001047469-10-009883-index.html,https://www.sec.gov/Archives/edgar/data/1368458/000104746910009883/a2200984z10-k.htm
0,2010-06-30,SBH,2010-08-04 00:00:00,2010-08-04 06:02:46,Q3,742975000,382116000,360859000,0.4856946734412329,0.0,255588000,0.0,0.0,0.0,650371000,28255000,0.0,105271000,0.14168848211581817,92604000,0.08660991285036508,0.0,64349000,0.08660991285036508,23233000,41116000,0.05533968168511726,0.23,0.22,181991000,184375000,https://www.sec.gov/Archives/edgar/data/1368458/000110465910041582/0001104659-10-041582-index.html,https://www.sec.gov/Archives/edgar/data/1368458/000110465910041582/a10-11836_110q.htm
0,2010-03-31,SBH,2010-05-04 00:00:00,2010-05-04 10:05:00,Q2,720467000,376183000,344284000,0.47786227544079046,0.0,247496000,0.0,0.0,0.0,636109000,28414000,0.0,96789000,0.13434203093271446,84358000,0.07764963558358676,0.0,55944000,0.07764963558358676,21384000,34560000,0.0479688868470034,0.19,0.19,181942000,183975000,https://www.sec.gov/Archives/edgar/data/1368458/000110465910024929/0001104659-10-024929-index.html,https://www.sec.gov/Archives/edgar/data/1368458/000110465910024929/a10-7551_110q.htm
0,2009-12-31,SBH,2010-02-04 00:00:00,2010-02-04 12:14:21,Q1,704851000,371637000,333214000,0.4727438848777969,0.0,250771000,0.0,0.0,0.0,634297000,28480000,0.0,82443000,0.11696514582514603,70554000,0.059692048390369026,0.0,42074000,0.059692048390369026,15948000,26126000,0.03706598983331229,0.14,0.14,181889000,183841000,https://www.sec.gov/Archives/edgar/data/1368458/000110465910004875/0001104659-10-004875-index.html,https://www.sec.gov/Archives/edgar/data/1368458/000110465910004875/a10-2897_110q.htm
0,2009-09-30,SBH,2009-11-19 00:00:00,2009-11-19 13:04:48,Q4,676176000,356360000,319816000,0.4729774496580772,0.0,231485000,0.0,0.0,0.0,600051000,29330000,0.0,88331000,0.13063314876600174,76125000,0.06920535481886372,0.0,46795000,0.06920535481886372,19821000,26974000,0.03989198078606753,0.0,0.0,0.0,0.0,https://www.sec.gov/Archives/edgar/data/1368458/000104746909010313/0001047469-09-010313-index.html,https://www.sec.gov/Archives/edgar/data/1368458/000104746909010313/a2195583z10-k.htm
0,2009-06-30,SBH,2009-08-05 00:00:00,2009-08-05 11:13:07,Q3,673337000,355492000,317845000,0.47204445916383625,0.0,223982000,0.0,0.0,0.0,591116000,31050000,0.0,95951000,0.14250070915455412,82221000,0.07599612081320349,0.0,51171000,0.07599612081320349,19682000,31489000,0.046765586920071225,0.17,0.17,181715000,183748000,https://www.sec.gov/Archives/edgar/data/1368458/000110465909047185/0001104659-09-047185-index.html,https://www.sec.gov/Archives/edgar/data/1368458/000110465909047185/a09-18900_110q.htm
0,2009-03-31,SBH,2009-05-06 00:00:00,2009-05-06 09:31:28,Q2,641511000,339399000,302112000,0.47093814447452964,0.0,218420000,0.0,0.0,0.0,569290000,31969000,0.0,85790000,0.13373114412691287,72221000,0.06274561153277185,0.0,40252000,0.06274561153277185,15657000,24595000,0.03833917111319993,0.14,0.13,181682000,183025000,https://www.sec.gov/Archives/edgar/data/1368458/000110465909029770/0001104659-09-029770-index.html,https://www.sec.gov/Archives/edgar/data/1368458/000110465909029770/a09-12112_110q.htm
0,2008-12-31,SBH,2009-02-05 00:00:00,2009-02-05 16:04:48,Q1,645576000,342032000,303544000,0.47019096125010845,0.0,225528000,0.0,0.0,0.0,579307000,0.0,0.0,80119000,0.12410467551457922,66269000,0.04119731836375578,0.0,26596000,0.04119731836375578,10537000,16059000,0.02487546005427711,0.09,0.09,181578000,182985000,https://www.sec.gov/Archives/edgar/data/1368458/000110465909006824/0001104659-09-006824-index.html,https://www.sec.gov/Archives/edgar/data/1368458/000110465909006824/a09-4573_110q.htm
0,2008-09-30,SBH,2008-11-20 00:00:00,2008-11-20 16:16:03,Q4,672228000,357293000,314935000,0.4684943203793951,0.0,230843000,0.0,0.0,0.0,601290000,0.0,0.0,86201000,0.1282317904044461,70938000,0.053310781461051907,0.0,35837000,0.053310781461051907,14358000,21479000,0.031951956776569854,0.0,0.0,0.0,0.0,https://www.sec.gov/Archives/edgar/data/1368458/000104746908012451/0001047469-08-012451-index.html,https://www.sec.gov/Archives/edgar/data/1368458/000104746908012451/a2188730z10-k.htm
0,2008-06-30,SBH,2008-08-07 00:00:00,2008-08-07 16:03:45,Q3,676830000,361764000,315066000,0.46550241567306416,0.0,226673000,0.0,0.0,0.0,600243000,0.0,0.0,90506000,0.13372043201394737,76587000,0.06899516865387173,0.0,46698000,0.06899516865387173,17339000,29359000,0.04337721436697546,0.16,0.16,181268000,182837000,https://www.sec.gov/Archives/edgar/data/1368458/000110465908050857/0001104659-08-050857-index.html,https://www.sec.gov/Archives/edgar/data/1368458/000110465908050857/a08-19174_110q.htm
0,2008-03-31,SBH,2008-05-08 00:00:00,2008-05-08 15:49:33,Q2,643346000,344922000,298424000,0.46386236954920057,0.0,221090000,0.0,0.0,0.0,577833000,0.0,0.0,79450000,0.12349497781908957,65513000,0.027778209548205788,0.0,17871000,0.027778209548205788,5475000.0,12396000,0.01926801441215147,0.07,0.07,181135000,182931000,https://www.sec.gov/Archives/edgar/data/1368458/000110465908031258/0001104659-08-031258-index.html,https://www.sec.gov/Archives/edgar/data/1368458/000110465908031258/a08-13534_110q.htm
0,2007-12-31,SBH,2008-02-07,2008-02-07 16:28:07,Q1,655787000,349618000,306169000,0.46687262785020134,0.0,224541000,0.0,0.0,0.0,585911000,0.0,0.0,83759000,0.1277228734329897,69876000,0.03567164338420859,0.0,23393000,0.03567164338420859,9050000.0,14343000,0.02187143081518847,0.08,0.08,180995000,183182000,https://www.sec.gov/Archives/edgar/data/1368458/000104746907009602/a2181400z10-k.htm,https://www.sec.gov/Archives/edgar/data/1368458/000104746907009602/a2181400z10-k.htm
0,2007-09-30,SBH,2007-11-29 00:00:00,2007-11-29 14:51:07,Q4,639737000,344387000,295350000,0.46167409419808453,0.0,188911000,0.0,0.0,0.0,545323000,0.0,0.0,113846000,0.17795750441196928,94414000,0.04036346186010814,0.0,25822000,0.04036346186010814,8958000.0,16864000,0.026360832654669028,0.0,0.0,0.0,0.0,https://www.sec.gov/Archives/edgar/data/1368458/000104746907009602/0001047469-07-009602-index.html,https://www.sec.gov/Archives/edgar/data/1368458/000104746907009602/a2181400z10-k.htm
0,2007-06-30,SBH,2007-08-09 00:00:00,2007-08-09 17:29:24,Q3,634880000,343993000,290887000,0.45817634828629034,0.0,221508000,0.0,0.0,0.0,576266000,0.0,0.0,69379000,0.10927891885080646,58614000,0.03430884576612903,0.0,21782000,0.03430884576612903,8334000.0,13448000,0.02118195564516129,0.07,0.07,180398000,182680000,https://www.sec.gov/Archives/edgar/data/1368458/000110465907061062/0001104659-07-061062-index.html,https://www.sec.gov/Archives/edgar/data/1368458/000110465907061062/a07-19334_110q.htm
0,2007-03-31,SBH,2007-05-10 00:00:00,2007-05-10 17:09:17,Q2,609276000,326258000,283018000,0.4645152607356929,0.0,212222000,0.0,0.0,0.0,548505000,0.0,0.0,70796000,0.11619692881387089,60771000,0.029254393739454695,0.0,17824000,0.029254393739454695,6785000.0,11039000,0.01811822556608171,0.06,0.06,180233000,182646000,https://www.sec.gov/Archives/edgar/data/1368458/000110465907038391/0001104659-07-038391-index.html,https://www.sec.gov/Archives/edgar/data/1368458/000110465907038391/a07-13690_110q.htm
0,2006-12-31,SBH,2007-02-09,2007-02-09 13:41:28,Q1,629879000,345387000,284492000,0.4516613508308739,0.0,238414000,0.0,0.0,0.0,593591000,0.0,0.0,46078000,0.07315373270104258,36288000,0.027283017849459974,0.0,17185000,0.027283017849459974,14044000,3141000.0,0.004986672043360709,0.02,0.02,180096000,182329000,https://www.sec.gov/Archives/edgar/data/1368458/000095013407002554/d43410e10vq.htm,https://www.sec.gov/Archives/edgar/data/1368458/000095013407002554/d43410e10vq.htm
