,date,symbol,fillingDate,acceptedDate,period,revenue,costOfRevenue,grossProfit,grossProfitRatio,researchAndDevelopmentExpenses,generalAndAdministrativeExpenses,sellingAndMarketingExpenses,otherExpenses,operatingExpenses,costAndExpenses,interestExpense,depreciationAndAmortization,ebitda,ebitdaratio,operatingIncome,operatingIncomeRatio,totalOtherIncomeExpensesNet,incomeBeforeTax,incomeBeforeTaxRatio,incomeTaxExpense,netIncome,netIncomeRatio,eps,epsdiluted,weightedAverageShsOut,weightedAverageShsOutDil,link,finalLink
0,2020-09-30,SEE,2020-10-28,2020-10-28 16:54:44,Q3,1237200000,832700000,404500000,0.32694794697704493,0.0,199300000,0.0,-1200000.0,0.0,1041700000,45300000,0.0,240400000,0.19430973165211768,195500000,0.12059489169091497,-3300000.0,149200000,0.12059489169091497,17400000,134000000,0.10830908503071451,0.86,0.86,155500000,156100000,https://www.sec.gov/Archives/edgar/data/1012100/000162828020014997/0001628280-20-014997-index.htm,https://www.sec.gov/Archives/edgar/data/1012100/000162828020014997/see-20200930.htm
0,2020-06-30,SEE,2020-08-06,2020-08-06 07:11:50,Q2,1151200000,761300000,389900000,0.3386900625434329,0.0,184500000,0.0,4000000.0,0.0,955100000,43300000,0.0,241700000,0.209954829742877,196100000,0.12586865879082695,-6700000.0,144900000,0.12586865879082695,44600000,100100000,0.08695274496177902,0.64,0.64,155600000,155900000,https://www.sec.gov/Archives/edgar/data/1012100/000162828020011887/0001628280-20-011887-index.htm,https://www.sec.gov/Archives/edgar/data/1012100/000162828020011887/see-20200630.htm
0,2020-03-31,SEE,2020-05-05,2020-05-05 07:09:13,Q1,1173900000,783400000,390500000,0.33265184427975125,0.0,194100000,0.0,800000.0,0.0,986500000,47800000,0.0,233600000,0.19899480364596644,187400000,0.12539398585910214,5300000.0,147200000,0.12539398585910214,32700000,126600000,0.10784564272936366,0.82,0.82,154500000,154800000,https://www.sec.gov/Archives/edgar/data/1012100/000162828020006353/0001628280-20-006353-index.htm,https://www.sec.gov/Archives/edgar/data/1012100/000162828020002658/q4201910-kdocument.htm
0,2019-12-31,SEE,2020-03-02,2020-03-02 12:51:56,Q4,1298900000,869600000,429300000,0.3305104319039187,0.0,215600000,0.0,300000.0,0.0,1095600000,47500000,0.0,245700000,0.1891600585110478,203300000,0.10431903918700439,-18900000,135500000,0.10431903918700439,11100000,104300000,0.0802987142967126,0.68,0.67,154000000,155000000,https://www.sec.gov/Archives/edgar/data/1012100/000162828020002658/0001628280-20-002658-index.htm,https://www.sec.gov/Archives/edgar/data/1012100/000162828020002658/q4201910-kdocument.htm
0,2019-09-30,SEE,2019-11-08,2019-11-08 09:44:58,Q3,1218500000,826500000,392000000,0.3217070168239639,0.0,221600000,0.0,700000.0,0.0,1057600000,48500000,0.0,201800000,0.16561345917111203,160900000,0.08395568321707017,-9000000.0,102300000,0.08395568321707017,22800000,68000000,0.055806319244973326,0.44,0.44,154000000,154800000,https://www.sec.gov/Archives/edgar/data/1012100/000162828019013765/0001628280-19-013765-index.htm,https://www.sec.gov/Archives/edgar/data/1012100/000162828019013765/q3201910-qdocument.htm
0,2019-06-30,SEE,2019-08-02,2019-08-02 07:10:34,Q2,1161000000,782700000,378300000,0.32583979328165374,0.0,266200000,0.0,6700000.0,0.0,1053300000,47300000,0.0,150500000,0.12962962962962962,107700000,0.03255813953488372,-25400000,37800000,0.03255813953488372,12300000,33200000,0.02859603789836348,0.22,0.21,154500000,155300000,https://www.sec.gov/Archives/edgar/data/1012100/000162828019009820/0001628280-19-009820-index.htm,https://www.sec.gov/Archives/edgar/data/1012100/000162828019009820/q2201910-qdocument.htm
0,2019-03-31,SEE,2019-05-01,2019-05-01 16:38:30,Q1,1112700000,747500000,365200000,0.3282106587579761,0.0,212100000,0.0,1600000.0,0.0,964200000,47600000,0.0,184300000,0.1656331446032174,148500000,0.08510829513795273,-7700000.0,94700000,0.08510829513795273,30400000,57500000,0.05167610317246338,0.37,0.37,154800000,155400000,https://www.sec.gov/Archives/edgar/data/1012100/000162828019005496/0001628280-19-005496-index.htm,https://www.sec.gov/Archives/edgar/data/1012100/000162828019001538/q4201810-kdocument.htm
0,2018-12-31,SEE,2019-02-19,2019-02-19 15:38:01,Q4,1260300000,861200000,399100000,0.31667063397603745,0.0,203400000,0.0,400000.0,0.0,1069400000,49100000,0.0,226200000,0.17948107593430135,190900000,0.09402523208759819,-25400000,118500000,0.09402523208759819,-80900000,200300000,0.15893041339363645,1.29,1.28,155200000,156100000,https://www.sec.gov/Archives/edgar/data/1012100/000162828019001538/0001628280-19-001538-index.htm,https://www.sec.gov/Archives/edgar/data/1012100/000162828019001538/q4201810-kdocument.htm
0,2018-09-30,SEE,2018-11-02,2018-11-02 13:54:07,Q3,1186200000,820700000,365500000,0.3081267914348339,0.0,192100000,0.0,-2000000.0,0.0,1016400000,47800000,0.0,201900000,0.17020738492665655,169800000,0.09189006912830888,-14400000,109000000,0.09189006912830888,33400000,79000000,0.06659922441409544,0.5,0.5,157200000,158000000,https://www.sec.gov/Archives/edgar/data/1012100/000162828018013405/0001628280-18-013405-index.htm,https://www.sec.gov/Archives/edgar/data/1012100/000162828018013405/q3201810-qdocument.htm
0,2018-06-30,SEE,2018-08-06,2018-08-06 16:28:38,Q2,1155200000,791700000,363500000,0.3146641274238227,0.0,192800000,0.0,4400000.0,0.0,987900000,48400000,0.0,207100000,0.17927631578947367,167300000,0.10110803324099724,-4600000.0,116800000,0.10110803324099724,33500000,114400000,0.09903047091412742,0.71,0.71,159700000,160600000,https://www.sec.gov/Archives/edgar/data/1012100/000162828018010542/0001628280-18-010542-index.htm,https://www.sec.gov/Archives/edgar/data/1012100/000162828018010542/q2201810-qdocument.htm
0,2018-03-31,SEE,2018-05-07,2018-05-07 14:59:09,Q1,1131000000,757000000,374000000,0.3306808134394341,0.0,194000000,0.0,200000.0,0.0,954900000,47700000,0.0,213800000,0.18903625110521663,176100000,0.10035366931918656,-19600000,113500000,0.10035366931918656,321500000,-200600000,-0.1773651635720601,-1.21,-1.21,165300000,165300000,https://www.sec.gov/Archives/edgar/data/1012100/000162828018006036/0001628280-18-006036-index.htm,https://www.sec.gov/Archives/edgar/data/1012100/000162828018001957/q4201710-kdocument.htm
0,2017-12-31,SEE,2018-02-21,2018-02-21 15:39:43,Q4,1227800000,853400000,374400000,0.3049356572731715,0.0,205800000,0.0,-700000.0,0.0,1063100000,48100000,0.0,205000000,0.16696530379540642,164700000,0.09692132269099202,-3700000.0,119000000,0.09692132269099202,94000000,-33500000,-0.027284574034859097,-0.19,-0.19,175300000,175900000,https://www.sec.gov/Archives/edgar/data/1012100/000162828018001957/0001628280-18-001957-index.htm,https://www.sec.gov/Archives/edgar/data/1012100/000162828018001957/q4201710-kdocument.htm
0,2017-09-30,SEE,2017-11-09,2017-11-09 12:53:40,Q3,1131300000,769200000,362100000,0.3200742508618404,0.0,192700000,0.0,-2300000.0,0.0,965000000,54000000,0.0,176800000,0.1562803853973305,166300000,0.09378591001502697,-9700000.0,106100000,0.09378591001502697,43700000,787400000,0.6960134358702378,4.19,4.15,186900000,188900000,https://www.sec.gov/Archives/edgar/data/1012100/000162828017011291/0001628280-17-011291-index.htm,https://www.sec.gov/Archives/edgar/data/1012100/000162828017011291/q3201710-qdocument.htm
0,2017-06-30,SEE,2017-08-09,2017-08-09 12:13:17,Q2,1070300000,726000000,344300000,0.32168550873586843,0.0,201800000,0.0,-2100000.0,0.0,928900000,50900000,0.0,193400000,0.18069700084088575,141400000,0.07904325889937401,-7700000.0,84600000,0.07904325889937401,56100000,87800000,0.08203307483883024,0.45,0.45,192500000,194800000,https://www.sec.gov/Archives/edgar/data/1012100/000162828017008418/0001628280-17-008418-index.htm,https://www.sec.gov/Archives/edgar/data/1012100/000162828017008418/q2201710-qdocument.htm
0,2017-03-31,SEE,2017-05-10,2017-05-10 12:30:35,Q1,1032200000,695800000,336400000,0.3259058322030614,0.0,195800000,0.0,-1000000.0,0.0,896600000,48800000,0.0,187800000,0.18194148420848671,135600000,0.08002325130788607,-4600000.0,82600000,0.08002325130788607,136400000,-43200000,-0.04185235419492347,-0.22,-0.22,193400000,195700000,https://www.sec.gov/Archives/edgar/data/1012100/000156459017010132/0001564590-17-010132-index.htm,https://www.sec.gov/Archives/edgar/data/1012100/000156459017001648/see-10k_20161231.htm
0,2016-12-31,SEE,2017-02-15,2017-02-15 16:58:25,Q4,1744100000,1103200000,640900000,0.3674674617281119,0.0,404500000,0.0,200000.0,0.0,1530200000,51300000,0.0,268500000,0.15394759474800757,213900000,0.09047646350553294,-6400000.0,157800000,0.09047646350553294,-13300000,171100000,0.09810217304053667,0.89,0.87,192400000,196200000,https://www.sec.gov/Archives/edgar/data/1012100/000156459017001648/0001564590-17-001648-index.htm,https://www.sec.gov/Archives/edgar/data/1012100/000156459017001648/see-10k_20161231.htm
0,2016-09-30,SEE,2016-10-31,2016-10-31 13:54:49,Q3,1716600000,1076600000,640000000,0.3728300128160317,0.0,390600000,0.0,-900000.0,0.0,1490700000,52800000,0.0,281400000,0.16392869626004894,225900000,0.10066410346032856,-2200000.0,172800000,0.10066410346032856,9500000.0,163300000,0.09512990795759059,0.84,0.83,194100000,196700000,https://www.sec.gov/Archives/edgar/data/1012100/000156459016026558/0001564590-16-026558-index.htm,https://www.sec.gov/Archives/edgar/data/1012100/000156459016026558/see-10q_20160930.htm
0,2016-06-30,SEE,2016-08-01,2016-08-01 16:22:28,Q2,1727000000,1065600000,661400000,0.3829762594093804,0.0,413600000,0.0,-47300000,0.0,1506700000,54300000,0.0,232700000,0.13474232773595832,220300000,0.07122177185871453,-45100000,123000000,0.07122177185871453,73400000,49600000,0.028720324261725536,0.25,0.25,195600000,197900000,https://www.sec.gov/Archives/edgar/data/1012100/000156459016021907/0001564590-16-021907-index.htm,https://www.sec.gov/Archives/edgar/data/1012100/000156459016021907/see-10q_20160630.htm
0,2016-03-31,SEE,2016-05-02,2016-05-02 13:45:51,Q1,1590600000,1001300000,589300000,0.3704891236011568,0.0,396300000,0.0,-900000.0,0.0,1419000000,54700000,0.0,222000000,0.13956997359486986,171600000,0.0706022884446121,-6800000.0,112300000,0.0706022884446121,20400000,91900000,0.057776939519678105,0.47,0.46,195200000,197000000,https://www.sec.gov/Archives/edgar/data/1012100/000156459016017282/0001564590-16-017282-index.htm,https://www.sec.gov/Archives/edgar/data/1012100/000156459016013004/see-10k_20151231.htm
0,2015-12-31,SEE,2016-02-22,2016-02-22 17:05:43,Q4,1753900000,1117300000,636600000,0.36296254062375277,0.0,408400000,0.0,-3100000.0,0.0,1547000000,55400000,0.0,257700000,0.1469296995267689,206900000,0.07166885227207936,-28400000,125700000,0.07166885227207936,2200000.0,123500000,0.07041450481783454,0.63,0.62,195500000,198400000,https://www.sec.gov/Archives/edgar/data/1012100/000156459016013004/0001564590-16-013004-index.htm,https://www.sec.gov/Archives/edgar/data/1012100/000156459016013004/see-10k_20151231.htm
0,2015-09-30,SEE,2015-11-03,2015-11-03 13:01:36,Q3,1746200000,1109600000,636600000,0.36456305119688465,0.0,400200000,0.0,4300000.0,0.0,1531600000,54800000,0.0,272700000,0.1561676783873554,214600000,0.07215668308326652,-34800000,126000000,0.07215668308326652,39400000,86600000,0.04959340281754667,0.43,0.42,202900000,205800000,https://www.sec.gov/Archives/edgar/data/1012100/000156459015009135/0001564590-15-009135-index.htm,https://www.sec.gov/Archives/edgar/data/1012100/000156459015009135/see-10q_20150930.htm
0,2015-06-30,SEE,2015-08-04,2015-08-04 13:03:43,Q2,1785000000,1121200000,663800000,0.3718767507002801,0.0,416900000,0.0,1400000.0,0.0,1561100000,59000000,0.0,281700000,0.15781512605042017,223900000,0.02403361344537815,-124000000,42900000,0.02403361344537815,14800000,28100000,0.015742296918767506,0.13,0.13,208500000,211300000,https://www.sec.gov/Archives/edgar/data/1012100/000156459015006031/0001564590-15-006031-index.htm,https://www.sec.gov/Archives/edgar/data/1012100/000156459015006031/see-10q_20150630.htm
0,2015-03-31,SEE,2015-05-05,2015-05-05 15:23:47,Q1,1746400000,1096800000,649600000,0.3719651855245076,0.0,430000000,0.0,500000.0,0.0,1549400000,58500000,0.0,254400000,0.1456710948236372,197000000,0.07518323408153917,-9300000.0,131300000,0.07518323408153917,34100000,97200000,0.05565735226752176,0.46,0.46,208900000,211700000,https://www.sec.gov/Archives/edgar/data/1012100/000156459015003294/0001564590-15-003294-index.htm,https://www.sec.gov/Archives/edgar/data/1012100/000156459015001072/see-10k_20141231.htm
0,2014-12-31,SEE,2015-02-27,2015-02-27 12:33:44,Q4,1973700000,1300600000,673100000,0.34103460505649286,0.0,467600000,0.0,-1500000.0,0.0,1794300000,65600000,0.0,243600000,0.12342301261589907,179400000,-0.001823985408116735,-121400000,-3600000.0,-0.001823985408116735,-70400000,66800000,0.03384506257283275,0.31,0.31,209500000,212100000,https://www.sec.gov/Archives/edgar/data/1012100/000156459015001072/0001564590-15-001072-index.htm,https://www.sec.gov/Archives/edgar/data/1012100/000156459015001072/see-10k_20141231.htm
0,2014-09-30,SEE,2014-11-05,2014-11-05 13:11:48,Q3,1975500000,1281900000,693600000,0.3511009870918755,0.0,468400000,0.0,4900000.0,0.0,1780700000,69700000,0.0,269900000,0.13662363958491522,194800000,0.0480890913692736,-33400000,95000000,0.0480890913692736,35700000,59300000,0.030017717033662364,0.28,0.28,210400000,213900000,https://www.sec.gov/Archives/edgar/data/1012100/000156459014004992/0001564590-14-004992-index.htm,https://www.sec.gov/Archives/edgar/data/1012100/000156459014004992/see-10q_20140930.htm
0,2014-06-30,SEE,2014-08-06,2014-08-06 11:44:32,Q2,1973600000,1293600000,680000000,0.3445480340494528,0.0,461500000,0.0,-3500000.0,0.0,1786300000,73900000,0.0,254900000,0.12915484394000812,187300000,0.04732468585326307,-21300000,93400000,0.04732468585326307,33100000,60300000,0.030553303607620593,0.28,0.28,213500000,214700000,https://www.sec.gov/Archives/edgar/data/1012100/000119312514297522/0001193125-14-297522-index.htm,https://www.sec.gov/Archives/edgar/data/1012100/000119312514297522/d745697d10q.htm
0,2014-03-31,SEE,2014-05-07,2014-05-07 12:06:52,Q1,1827700000,1186700000,641000000,0.3507140121464135,0.0,447900000,0.0,400000.0,0.0,1665800000,78500000,0.0,232600000,0.12726377414236473,161900000,0.04513869891119987,-2900000.0,82500000,0.04513869891119987,10700000,71800000,0.03928434644635334,0.35,0.33,206700000,214500000,https://www.sec.gov/Archives/edgar/data/1012100/000119312514186789/0001193125-14-186789-index.htm,https://www.sec.gov/Archives/edgar/data/1012100/000119312514076159/d641543d10k.htm
0,2013-12-31,SEE,2014-02-28,2014-02-28 13:14:54,Q4,1940600000,1292600000,648000000,0.33391734515098426,0.0,442200000,0.0,1800000.0,0.0,1764600000,91600000,0.0,239900000,0.12362156034216222,176000000,0.030042254972688857,-21100000,58300000,0.030042254972688857,61300000,27500000,0.014170874987117386,0.14,0.13,194900000,213900000,https://www.sec.gov/Archives/edgar/data/1012100/000119312514076159/0001193125-14-076159-index.htm,https://www.sec.gov/Archives/edgar/data/1012100/000119312514076159/d641543d10k.htm
0,2013-09-30,SEE,2013-11-08,2013-11-08 09:42:07,Q3,1935900000,1279500000,656400000,0.33906710057337675,0.0,437200000,0.0,-2900000.0,0.0,1746200000,88900000,0.0,257200000,0.1328581021746991,189700000,0.025827780360555812,-53100000,50000000,0.025827780360555812,12300000,37700000,0.019474146391859085,0.19,0.18,194900000,213700000,https://www.sec.gov/Archives/edgar/data/1012100/000119312513434248/0001193125-13-434248-index.htm,https://www.sec.gov/Archives/edgar/data/1012100/000119312513434248/d623540d10q.htm
0,2013-06-30,SEE,2013-08-07,2013-08-07 13:59:49,Q2,1961500000,1296400000,665100000,0.3390772368085649,0.0,452500000,0.0,-1600000.0,0.0,1780600000,89700000,0.0,256800000,0.1309202141218455,180900000,0.03833800662758093,-18100000,75200000,0.03833800662758093,18900000,56300000,0.028702523578893704,0.29,0.26,194800000,213600000,https://www.sec.gov/Archives/edgar/data/1012100/000119312513323795/0001193125-13-323795-index.htm,https://www.sec.gov/Archives/edgar/data/1012100/000119312513323795/d554246d10q.htm
0,2013-03-31,SEE,2013-05-08,2013-05-08 15:50:34,Q1,1852800000,1234800000,618000000,0.3335492227979275,0.0,455400000,0.0,-1200000.0,0.0,1722400000,90800000,0.0,205100000,0.11069732297063903,130400000,-0.003130397236614853,-48500000,-5800000.0,-0.003130397236614853,-8500000.0,2700000.0,0.0014572538860103627,0.01,0.01,193800000,212700000,https://www.sec.gov/Archives/edgar/data/1012100/000119312513207359/0001193125-13-207359-index.htm,https://www.sec.gov/Archives/edgar/data/1012100/000119312513087879/d452256d10k.htm
0,2012-12-31,SEE,2013-03-01,2013-03-01 16:51:21,Q4,1977800000,1326500000,651300000,0.3293052887046213,0.0,441400000,0.0,-1300000.0,0.0,1802400000,93500000,0.0,252500000,0.1276671048639903,175400000,-0.2777328344625341,-641800000,-549300000,-0.2777328344625341,-206500000,-158300000,-0.08003842653453332,0.89,0.89,193300000,193300000,https://www.sec.gov/Archives/edgar/data/1012100/000119312513087879/0001193125-13-087879-index.htm,https://www.sec.gov/Archives/edgar/data/1012100/000119312513087879/d452256d10k.htm
0,2012-09-30,SEE,2012-11-09,2012-11-09 16:42:49,Q3,1900300000,1256700000,643600000,0.3386833657843498,0.0,429200000,0.0,0.0,0.0,1718900000,96500000,0.0,252200000,0.13271588696521602,181400000,-0.6768931221386097,-1371200000,-1286300000,-0.6768931221386097,-48000000,-1232400000,-0.6485291796032205,-6.38,-6.38,193200000,193200000,https://www.sec.gov/Archives/edgar/data/1012100/000119312512463476/0001193125-12-463476-index.htm,https://www.sec.gov/Archives/edgar/data/1012100/000119312512463476/d405619d10q.htm
0,2012-06-30,SEE,2012-08-09,2012-08-09 14:53:43,Q2,2004400000,1341800000,662600000,0.3305727399720615,0.0,479100000,0.0,0.0,0.0,1856200000,97600000,0.0,226000000,0.11275194571941728,148200000,-0.0033426461784075035,-57300000,-6700000.0,-0.0033426461784075035,7000000.0,-13700000,-0.006834963081221313,-0.07,-0.07,193000000,193000000,https://www.sec.gov/Archives/edgar/data/1012100/000119312512347177/0001193125-12-347177-index.htm,https://www.sec.gov/Archives/edgar/data/1012100/000119312512347177/d360979d10q.htm
0,2012-03-31,SEE,2012-05-10,2012-05-10 11:50:42,Q1,1917500000,1267800000,649700000,0.3388265971316819,0.0,478100000,0.0,0.0,0.0,1780100000,97800000,0.0,219700000,0.11457627118644068,137400000,-0.007509778357235985,-54000000,-14400000,-0.007509778357235985,-8400000.0,-6000000.0,-0.0031290743155149934,-0.03,-0.03,191900000,191900000,https://www.sec.gov/Archives/edgar/data/1012100/000119312512224378/0001193125-12-224378-index.htm,https://www.sec.gov/Archives/edgar/data/1012100/000119312512088645/d268456d10k.htm
0,2011-12-31,SEE,2012-02-29,2012-02-29 14:52:02,Q4,2052700000,1380500000,672200000,0.32747113557753205,0.0,512500000,0.0,0.0,0.0,1934300000,106600000,0.0,198300000,0.09660447215862035,118400000,-0.027329858235494713,-67900000,-56100000,-0.027329858235494713,-6800000.0,-49300000,-0.02401714814634384,0.0,0.0,0.0,0.0,https://www.sec.gov/Archives/edgar/data/1012100/000119312512088645/0001193125-12-088645-index.htm,https://www.sec.gov/Archives/edgar/data/1012100/000119312512088645/d268456d10k.htm
0,2011-09-30,SEE,2011-11-09,2011-11-09 14:59:05,Q3,1247100000,911400000,335700000,0.26918450805869615,0.0,206000000,0.0,0.0,0.0,1117400000,36600000,0.0,166400000,0.13342955657124528,129700000,0.08026621762488974,7000000.0,100100000,0.08026621762488974,26400000,73700000,0.05909710528425948,0.46,0.41,159300000,177900000,https://www.sec.gov/Archives/edgar/data/1012100/000095012311096965/0000950123-11-096965-index.htm,https://www.sec.gov/Archives/edgar/data/1012100/000095012311096965/y05132e10vq.htm
0,2011-06-30,SEE,2011-08-05,2011-08-05 13:39:34,Q2,1212600000,888300000,324300000,0.26744186046511625,0.0,188600000,0.0,0.0,0.0,1076900000,36900000,0.0,172600000,0.14233877618340757,135700000,0.074385617681016,-8600000.0,90200000,0.074385617681016,25200000,65000000,0.05360382648853703,0.41,0.37,159200000,177500000,https://www.sec.gov/Archives/edgar/data/1012100/000095012311073496/0000950123-11-073496-index.htm,https://www.sec.gov/Archives/edgar/data/1012100/000095012311073496/y90290e10vq.htm
0,2011-03-31,SEE,2011-05-06,2011-05-06 12:03:07,Q1,1128500000,819500000,309000000,0.2738147984049623,0.0,186000000,0.0,0.0,0.0,1005500000,37000000,0.0,159000000,0.14089499335400973,123000000,0.07257421355782012,-4100000.0,81900000,0.07257421355782012,22200000,59700000,0.05290208241027913,0.37,0.34,158700000,176900000,https://www.sec.gov/Archives/edgar/data/1012100/000095012311046337/0000950123-11-046337-index.htm,https://www.sec.gov/Archives/edgar/data/1012100/000095012311018492/y88009e10vk.htm
0,2010-12-31,SEE,2011-02-25,2011-02-25 13:50:43,Q4,1209200000,877400000,331800000,0.2743962950711214,0.0,189800000,0.0,0.0,0.0,1082400000,39200000,0.0,160100000,0.13240158782666225,126800000,0.04895798875289448,-21000000,59200000,0.04895798875289448,7900000.0,51300000,0.04242474363215349,0.0,0.0,0.0,0.0,https://www.sec.gov/Archives/edgar/data/1012100/000095012311018492/0000950123-11-018492-index.htm,https://www.sec.gov/Archives/edgar/data/1012100/000095012311018492/y88009e10vk.htm
0,2010-09-30,SEE,2010-11-08,2010-11-08 10:34:50,Q3,1130000000,809500000,320500000,0.2836283185840708,0.0,173300000,0.0,0.0,0.0,982800000,40700000,0.0,186900000,0.16539823008849558,147200000,0.09336283185840707,-3300000.0,105500000,0.09336283185840707,29000000,76500000,0.06769911504424779,0.48,0.43,158300000,176700000,https://www.sec.gov/Archives/edgar/data/1012100/000104746910009380/0001047469-10-009380-index.htm,https://www.sec.gov/Archives/edgar/data/1012100/000104746910009380/a2200757z10-q.htm
0,2010-06-30,SEE,2010-08-06,2010-08-06 14:36:59,Q2,1089700000,789200000,300500000,0.27576397173534,0.0,171600000,0.0,0.0,0.0,960800000,41000000,0.0,165900000,0.15224373680829587,128900000,0.08516105350096356,4900000.0,92800000,0.08516105350096356,25800000,67000000,0.06148481233366982,0.42,0.38,158300000,176500000,https://www.sec.gov/Archives/edgar/data/1012100/000104746910007135/0001047469-10-007135-index.htm,https://www.sec.gov/Archives/edgar/data/1012100/000104746910007135/a2199683z10-q.htm
0,2010-03-31,SEE,2010-05-07,2010-05-07 11:55:17,Q1,1061200000,761200000,300000000,0.28269883151149644,0.0,175500000,0.0,0.0,0.0,936700000,40700000,0.0,164100000,0.15463626083678855,124500000,0.0810403316999623,2200000.0,86000000,0.0810403316999623,24800000,61200000,0.05767056162834527,0.38,0.35,157800000,176100000,https://www.sec.gov/Archives/edgar/data/1012100/000104746910004939/0001047469-10-004939-index.htm,https://www.sec.gov/Archives/edgar/data/1012100/000104746910001622/a2196675z10-k.htm
0,2009-12-31,SEE,2010-03-01,2010-03-01 13:25:11,Q4,1146400000,812800000,333600000,0.2909979064898814,0.0,203700000,0.0,0.0,0.0,1016500000,40300000,0.0,149200000,0.13014654570830425,129900000,0.07597697138869504,-2500000.0,87100000,0.07597697138869504,22000000,65100000,0.056786461967899514,0.0,0.0,0.0,0.0,https://www.sec.gov/Archives/edgar/data/1012100/000104746910001622/0001047469-10-001622-index.htm,https://www.sec.gov/Archives/edgar/data/1012100/000104746910001622/a2196675z10-k.htm
0,2009-09-30,SEE,2009-11-09,2009-11-09 12:58:10,Q3,1079900000,768800000,311100000,0.28808222983609594,0.0,180000000,0.0,0.0,0.0,948800000,41900000,0.0,178000000,0.16483007685896842,131100000,0.07343272525233818,-9900000.0,79300000,0.07343272525233818,18700000,60600000,0.05611630706546902,0.38,0.34,157400000,178300000,https://www.sec.gov/Archives/edgar/data/1012100/000104746909009801/0001047469-09-009801-index.htm,https://www.sec.gov/Archives/edgar/data/1012100/000104746909009801/a2195320z10-q.htm
0,2009-06-30,SEE,2009-08-07,2009-08-07 15:46:10,Q2,1028000000,739900000,288100000,0.28025291828793775,0.0,169300000,0.0,0.0,0.0,909200000,37800000,0.0,162600000,0.15817120622568093,118800000,0.0796692607003891,900000.0,81900000,0.0796692607003891,21400000,60500000,0.05885214007782101,0.38,0.33,157300000,188600000,https://www.sec.gov/Archives/edgar/data/1012100/000104746909007388/0001047469-09-007388-index.htm,https://www.sec.gov/Archives/edgar/data/1012100/000104746909007388/a2194054z10-q.htm
0,2009-03-31,SEE,2009-05-08,2009-05-08 15:07:51,Q1,988500000,702800000,285700000,0.28902377339403135,0.0,166200000,0.0,0.0,0.0,869000000,34900000,0.0,164000000,0.16590794132524025,119500000,0.08254931714719271,-3000000.0,81600000,0.08254931714719271,23500000,58100000,0.05877592311583207,0.37,0.32,156700000,187900000,https://www.sec.gov/Archives/edgar/data/1012100/000104746909005250/0001047469-09-005250-index.htm,https://www.sec.gov/Archives/edgar/data/1012100/000104746909002102/a2191105z10-k.htm
0,2008-12-31,SEE,2009-03-02,2009-03-02 14:37:17,Q4,1168300000,860700000,307600000,0.2632885389026791,0.0,172100000,0.0,0.0,0.0,1032800000,0.0,0.0,239700000,0.20516990499015664,135500000,0.045621843704527945,-64600000,53300000,0.045621843704527945,6000000.0,47300000,0.040486176495763075,0.0,0.0,0.0,0.0,https://www.sec.gov/Archives/edgar/data/1012100/000104746909002102/0001047469-09-002102-index.htm,https://www.sec.gov/Archives/edgar/data/1012100/000104746909002102/a2191105z10-k.htm
0,2008-09-30,SEE,2008-11-10,2008-11-10 15:48:21,Q3,1219000000,925300000,293700000,0.240935192780968,0.0,193200000,0.0,0.0,0.0,1118500000,0.0,0.0,210100000,0.1723543888433142,100500000,0.002871205906480722,-66300000,3500000.0,0.002871205906480722,-5700000.0,9200000.0,0.007547169811320755,0.06,0.05,156400000,175300000,https://www.sec.gov/Archives/edgar/data/1012100/000104746908011905/0001047469-08-011905-index.htm,https://www.sec.gov/Archives/edgar/data/1012100/000104746908011905/a2188941z10-q.htm
0,2008-06-30,SEE,2008-08-08,2008-08-08 12:46:06,Q2,1278800000,948600000,330200000,0.25821082264623085,0.0,203300000,0.0,0.0,0.0,1151900000,0.0,0.0,183000000,0.1431029089771661,126900000,0.0065686581169846735,-12600000,8400000.0,0.0065686581169846735,21400000,62600000,0.04895214263371911,0.4,0.34,158000000,189800000,https://www.sec.gov/Archives/edgar/data/1012100/000104746908009007/0001047469-08-009007-index.htm,https://www.sec.gov/Archives/edgar/data/1012100/000104746908009007/a2187293z10-q.htm
0,2008-03-31,SEE,2008-05-09,2008-05-09 13:03:13,Q1,1177400000,872300000,305100000,0.2591302870732122,0.0,186400000,0.0,0.0,0.0,1058700000,0.0,0.0,170000000,0.1443859351112621,118700000,0.06922031595039918,-6200000.0,81500000,0.06922031595039918,20700000,60800000,0.05163920502802786,0.38,0.33,159700000,191300000,https://www.sec.gov/Archives/edgar/data/1012100/000104746908006288/0001047469-08-006288-index.htm,https://www.sec.gov/Archives/edgar/data/1012100/000104746908002080/a2183002z10-k.htm
0,2007-12-31,SEE,2008-02-29,2008-02-29 16:27:58,Q4,1250200000,906700000,343500000,0.2747560390337546,0.0,197500000,0.0,0.0,0.0,1097400000,0.0,0.0,210200000,0.16813309870420734,152800000,0.08238681810910255,-13900000,103000000,0.08238681810910255,23300000,79700000,0.06374980003199487,0.0,0.0,0.0,0.0,https://www.sec.gov/Archives/edgar/data/1012100/000104746908002080/0001047469-08-002080-index.htm,https://www.sec.gov/Archives/edgar/data/1012100/000104746908002080/a2183002z10-k.htm
0,2007-09-30,SEE,2007-11-05,2007-11-05 17:15:32,Q3,1160900000,840800000,320100000,0.27573434404341457,0.0,185800000,0.0,0.0,0.0,1026600000,0.0,0.0,174900000,0.1506589714876389,134300000,0.09079162718580412,1500000.0,105400000,0.09079162718580412,33000000,72400000,0.06236540615040055,0.45,0.39,160888889,185641026,https://www.sec.gov/Archives/edgar/data/1012100/000104746907008433/0001047469-07-008433-index.htm,https://www.sec.gov/Archives/edgar/data/1012100/000104746907008433/a2180632z10-q.htm
0,2007-06-30,SEE,2007-08-07,2007-08-07 17:27:58,Q2,1145400000,822100000,323300000,0.2822594726733019,0.0,189000000,0.0,0.0,0.0,1011100000,0.0,0.0,173100000,0.15112624410686223,134300000,0.09385367557185263,3200000.0,107500000,0.09385367557185263,33600000,73900000,0.06451894534660381,0.46,0.4,160652174,184750000,https://www.sec.gov/Archives/edgar/data/1012100/000110465907059798/0001104659-07-059798-index.htm,https://www.sec.gov/Archives/edgar/data/1012100/000110465907059798/a07-20707_110q.htm
0,2007-03-31,SEE,2007-05-08,2007-05-08 16:12:35,Q1,1094700000,780500000,314200000,0.2870192746871289,0.0,177900000,0.0,0.0,0.0,958400000,0.0,0.0,177900000,0.16251027678816113,136300000,0.12798026856673062,34900000,140100000,0.12798026856673062,13100000,127000000,0.11601351968575865,0.79,0.67,160759494,189552239,https://www.sec.gov/Archives/edgar/data/1012100/000110465907037004/0001104659-07-037004-index.htm,https://www.sec.gov/Archives/edgar/data/1012100/000110465907015123/a07-4820_110k.htm
0,2006-12-31,SEE,2007-03-01,2007-02-28 21:39:05,Q4,1145500000,806100000,339400000,0.29628982976866,0.0,187200000,0.0,0.0,0.0,993300000,0.0,0.0,194500000,0.16979484941073766,152200000,0.10632911392405063,800000.0,121800000,0.10632911392405063,38500000,83300000,0.07271933653426452,0.0,0.0,0.0,0.0,https://www.sec.gov/Archives/edgar/data/1012100/000110465907015123/0001104659-07-015123-index.htm,https://www.sec.gov/Archives/edgar/data/1012100/000110465907015123/a07-4820_110k.htm
0,2006-09-30,SEE,2006-11-02,2006-11-02 17:04:38,Q3,1081400000,771600000,309800000,0.2864804882559645,0.0,170100000,0.0,0.0,0.0,941700000,0.0,0.0,178400000,0.1649713334566303,139700000,0.10292213796929905,3200000.0,111300000,0.10292213796929905,34100000,77200000,0.07138894026262253,0.475,0.41,162526316,188292683,https://www.sec.gov/Archives/edgar/data/1012100/000110465906070800/0001104659-06-070800-index.htm,https://www.sec.gov/Archives/edgar/data/1012100/000110465906070800/a06-21879_110q.htm
0,2006-06-30,SEE,2006-08-03,2006-08-03 16:47:10,Q2,1081900000,774600000,307300000,0.2840373417136519,0.0,176400000,0.0,0.0,0.0,951000000,0.0,0.0,186400000,0.17228949071078659,130900000,0.07856548664386727,-11800000,85000000,0.07856548664386727,27200000,57800000,0.05342453091782974,0.355,0.31,162816901,186451613,https://www.sec.gov/Archives/edgar/data/1012100/000110465906051191/0001104659-06-051191-index.htm,https://www.sec.gov/Archives/edgar/data/1012100/000110465906051191/a06-15565_110q.htm
0,2006-03-31,SEE,2006-05-04,2006-05-04 17:03:13,Q1,1019100000,735500000,283600000,0.27828476106368366,0.0,167500000,0.0,0.0,0.0,903000000,0.0,0.0,153900000,0.15101560200176625,116100000,0.08046315376312432,4300000.0,82000000,0.08046315376312432,26200000,55800000,0.05475419487783338,0.34,0.3,164117647,186000000,https://www.sec.gov/Archives/edgar/data/1012100/000110465906031233/0001104659-06-031233-index.htm,https://www.sec.gov/Archives/edgar/data/1012100/000104746906003481/a2167901z10-k.htm
0,2005-12-31,SEE,2006-03-15,2006-03-15 17:12:35,Q4,1075700000,778900000,296800000,0.275913358743144,0.0,160700000,0.0,0.0,0.0,939600000,0.0,0.0,177500000,0.1650088314585851,136100000,0.09547271544110812,3800000.0,102700000,0.09547271544110812,29700000,73000000,0.06786278702240402,0.0,0.0,0.0,0.0,https://www.sec.gov/Archives/edgar/data/1012100/000104746906003481/0001047469-06-003481-index.htm,https://www.sec.gov/Archives/edgar/data/1012100/000104746906003481/a2167901z10-k.htm
0,2005-09-30,SEE,2005-11-04,2005-11-03 18:23:59,Q3,1019700000,731900000,287800000,0.2822398744728842,0.0,156400000,0.0,0.0,0.0,888300000,0.0,0.0,171900000,0.16857899382171226,131400000,0.09434147298224968,2500000.0,96200000,0.09434147298224968,32000000,64200000,0.0629596940276552,0.39,0.34,165600000,196000000,https://www.sec.gov/Archives/edgar/data/1012100/000110465905052424/0001104659-05-052424-index.htm,https://www.sec.gov/Archives/edgar/data/1012100/000110465905052424/a05-18486_110q.htm
0,2005-06-30,SEE,2005-08-04,2005-08-04 15:11:55,Q2,1020000000,724100000,295900000,0.2900980392156863,0.0,169500000,0.0,0.0,0.0,893600000,0.0,0.0,168100000,0.16480392156862744,126400000,0.09215686274509804,2900000.0,94000000,0.09215686274509804,31300000,62700000,0.06147058823529412,0.375,0.33,167200000,190000000,https://www.sec.gov/Archives/edgar/data/1012100/000110465905036441/0001104659-05-036441-index.htm,https://www.sec.gov/Archives/edgar/data/1012100/000110465905036441/a05-13937_110q.htm
0,2005-03-31,SEE,2005-05-04,2005-05-04 16:26:07,Q1,969800000,692300000,277500000,0.2861414724685502,0.0,159300000,0.0,0.0,0.0,851600000,0.0,0.0,161000000,0.16601361105382553,118200000,0.0862033408950299,2200000.0,83600000,0.0862033408950299,27800000,55800000,0.057537636626108474,0.335,0.29,166567164,192413793,https://www.sec.gov/Archives/edgar/data/1012100/000104746905013151/0001047469-05-013151-index.htm,https://www.sec.gov/Archives/edgar/data/1012100/000104746905007189/a2153494z10-k.htm
0,2004-12-31,SEE,2005-03-21,2005-03-21 17:10:20,Q4,1017100000,709300000,307800000,0.30262511060859304,0.0,159500000,0.0,0.0,0.0,868800000,0.0,0.0,263700000,0.2592665421295841,148300000,0.040409005997443716,-68500000,41100000,0.040409005997443716,10800000,30300000,0.029790581063808868,0.0,0.0,0.0,0.0,https://www.sec.gov/Archives/edgar/data/1012100/000104746905007189/0001047469-05-007189-index.htm,https://www.sec.gov/Archives/edgar/data/1012100/000104746905007189/a2153494z10-k.htm
0,2004-09-30,SEE,2004-11-05,2004-11-05 16:12:45,Q3,944200000,658800000,285400000,0.3022664689684389,0.0,152700000,0.0,0.0,0.0,811500000,0.0,0.0,174700000,0.18502435924592248,132700000,0.1027324719339123,3300000.0,97000000,0.1027324719339123,33200000,63800000,0.06757042999364542,0.38,0.345,167560000,185620000,https://www.sec.gov/Archives/edgar/data/1012100/000104746904033235/0001047469-04-033235-index.htm,https://www.sec.gov/Archives/edgar/data/1012100/000104746904033235/a2146066z10-q.htm
0,2004-06-30,SEE,2004-08-06,2004-08-06 16:00:32,Q2,923700000,640900000,282800000,0.3061600086608206,0.0,155100000,0.0,0.0,0.0,796000000,0.0,0.0,173200000,0.1875067662661037,127700000,0.09830031395474721,400000.0,90800000,0.09830031395474721,29400000,61400000,0.06647179820287973,0.365,0.33,168480000,186560000,https://www.sec.gov/Archives/edgar/data/1012100/000110465904023006/0001104659-04-023006-index.htm,https://www.sec.gov/Archives/edgar/data/1012100/000110465904023006/a04-8941_110q.htm
0,2004-03-31,SEE,2004-05-07,2004-05-07 16:21:23,Q1,913100000,627000000,286100000,0.31332822253860476,0.0,159300000,0.0,0.0,0.0,786300000,0.0,0.0,166100000,0.18190778666082577,126800000,0.10294600810426022,5300000.0,94000000,0.10294600810426022,33800000,60200000,0.0659292519986858,0.355,0.32,170200000,188200000,https://www.sec.gov/Archives/edgar/data/1012100/000104746904016440/0001047469-04-016440-index.htm,https://www.sec.gov/Archives/edgar/data/1012100/000104746904007565/a2130248z10-k.htm
0,2003-12-31,SEE,2004-03-12,2004-03-11 21:04:19,Q4,934800000,639900000,294900000,0.3154685494223363,0.0,147700000,0.0,0.0,0.0,787600000,0.0,0.0,223300000,0.23887462558836114,147200000,0.07712879760376551,-32200000,72100000,0.07712879760376551,25200000,46900000,0.05017115960633291,0.0,0.0,0.0,0.0,https://www.sec.gov/Archives/edgar/data/1012100/000104746904007565/0001047469-04-007565-index.htm,https://www.sec.gov/Archives/edgar/data/1012100/000104746904007565/a2130248z10-k.htm
0,2003-09-30,SEE,2003-11-12,2003-11-12 14:08:29,Q3,908700000,619800000,288900000,0.3179267084846484,0.0,145600000,0.0,0.0,0.0,765400000,0.0,0.0,183100000,0.2014966435567294,143300000,0.11444921316165951,3200000.0,104000000,0.11444921316165951,37900000,66100000,0.07274127874986244,0.225,0.205,169740000,187840000,https://www.sec.gov/Archives/edgar/data/1012100/000104746903036993/0001047469-03-036993-index.htm,https://www.sec.gov/Archives/edgar/data/1012100/000104746903036993/a2122456z10-q.htm
0,2003-06-30,SEE,2003-08-08,2003-08-08 14:11:00,Q2,865600000,596100000,269500000,0.31134473197781887,0.0,142100000,0.0,0.0,0.0,1038200000,0.0,0.0,-130500000,-0.15076247689463956,-172600000,0.11876155268022182,1900000.0,102800000,0.11876155268022182,37000000,65800000,0.07601663585951941,0.315,0.28,169020000,187840000,https://www.sec.gov/Archives/edgar/data/1012100/000110465903017207/0001104659-03-017207-index.htm,https://www.sec.gov/Archives/edgar/data/1012100/000110465903017207/a03-1851_110q.htm
0,2003-03-31,SEE,2003-05-09,2003-05-09 14:26:48,Q1,822900000,563400000,259500000,0.3153481589500547,0.0,138700000,0.0,0.0,0.0,702100000,0.0,0.0,164000000,0.19929517559849314,120800000,0.1068173532628509,-500000.0,87900000,0.1068173532628509,36200000,61700000,0.07497873374650625,0.285,0.26,168426000,186426000,https://www.sec.gov/Archives/edgar/data/1012100/000104746903017712/0001047469-03-017712-index.htm,https://www.sec.gov/Archives/edgar/data/1012100/000104746903010963/a2106385z10-k.htm
0,2002-12-31,SEE,2003-03-28,2003-03-28 17:21:53,Q4,846071000,563140000,282931000,0.3344057413621315,0.0,146772000,0.0,0.0,0.0,709912000,0.0,0.0,1012928000,1.1972139454017452,136159000,-0.8461228431183672,-835393000,-715880000,-0.8461228431183672,-214063000,-501817000,-0.5931145258494854,0.0,0.0,0.0,0.0,https://www.sec.gov/Archives/edgar/data/1012100/000104746903010963/0001047469-03-010963-index.htm,https://www.sec.gov/Archives/edgar/data/1012100/000104746903010963/a2106385z10-k.htm
0,2002-09-30,SEE,2002-11-08,2002-11-08 16:09:05,Q3,825816000,561727000,264089000,0.31979157584740425,0.0,136710000,0.0,0.0,0.0,698437000,0.0,0.0,171306000,0.20743846086779621,127379000,0.13254042062638652,-2477000.0,109454000,0.13254042062638652,43256000,66198000,0.08016071376674708,0.35,0.31,167878000,215110000,https://www.sec.gov/Archives/edgar/data/1012100/000091205702041568/0000912057-02-041568-index.htm,https://www.sec.gov/Archives/edgar/data/1012100/000091205702041568/a2092973z10-q.htm
0,2002-06-30,SEE,2002-08-13,2002-08-13 12:46:23,Q2,786282000,526331000,259951000,0.3306078480748637,0.0,131303000,0.0,0.0,0.0,657634000,0.0,0.0,171589000,0.21822832011924476,128648000,0.1413920196570696,-970000.0,111174000,0.1413920196570696,45169000,66005000,0.08394570904586396,0.33,0.305,167846000,216012000,https://www.sec.gov/Archives/edgar/data/1012100/000091205702031440/0000912057-02-031440-index.htm,https://www.sec.gov/Archives/edgar/data/1012100/000091205702031440/a2086505z10-q.htm
0,2002-03-31,SEE,2002-05-14,2002-05-14 17:23:48,Q1,746087000,495445000,250642000,0.33594205501503177,0.0,127790000,0.0,0.0,0.0,623235000,0.0,0.0,166570000,0.22325814549777706,122852000,0.13848116908617897,-2816000.0,103319000,0.13848116908617897,42774000,60545000,0.08115005354603418,0.28,0.28,167682000,167814000,https://www.sec.gov/Archives/edgar/data/1012100/000091205702020314/0000912057-02-020314-index.htm,https://www.sec.gov/Archives/edgar/data/1012100/000091205702011972/a2074180z10-k405.htm
0,2001-12-31,SEE,2002-03-27,2002-03-27 00:00:00,Q4,781390000,523106000,258284000,0.3305442864638657,0.0,127901000,0.0,0.0,0.0,665559000,0.0,0.0,193844000,0.24807586480502694,115831000,0.09632577842050705,-23925000,75268000,0.09632577842050705,36805000,38463000,0.049223819091618784,0.0,0.0,0.0,0.0,https://www.sec.gov/Archives/edgar/data/1012100/000091205702011972/0000912057-02-011972-index.htm,https://www.sec.gov/Archives/edgar/data/1012100/000091205702011972/a2074180z10-k405.htm
0,2001-09-30,SEE,2001-11-13 00:00:00,2001-11-13 00:00:00,Q3,766221000,516617000,249604000,0.3257598003709113,0.0,126341000,0.0,0.0,0.0,657047000,0.0,0.0,167519000,0.218630134125794,109174000,0.10898291746115024,-4801000.0,83505000,0.10898291746115024,39095000,44410000,0.057959779228186126,0.2,0.185,167424000,167810000,https://www.sec.gov/Archives/edgar/data/1012100/000110465901502679/0001104659-01-502679-index.html,https://www.sec.gov/Archives/edgar/data/1012100/000110465901502679/j2135_10q.htm
0,2001-06-30,SEE,2001-08-10 00:00:00,2001-08-10 00:00:00,Q2,761599000,519445000,242154000,0.3179547242052576,0.0,126682000,0.0,0.0,0.0,660231000,0.0,0.0,165120000,0.216807007362142,101368000,0.09852034994793848,-7457000.0,75033000,0.09852034994793848,35769000,39264000,0.05155468954134656,0.15,0.15,167320000,167320000,https://www.sec.gov/Archives/edgar/data/1012100/000091205701527742/0000912057-01-527742-index.html,https://www.sec.gov/Archives/edgar/data/1012100/000091205701527742/a2056342z10-q.txt
0,2001-03-31,SEE,2001-05-11 00:00:00,2001-05-11 00:00:00,Q1,758272000,518027000,240245000,0.31683221851789334,0.0,132162000,0.0,0.0,0.0,664449000,0.0,0.0,161236000,0.21263609891964888,93823000,0.08393557984469953,-10163000,63646000,0.08393557984469953,29086000,34560000,0.045577312626603646,0.15,0.125,167298000,167464000,https://www.sec.gov/Archives/edgar/data/1012100/000091205701514797/0000912057-01-514797-index.html,https://www.sec.gov/Archives/edgar/data/1012100/000091205701514797/a2047657z10-q.txt
0,2000-12-31,SEE,,Not found...,Q4,872724000,561320000,311404000,0.3568184214024136,0.0,127538000,0.0,0.0,0.0,744001000,0.0,0.0,178792000,0.20486660158308928,128723000,0.1299116330019571,5074000.0,113377000,0.1299116330019571,51586000,61791000,0.07080245300919878,0.0,0.0,0.0,0.0,,
0,2000-09-30,SEE,2000-11-13 00:00:00,2000-11-13 00:00:00,Q3,746860000,451498000,295362000,0.3954717082184077,0.0,129790000,0.0,0.0,0.0,636654000,0.0,0.0,158303000,0.21195806442974588,110206000,0.13442010550839514,7269000.0,100393000,0.13442010550839514,45679000,54714000,0.07325870979835579,0.285,0.23,167446000,170232000,https://www.sec.gov/Archives/edgar/data/1012100/000095010300001238/0000950103-00-001238-index.html,https://www.sec.gov/Archives/edgar/data/1012100/000095010300001238/0000950103-00-001238-0001.txt
0,2000-06-30,SEE,2000-08-11 00:00:00,2000-08-11 00:00:00,Q2,731542000,435673000,295869000,0.40444567776012863,0.0,129226000,0.0,0.0,0.0,619176000,0.0,0.0,166314000,0.22734716530288077,112366000,0.13501890527133098,329000.0,98772000,0.13501890527133098,44941000,53831000,0.0735856587865085,0.22,0.22,167348000,167662000,https://www.sec.gov/Archives/edgar/data/1012100/000095010300000945/0000950103-00-000945-index.html,https://www.sec.gov/Archives/edgar/data/1012100/000095010300000945/0000950103-00-000945-0001.txt
0,2000-03-31,SEE,2000-05-12 00:00:00,2000-05-12 00:00:00,Q1,716588000,415736000,300852000,0.41983957308802267,0.0,129758000,0.0,0.0,0.0,600667000,0.0,0.0,173040000,0.24147766917670963,115921000,0.14078801207946548,-1946000.0,100887000,0.14078801207946548,45904000,54983000,0.07672888744997125,0.245,0.225,167258000,168764000,https://www.sec.gov/Archives/edgar/data/1012100/000095010300000613/0000950103-00-000613-index.html,https://www.sec.gov/Archives/edgar/data/1012100/0000950103-00-000613.txt
0,1999-12-31,SEE,2000-03-27 00:00:00,2000-03-27 00:00:00,Q4,750800000,435500000,315300000,0.41995205114544487,0.0,135800000,0.0,0.0,0.0,626900000,0.0,0.0,177700000,0.236680873734683,123900000,0.14877464038359084,1800000.0,111700000,0.14877464038359084,51700000,60000000,0.07991475759190197,0.0,0.0,0.0,0.0,https://www.sec.gov/Archives/edgar/data/1012100/000091205700013759/0000912057-00-013759-index.html,https://www.sec.gov/Archives/edgar/data/1012100/0000912057-00-013759.txt
0,1999-09-30,SEE,1999-11-12 00:00:00,1999-11-12 00:00:00,Q3,714800000,413700000,301100000,0.42123670956911025,0.0,130700000,0.0,0.0,0.0,600600000,0.0,0.0,169600000,0.23726916620033575,114200000,0.14045886961387802,800000.0,100400000,0.14045886961387802,46700000,53700000,0.0751259093452714,0.215,0.215,166511628,166511628,https://www.sec.gov/Archives/edgar/data/1012100/000095010399000982/0000950103-99-000982-index.html,https://www.sec.gov/Archives/edgar/data/1012100/0000950103-99-000982.txt
0,1999-06-30,SEE,1999-08-13 00:00:00,1999-08-13 00:00:00,Q2,695100000,397600000,297500000,0.42799597180261834,0.0,132000000,0.0,0.0,0.0,585800000,0.0,0.0,164400000,0.23651273198100992,109300000,0.13767803193785066,1100000.0,95700000,0.13767803193785066,44500000,51200000,0.07365846640771112,0.2,0.2,166500000,166500000,https://www.sec.gov/Archives/edgar/data/1012100/000095010399000745/0000950103-99-000745-index.html,https://www.sec.gov/Archives/edgar/data/1012100/0000950103-99-000745.txt
0,1999-03-31,SEE,1999-05-14 00:00:00,1999-05-14 00:00:00,Q1,678900000,389700000,289200000,0.4259832081307998,0.0,128600000,0.0,0.0,0.0,574100000,0.0,0.0,162800000,0.23979967594638385,104800000,0.12947414935925763,-2200000.0,87900000,0.12947414935925763,41300000,46600000,0.06864044778317867,0.17,0.17,168823529,168823529,https://www.sec.gov/Archives/edgar/data/1012100/000095010399000410/0000950103-99-000410-index.html,https://www.sec.gov/Archives/edgar/data/1012100/0000950103-99-000410.txt
0,1998-12-31,SEE,1999-03-30 00:00:00,1999-03-30 00:00:00,Q4,721500000,416400000,305100000,0.4228690228690229,0.0,136700000,0.0,0.0,0.0,609800000,0.0,0.0,146000000,0.20235620235620236,111700000,0.16645876645876645,22400000,120100000,0.16645876645876645,55600000,64500000,0.0893970893970894,0.0,0.0,0.0,0.0,https://www.sec.gov/Archives/edgar/data/1012100/000093041399000449/0000930413-99-000449-index.html,https://www.sec.gov/Archives/edgar/data/1012100/0000930413-99-000449.txt
0,1998-09-30,SEE,1998-11-13 00:00:00,1998-11-13 00:00:00,Q3,684300000,401700000,282600000,0.41297676457693994,0.0,131000000,0.0,0.0,0.0,586000000,0.0,0.0,266000000,0.388718398363291,98300000,-0.05129329241560719,-114400000,-35100000,-0.05129329241560719,19000000,-54100000,-0.0790588922986994,-0.425,-0.425,169647059,169647059,https://www.sec.gov/Archives/edgar/data/1012100/000095010398000962/0000950103-98-000962-index.html,https://www.sec.gov/Archives/edgar/data/1012100/0000950103-98-000962.txt
0,1998-06-30,SEE,1998-08-14 00:00:00,1998-08-14 00:00:00,Q2,670000000,398200000,271800000,0.40567164179104476,0.0,124100000,0.0,0.0,0.0,579000000,0.0,0.0,149200000,0.22268656716417912,91000000,0.10268656716417911,-1500000.0,68800000,0.10268656716417911,33200000,35600000,0.05313432835820896,0.105,0.105,166544000,166544000,https://www.sec.gov/Archives/edgar/data/1012100/000101210098000009/0001012100-98-000009-index.html,https://www.sec.gov/Archives/edgar/data/1012100/0001012100-98-000009.txt
0,1998-03-31,SEE,1998-05-15 00:00:00,1998-05-15 00:00:00,Q1,431000000,261600000,169400000,0.3930394431554524,0.0,94500000,0.0,0.0,0.0,385400000,0.0,0.0,75400000,0.17494199535962876,45600000,0.10464037122969838,-500000.0,45100000,0.10464037122969838,18000000,27100000,0.06287703016241299,0.11,0.11,166544000,166544000,https://www.sec.gov/Archives/edgar/data/1012100/000101210098000002/0001012100-98-000002-index.html,https://www.sec.gov/Archives/edgar/data/1012100/0001012100-98-000002.txt
0,1997-12-31,SEE,1998-03-30 00:00:00,1998-03-30 00:00:00,Q4,222000000,0.0,0.0,0.0,0.0,0.0,0.0,0.0,0.0,0.0,0.0,0.0,-474300000,-2.1364864864864863,-474300000,0.0,0.0,0.0,0.0,0.0,17400000,0.07837837837837838,0.0,0.0,0.0,0.0,https://www.sec.gov/Archives/edgar/data/1012100/000095014498003526/0000950144-98-003526-index.html,https://www.sec.gov/Archives/edgar/data/1012100/0000950144-98-003526.txt
0,1997-09-30,SEE,1997-11-14 00:00:00,1997-11-14 00:00:00,Q3,206300000,0.0,0.0,0.0,0.0,0.0,0.0,0.0,0.0,0.0,0.0,0.0,206300000,1.0,206300000,0.0,0.0,0.0,0.0,0.0,21400000,0.10373242850218128,0.25,0.25,85600000,85600000,https://www.sec.gov/Archives/edgar/data/1012100/000095013697001604/0000950136-97-001604-index.html,https://www.sec.gov/Archives/edgar/data/1012100/0000950136-97-001604.txt
0,1997-06-30,SEE,1997-08-12 00:00:00,1997-08-12 00:00:00,Q2,211600000,0.0,0.0,0.0,0.0,0.0,0.0,0.0,0.0,0.0,0.0,0.0,211600000,1.0,211600000,0.0,0.0,0.0,0.0,0.0,21700000,0.10255198487712665,0.255,0.255,85098039,85098039,https://www.sec.gov/Archives/edgar/data/1012100/000095013697001108/0000950136-97-001108-index.html,https://www.sec.gov/Archives/edgar/data/1012100/0000950136-97-001108.txt
0,1997-03-31,SEE,1997-05-13 00:00:00,1997-05-13 00:00:00,Q1,202900000,0.0,0.0,0.0,0.0,0.0,0.0,0.0,0.0,0.0,0.0,0.0,202900000,1.0,202900000,0.0,0.0,0.0,0.0,0.0,19400000,0.09561360275998028,0.23,0.23,148096628,148096628,https://www.sec.gov/Archives/edgar/data/1012100/000095013697000610/0000950136-97-000610-index.html,https://www.sec.gov/Archives/edgar/data/1012100/0000950136-97-000610.txt
0,1996-12-31,SEE,,,Q4,470000000,310700000,159300000,0.338936,0.0,86900000,0.0,0.0,124900000.00000003,435600000.00000006,0.0,24800000.00000001,60500000.00000001,0.128723,34400000,0.073191,1400000.0,35800000,0.07617,14700000,21000000,0.044681,0.1256,0.1256,167200000,167200000,,
