,date,symbol,fillingDate,acceptedDate,period,revenue,costOfRevenue,grossProfit,grossProfitRatio,researchAndDevelopmentExpenses,generalAndAdministrativeExpenses,sellingAndMarketingExpenses,otherExpenses,operatingExpenses,costAndExpenses,interestExpense,depreciationAndAmortization,ebitda,ebitdaratio,operatingIncome,operatingIncomeRatio,totalOtherIncomeExpensesNet,incomeBeforeTax,incomeBeforeTaxRatio,incomeTaxExpense,netIncome,netIncomeRatio,eps,epsdiluted,weightedAverageShsOut,weightedAverageShsOutDil,link,finalLink
0,2020-09-30,MCD,2020-11-09,2020-11-09 13:03:55,Q3,5418000000,0.0,5418000000,1.0,0.0,0.0,0.0,2891000000,2891000000,2891000000,-310000000,-69000000,-221000000,-0.04078995939461056,-152000000,-0.028054632705795498,-152000000,2217000000,0.40919158361018826,454000000,1762000000,0.3252122554448136,2.3537269569863746,2.3537269569863746,748600000,748600000,https://www.sec.gov/Archives/edgar/data/63908/000006390820000076/0000063908-20-000076-index.htm,https://www.sec.gov/Archives/edgar/data/63908/000006390820000076/mcd-9302020x10q.htm
0,2020-06-30,MCD,2020-08-10,2020-08-10 13:50:45,Q2,3761500000,2036200000,1725300000,0.4586734015685232,0.0,552400000,0.0,117200000,764200000,2800400000,319100000,425700000,1393500000,0.370464,961100000,0.25551,1100000.0,648700000,0.172458,164900000,483800000,0.128619,0.64627,0.64627,748600000,748600000,https://www.sec.gov/Archives/edgar/data/63908/000006390820000063/0000063908-20-000063-index.htm,https://www.sec.gov/Archives/edgar/data/63908/000006390820000063/mcd-6302020x10q.htm
0,2020-03-31,MCD,2020-05-07,2020-05-07 13:33:15,Q1,4714400000,2372500000,2341900000,0.4967546241303241,0.0,450000000,0.0,2276100000,648300000.0000002,3020800000,-256800000,421300000,1609400000,0.34138,1693600000,0.35924,8100000.0,1444900000,0.306487,338000000,1106900000,0.234791,1.47449,1.47449,750700000,750700000,https://www.sec.gov/Archives/edgar/data/63908/000006390820000042/0000063908-20-000042-index.htm,https://www.sec.gov/Archives/edgar/data/63908/000006390820000022/mcd-12312019x10k.htm
0,2019-12-31,MCD,2020-02-26,2020-02-26 11:58:02,Q4,5349000000,2502900000,2846100000,0.5320807627593943,0.0,654900000,0.0,-6100000.0,553500000,3056400000,283000000,413600000.0000001,2723400000,0.509142,2292600000,0.428603,300000.0,2026800000,0.378912,454600000,1572200000,0.293924,2.08156,2.08156,755300000,755300000,https://www.sec.gov/Archives/edgar/data/63908/000006390820000022/0000063908-20-000022-index.htm,https://www.sec.gov/Archives/edgar/data/63908/000006390820000022/mcd-12312019x10k.htm
0,2019-09-30,MCD,2019-11-04,2019-11-04 12:05:50,Q3,5430600000,2527200000,2903400000,0.53463705667882,0.0,517800000,0.0,2017200000,494100000.00000036,3021300000.0000005,280600000,413400000,2846200000,0.524104,2409300000,0.443653,-4200000.0,2152200000,0.39631,544300000,1607900000,0.296081,2.10486,2.10486,763900000,763900000,https://www.sec.gov/Archives/edgar/data/63908/000006390819000085/0000063908-19-000085-index.htm,https://www.sec.gov/Archives/edgar/data/63908/000006390819000085/mcd-9302019x10q.htm
0,2019-06-30,MCD,2019-08-06,2019-08-06 15:35:56,Q2,5341300000,2511800000,2829500000,0.529739950948271,0.0,594100000,0.0,1944600000,555599999.9999999,3067400000,284200000,398299999.99999994,2690300000,0.503679,2273900000,0.42572,-3000000.0,2007800000,0.375901,490900000,1516900000,0.283995,1.97333,1.97333,768700000,768700000,https://www.sec.gov/Archives/edgar/data/63908/000006390819000062/0000063908-19-000062-index.htm,https://www.sec.gov/Archives/edgar/data/63908/000006390819000062/mcd-6302019x10q.htm
0,2019-03-31,MCD,2019-05-08,2019-05-08 16:37:59,Q1,5024100000,2472600000,2551500000,0.5078521526243507,0.0,473000000,0.0,1943000000,457500000,2930100000,274100000,392600000,2498000000,0.497203,2094000000,0.416791,-7900000.0,1831300000,0.364503,502900000,1328400000,0.264406,1.72162,1.72162,771600000,771600000,https://www.sec.gov/Archives/edgar/data/63908/000006390819000039/0000063908-19-000039-index.htm,https://www.sec.gov/Archives/edgar/data/63908/000006390819000010/mcd-12312018x10k.htm
0,2018-12-31,MCD,2019-02-22,2019-02-22 09:48:25,Q4,5163000000,2466300000,2696700000,0.5223126089482859,0.0,627500000,0.0,2553000000,697199999.9999998,3163500000,254100000,379000000,2408500000,0.466492,1999500000,0.387275,-4900000.0,1751400000,0.339221,360100000,1415300000,0.274124,1.82173,1.82173,776900000,776900000,https://www.sec.gov/Archives/edgar/data/63908/000006390819000010/0000063908-19-000010-index.htm,https://www.sec.gov/Archives/edgar/data/63908/000006390819000010/mcd-12312018x10k.htm
0,2018-09-30,MCD,2018-11-01,2018-11-01 12:52:42,Q3,5369400000,2547300000,2822100000,0.5255894513353447,0.0,506500000,0.0,2158700000,404399999.99999964,2951699999.9999995,250100000,375100000,2736900000,0.509722,2417700000,0.450274,-10600000,2158700000,0.402037,474400000,1637300000,0.304932,2.10018,2.10018,779600000,779600000,https://www.sec.gov/Archives/edgar/data/63908/000006390818000064/0000063908-18-000064-index.htm,https://www.sec.gov/Archives/edgar/data/63908/000006390818000064/mcd-9302018x10q.htm
0,2018-06-30,MCD,2018-08-02,2018-08-02 16:16:54,Q2,5353900000,2614400000,2739500000,0.51168307215301,0.0,549800000,0.0,2195400000,477199999.9999998,3091600000,240200000,365000000,2623300000,0.489979,2262300000,0.422552,-1400000.0,2018100000,0.37694,521800000,1496300000,0.279479,1.90103,1.90103,787100000,787100000,https://www.sec.gov/Archives/edgar/data/63908/000006390818000049/0000063908-18-000049-index.htm,https://www.sec.gov/Archives/edgar/data/63908/000006390818000049/mcd-6302018x10q.htm
0,2018-03-31,MCD,2018-05-08,2018-05-08 11:54:40,Q1,5138900000,2611200000,2527700000,0.49187569324174435,0.0,516800000,0.0,2279400000,384600000.00000036,2995800000.0000005,236800000,362900000,2435600000,0.473954,2143100000,0.417035,-7400000.0,1887900000,0.367374,460500000,1375400000,0.267645,1.72205,1.72205,798700000,798700000,https://www.sec.gov/Archives/edgar/data/63908/000006390818000025/0000063908-18-000025-index.htm,https://www.sec.gov/Archives/edgar/data/63908/000006390818000010/mcd-12312017x10k.htm
0,2017-12-31,MCD,2018-02-23,2018-02-23 12:45:01,Q4,5340200000,2674700000,2665500000,0.4991386090408599,0.0,617600000,0.0,2578000000,521300000.0000002,3196000000,235100000,342800000.00000006,1763000000,0.330137,2144200000,0.401521,-9700000.0,1885100000,0.353002,486400000,698700000,0.130838,0.86925,0.86925,803800000,803800000,https://www.sec.gov/Archives/edgar/data/63908/000006390818000010/0000063908-18-000010-index.htm,https://www.sec.gov/Archives/edgar/data/63908/000006390818000010/mcd-12312017x10k.htm
0,2017-09-30,MCD,2017-11-02,2017-11-02 12:45:45,Q3,5754600000,2937100000,2817500000,0.48960831334932053,0.0,567000000,0.0,3308700000,-261900000.0000001,2675200000,236700000,355800000.00000006,3412000000,0.592917,3079400000,0.53512,-14300000,2819500000,0.489956,935800000,1883700000,0.327338,2.31555,2.31555,813500000,813500000,https://www.sec.gov/Archives/edgar/data/63908/000006390817000053/0000063908-17-000053-index.htm,https://www.sec.gov/Archives/edgar/data/63908/000006390817000053/mcd-9302017x10q.htm
0,2017-06-30,MCD,2017-08-08,2017-08-08 11:23:46,Q2,6049700000,3341300000,2708400000,0.4476916210721193,0.0,525400000,0.0,3015400000,413299999.9999997,3754599999.9999995,230900000,339499999.99999994,2631800000,0.43503,2295100000,0.379374,-6900000.0,2061400000,0.340744,666300000,1395100000,0.230606,1.703,1.703,819200000,819200000,https://www.sec.gov/Archives/edgar/data/63908/000006390817000039/0000063908-17-000039-index.htm,https://www.sec.gov/Archives/edgar/data/63908/000006390817000039/mcd-6302017x10q.htm
0,2017-03-31,MCD,2017-05-08,2017-05-08 16:10:35,Q1,5675900000,3246500000,2429400000,0.42802022586726335,0.0,521300000,0.0,2942300000,395400000.0000001,3641900000,218600000,325300000,2351400000,0.414278,2034000000,0.358357,-8000000.0,1807500000,0.318452,592700000,1214800000,0.214028,1.47213,1.47213,825200000,825200000,https://www.sec.gov/Archives/edgar/data/63908/000006390817000025/0000063908-17-000025-index.htm,https://www.sec.gov/Archives/edgar/data/63908/000006390817000017/mcd-12312016x10k.htm
0,2016-12-31,MCD,2017-03-01,2017-03-01 12:16:56,Q4,6028900000,3470700000,2558200000,0.42432284496342615,0.0,627500000,0.0,3433000000,589200000.0000004,4059900000.0000005,221200000,378900000.0000001,2335000000,0.387301,1969000000,0.326594,-9700000.0,1734900000,0.287764,541500000,1193400000,0.197947,1.43887,1.43887,829400000,829400000,https://www.sec.gov/Archives/edgar/data/63908/000006390817000017/0000063908-17-000017-index.htm,https://www.sec.gov/Archives/edgar/data/63908/000006390817000017/mcd-12312016x10k.htm
0,2016-09-30,MCD,2016-11-04,2016-11-03 19:05:57,Q3,6424100000,3677100000,2747000000,0.4276085366043492,0.0,582900000,0.0,3212700000,609700000.0000004,4286800000.0000005,221400000,370599999.9999999,2496500000,0.388615,2137300000,0.3327,-6100000.0,1904500000,0.296462,629100000,1275400000,0.198534,1.50454,1.50454,847700000,847700000,https://www.sec.gov/Archives/edgar/data/63908/000006390816000161/0000063908-16-000161-index.htm,https://www.sec.gov/Archives/edgar/data/63908/000006390816000161/mcd-9302016x10q.htm
0,2016-06-30,MCD,2016-08-04,2016-08-04 14:37:27,Q2,6265000000,3679000000,2586000000,0.4127693535514765,0.0,596100000,0.0,3116100000,728100000.0000004,4407100000,223900000,383300000,2257400000,0.360319,1857900000,0.296552,-2400000.0,1650200000,0.2634,557300000,1092900000,0.174445,1.25448,1.25448,871200000,871200000,https://www.sec.gov/Archives/edgar/data/63908/000006390816000142/0000063908-16-000142-index.htm,https://www.sec.gov/Archives/edgar/data/63908/000006390816000142/mcd-6302016x10q.htm
0,2016-03-31,MCD,2016-05-06,2016-05-06 10:08:50,Q1,5903900000,3590400000,2313500000,0.39185961821846577,0.0,578000000,0.0,3220100000,533200000.0000003,4123600000.0000005,218300000,383700000,2178400000,0.368976,1780300000,0.301546,-1500000.0,1576400000,0.26701,451600000,1124800000,0.190518,1.25494,1.25494,896300000,896300000,https://www.sec.gov/Archives/edgar/data/63908/000006390816000121/0000063908-16-000121-index.htm,https://www.sec.gov/Archives/edgar/data/63908/000006390816000103/mcd-12312015x10k.htm
0,2015-12-31,MCD,2016-02-25,2016-02-25 15:46:10,Q4,6341300000,3834800000,2506500000,0.39526595493037703,0.0,675100000,0.0,3786000000,626099999.9999995,4460899999.999999,180900000,389700000.00000006,2281400000,0.359769,1880400000,0.296532,-900000.0,1710800000,0.269787,504600000,1206200000,0.190213,1.31066,1.31066,920300000,920300000,https://www.sec.gov/Archives/edgar/data/63908/000006390816000103/0000063908-16-000103-index.htm,https://www.sec.gov/Archives/edgar/data/63908/000006390816000103/mcd-12312015x10k.htm
0,2015-09-30,MCD,2015-11-04,2015-11-04 10:43:52,Q3,6615100000,4023800000,2591300000,0.3917249928194585,0.0,584000000,0.0,3630700000,561000000,4584800000,160900000,387700000.00000006,2427000000,0.366888,2030300000,0.306919,-4900000.0,1878400000,0.283956,569200000,1309200000,0.197911,1.40051,1.40051,934800000,934800000,https://www.sec.gov/Archives/edgar/data/63908/000006390815000081/0000063908-15-000081-index.htm,https://www.sec.gov/Archives/edgar/data/63908/000006390815000081/mcd-9302015x10q.htm
0,2015-06-30,MCD,2015-08-05,2015-08-05 11:29:14,Q2,6497700000,4007300000,2490400000,0.38327408159810394,0.0,592400000,0.0,3547600000,641099999.9999995,4648399999.999999,149200000,392199999.99999994,2253800000,0.346861,1849300000,0.284608,-8400000.0,1712400000,0.263539,510000000,1202400000,0.18505,1.25564,1.25564,957600000,957600000,https://www.sec.gov/Archives/edgar/data/63908/000006390815000065/0000063908-15-000065-index.htm,https://www.sec.gov/Archives/edgar/data/63908/000006390815000065/mcd-6302015x10q.htm
0,2015-03-31,MCD,2015-05-07,2015-05-07 12:13:05,Q1,5958900000,3757900000,2201000000,0.36936347312423434,0.0,582800000,0.0,3121600000,815499999.9999995,4573399999.999999,147300000,386100000,1787500000,0.299971,1385500000,0.232509,-2300000.0,1254100000,0.210458,442600000,811500000,0.136183,0.8405,0.8405,965500000,965500000,https://www.sec.gov/Archives/edgar/data/63908/000006390815000039/0000063908-15-000039-index.htm,https://www.sec.gov/Archives/edgar/data/63908/000006390815000016/mcd-12312014x10k.htm
0,2014-12-31,MCD,2015-02-24,2015-02-24 14:40:58,Q4,6572200000,4098100000,2474100000,0.37644928638811964,0.0,662500000,0.0,4159000000,722399999.9999996,4820500000,147800000,407500000,2151400000,0.327349,1751700000,0.266532,-2900000.0,1596100000,0.242856,498600000,1097500000,0.166991,1.12923,1.12923,971900000,971900000,https://www.sec.gov/Archives/edgar/data/63908/000006390815000016/0000063908-15-000016-index.htm,https://www.sec.gov/Archives/edgar/data/63908/000006390815000016/mcd-12312014x10k.htm
0,2014-09-30,MCD,2014-11-03,2014-11-03 11:03:15,Q3,6987100000,4305900000,2681200000,0.3837357415809134,0.0,575800000,0.0,3841800000,608700000.0000007,4914600000.000001,149300000,413400000,2483800000,0.355484,2072500000,0.296618,-2700000.0,1921100000,0.27495,852700000,1068400000,0.15291,1.08599,1.08599,983800000,983800000,https://www.sec.gov/Archives/edgar/data/63908/000006390814000077/0000063908-14-000077-index.htm,https://www.sec.gov/Archives/edgar/data/63908/000006390814000077/mcd-9302014x10q.htm
0,2014-06-30,MCD,2014-08-04,2014-08-04 10:40:32,Q2,7181700000,4397400000,2784300000,0.38769372154225323,0.0,629200000,0.0,4003700000,595300000.0000002,4992700000,137900000,413200000.00000006,2622600000,0.365178,2189000000,0.304802,7500000.0,2071500000,0.288441,684400000,1387100000,0.193144,1.3966,1.3966,993200000,993200000,https://www.sec.gov/Archives/edgar/data/63908/000006390814000059/0000063908-14-000059-index.htm,https://www.sec.gov/Archives/edgar/data/63908/000006390814000059/mcd-6302014x10q.htm
0,2014-03-31,MCD,2014-05-06,2014-05-06 10:04:09,Q1,6700300000,4184200000,2516100000,0.37552049908213064,0.0,620400000,0.0,3807400000,580100000.0000004,4764300000,135500000,410400000,2329200000,0.347626,1936000000,0.288942,-8600000.0,1783300000,0.266152,578500000,1204800000,0.179813,1.20976,1.20976,995900000,995900000,https://www.sec.gov/Archives/edgar/data/63908/000006390814000032/0000063908-14-000032-index.htm,https://www.sec.gov/Archives/edgar/data/63908/000006390814000019/mcd-12312013x10k.htm
0,2013-12-31,MCD,2014-02-24,2014-02-24 13:26:44,Q4,7093200000,4350400000,2742800000,0.3866802007556533,0.0,627800000,0.0,4265000000,542400000.0000005,4892800000.000001,133500000,408599999.9999999,2597300000,0.366168,2200400000,0.310213,-18000000,2055200000,0.289742,658200000,1397000000,0.196949,1.39784,1.39784,999400000,999400000,https://www.sec.gov/Archives/edgar/data/63908/000006390814000019/0000063908-14-000019-index.htm,https://www.sec.gov/Archives/edgar/data/63908/000006390814000019/mcd-12312013x10k.htm
0,2013-09-30,MCD,2013-10-30,2013-10-30 10:02:44,Q3,7323400000,4412800000,2910600000,0.3974383483081629,0.0,554300000,0.0,4064800000,493899999.99999964,4906700000,130500000,394500000,2797600000,0.382008,2416700000,0.329997,-13300000,2272600000,0.31032,750400000,1522200000,0.207854,1.51583,1.51583,1004200000,1004200000,https://www.sec.gov/Archives/edgar/data/63908/000006390813000076/0000063908-13-000076-index.htm,https://www.sec.gov/Archives/edgar/data/63908/000006390813000076/mcd-9302013x10q.htm
0,2013-06-30,MCD,2013-07-31,2013-07-31 10:44:00,Q2,7083800000,4318600000,2765200000,0.3903554589344702,0.0,607000000,0.0,3959000000,567500000,4886100000,129800000,390900000,2580600000,0.364296,2197700000,0.310243,-5500000.0,2059900000,0.29079,663400000,1396500000,0.19714,1.38446,1.38446,1008700000,1008700000,https://www.sec.gov/Archives/edgar/data/63908/000006390813000060/0000063908-13-000060-index.htm,https://www.sec.gov/Archives/edgar/data/63908/000006390813000060/mcd-6302013x10q.htm
0,2013-03-31,MCD,2013-05-01,2013-05-01 13:10:46,Q1,6605300000,4121200000,2484100000,0.37607678682270296,0.0,596500000,0.0,3787900000,534600000.0000004,4655800000,128100000,391100000,2336000000,0.353655,1949500000,0.295142,-8100000.0,1816800000,0.275052,546600000,1270200000,0.1923,1.25663,1.25663,1010800000,1010800000,https://www.sec.gov/Archives/edgar/data/63908/000006390813000028/0000063908-13-000028-index.htm,https://www.sec.gov/Archives/edgar/data/63908/000006390813000010/mcd-12312012x10k.htm
0,2012-12-31,MCD,2013-02-25,2013-02-25 11:19:42,Q4,6952100000,4223800000,2728300000,0.39244257130938853,0.0,624500000,0.0,4129000000,530500000,4754300000,129600000,386000000,2583600000,0.371629,2197800000,0.316135,-4600000.0,2068000000,0.297464,671900000,1396100000,0.200817,1.38132,1.38132,1010700000,1010700000,https://www.sec.gov/Archives/edgar/data/63908/000006390813000010/0000063908-13-000010-index.htm,https://www.sec.gov/Archives/edgar/data/63908/000006390813000010/mcd-12312012x10k.htm
0,2012-09-30,MCD,2012-11-01,2012-11-01 10:54:19,Q3,7152400000,4297800000,2854600000,0.399110787987249,0.0,620900000,0.0,3974100000,567399999.9999996,4865200000,128100000,371900000,2653600000,0.371008,2287200000,0.319781,-9700000.0,2153600000,0.301102,698600000,1455000000,0.203428,1.43293,1.43293,1015400000,1015400000,https://www.sec.gov/Archives/edgar/data/63908/000006390812000044/0000063908-12-000044-index.htm,https://www.sec.gov/Archives/edgar/data/63908/000006390812000044/mcd-9302012x10q.htm
0,2012-06-30,MCD,2012-08-06,2012-08-06 10:32:47,Q2,6915900000,4200000000,2715900000,0.39270376957445885,0.0,617300000,0.0,3880200000,560899999.9999996,4760900000,130000000,365900000.00000006,2505800000,0.362324,2155000000,0.311601,-14500000,2009900000,0.29062,662900000,1347000000,0.194769,1.31556,1.31556,1023900000,1023900000,https://www.sec.gov/Archives/edgar/data/63908/000119312512336626/0001193125-12-336626-index.htm,https://www.sec.gov/Archives/edgar/data/63908/000119312512336626/d367139d10q.htm
0,2012-03-31,MCD,2012-05-08,2012-05-08 10:39:16,Q1,6546600000,4029100000,2517500000,0.3845507591727003,0.0,592500000,0.0,3694000000,552900000.0000001,4582000000,128900000,364700000,2341100000,0.357605,1964600000,0.300095,800000.0,1847500000,0.282208,580800000,1266700000,0.19349,1.22981,1.22981,1030000000,1030000000,https://www.sec.gov/Archives/edgar/data/63908/000119312512217184/0001193125-12-217184-index.htm,https://www.sec.gov/Archives/edgar/data/63908/000119312512077317/d260574d10k.htm
0,2011-12-31,MCD,2012-02-24,2012-02-24 11:55:52,Q4,6822700000,4109100000,2713600000,0.39773110352206603,0.0,661200000,0.0,4042000000,593599999.9999995,4702699999.999999,126900000,367500000,2478100000,0.363214,2120000000,0.310727,-19200000,1983700000,0.29075,607100000,1376600000,0.201768,1.33043,1.33043,1034700000,1034700000,https://www.sec.gov/Archives/edgar/data/63908/000119312512077317/0001193125-12-077317-index.htm,https://www.sec.gov/Archives/edgar/data/63908/000119312512077317/d260574d10k.htm
0,2011-09-30,MCD,2011-11-04,2011-11-04 10:18:51,Q3,7166300000,4259500000,2906800000,0.4056207526896725,0.0,580900000,0.0,3945500000,512100000.0000004,4771600000,124000000,358299999.99999994,2745500000,0.383113,2394700000,0.334161,-11300000,2263200000,0.315812,755900000,1507300000,0.210332,1.44752,1.44752,1041300000,1041300000,https://www.sec.gov/Archives/edgar/data/63908/000119312511296575/0001193125-11-296575-index.htm,https://www.sec.gov/Archives/edgar/data/63908/000119312511296575/d234738d10q.htm
0,2011-06-30,MCD,2011-08-05,2011-08-05 09:57:51,Q2,6905400000,4179800000,2725600000,0.3947055927245344,0.0,588000000,0.0,3958500000,536500000,4716300000,121800000,350100000,2538300000,0.367582,2189100000,0.317013,-9800000.0,2066400000,0.299244,656200000,1410200000,0.204217,1.346,1.346,1047700000,1047700000,https://www.sec.gov/Archives/edgar/data/63908/000119312511211544/0001193125-11-211544-index.htm,https://www.sec.gov/Archives/edgar/data/63908/000119312511211544/d10q.htm
0,2011-03-31,MCD,2011-05-06,2011-05-06 09:42:50,Q1,6111600000,3771000000,2340600000,0.382976634596505,0.0,563600000,0.0,3367800000,514699999.9999998,4285700000,120100000,339100000,2158100000,0.353115,1825900000,0.29876,-14200000,1698900000,0.27798,489900000,1209000000,0.197821,1.14641,1.14641,1054600000,1054600000,https://www.sec.gov/Archives/edgar/data/63908/000119312511129826/0001193125-11-129826-index.htm,https://www.sec.gov/Archives/edgar/data/63908/000119312511046701/d10k.htm
0,2010-12-31,MCD,2011-02-25,2011-02-25 11:12:02,Q4,6214100000,3739600000,2474500000,0.39820730274697863,0.0,665800000,0.0,3691000000,617299999.9999996,4356900000,117000000,334100000,2184700000,0.351571,1857200000,0.298869,-21500000,1733600000,0.278978,491300000,1242300000,0.199916,1.16233,1.16233,1068800000,1068800000,https://www.sec.gov/Archives/edgar/data/63908/000119312511046701/0001193125-11-046701-index.htm,https://www.sec.gov/Archives/edgar/data/63908/000119312511046701/d10k.htm
0,2010-09-30,MCD,2010-11-05,2010-11-05 09:01:08,Q3,6304900000,3698400000,2606500000,0.4134086186933972,0.0,556300000,0.0,3403900000,509999999.9999995,4208399999.9999995,114800000,312700000.00000006,2402000000,0.380974,2096500000,0.332519,-11000000,1974500000,0.313169,586100000,1388400000,0.22021,1.29166,1.29166,1074900000,1074900000,https://www.sec.gov/Archives/edgar/data/63908/000119312510249223/0001193125-10-249223-index.htm,https://www.sec.gov/Archives/edgar/data/63908/000119312510249223/d10q.htm
0,2010-06-30,MCD,2010-08-05,2010-08-05 11:10:50,Q2,5945500000,3549100000,2396400000,0.4030611386763098,0.0,564900000,0.0,3235400000,551099999.9999999,4100200000,108100000,311500000,2154900000,0.362442,1845300000,0.310369,-4400000.0,1735300000,0.291868,509500000,1225800000,0.206173,1.12883,1.12883,1085900000,1085900000,https://www.sec.gov/Archives/edgar/data/63908/000119312510178634/0001193125-10-178634-index.htm,https://www.sec.gov/Archives/edgar/data/63908/000119312510178634/d10q.htm
0,2010-03-31,MCD,2010-05-06,2010-05-06 10:56:54,Q1,5610100000,3450200000,2159900000,0.3850020498743338,0.0,546300000,0.0,3202200000,485800000.0000002,3936000000,111000000,317900000,1985800000,0.353969,1674100000,0.298408,-7300000.0,1556900000,0.277517,467100000,1089800000,0.194257,0.99972,0.99972,1090100000,1090100000,https://www.sec.gov/Archives/edgar/data/63908/000119312510110148/0001193125-10-110148-index.htm,https://www.sec.gov/Archives/edgar/data/63908/000119312510042025/d10k.htm
0,2009-12-31,MCD,2010-02-26,2010-02-26 10:45:54,Q4,5973400000,3620000000,2353400000,0.3939799779020323,0.0,655800000,0.0,3491000000,527100000.0000004,4147100000.0000005,-115000000,317700000.00000006,1903700000,0.318696,1826300000,0.305739,-14400000,1701000000,0.284762,484200000,1216800000,0.203703,1.11062,1.11062,1095600000,1095600000,https://www.sec.gov/Archives/edgar/data/63908/000119312510042025/0001193125-10-042025-index.htm,https://www.sec.gov/Archives/edgar/data/63908/000119312510042025/d10k.htm
0,2009-09-30,MCD,2009-11-05,2009-11-05 10:42:26,Q3,6046700000,3638400000,2408300000,0.39828336117220964,0.0,549600000,0.0,3564000000,475499999.9999995,4113899999.9999995,-118000000,311900000,2015500000,0.333322,1932800000,0.319645,-5200000.0,1821600000,0.301255,560600000,1261000000,0.208544,1.14824,1.14824,1098200000,1098200000,https://www.sec.gov/Archives/edgar/data/63908/000119312509224951/0001193125-09-224951-index.htm,https://www.sec.gov/Archives/edgar/data/63908/000119312509224951/d10q.htm
0,2009-06-30,MCD,2009-08-06,2009-08-06 11:12:45,Q2,5647200000,3477300000,2169900000,0.3842435189120272,0.0,531500000,0.0,3434000000,488399999.99999964,3965699999.9999995,-120000000,304400000.00000006,1776400000,0.314563,1681500000,0.297758,-5600000.0,1592000000,0.28191,498300000,1093700000,0.193671,0.98407,0.98407,1111400000,1111400000,https://www.sec.gov/Archives/edgar/data/63908/000119312509166658/0001193125-09-166658-index.htm,https://www.sec.gov/Archives/edgar/data/63908/000119312509166658/d10q.htm
0,2009-03-31,MCD,2009-05-05,2009-05-05 10:41:15,Q1,5077400000,3217200000,1860200000,0.3663686138574861,0.0,497300000,0.0,3180000000,459800000.0000002,3677000000,-120000000,282200000,1534600000,0.302241,1400400000,0.27581,-1400000.0,1372400000,0.270296,392900000,979500000,0.192914,0.87113,0.87113,1124400000,1124400000,https://www.sec.gov/Archives/edgar/data/63908/000119312509099193/0001193125-09-099193-index.htm,https://www.sec.gov/Archives/edgar/data/63908/000119312509037008/d10k.htm
0,2008-12-31,MCD,2009-02-25,2009-02-25 11:06:22,Q4,5565000000,3489200000,2075800000,0.37300988319856243,0.0,622300000,0.0,3441000000,573600000.0000004,4062800000.0000005,-116000000,277799999.99999994,1558900000,0.280126,1502200000,0.269937,-10400000,1397100000,0.251051,411800000,985300000,0.177053,0.87071,0.87071,1131600000,1131600000,https://www.sec.gov/Archives/edgar/data/63908/000119312509037008/0001193125-09-037008-index.htm,https://www.sec.gov/Archives/edgar/data/63908/000119312509037008/d10k.htm
0,2008-09-30,MCD,2008-11-06,2008-11-06 11:02:55,Q3,6267300000,3904100000,2363200000,0.37706827501475915,0.0,582100000,0.0,3861000000,539500000.0000005,4443600000.000001,-132000000,311000000,1877900000,0.299635,1823700000,0.290987,-1100000.0,1698900000,0.271074,507600000,1191300000,0.190082,1.04868,1.04868,1136000000,1136000000,https://www.sec.gov/Archives/edgar/data/63908/000119312508227354/0001193125-08-227354-index.htm,https://www.sec.gov/Archives/edgar/data/63908/000119312508227354/d10q.htm
0,2008-06-30,MCD,2008-08-06,2008-08-06 11:44:12,Q2,6075300000,3850500000,2224800000,0.36620413806725594,0.0,598700000,0.0,3822000000,570600000.0000004,4421100000,-146000000,314300000,1867100000,0.307326,1654200000,0.272283,-2800000.0,1698800000,0.279624,508300000,1190500000,0.195957,1.0363,1.0363,1148800000,1148800000,https://www.sec.gov/Archives/edgar/data/63908/000119312508167816/0001193125-08-167816-index.htm,https://www.sec.gov/Archives/edgar/data/63908/000119312508167816/d10q.htm
0,2008-03-31,MCD,2008-05-06,2008-05-06 11:51:57,Q1,5614800000,3639400000,1975400000,0.35182018949918076,0.0,552400000,0.0,3600000000,512599999.9999999,4152000000,-128000000,304700000,1539900000,0.274257,1462800000,0.260526,2200000.0,1363200000,0.242787,417100000,946100000,0.168501,0.81189,0.81189,1165300000,1165300000,https://www.sec.gov/Archives/edgar/data/63908/000119312508103615/0001193125-08-103615-index.htm,https://www.sec.gov/Archives/edgar/data/63908/000119312508037220/d10k.htm
0,2007-12-31,MCD,2008-02-25,2008-02-25 13:18:49,Q4,5753600000,3693000000,2060600000,0.35814098998887656,0.0,660500000,0.0,3738000000,706000000,4399000000,-114000000,302499999.9999999,1472800000,0.255979,1354600000,0.235435,42900000,1284300000,0.223217,11100000,1273200000,0.221288,1.06384,1.06384,1196800000,1196800000,https://www.sec.gov/Archives/edgar/data/63908/000119312508037220/0001193125-08-037220-index.htm,https://www.sec.gov/Archives/edgar/data/63908/000119312508037220/d10k.htm
0,2007-09-30,MCD,2007-11-02,2007-11-02 11:24:24,Q3,5900900000,3779700000,2121200000,0.359470589232151,0.0,569400000,0.0,3478000000,596400000.0000005,4376100000.000001,-97000000,297000000,1721100000,0.291667,1524800000,0.258401,-6900000.0,1453600000,0.246335,449900000,1071200000,0.181532,0.88742,0.88742,1207100000,1207100000,https://www.sec.gov/Archives/edgar/data/63908/000119312507233434/0001193125-07-233434-index.htm,https://www.sec.gov/Archives/edgar/data/63908/000119312507233434/d10q.htm
0,2007-06-30,MCD,2007-08-06,2007-08-06 11:41:19,Q2,5839400000,3839700000,1999700000,0.3424495667363085,0.0,591900000,0.0,5593000000,2181400000.0000005,6021100000.000001,-102000000,303100000,-68800000,-0.011782,-181700000,-0.031116,-8900000.0,-266600000,-0.045655,441800000,-711700000,-0.121879,-0.57294,-0.57294,1242200000,1242200000,https://www.sec.gov/Archives/edgar/data/63908/000119312507171645/0001193125-07-171645-index.htm,https://www.sec.gov/Archives/edgar/data/63908/000119312507171645/d10q.htm
0,2007-03-31,MCD,2007-05-04,2007-05-04 11:47:07,Q1,5292700000,3569000000,1723700000,0.3256749863018875,0.0,545200000,0.0,3731000000,542399999.9999996,4111399999.9999995,-97000000,311500000,1311200000,0.247737,1181300000,0.223194,-4900000.0,1100800000,0.207985,334300000,762400000,0.144047,0.62374,0.62374,1222300000,1222300000,https://www.sec.gov/Archives/edgar/data/63908/000119312507102379/0001193125-07-102379-index.htm,https://www.sec.gov/Archives/edgar/data/63908/000119312507039707/d10k.htm
0,2006-12-31,MCD,2007-02-26,2007-02-26 15:51:46,Q4,5445300000,3621100000,1824200000,0.33500449929296827,0.0,654600000,0.0,53000000,716299999.9999996,4337400000,-99000000,315500000.0000001,1746500000,0.320735,1107900000,0.20346,31300000,1040200000,0.191027,288500000,1241500000,0.227995,1.00258,1.00258,1238300000,1238300000,https://www.sec.gov/Archives/edgar/data/63908/000119312507039707/0001193125-07-039707-index.htm,https://www.sec.gov/Archives/edgar/data/63908/000119312507039707/d10k.htm
0,2006-09-30,MCD,2006-11-03,2006-11-03 12:24:17,Q3,5503200000,3628000000,1875200000,0.34074720162814365,0.0,555100000,0.0,14500000,586899999.9999996,4214899999.9999995,-103000000,314000000,1429600000,0.259776,1288300000,0.2341,31600000,1217000000,0.221144,375300000,843300000,0.153238,0.67697,0.67697,1245700000,1245700000,https://www.sec.gov/Archives/edgar/data/63908/000119312506223321/0001193125-06-223321-index.htm,https://www.sec.gov/Archives/edgar/data/63908/000119312506223321/d10q.htm
0,2006-06-30,MCD,2006-08-04,2006-08-04 13:21:44,Q2,5032800000,3317700000,1715100000,0.3407844539818789,0.0,550600000,0.0,17000000,589700000.0000004,3907400000.0000005,-98000000,315000000,1404900000,0.279149,1125400000,0.223613,25400000,1053100000,0.209247,353800000,834100000,0.165733,0.6561,0.6561,1271300000,1271300000,https://www.sec.gov/Archives/edgar/data/63908/000119312506162127/0001193125-06-162127-index.htm,https://www.sec.gov/Archives/edgar/data/63908/000119312506162127/d10q.htm
0,2006-03-31,MCD,2006-05-09,2006-05-09 14:16:39,Q1,4913900000,3396400000,1517500000,0.30881784326095363,0.0,535400000,0.0,-15400000,606099999.9999999,4002500000,-102000000,305400000,1099400000,0.223733,911400000,0.185474,35000000,844100000,0.171778,270700000,625300000,0.127251,0.4919,0.4919,1271200000,1271200000,https://www.sec.gov/Archives/edgar/data/63908/000119312506105121/0001193125-06-105121-index.htm,https://www.sec.gov/Archives/edgar/data/63908/000119312506039862/d10k.htm
0,2005-12-31,MCD,2006-02-27,2006-02-27 15:04:50,Q4,5061200000,3457900000,1603300000,0.3167825812060381,0.0,600300000,0.0,53400000,675700000.0000004,4133600000.0000005,-92000000,317000000,1071900000,0.211788,927600000,0.183277,7000000.0,843200000,0.166601,238400000,608500000,0.120228,0.47699,0.47699,1275700000,1275700000,https://www.sec.gov/Archives/edgar/data/63908/000119312506039862/0001193125-06-039862-index.htm,https://www.sec.gov/Archives/edgar/data/63908/000119312506039862/d10k.htm
0,2005-09-30,MCD,2005-11-04,2005-11-04 10:53:51,Q3,4872800000,3255600000,1617200000,0.33188310622229517,0.0,509100000,0.0,-21800000,478599999.9999999,3734200000,-86000000,309500000,1301300000,0.267054,1138600000,0.233664,13700000,1065700000,0.218704,342400000,735400000,0.150919,0.57751,0.57751,1273400000,1273400000,https://www.sec.gov/Archives/edgar/data/63908/000119312505216482/0001193125-05-216482-index.htm,https://www.sec.gov/Archives/edgar/data/63908/000119312505216482/d10q.htm
0,2005-06-30,MCD,2005-08-05,2005-08-05 11:56:58,Q2,5095700000,3516400000,1579300000,0.3099279784916694,0.0,537600000,0.0,45300000,562599999.9999999,4079000000,-89000000,306500000,1152800000,0.22623,1016700000,0.199521,6900000.0,935300000,0.183547,404900000,530400000,0.104088,0.41774,0.41774,1269700000,1269700000,https://www.sec.gov/Archives/edgar/data/63908/000119312505158749/0001193125-05-158749-index.htm,https://www.sec.gov/Archives/edgar/data/63908/000119312505158749/d10q.htm
0,2005-03-31,MCD,2005-05-06,2005-05-06 13:36:38,Q1,4802800000,3366100000,1436700000,0.2991380028316815,0.0,520100000,0.0,28400000,527099999.9999999,3893200000,-89000000,316500000,1057700000,0.220226,909600000,0.18939,10400000,830200000,0.172857,102300000,727900000,0.151557,0.5647,0.5647,1289000000,1289000000,https://www.sec.gov/Archives/edgar/data/63908/000119312505098963/0001193125-05-098963-index.htm,https://www.sec.gov/Archives/edgar/data/63908/000119312505042609/d10k.htm
0,2004-12-31,MCD,2005-03-04,2005-03-04 15:02:30,Q4,5010300000,3458800000,1551500000,0.30966209608207096,0.0,551400000,0.0,141200000,934199999.9999998,4393000000,-91000000,318400000,800600000,0.159791,617300000,0.123206,-2900000.0,573200000,0.114404,175300000,397900000,0.079416,0.31064,0.31064,1280900000,1280900000,https://www.sec.gov/Archives/edgar/data/63908/000119312505042609/0001193125-05-042609-index.htm,https://www.sec.gov/Archives/edgar/data/63908/000119312505042609/d10k.htm
0,2004-09-30,MCD,2004-11-05,2004-11-05 11:13:45,Q3,4925700000,3339200000,1586500000,0.32208620094605844,0.0,474600000,0.0,37100000,487600000.00000036,3826800000.0000005,-88000000,293200000.00000006,1210700000,0.245792,1098900000,0.223095,-5300000.0,1005500000,0.204133,227100000,778400000,0.158028,0.61369,0.61369,1268400000,1268400000,https://www.sec.gov/Archives/edgar/data/63908/000119312504187329/0001193125-04-187329-index.htm,https://www.sec.gov/Archives/edgar/data/63908/000119312504187329/d10q.htm
0,2004-06-30,MCD,2004-08-06,2004-08-06 09:31:18,Q2,4729000000,3231200000,1497800000,0.31672658067244663,0.0,496500000,0.0,41300000,531900000.0000001,3763100000,-88000000,292200000,1070100000,0.226285,965900000,0.20425,-11900000,865900000,0.183104,275200000,590700000,0.12491,0.46585,0.46585,1268000000,1268000000,https://www.sec.gov/Archives/edgar/data/63908/000119312504133629/0001193125-04-133629-index.htm,https://www.sec.gov/Archives/edgar/data/63908/000119312504133629/d10q.htm
0,2004-03-31,MCD,2004-05-06,2004-05-06 11:59:02,Q1,4399700000,3073800000,1325900000,0.30136145646294066,0.0,457500000,0.0,36800000,467500000,3541300000,-91000000,297200000,964000000,0.219106,858400000,0.195104,-8900000.0,757800000,0.172239,246300000,511500000,0.116258,0.40102,0.40102,1275500000,1275500000,https://www.sec.gov/Archives/edgar/data/63908/000119312504080237/0001193125-04-080237-index.htm,https://www.sec.gov/Archives/edgar/data/63908/000119312504035282/d10k.htm
0,2003-12-31,MCD,2004-03-05,2004-03-05 12:08:20,Q4,4555400000,3159400000,1396000000,0.3064494885191202,0.0,485600000,0.0,527800000,1028499999.9999995,4187899999.9999995,-295000000,315600000,288100000,0.063244,367500000,0.080673,-9300000.0,267500000,0.058722,141800000,125700000,0.027594,0.09836,0.09836,1277900000,1277900000,https://www.sec.gov/Archives/edgar/data/63908/000119312504035282/0001193125-04-035282-index.htm,https://www.sec.gov/Archives/edgar/data/63908/000119312504035282/d10k.htm
0,2003-09-30,MCD,2003-11-07,2003-11-07 11:23:43,Q3,4504600000,3076600000,1428000000,0.31700927940327667,0.0,456300000,0.0,7800000.0,464099999.9999999,3540700000,8000000.0,274900000,1106000000,0.245527,963900000,0.213981,-47000000,823100000,0.182724,275700000,547400000,0.12152,0.42732,0.42732,1281000000,1281000000,https://www.sec.gov/Archives/edgar/data/63908/000104746903036401/0001047469-03-036401-index.htm,https://www.sec.gov/Archives/edgar/data/63908/000104746903036401/a2121886z10-q.htm
0,2003-06-30,MCD,2003-08-08,2003-08-08 12:46:02,Q2,4280800000,2975000000,1305800000,0.30503644178658196,0.0,494700000,0.0,259000000,479599999.9999999,3454600000,-101700000,270500000.00000006,877000000.0000001,0.204868,826200000,0.193001,-16300000,708200000,0.165436,237300000,470900000,0.110003,0.36861,0.36861,1277500000,1277500000,https://www.sec.gov/Archives/edgar/data/63908/000104746903026735/0001047469-03-026735-index.htm,https://www.sec.gov/Archives/edgar/data/63908/000104746903026735/a2116065z10-q.htm
0,2003-03-31,MCD,2003-05-13,2003-05-13 14:40:44,Q1,3799700000,2732700000,1067000000,0.2808116430244493,0.0,396400000,0.0,-4000000.0,392400000.0000001,3125100000,-101000000,287200000,697000000,0.183436,674600000,0.17754,-25200000,547600000,0.144117,183400000,327400000,0.086165,0.25773,0.25773,1270300000,1270300000,https://www.sec.gov/Archives/edgar/data/63908/000104746903018134/0001047469-03-018134-index.htm,https://www.sec.gov/Archives/edgar/data/63908/000104746903008450/a2105107z10-k.htm
0,2002-12-31,MCD,2003-03-12,2003-03-12 14:43:57,Q4,3899200000,2775500000,1123700000,0.2881873204759951,0.0,463100000,0.0,774400000,1327100000.0000005,4102600000.0000005,55000000,263099999.9999999,-3500000.0000001,-0.000898,-203400000,-0.052165,-23600000,-321600000,-0.082478,22200000,-343800000,-0.088172,-0.27096,-0.27096,1268800000,1268800000,https://www.sec.gov/Archives/edgar/data/63908/000104746903008450/0001047469-03-008450-index.htm,https://www.sec.gov/Archives/edgar/data/63908/000104746903008450/a2105107z10-k.htm
0,2002-09-30,MCD,,Not found...,Q3,4047000000,2799000000,1248000000,0.308377,0.0,470400000,0.0,0.0,418199999.9999998,3217200000,-93800000,281000000.00000006,902500000.0000001,0.223005,829800000,0.205041,-20700000,715300000,0.176748,228600000,486700000,0.120262,0.38009,0.38009,1280500000,1280500000,,
0,2002-06-30,MCD,2002-08-13 00:00:00,2002-08-13 15:02:20,Q2,3862100000,2659900000,1202200000,0.311281,0.0,394400000,0.0,0.0,357000000,3016900000,-93400000,252700000,890500000,0.230574,845200000,0.218845,-20600000,731200000,0.189327,233700000,497500000,0.128816,0.38548,0.38548,1290600000,1290600000,https://www.sec.gov/Archives/edgar/data/63908/000095013102003135/0000950131-02-003135-index.html,https://www.sec.gov/Archives/edgar/data/63908/000095013102003135/d10q.txt
0,2002-03-31,MCD,2002-05-10 00:00:00,2002-05-10 15:03:48,Q1,3597400000,2512300000,1085100000,0.301635,0.0,384900000,0.0,58900000,443799999.9999997,2956099999.9999995,-92300000,254000000,600300000,0.166871,641300000,0.178268,-11800000,537200000,0.14933,185500000,253100000,0.070356,0.19579,0.19579,1292700000,1292700000,https://www.sec.gov/Archives/edgar/data/63908/000095013102001900/0000950131-02-001900-index.html,https://www.sec.gov/Archives/edgar/data/63908/000095013102001900/d10q.txt
0,2001-12-31,MCD,,,Q4,3771500000,2629900000,1141600000,0.302691,0.0,463900000,0.0,0.0,658900000.0000001,3288800000,-103800000,276699999.99999994,542399999.9999999,0.143815,482700000,0.127986,-9400000.0,369500000,0.097972,97600000,271900000,0.072093,0.20927,0.20927,1299300000,1299300000,,
0,2001-09-30,MCD,2001-11-09 00:00:00,2001-11-09 00:00:00,Q3,3879300000,2644200000,1235100000,0.318382,0.0,421600000,0.0,0.0,488500000,3132700000,-110600000,270900000,910800000,0.234785,746600000,0.192457,114500000,750500000,0.193463,205000000,545500000,0.140618,0.41775,0.41775,1305800000,1305800000,https://www.sec.gov/Archives/edgar/data/63908/000095013101504054/0000950131-01-504054-index.html,https://www.sec.gov/Archives/edgar/data/63908/000095013101504054/d10q.txt
0,2001-06-30,MCD,2001-08-10 00:00:00,2001-08-10 00:00:00,Q2,3707500000,2539500000,1168000000,0.315037,0.0,427700000,0.0,0.0,395500000,2935000000,-117100000,268800000.00000006,805400000.0000001,0.217235,772500000,0.208361,-1700000.0,653700000,0.176318,212800000,440900000,0.118921,0.33628,0.33628,1311100000,1311100000,https://www.sec.gov/Archives/edgar/data/63908/000095013101502830/0000950131-01-502830-index.html,https://www.sec.gov/Archives/edgar/data/63908/000095013101502830/d10q.txt
0,2001-03-31,MCD,2001-05-10 00:00:00,2001-05-10 00:00:00,Q1,3511700000,2440300000,1071400000,0.305094,0.0,403400000,0.0,0.0,376199999.9999998,2816500000,-120900000,269900000,705000000,0.200757,695200000,0.197967,-18300000,556000000,0.158328,177700000,378300000,0.107726,0.28544,0.28544,1325300000,1325300000,https://www.sec.gov/Archives/edgar/data/63908/000095013101501320/0000950131-01-501320-index.html,https://www.sec.gov/Archives/edgar/data/63908/000095013101501320/d10q.txt
0,2000-12-31,MCD,,,Q4,3589600000,2464300000,1125300000,0.313489,0.0,351300000,0.0,0.0,351299999.9999997,2815599999.9999995,-111900000,231200000.00000006,776800000,0.216403,774000000,0.215623,-4600000.0,657500000,0.183168,205500000,452000000,0.125919,0.33837,0.33837,1335800000,1335800000,,
0,2000-09-30,MCD,2000-11-08 00:00:00,2000-11-08 00:00:00,Q3,3749000000,2489600000,1259400000,0.33593,0.0,348600000,0.0,0.0,348599999.9999999,2838200000,-111400000,250200000.00000006,927900000,0.247506,910800000,0.242945,-10300000,789100000,0.210483,240600000,548500000,0.146306,0.4075,0.4075,1346000000,1346000000,https://www.sec.gov/Archives/edgar/data/63908/000095013100006172/0000950131-00-006172-index.html,https://www.sec.gov/Archives/edgar/data/63908/000095013100006172/0000950131-00-006172-0001.txt
0,2000-06-30,MCD,2000-08-11 00:00:00,2000-08-11 00:00:00,Q2,3560600000,2341600000,1219000000,0.342358,0.0,342700000,0.0,0.0,342700000.0000003,2684300000.0000005,-106200000,273499999.99999994,940299999.9999999,0.264085,876300000,0.24611,2900000.0,773000000,0.217098,247100000,525900000,0.1477,0.38513,0.38513,1365500000,1365500000,https://www.sec.gov/Archives/edgar/data/63908/000095013100004816/0000950131-00-004816-index.html,https://www.sec.gov/Archives/edgar/data/63908/000095013100004816/0000950131-00-004816-0001.txt
0,2000-03-31,MCD,2000-05-08 00:00:00,2000-05-08 00:00:00,Q1,3343800000,2226900000,1116900000,0.334021,0.0,348300000,0.0,0.0,348299999.9999997,2575199999.9999995,-100400000,255800000,818100000,0.244662,768600000,0.229858,-5500000.0,662700000,0.198188,211800000,450900000,0.134847,0.32584,0.32584,1383800000,1383800000,https://www.sec.gov/Archives/edgar/data/63908/000095013100003126/0000950131-00-003126-index.html,https://www.sec.gov/Archives/edgar/data/63908/0000950131-00-003126.txt
0,1999-12-31,MCD,,,Q4,3372900000,2202500000,1170400000,0.347001,0.0,347800000,0.0,0.0,353599999.9999999,2556100000,-98200000,235899999.99999997,848000000,0.251416,816800000,0.242165,-8300000.0,710300000,0.21059,224100000,486200000,0.144149,0.34694,0.34694,1401400000,1401400000,,
0,1999-09-30,MCD,1999-11-10 00:00:00,1999-11-10 00:00:00,Q3,3444200000,2202400000,1241800000,0.360548,0.0,327100000,0.0,0.0,334099999.9999999,2536500000,-95400000,248599999.99999997,953500000,0.276842,907700000,0.263545,-12000000,800300000,0.232362,259400000,540900000,0.157047,0.3855,0.3855,1403100000,1403100000,https://www.sec.gov/Archives/edgar/data/63908/000095013199006176/0000950131-99-006176-index.html,https://www.sec.gov/Archives/edgar/data/63908/0000950131-99-006176.txt
0,1999-06-30,MCD,1999-08-12 00:00:00,1999-08-12 00:00:00,Q2,3407100000,2165600000,1241500000,0.364386,0.0,351900000,0.0,0.0,358000000,2523600000,-97500000,237700000.00000003,913000000,0.26797,883500000,0.259311,-13200000,772800000,0.22682,254700000,518100000,0.152065,0.3686,0.3686,1405600000,1405600000,https://www.sec.gov/Archives/edgar/data/63908/000095013199004856/0000950131-99-004856-index.html,https://www.sec.gov/Archives/edgar/data/63908/0000950131-99-004856.txt
0,1999-03-31,MCD,1999-05-13 00:00:00,1999-05-13 00:00:00,Q1,3035100000,1996800000,1038300000,0.342097,0.0,326700000,0.0,0.0,326700000.00000006,2323500000,-105200000,234100000,729600000,0.240387,711600000,0.234457,-5700000.0,600700000,0.197918,198000000,402700000,0.132681,0.28576,0.28576,1409200000,1409200000,https://www.sec.gov/Archives/edgar/data/63908/000095013199003060/0000950131-99-003060-index.html,https://www.sec.gov/Archives/edgar/data/63908/0000950131-99-003060.txt
0,1998-12-31,MCD,,,Q4,3220700000,2067700000,1153000000,0.357997,0.0,369800000,0.0,0.0,515800000.0000002,2583500000,-101800000,232800000.00000006,647100000.0000001,0.200919,637200000,0.197845,-19300000,516100000,0.160245,167600000,348500000,0.108206,0.24909,0.24909,1399100000,1399100000,,
0,1998-09-30,MCD,1998-11-13 00:00:00,1998-11-13 00:00:00,Q3,3215000000,2040200000,1174800000,0.365412,0.0,329000000,0.0,0.0,339600000.0000001,2379800000,-102800000,227799999.99999994,842300000,0.261991,835200000,0.259782,-15100000,717300000,0.22311,235100000,482200000,0.149984,0.34328,0.34328,1404700000,1404700000,https://www.sec.gov/Archives/edgar/data/63908/000095013198006040/0000950131-98-006040-index.html,https://www.sec.gov/Archives/edgar/data/63908/0000950131-98-006040.txt
0,1998-06-30,MCD,1998-08-14 00:00:00,1998-08-14 00:00:00,Q2,3180800000,2010200000,1170600000,0.368021,0.0,358800000,0.0,0.0,523800000,2534000000,-106400000,216600000,644000000,0.202465,646800000,0.203345,-6600000.0,533800000,0.167819,176600000,357200000,0.112299,0.25242,0.25242,1415100000,1415100000,https://www.sec.gov/Archives/edgar/data/63908/000095013198004852/0000950131-98-004852-index.html,https://www.sec.gov/Archives/edgar/data/63908/0000950131-98-004852.txt
0,1998-03-31,MCD,1998-05-14 00:00:00,1998-05-14 00:00:00,Q1,2804900000,1821500000,983400000,0.350601,0.0,340700000,0.0,0.0,340699999.9999998,2162200000,-102800000,203900000,641300000,0.228636,642700000,0.229135,300000.0,540200000,0.192592,178000000,362200000,0.129131,0.258,0.258,1403900000,1403900000,https://www.sec.gov/Archives/edgar/data/63908/000095013198003321/0000950131-98-003321-index.html,https://www.sec.gov/Archives/edgar/data/63908/0000950131-98-003321.txt
0,1997-12-31,MCD,,,Q4,2952600000,1886900000,1065700000,0.360936,0.0,370500000,0.0,0.0,370500000,2257400000,-94100000,236799999.99999994,732100000,0.247951,695200000,0.235453,-11700000,589400000,0.199621,178500000,410900000,0.139165,0.29275,0.29275,1403600000,1403600000,,
0,1997-09-30,MCD,1997-11-13 00:00:00,1997-11-13 00:00:00,Q3,3006000000,1910000000,1096000000,0.364604,0.0,340600000,0.0,0.0,340599999.9999999,2250600000,-94100000,170399999.99999997,735400000,0.244644,755400000,0.251297,-2200000.0,659100000,0.219261,210200000,448900000,0.149335,0.31862,0.31862,1408900000,1408900000,https://www.sec.gov/Archives/edgar/data/63908/000006390897000049/0000063908-97-000049-index.html,https://www.sec.gov/Archives/edgar/data/63908/0000063908-97-000049.txt
0,1997-06-30,MCD,1997-08-12 00:00:00,1997-08-12 00:00:00,Q2,2832600000,1791200000,1041400000,0.367648,0.0,297900000,0.0,0.0,297899999.9999999,2089099999.9999998,-86200000,194700000.00000003,751600000,0.265339,743500000,0.26248,-14200000,643100000,0.227035,204900000,438200000,0.154699,0.30977,0.30977,1414600000,1414600000,https://www.sec.gov/Archives/edgar/data/63908/000006390897000033/0000063908-97-000033-index.html,https://www.sec.gov/Archives/edgar/data/63908/0000063908-97-000033.txt
0,1997-03-31,MCD,1997-05-13 00:00:00,1997-05-13 00:00:00,Q1,2617600000,1675400000,942200000,0.359948,0.0,328000000,0.0,0.0,328000000,2003400000,-90000000,191900000,617600000,0.235941,614200000,0.234642,-8500000.0,515700000,0.197013,171200000,344500000,0.131609,0.24346,0.24346,1415000000,1415000000,https://www.sec.gov/Archives/edgar/data/63908/000006390897000026/0000063908-97-000026-index.html,https://www.sec.gov/Archives/edgar/data/63908/0000063908-97-000026.txt
0,1996-12-31,MCD,1997-03-28 00:00:00,1997-03-28 00:00:00,Q4,2821600000,1788700000,1032900000,0.366069,0.0,418900000,0.0,0.0,418899999.9999999,2207600000,-90200000,196199999.99999994,629499999.9999999,0.2231,614000000,0.217607,-300000.0,523500000,0.185533,113500000,410000000,0.145308,0.28808,0.28808,1423200000,1423200000,https://www.sec.gov/Archives/edgar/data/63908/000006390897000007/0000063908-97-000007-index.html,https://www.sec.gov/Archives/edgar/data/63908/0000063908-97-000007.txt
0,1996-09-30,MCD,1996-11-13 00:00:00,1996-11-13 00:00:00,Q3,2773800000,1724300000,1049500000,0.378362,0.0,305500000,0.0,0.0,305500000,2029800000,-84700000,175100000.00000003,740300000,0.26689,744000000,0.268224,-9400000.0,649900000,0.2343,209300000,440600000,0.158843,0.30781,0.30781,1431400000,1431400000,https://www.sec.gov/Archives/edgar/data/63908/000006390896000051/0000063908-96-000051-index.html,https://www.sec.gov/Archives/edgar/data/63908/0000063908-96-000051.txt
0,1996-06-30,MCD,1996-08-12 00:00:00,1996-08-12 00:00:00,Q2,2665100000,1663800000,1001300000,0.375708,0.0,289200000,0.0,0.0,289200000.00000006,1953000000,-82800000,185000000.00000003,727700000,0.273048,712100000,0.267194,-3800000.0,625500000,0.2347,205100000,420400000,0.157743,0.29276,0.29276,1436000000,1436000000,https://www.sec.gov/Archives/edgar/data/63908/000006390896000042/0000063908-96-000042-index.html,https://www.sec.gov/Archives/edgar/data/63908/0000063908-96-000042.txt
0,1996-03-31,MCD,1996-05-09 00:00:00,1996-05-09 00:00:00,Q1,2426000000,1556500000,869500000,0.358409,0.0,307000000,0.0,0.0,307000000,1863500000,-84800000,186600000,553900000,0.228318,562500000,0.231863,-25600000,452100000,0.186356,150500000,301600000,0.12432,0.20912,0.20912,1442200000,1442200000,https://www.sec.gov/Archives/edgar/data/63908/000095013196002064/0000950131-96-002064-index.html,https://www.sec.gov/Archives/edgar/data/63908/0000950131-96-002064.txt
0,1995-12-31,MCD,1996-03-28 00:00:00,1996-03-28 00:00:00,Q4,2585500000,1614000000,971500000,0.375749,0.0,325400000,0.0,0.0,325400000.0000001,1939400000,-87700000,187200000.00000006,639100000,0.247186,646100000,0.249894,-18800000,539600000,0.208702,172800000,366800000,0.141868,0.25034,0.25034,1465200000,1465200000,https://www.sec.gov/Archives/edgar/data/63908/000006390896000016/0000063908-96-000016-index.html,https://www.sec.gov/Archives/edgar/data/63908/0000063908-96-000016.txt
0,1995-09-30,MCD,1995-11-13 00:00:00,1995-11-13 00:00:00,Q3,2580100000,1579700000,1000400000,0.387737,0.0,278300000,0.0,0.0,278299999.99999994,1858000000,-86100000,175899999.99999997,699300000,0.271036,722100000,0.279873,-26500000,609500000,0.236231,209400000,400100000,0.155072,0.27878,0.27878,1435200000,1435200000,https://www.sec.gov/Archives/edgar/data/63908/000006390895000037/0000063908-95-000037-index.html,https://www.sec.gov/Archives/edgar/data/63908/0000063908-95-000037.txt
0,1995-06-30,MCD,1995-08-11 00:00:00,1995-08-11 00:00:00,Q2,2467600000,1517500000,950100000,0.38503,0.0,263700000,0.0,0.0,263700000.00000006,1781200000,-85400000,177099999.99999997,676600000,0.274194,686400000,0.278165,-16100000,584900000,0.237032,205200000,379700000,0.153874,0.26342,0.26342,1441400000,1441400000,https://www.sec.gov/Archives/edgar/data/63908/000006390895000025/0000063908-95-000025-index.html,https://www.sec.gov/Archives/edgar/data/63908/0000063908-95-000025.txt
0,1995-03-31,MCD,1995-05-12 00:00:00,1995-05-12 00:00:00,Q1,2161300000,1351400000,809900000,0.374728,0.0,263200000,0.0,0.0,263199999.9999998,1614599999.9999998,-81000000,168800000,522900000,0.241938,546700000,0.25295,-30600000,435100000,0.201314,154400000,280700000,0.129876,0.19572,0.19572,1434200000,1434200000,https://www.sec.gov/Archives/edgar/data/63908/000006390895000014/0000063908-95-000014-index.html,https://www.sec.gov/Archives/edgar/data/63908/0000063908-95-000014.txt
0,1994-12-31,MCD,1995-03-29 00:00:00,1995-03-29 00:00:00,Q4,2270100000,1385500000,884600000,0.389674,0.0,308800000,0.0,0.0,308799999.99999994,1694300000,-80100000,174400000.00000003,565900000,0.249284,575800000,0.253645,-24100000,471600000,0.207744,162700000,308900000,0.136073,0.21613,0.21613,1429200000,1429200000,https://www.sec.gov/Archives/edgar/data/63908/000006390895000003/0000063908-95-000003-index.html,https://www.sec.gov/Archives/edgar/data/63908/0000063908-95-000003.txt
0,1994-09-30,MCD,1994-11-09 00:00:00,1994-11-09 00:00:00,Q3,2225400000,1343000000,882400000,0.396513,0.0,244500000,0.0,0.0,244500000,1587500000,-80200000,157700000,618600000,0.277972,637900000,0.286645,-16600000,541100000,0.243147,191300000,349800000,0.157185,0.24315,0.24315,1438600000,1438600000,https://www.sec.gov/Archives/edgar/data/63908/000006390894000038/0000063908-94-000038-index.html,https://www.sec.gov/Archives/edgar/data/63908/0000063908-94-000038.txt
0,1994-06-30,MCD,1994-08-09 00:00:00,1994-08-09 00:00:00,Q2,2029300000,1234200000,795100000,0.39181,0.0,226700000,0.0,0.0,226700000.00000006,1460900000,-73600000,148600000,571500000,0.281624,568400000,0.280097,1700000.0,496500000,0.244666,174200000,322300000,0.158823,0.222,0.222,1451800000,1451800000,https://www.sec.gov/Archives/edgar/data/63908/000006390894000032/0000063908-94-000032-index.html,https://www.sec.gov/Archives/edgar/data/63908/0000063908-94-000032.txt
0,1994-03-31,MCD,1994-05-10 00:00:00,1994-05-10 00:00:00,Q1,1796000000,1117800000,678200000,0.377617,0.0,219100000,0.0,0.0,219100000.00000015,1336900000.0000002,-71800000,147900000,453500000,0.252506,459100000,0.255624,-9900000.0,377400000,0.210134,134000000,243400000,0.135523,0.16685,0.16685,1458800000,1458800000,https://www.sec.gov/Archives/edgar/data/63908/000006390894000022/0000063908-94-000022-index.html,https://www.sec.gov/Archives/edgar/data/63908/0000063908-94-000022.txt
