,date,symbol,fillingDate,acceptedDate,period,revenue,costOfRevenue,grossProfit,grossProfitRatio,researchAndDevelopmentExpenses,generalAndAdministrativeExpenses,sellingAndMarketingExpenses,otherExpenses,operatingExpenses,costAndExpenses,interestExpense,depreciationAndAmortization,ebitda,ebitdaratio,operatingIncome,operatingIncomeRatio,totalOtherIncomeExpensesNet,incomeBeforeTax,incomeBeforeTaxRatio,incomeTaxExpense,netIncome,netIncomeRatio,eps,epsdiluted,weightedAverageShsOut,weightedAverageShsOutDil,link,finalLink
0,2019-09-31,KAZI.PA,,2019-09-31,Q3,142712250,76024000,66688250,2.1399909279370806,0.0,31011500,3063500.0,0.0,4461750.0,155562250,3731750.0,13512750,-654750.0,-217.96449026345934,-12850000,-11.106011673151752,0.0,-20277250,-7.038047565621571,1726250.0,-22060750,-6.46905703568555,-0.75,-0.75,29302562,29302562,https://www.infogreffe.com/recherche-entreprise-dirigeants/resultats-entreprise-dirigeants.html?ga_cat=globale&ga_q=K.A.Z.I#phrase=K.A.Z.I,https://www.infogreffe.com/recherche-entreprise-dirigeants/resultats-entreprise-dirigeants.html?ga_cat=globale&ga_q=K.A.Z.I#phrase=K.A.Z.I
0,2019-06-31,KAZI.PA,,2019-06-31,Q2,142712250,76024000,66688250,2.1399909279370806,0.0,31011500,3063500.0,0.0,4461750.0,155562250,3731750.0,13512750,-654750.0,-217.96449026345934,-12850000,-11.106011673151752,0.0,-20277250,-7.038047565621571,1726250.0,-22060750,-6.46905703568555,-0.75,-0.75,29302562,29302562,https://www.infogreffe.com/recherche-entreprise-dirigeants/resultats-entreprise-dirigeants.html?ga_cat=globale&ga_q=K.A.Z.I#phrase=K.A.Z.I,https://www.infogreffe.com/recherche-entreprise-dirigeants/resultats-entreprise-dirigeants.html?ga_cat=globale&ga_q=K.A.Z.I#phrase=K.A.Z.I
0,2019-03-31,KAZI.PA,,2019-03-31,Q1,142712250,76024000,66688250,2.1399909279370806,0.0,31011500,3063500.0,0.0,4461750.0,155562250,3731750.0,13512750,-654750.0,-217.96449026345934,-12850000,-11.106011673151752,0.0,-20277250,-7.038047565621571,1726250.0,-22060750,-6.46905703568555,-0.75,-0.75,29302562,29302562,https://www.infogreffe.com/recherche-entreprise-dirigeants/resultats-entreprise-dirigeants.html?ga_cat=globale&ga_q=K.A.Z.I#phrase=K.A.Z.I,https://www.infogreffe.com/recherche-entreprise-dirigeants/resultats-entreprise-dirigeants.html?ga_cat=globale&ga_q=K.A.Z.I#phrase=K.A.Z.I
0,2019-01-31,KAZI.PA,,2019-01-31,Q1,142712250,76024000,66688250,2.1399909279370806,0.0,31011500,3063500.0,0.0,4461750.0,155562250,3731750.0,13512750,-654750.0,-217.96449026345934,-12850000,-11.106011673151752,0.0,-20277250,-7.038047565621571,1726250.0,-22060750,-6.46905703568555,-0.75,-0.75,29302562,29302562,https://www.infogreffe.com/recherche-entreprise-dirigeants/resultats-entreprise-dirigeants.html?ga_cat=globale&ga_q=K.A.Z.I#phrase=K.A.Z.I,https://www.infogreffe.com/recherche-entreprise-dirigeants/resultats-entreprise-dirigeants.html?ga_cat=globale&ga_q=K.A.Z.I#phrase=K.A.Z.I
0,2018-09-31,KAZI.PA,,2018-09-31,Q3,153180000,76077250,77102750,1.9866995664875766,0.0,46998750,0.0,0.0,1790250.0,153351500,1921000.0,9717500.0,10612250,14.434262291220053,-171500.0,-893.1778425655976,0.0,-5090750.0,-30.089868879831066,-150750.0,-5131500.0,-29.850920783396667,-0.2597355,-0.2597355,19518870,19518870,https://www.infogreffe.com/recherche-entreprise-dirigeants/resultats-entreprise-dirigeants.html?ga_cat=globale&ga_q=K.A.Z.I#phrase=K.A.Z.I,https://www.infogreffe.com/recherche-entreprise-dirigeants/resultats-entreprise-dirigeants.html?ga_cat=globale&ga_q=K.A.Z.I#phrase=K.A.Z.I
0,2018-06-31,KAZI.PA,,2018-06-31,Q2,153180000,76077250,77102750,1.9866995664875766,0.0,46998750,0.0,0.0,1790250.0,153351500,1921000.0,9717500.0,10612250,14.434262291220053,-171500.0,-893.1778425655976,0.0,-5090750.0,-30.089868879831066,-150750.0,-5131500.0,-29.850920783396667,-0.2597355,-0.2597355,19518870,19518870,https://www.infogreffe.com/recherche-entreprise-dirigeants/resultats-entreprise-dirigeants.html?ga_cat=globale&ga_q=K.A.Z.I#phrase=K.A.Z.I,https://www.infogreffe.com/recherche-entreprise-dirigeants/resultats-entreprise-dirigeants.html?ga_cat=globale&ga_q=K.A.Z.I#phrase=K.A.Z.I
0,2018-03-31,KAZI.PA,,2018-03-31,Q1,153180000,76077250,77102750,1.9866995664875766,0.0,46998750,0.0,0.0,1790250.0,153351500,1921000.0,9717500.0,10612250,14.434262291220053,-171500.0,-893.1778425655976,0.0,-5090750.0,-30.089868879831066,-150750.0,-5131500.0,-29.850920783396667,-0.2597355,-0.2597355,19518870,19518870,https://www.infogreffe.com/recherche-entreprise-dirigeants/resultats-entreprise-dirigeants.html?ga_cat=globale&ga_q=K.A.Z.I#phrase=K.A.Z.I,https://www.infogreffe.com/recherche-entreprise-dirigeants/resultats-entreprise-dirigeants.html?ga_cat=globale&ga_q=K.A.Z.I#phrase=K.A.Z.I
0,2018-01-31,KAZI.PA,,2018-01-31,Q1,153180000,76077250,77102750,1.9866995664875766,0.0,46998750,0.0,0.0,1790250.0,153351500,1921000.0,9717500.0,10612250,14.434262291220053,-171500.0,-893.1778425655976,0.0,-5090750.0,-30.089868879831066,-150750.0,-5131500.0,-29.850920783396667,-0.2597355,-0.2597355,19518870,19518870,https://www.infogreffe.com/recherche-entreprise-dirigeants/resultats-entreprise-dirigeants.html?ga_cat=globale&ga_q=K.A.Z.I#phrase=K.A.Z.I,https://www.infogreffe.com/recherche-entreprise-dirigeants/resultats-entreprise-dirigeants.html?ga_cat=globale&ga_q=K.A.Z.I#phrase=K.A.Z.I
0,2017-09-31,KAZI.PA,,2017-09-31,Q3,152086250,76239000,75847250,2.0051649862058283,0.0,47331750,0.0,0.0,1716250.0,154836500,1812750.0,12111750,9480500.0,16.042007278097145,-2750250.0,-55.29906372147987,0.0,-8524500.0,-17.8410757229163,-1085500.0,-8388500.0,-18.130327233712823,-0.43446675,-0.43446675,17095130,17095130,https://www.infogreffe.com/recherche-entreprise-dirigeants/resultats-entreprise-dirigeants.html?ga_cat=globale&ga_q=K.A.Z.I#phrase=K.A.Z.I,https://www.infogreffe.com/recherche-entreprise-dirigeants/resultats-entreprise-dirigeants.html?ga_cat=globale&ga_q=K.A.Z.I#phrase=K.A.Z.I
0,2017-06-31,KAZI.PA,,2017-06-31,Q2,152086250,76239000,75847250,2.0051649862058283,0.0,47331750,0.0,0.0,1716250.0,154836500,1812750.0,12111750,9480500.0,16.042007278097145,-2750250.0,-55.29906372147987,0.0,-8524500.0,-17.8410757229163,-1085500.0,-8388500.0,-18.130327233712823,-0.43446675,-0.43446675,17095130,17095130,https://www.infogreffe.com/recherche-entreprise-dirigeants/resultats-entreprise-dirigeants.html?ga_cat=globale&ga_q=K.A.Z.I#phrase=K.A.Z.I,https://www.infogreffe.com/recherche-entreprise-dirigeants/resultats-entreprise-dirigeants.html?ga_cat=globale&ga_q=K.A.Z.I#phrase=K.A.Z.I
0,2017-03-31,KAZI.PA,,2017-03-31,Q1,152086250,76239000,75847250,2.0051649862058283,0.0,47331750,0.0,0.0,1716250.0,154836500,1812750.0,12111750,9480500.0,16.042007278097145,-2750250.0,-55.29906372147987,0.0,-8524500.0,-17.8410757229163,-1085500.0,-8388500.0,-18.130327233712823,-0.43446675,-0.43446675,17095130,17095130,https://www.infogreffe.com/recherche-entreprise-dirigeants/resultats-entreprise-dirigeants.html?ga_cat=globale&ga_q=K.A.Z.I#phrase=K.A.Z.I,https://www.infogreffe.com/recherche-entreprise-dirigeants/resultats-entreprise-dirigeants.html?ga_cat=globale&ga_q=K.A.Z.I#phrase=K.A.Z.I
0,2017-01-31,KAZI.PA,,2017-01-31,Q1,152086250,76239000,75847250,2.0051649862058283,0.0,47331750,0.0,0.0,1716250.0,154836500,1812750.0,12111750,9480500.0,16.042007278097145,-2750250.0,-55.29906372147987,0.0,-8524500.0,-17.8410757229163,-1085500.0,-8388500.0,-18.130327233712823,-0.43446675,-0.43446675,17095130,17095130,https://www.infogreffe.com/recherche-entreprise-dirigeants/resultats-entreprise-dirigeants.html?ga_cat=globale&ga_q=K.A.Z.I#phrase=K.A.Z.I,https://www.infogreffe.com/recherche-entreprise-dirigeants/resultats-entreprise-dirigeants.html?ga_cat=globale&ga_q=K.A.Z.I#phrase=K.A.Z.I
0,2016-09-31,KAZI.PA,,2016-09-31,Q3,139890000,66181000,73709000,1.8978686456199378,0.0,43229500,0.0,0.0,1536000.0,135197000,1717250.0,7964750.0,13630500,10.263013095631122,4693000.0,29.80822501598125,0.0,7420750.0,18.85119428629182,215250.0,5201500.0,26.894165144669806,0.425022,0.425022,16943443,16943443,https://www.infogreffe.com/recherche-entreprise-dirigeants/resultats-entreprise-dirigeants.html?ga_cat=globale&ga_q=K.A.Z.I#phrase=K.A.Z.I,https://www.infogreffe.com/recherche-entreprise-dirigeants/resultats-entreprise-dirigeants.html?ga_cat=globale&ga_q=K.A.Z.I#phrase=K.A.Z.I
0,2016-06-31,KAZI.PA,,2016-06-31,Q2,139890000,66181000,73709000,1.8978686456199378,0.0,43229500,0.0,0.0,1536000.0,135197000,1717250.0,7964750.0,13630500,10.263013095631122,4693000.0,29.80822501598125,0.0,7420750.0,18.85119428629182,215250.0,5201500.0,26.894165144669806,0.425022,0.425022,16943443,16943443,https://www.infogreffe.com/recherche-entreprise-dirigeants/resultats-entreprise-dirigeants.html?ga_cat=globale&ga_q=K.A.Z.I#phrase=K.A.Z.I,https://www.infogreffe.com/recherche-entreprise-dirigeants/resultats-entreprise-dirigeants.html?ga_cat=globale&ga_q=K.A.Z.I#phrase=K.A.Z.I
0,2016-03-31,KAZI.PA,,2016-03-31,Q1,139890000,66181000,73709000,1.8978686456199378,0.0,43229500,0.0,0.0,1536000.0,135197000,1717250.0,7964750.0,13630500,10.263013095631122,4693000.0,29.80822501598125,0.0,7420750.0,18.85119428629182,215250.0,5201500.0,26.894165144669806,0.425022,0.425022,16943443,16943443,https://www.infogreffe.com/recherche-entreprise-dirigeants/resultats-entreprise-dirigeants.html?ga_cat=globale&ga_q=K.A.Z.I#phrase=K.A.Z.I,https://www.infogreffe.com/recherche-entreprise-dirigeants/resultats-entreprise-dirigeants.html?ga_cat=globale&ga_q=K.A.Z.I#phrase=K.A.Z.I
0,2016-01-31,KAZI.PA,,2016-01-31,Q1,139890000,66181000,73709000,1.8978686456199378,0.0,43229500,0.0,0.0,1536000.0,135197000,1717250.0,7964750.0,13630500,10.263013095631122,4693000.0,29.80822501598125,0.0,7420750.0,18.85119428629182,215250.0,5201500.0,26.894165144669806,0.425022,0.425022,16943443,16943443,https://www.infogreffe.com/recherche-entreprise-dirigeants/resultats-entreprise-dirigeants.html?ga_cat=globale&ga_q=K.A.Z.I#phrase=K.A.Z.I,https://www.infogreffe.com/recherche-entreprise-dirigeants/resultats-entreprise-dirigeants.html?ga_cat=globale&ga_q=K.A.Z.I#phrase=K.A.Z.I
0,2015-09-31,KAZI.PA,,2015-09-31,Q3,128313250,56811000,71502250,1.794534437727484,0.0,39178500,0.0,0.0,-3239500.0,115257250,1346500.0,6809250.0,19882750,6.453496121009418,13056000,9.827914368872548,0.0,11611000,11.051007665145121,2267500.0,7692000.0,16.681389755590224,0.453981,0.453981,16943443,16943443,https://www.infogreffe.com/recherche-entreprise-dirigeants/resultats-entreprise-dirigeants.html?ga_cat=globale&ga_q=K.A.Z.I#phrase=K.A.Z.I,https://www.infogreffe.com/recherche-entreprise-dirigeants/resultats-entreprise-dirigeants.html?ga_cat=globale&ga_q=K.A.Z.I#phrase=K.A.Z.I
0,2015-06-31,KAZI.PA,,2015-06-31,Q2,128313250,56811000,71502250,1.794534437727484,0.0,39178500,0.0,0.0,-3239500.0,115257250,1346500.0,6809250.0,19882750,6.453496121009418,13056000,9.827914368872548,0.0,11611000,11.051007665145121,2267500.0,7692000.0,16.681389755590224,0.453981,0.453981,16943443,16943443,https://www.infogreffe.com/recherche-entreprise-dirigeants/resultats-entreprise-dirigeants.html?ga_cat=globale&ga_q=K.A.Z.I#phrase=K.A.Z.I,https://www.infogreffe.com/recherche-entreprise-dirigeants/resultats-entreprise-dirigeants.html?ga_cat=globale&ga_q=K.A.Z.I#phrase=K.A.Z.I
0,2015-03-31,KAZI.PA,,2015-03-31,Q1,128313250,56811000,71502250,1.794534437727484,0.0,39178500,0.0,0.0,-3239500.0,115257250,1346500.0,6809250.0,19882750,6.453496121009418,13056000,9.827914368872548,0.0,11611000,11.051007665145121,2267500.0,7692000.0,16.681389755590224,0.453981,0.453981,16943443,16943443,https://www.infogreffe.com/recherche-entreprise-dirigeants/resultats-entreprise-dirigeants.html?ga_cat=globale&ga_q=K.A.Z.I#phrase=K.A.Z.I,https://www.infogreffe.com/recherche-entreprise-dirigeants/resultats-entreprise-dirigeants.html?ga_cat=globale&ga_q=K.A.Z.I#phrase=K.A.Z.I
0,2015-01-31,KAZI.PA,,2015-01-31,Q1,128313250,56811000,71502250,1.794534437727484,0.0,39178500,0.0,0.0,-3239500.0,115257250,1346500.0,6809250.0,19882750,6.453496121009418,13056000,9.827914368872548,0.0,11611000,11.051007665145121,2267500.0,7692000.0,16.681389755590224,0.453981,0.453981,16943443,16943443,https://www.infogreffe.com/recherche-entreprise-dirigeants/resultats-entreprise-dirigeants.html?ga_cat=globale&ga_q=K.A.Z.I#phrase=K.A.Z.I,https://www.infogreffe.com/recherche-entreprise-dirigeants/resultats-entreprise-dirigeants.html?ga_cat=globale&ga_q=K.A.Z.I#phrase=K.A.Z.I
0,2014-09-31,KAZI.PA,,2014-09-31,Q3,114744500,55472000,59272500,1.9358808891138386,0.0,33671750,0.0,0.0,2343250.0,110233750,958750.0,5909750.0,11168750,10.27371012870733,4510750.0,25.43800920024386,0.0,4721750.0,24.301265420659714,1421250.0,3379500.0,33.95309957094245,0.19945775,0.19945775,16943443,16943443,https://www.infogreffe.com/recherche-entreprise-dirigeants/resultats-entreprise-dirigeants.html?ga_cat=globale&ga_q=K.A.Z.I#phrase=K.A.Z.I,https://www.infogreffe.com/recherche-entreprise-dirigeants/resultats-entreprise-dirigeants.html?ga_cat=globale&ga_q=K.A.Z.I#phrase=K.A.Z.I
0,2014-06-31,KAZI.PA,,2014-06-31,Q2,114744500,55472000,59272500,1.9358808891138386,0.0,33671750,0.0,0.0,2343250.0,110233750,958750.0,5909750.0,11168750,10.27371012870733,4510750.0,25.43800920024386,0.0,4721750.0,24.301265420659714,1421250.0,3379500.0,33.95309957094245,0.19945775,0.19945775,16943443,16943443,https://www.infogreffe.com/recherche-entreprise-dirigeants/resultats-entreprise-dirigeants.html?ga_cat=globale&ga_q=K.A.Z.I#phrase=K.A.Z.I,https://www.infogreffe.com/recherche-entreprise-dirigeants/resultats-entreprise-dirigeants.html?ga_cat=globale&ga_q=K.A.Z.I#phrase=K.A.Z.I
0,2014-03-31,KAZI.PA,,2014-03-31,Q1,114744500,55472000,59272500,1.9358808891138386,0.0,33671750,0.0,0.0,2343250.0,110233750,958750.0,5909750.0,11168750,10.27371012870733,4510750.0,25.43800920024386,0.0,4721750.0,24.301265420659714,1421250.0,3379500.0,33.95309957094245,0.19945775,0.19945775,16943443,16943443,https://www.infogreffe.com/recherche-entreprise-dirigeants/resultats-entreprise-dirigeants.html?ga_cat=globale&ga_q=K.A.Z.I#phrase=K.A.Z.I,https://www.infogreffe.com/recherche-entreprise-dirigeants/resultats-entreprise-dirigeants.html?ga_cat=globale&ga_q=K.A.Z.I#phrase=K.A.Z.I
0,2014-01-31,KAZI.PA,,2014-01-31,Q1,114744500,55472000,59272500,1.9358808891138386,0.0,33671750,0.0,0.0,2343250.0,110233750,958750.0,5909750.0,11168750,10.27371012870733,4510750.0,25.43800920024386,0.0,4721750.0,24.301265420659714,1421250.0,3379500.0,33.95309957094245,0.19945775,0.19945775,16943443,16943443,https://www.infogreffe.com/recherche-entreprise-dirigeants/resultats-entreprise-dirigeants.html?ga_cat=globale&ga_q=K.A.Z.I#phrase=K.A.Z.I,https://www.infogreffe.com/recherche-entreprise-dirigeants/resultats-entreprise-dirigeants.html?ga_cat=globale&ga_q=K.A.Z.I#phrase=K.A.Z.I
0,2013-09-31,KAZI.PA,,2013-09-31,Q3,92983750,44968250,48015500,1.9365361185450531,0.0,28083500,0.0,0.0,2735000.0,90968000,469250.0,4459000.0,11940250,7.7874206988965895,2015750.0,46.12861217908967,0.0,5864250.0,15.856034446007587,785000.0,4863750.0,19.117707530197894,0.23517875,0.231873,20699034,20977448,https://www.infogreffe.com/recherche-entreprise-dirigeants/resultats-entreprise-dirigeants.html?ga_cat=globale&ga_q=K.A.Z.I#phrase=K.A.Z.I,https://www.infogreffe.com/recherche-entreprise-dirigeants/resultats-entreprise-dirigeants.html?ga_cat=globale&ga_q=K.A.Z.I#phrase=K.A.Z.I
0,2013-06-31,KAZI.PA,,2013-06-31,Q2,92983750,44968250,48015500,1.9365361185450531,0.0,28083500,0.0,0.0,2735000.0,90968000,469250.0,4459000.0,11940250,7.7874206988965895,2015750.0,46.12861217908967,0.0,5864250.0,15.856034446007587,785000.0,4863750.0,19.117707530197894,0.23517875,0.231873,20699034,20977448,https://www.infogreffe.com/recherche-entreprise-dirigeants/resultats-entreprise-dirigeants.html?ga_cat=globale&ga_q=K.A.Z.I#phrase=K.A.Z.I,https://www.infogreffe.com/recherche-entreprise-dirigeants/resultats-entreprise-dirigeants.html?ga_cat=globale&ga_q=K.A.Z.I#phrase=K.A.Z.I
0,2013-03-31,KAZI.PA,,2013-03-31,Q1,92983750,44968250,48015500,1.9365361185450531,0.0,28083500,0.0,0.0,2735000.0,90968000,469250.0,4459000.0,11940250,7.7874206988965895,2015750.0,46.12861217908967,0.0,5864250.0,15.856034446007587,785000.0,4863750.0,19.117707530197894,0.23517875,0.231873,20699034,20977448,https://www.infogreffe.com/recherche-entreprise-dirigeants/resultats-entreprise-dirigeants.html?ga_cat=globale&ga_q=K.A.Z.I#phrase=K.A.Z.I,https://www.infogreffe.com/recherche-entreprise-dirigeants/resultats-entreprise-dirigeants.html?ga_cat=globale&ga_q=K.A.Z.I#phrase=K.A.Z.I
0,2013-01-31,KAZI.PA,,2013-01-31,Q1,92983750,44968250,48015500,1.9365361185450531,0.0,28083500,0.0,0.0,2735000.0,90968000,469250.0,4459000.0,11940250,7.7874206988965895,2015750.0,46.12861217908967,0.0,5864250.0,15.856034446007587,785000.0,4863750.0,19.117707530197894,0.23517875,0.231873,20699034,20977448,https://www.infogreffe.com/recherche-entreprise-dirigeants/resultats-entreprise-dirigeants.html?ga_cat=globale&ga_q=K.A.Z.I#phrase=K.A.Z.I,https://www.infogreffe.com/recherche-entreprise-dirigeants/resultats-entreprise-dirigeants.html?ga_cat=globale&ga_q=K.A.Z.I#phrase=K.A.Z.I
0,2012-09-31,KAZI.PA,,2012-09-31,Q3,68864250,55856750,13007500,5.294195656352104,0.0,606750.0,0.0,0.0,0.0,66854000,493000.0,3987250.0,7547250.0,9.124416178078109,2010250.0,34.256560129337146,0.0,2365500.0,29.111921369689284,1281250.0,1084250.0,63.513258012451004,0.051908,0.051908,29302562,29302562,https://www.infogreffe.com/recherche-entreprise-dirigeants/resultats-entreprise-dirigeants.html?ga_cat=globale&ga_q=K.A.Z.I#phrase=K.A.Z.I,https://www.infogreffe.com/recherche-entreprise-dirigeants/resultats-entreprise-dirigeants.html?ga_cat=globale&ga_q=K.A.Z.I#phrase=K.A.Z.I
0,2012-06-31,KAZI.PA,,2012-06-31,Q2,68864250,55856750,13007500,5.294195656352104,0.0,606750.0,0.0,0.0,0.0,66854000,493000.0,3987250.0,7547250.0,9.124416178078109,2010250.0,34.256560129337146,0.0,2365500.0,29.111921369689284,1281250.0,1084250.0,63.513258012451004,0.051908,0.051908,29302562,29302562,https://www.infogreffe.com/recherche-entreprise-dirigeants/resultats-entreprise-dirigeants.html?ga_cat=globale&ga_q=K.A.Z.I#phrase=K.A.Z.I,https://www.infogreffe.com/recherche-entreprise-dirigeants/resultats-entreprise-dirigeants.html?ga_cat=globale&ga_q=K.A.Z.I#phrase=K.A.Z.I
0,2012-03-31,KAZI.PA,,2012-03-31,Q1,68864250,55856750,13007500,5.294195656352104,0.0,606750.0,0.0,0.0,0.0,66854000,493000.0,3987250.0,7547250.0,9.124416178078109,2010250.0,34.256560129337146,0.0,2365500.0,29.111921369689284,1281250.0,1084250.0,63.513258012451004,0.051908,0.051908,29302562,29302562,https://www.infogreffe.com/recherche-entreprise-dirigeants/resultats-entreprise-dirigeants.html?ga_cat=globale&ga_q=K.A.Z.I#phrase=K.A.Z.I,https://www.infogreffe.com/recherche-entreprise-dirigeants/resultats-entreprise-dirigeants.html?ga_cat=globale&ga_q=K.A.Z.I#phrase=K.A.Z.I
0,2012-01-31,KAZI.PA,,2012-01-31,Q1,68864250,55856750,13007500,5.294195656352104,0.0,606750.0,0.0,0.0,0.0,66854000,493000.0,3987250.0,7547250.0,9.124416178078109,2010250.0,34.256560129337146,0.0,2365500.0,29.111921369689284,1281250.0,1084250.0,63.513258012451004,0.051908,0.051908,29302562,29302562,https://www.infogreffe.com/recherche-entreprise-dirigeants/resultats-entreprise-dirigeants.html?ga_cat=globale&ga_q=K.A.Z.I#phrase=K.A.Z.I,https://www.infogreffe.com/recherche-entreprise-dirigeants/resultats-entreprise-dirigeants.html?ga_cat=globale&ga_q=K.A.Z.I#phrase=K.A.Z.I
0,2011-09-31,KAZI.PA,,2011-09-31,Q3,44670250,34385000,10285250,4.343137016601444,0.0,654250.0,0.0,0.0,164750.0,44317500,514250.0,3584500.0,4073000.0,10.967407316474343,352750.0,126.6343019135365,0.0,-25750.0,-1734.7669902912621,-202500.0,176750.0,252.73125884016974,0.0085005,0.0085005,21763585,21763585,https://www.infogreffe.com/recherche-entreprise-dirigeants/resultats-entreprise-dirigeants.html?ga_cat=globale&ga_q=K.A.Z.I#phrase=K.A.Z.I,https://www.infogreffe.com/recherche-entreprise-dirigeants/resultats-entreprise-dirigeants.html?ga_cat=globale&ga_q=K.A.Z.I#phrase=K.A.Z.I
0,2011-06-31,KAZI.PA,,2011-06-31,Q2,44670250,34385000,10285250,4.343137016601444,0.0,654250.0,0.0,0.0,164750.0,44317500,514250.0,3584500.0,4073000.0,10.967407316474343,352750.0,126.6343019135365,0.0,-25750.0,-1734.7669902912621,-202500.0,176750.0,252.73125884016974,0.0085005,0.0085005,21763585,21763585,https://www.infogreffe.com/recherche-entreprise-dirigeants/resultats-entreprise-dirigeants.html?ga_cat=globale&ga_q=K.A.Z.I#phrase=K.A.Z.I,https://www.infogreffe.com/recherche-entreprise-dirigeants/resultats-entreprise-dirigeants.html?ga_cat=globale&ga_q=K.A.Z.I#phrase=K.A.Z.I
0,2011-03-31,KAZI.PA,,2011-03-31,Q1,44670250,34385000,10285250,4.343137016601444,0.0,654250.0,0.0,0.0,164750.0,44317500,514250.0,3584500.0,4073000.0,10.967407316474343,352750.0,126.6343019135365,0.0,-25750.0,-1734.7669902912621,-202500.0,176750.0,252.73125884016974,0.0085005,0.0085005,21763585,21763585,https://www.infogreffe.com/recherche-entreprise-dirigeants/resultats-entreprise-dirigeants.html?ga_cat=globale&ga_q=K.A.Z.I#phrase=K.A.Z.I,https://www.infogreffe.com/recherche-entreprise-dirigeants/resultats-entreprise-dirigeants.html?ga_cat=globale&ga_q=K.A.Z.I#phrase=K.A.Z.I
0,2011-01-31,KAZI.PA,,2011-01-31,Q1,44670250,34385000,10285250,4.343137016601444,0.0,654250.0,0.0,0.0,164750.0,44317500,514250.0,3584500.0,4073000.0,10.967407316474343,352750.0,126.6343019135365,0.0,-25750.0,-1734.7669902912621,-202500.0,176750.0,252.73125884016974,0.0085005,0.0085005,21763585,21763585,https://www.infogreffe.com/recherche-entreprise-dirigeants/resultats-entreprise-dirigeants.html?ga_cat=globale&ga_q=K.A.Z.I#phrase=K.A.Z.I,https://www.infogreffe.com/recherche-entreprise-dirigeants/resultats-entreprise-dirigeants.html?ga_cat=globale&ga_q=K.A.Z.I#phrase=K.A.Z.I
0,2010-09-31,KAZI.PA,,2010-09-31,Q3,42535500,31721500,10814000,3.9333734048455704,0.0,679500.0,0.0,0.0,428000.0,42032500,522500.0,3463750.0,4445500.0,9.56821504892588,503000.0,84.56361829025845,0.0,459250.0,92.619488296135,-70250.0,529500.0,80.3314447592068,0.027233,0.027233,29302562,29302562,https://www.infogreffe.com/recherche-entreprise-dirigeants/resultats-entreprise-dirigeants.html?ga_cat=globale&ga_q=K.A.Z.I#phrase=K.A.Z.I,https://www.infogreffe.com/recherche-entreprise-dirigeants/resultats-entreprise-dirigeants.html?ga_cat=globale&ga_q=K.A.Z.I#phrase=K.A.Z.I
0,2010-06-31,KAZI.PA,,2010-06-31,Q2,42535500,31721500,10814000,3.9333734048455704,0.0,679500.0,0.0,0.0,428000.0,42032500,522500.0,3463750.0,4445500.0,9.56821504892588,503000.0,84.56361829025845,0.0,459250.0,92.619488296135,-70250.0,529500.0,80.3314447592068,0.027233,0.027233,29302562,29302562,https://www.infogreffe.com/recherche-entreprise-dirigeants/resultats-entreprise-dirigeants.html?ga_cat=globale&ga_q=K.A.Z.I#phrase=K.A.Z.I,https://www.infogreffe.com/recherche-entreprise-dirigeants/resultats-entreprise-dirigeants.html?ga_cat=globale&ga_q=K.A.Z.I#phrase=K.A.Z.I
0,2010-03-31,KAZI.PA,,2010-03-31,Q1,42535500,31721500,10814000,3.9333734048455704,0.0,679500.0,0.0,0.0,428000.0,42032500,522500.0,3463750.0,4445500.0,9.56821504892588,503000.0,84.56361829025845,0.0,459250.0,92.619488296135,-70250.0,529500.0,80.3314447592068,0.027233,0.027233,29302562,29302562,https://www.infogreffe.com/recherche-entreprise-dirigeants/resultats-entreprise-dirigeants.html?ga_cat=globale&ga_q=K.A.Z.I#phrase=K.A.Z.I,https://www.infogreffe.com/recherche-entreprise-dirigeants/resultats-entreprise-dirigeants.html?ga_cat=globale&ga_q=K.A.Z.I#phrase=K.A.Z.I
0,2010-01-31,KAZI.PA,,2010-01-31,Q1,42535500,31721500,10814000,3.9333734048455704,0.0,679500.0,0.0,0.0,428000.0,42032500,522500.0,3463750.0,4445500.0,9.56821504892588,503000.0,84.56361829025845,0.0,459250.0,92.619488296135,-70250.0,529500.0,80.3314447592068,0.027233,0.027233,29302562,29302562,https://www.infogreffe.com/recherche-entreprise-dirigeants/resultats-entreprise-dirigeants.html?ga_cat=globale&ga_q=K.A.Z.I#phrase=K.A.Z.I,https://www.infogreffe.com/recherche-entreprise-dirigeants/resultats-entreprise-dirigeants.html?ga_cat=globale&ga_q=K.A.Z.I#phrase=K.A.Z.I
0,2009-09-31,KAZI.PA,,2009-09-31,Q3,32629000,16225500,16403500,1.9891486572987471,0.0,7385500.0,0.0,147750.0,647250.0,31345750,0.0,2379250.0,3662500.0,8.908941979522185,1283250.0,25.426845899084356,0.0,1112750.0,29.322848798022918,273500.0,833000.0,39.17046818727491,0.0410855,0.0410855,20425559,20425559,https://www.infogreffe.com/recherche-entreprise-dirigeants/resultats-entreprise-dirigeants.html?ga_cat=globale&ga_q=K.A.Z.I#phrase=K.A.Z.I,https://www.infogreffe.com/recherche-entreprise-dirigeants/resultats-entreprise-dirigeants.html?ga_cat=globale&ga_q=K.A.Z.I#phrase=K.A.Z.I
0,2009-06-31,KAZI.PA,,2009-06-31,Q2,32629000,16225500,16403500,1.9891486572987471,0.0,7385500.0,0.0,147750.0,647250.0,31345750,0.0,2379250.0,3662500.0,8.908941979522185,1283250.0,25.426845899084356,0.0,1112750.0,29.322848798022918,273500.0,833000.0,39.17046818727491,0.0410855,0.0410855,20425559,20425559,https://www.infogreffe.com/recherche-entreprise-dirigeants/resultats-entreprise-dirigeants.html?ga_cat=globale&ga_q=K.A.Z.I#phrase=K.A.Z.I,https://www.infogreffe.com/recherche-entreprise-dirigeants/resultats-entreprise-dirigeants.html?ga_cat=globale&ga_q=K.A.Z.I#phrase=K.A.Z.I
0,2009-03-31,KAZI.PA,,2009-03-31,Q1,32629000,16225500,16403500,1.9891486572987471,0.0,7385500.0,0.0,147750.0,647250.0,31345750,0.0,2379250.0,3662500.0,8.908941979522185,1283250.0,25.426845899084356,0.0,1112750.0,29.322848798022918,273500.0,833000.0,39.17046818727491,0.0410855,0.0410855,20425559,20425559,https://www.infogreffe.com/recherche-entreprise-dirigeants/resultats-entreprise-dirigeants.html?ga_cat=globale&ga_q=K.A.Z.I#phrase=K.A.Z.I,https://www.infogreffe.com/recherche-entreprise-dirigeants/resultats-entreprise-dirigeants.html?ga_cat=globale&ga_q=K.A.Z.I#phrase=K.A.Z.I
0,2009-01-31,KAZI.PA,,2009-01-31,Q1,32629000,16225500,16403500,1.9891486572987471,0.0,7385500.0,0.0,147750.0,647250.0,31345750,0.0,2379250.0,3662500.0,8.908941979522185,1283250.0,25.426845899084356,0.0,1112750.0,29.322848798022918,273500.0,833000.0,39.17046818727491,0.0410855,0.0410855,20425559,20425559,https://www.infogreffe.com/recherche-entreprise-dirigeants/resultats-entreprise-dirigeants.html?ga_cat=globale&ga_q=K.A.Z.I#phrase=K.A.Z.I,https://www.infogreffe.com/recherche-entreprise-dirigeants/resultats-entreprise-dirigeants.html?ga_cat=globale&ga_q=K.A.Z.I#phrase=K.A.Z.I
0,2008-09-31,KAZI.PA,,2008-09-31,Q3,32900500,15596250,17304250,1.901295924411633,0.0,6600250.0,0.0,142250.0,972500.0,29936500,0.0,2344250.0,5447000.0,6.04011382412337,2964000.0,11.100033738191632,0.0,2049500.0,16.05293974140034,608250.0,1441250.0,22.827753686036427,0.070837,0.055725,20381356,25845043,https://www.infogreffe.com/recherche-entreprise-dirigeants/resultats-entreprise-dirigeants.html?ga_cat=globale&ga_q=K.A.Z.I#phrase=K.A.Z.I,https://www.infogreffe.com/recherche-entreprise-dirigeants/resultats-entreprise-dirigeants.html?ga_cat=globale&ga_q=K.A.Z.I#phrase=K.A.Z.I
0,2008-06-31,KAZI.PA,,2008-06-31,Q2,32900500,15596250,17304250,1.901295924411633,0.0,6600250.0,0.0,142250.0,972500.0,29936500,0.0,2344250.0,5447000.0,6.04011382412337,2964000.0,11.100033738191632,0.0,2049500.0,16.05293974140034,608250.0,1441250.0,22.827753686036427,0.070837,0.055725,20381356,25845043,https://www.infogreffe.com/recherche-entreprise-dirigeants/resultats-entreprise-dirigeants.html?ga_cat=globale&ga_q=K.A.Z.I#phrase=K.A.Z.I,https://www.infogreffe.com/recherche-entreprise-dirigeants/resultats-entreprise-dirigeants.html?ga_cat=globale&ga_q=K.A.Z.I#phrase=K.A.Z.I
0,2008-03-31,KAZI.PA,,2008-03-31,Q1,32900500,15596250,17304250,1.901295924411633,0.0,6600250.0,0.0,142250.0,972500.0,29936500,0.0,2344250.0,5447000.0,6.04011382412337,2964000.0,11.100033738191632,0.0,2049500.0,16.05293974140034,608250.0,1441250.0,22.827753686036427,0.070837,0.055725,20381356,25845043,https://www.infogreffe.com/recherche-entreprise-dirigeants/resultats-entreprise-dirigeants.html?ga_cat=globale&ga_q=K.A.Z.I#phrase=K.A.Z.I,https://www.infogreffe.com/recherche-entreprise-dirigeants/resultats-entreprise-dirigeants.html?ga_cat=globale&ga_q=K.A.Z.I#phrase=K.A.Z.I
0,2008-01-31,KAZI.PA,,2008-01-31,Q1,32900500,15596250,17304250,1.901295924411633,0.0,6600250.0,0.0,142250.0,972500.0,29936500,0.0,2344250.0,5447000.0,6.04011382412337,2964000.0,11.100033738191632,0.0,2049500.0,16.05293974140034,608250.0,1441250.0,22.827753686036427,0.070837,0.055725,20381356,25845043,https://www.infogreffe.com/recherche-entreprise-dirigeants/resultats-entreprise-dirigeants.html?ga_cat=globale&ga_q=K.A.Z.I#phrase=K.A.Z.I,https://www.infogreffe.com/recherche-entreprise-dirigeants/resultats-entreprise-dirigeants.html?ga_cat=globale&ga_q=K.A.Z.I#phrase=K.A.Z.I
