,date,symbol,fillingDate,acceptedDate,period,revenue,costOfRevenue,grossProfit,grossProfitRatio,researchAndDevelopmentExpenses,generalAndAdministrativeExpenses,sellingAndMarketingExpenses,otherExpenses,operatingExpenses,costAndExpenses,interestExpense,depreciationAndAmortization,ebitda,ebitdaratio,operatingIncome,operatingIncomeRatio,totalOtherIncomeExpensesNet,incomeBeforeTax,incomeBeforeTaxRatio,incomeTaxExpense,netIncome,netIncomeRatio,eps,epsdiluted,weightedAverageShsOut,weightedAverageShsOutDil,link,finalLink
0,2020-10-31,DKS,2020-11-25,2020-11-25 11:52:39,Q3,1078884000,456038000,622846000,0.5773058085948072,0.0,187896000,0.0,-17268000,187896000,643934000,-4724000.0,153585000,585851000,0.5430157459003934,432266000,0.40066031195198,-17268000,444810000,0.4122871411569733,124172000,320638000,0.29719413764593783,3.6097313849548556,3.6097313849548556,88826000,88826000,https://www.sec.gov/Archives/edgar/data/1089063/000108906320000145/0001089063-20-000145-index.htm,https://www.sec.gov/Archives/edgar/data/1089063/000108906320000145/dks-20201031.htm
0,2020-08-01,DKS,2020-08-26 00:00:00,2020-08-26 15:32:14,Q2,2713372000,1776497000,936875000,0.345281,0.0,545518000,0.0,0.0,545517999.9999998,2322015000,14682000,76673999.99999999,482539000,0.177837,391357000,0.144233,14508000,391183000,0.144169,114340000,276843000,0.102029,3.11669,3.11669,88826000,88826000,https://www.sec.gov/Archives/edgar/data/1089063/000108906320000097/0001089063-20-000097-index.htm,https://www.sec.gov/Archives/edgar/data/1089063/000108906320000097/dks-20200801.htm
0,2020-05-02,DKS,2020-06-03,2020-06-03 14:01:07,Q1,1333228000,1113900000,219328000,0.16450899621070064,0.0,405501000,0.0,13522000,405501000,1519401000,8045000.0,86081000,-113614000,-0.085217,-186173000,-0.139641,-13522000,-207740000,-0.155817,-64318000,-143422000,-0.107575,-1.71283,-1.71283,83734000,83734000,https://www.sec.gov/Archives/edgar/data/1089063/000108906320000079/0001089063-20-000079-index.htm,https://www.sec.gov/Archives/edgar/data/1089063/000108906320000079/dks-20200502.htm
0,2020-02-01,DKS,2020-03-20 00:00:00,2020-03-20 12:36:04,Q4,2608650000,1875614000,733036000,0.281002,0.0,576424000,0.0,10340000,634123999.9999998,2509738000,4103000.0,69295999.99999999,173192000,0.066391,98912000,0.037917,4984000.0,99793000,0.038255,29974000,69819000,0.026764,0.81304,0.81304,85874000,85874000,https://www.sec.gov/Archives/edgar/data/1089063/000108906320000014/0001089063-20-000014-index.html,https://www.sec.gov/Archives/edgar/data/1089063/000108906320000014/dks-20200201.htm
0,2019-11-02,DKS,2019-11-26 00:00:00,2019-11-26 17:17:15,Q3,1962204000,1381562000,580642000,0.295913,0.0,535017000,0.0,-10340000,501238000.00000006,1882800000,4278000.0,72440999.99999997,153864999.99999997,0.078414,79404000,0.040467,2020000.0,77146000,0.039316,19562000,57584000,0.029347,0.66493,0.66493,86601000,86601000,https://www.sec.gov/Archives/edgar/data/1089063/000108906319000083/0001089063-19-000083-index.html,https://www.sec.gov/Archives/edgar/data/1089063/000108906319000083/dks-20191102x10q.htm
0,2019-08-03,DKS,2019-08-29 00:00:00,2019-08-29 10:00:15,Q2,2259212000,1582141000,677071000,0.299693,0.0,522068000,0.0,6738000.0,522067999.9999998,2104208999.9999998,5550000.0,46107000.00000001,202692000,0.089718,155003000,0.068609,1582000.0,151035000,0.066853,38501000,112534000,0.049811,1.25877,1.25877,89400000,89400000,https://www.sec.gov/Archives/edgar/data/1089063/000108906319000064/0001089063-19-000064-index.html,https://www.sec.gov/Archives/edgar/data/1089063/000108906319000064/dks-20190803x10q.htm
0,2019-05-04,DKS,2019-05-30 00:00:00,2019-05-30 17:07:17,Q1,1920677000,1356868000,563809000,0.293547,0.0,487736000,0.0,-6738000.0,487736000.0000001,1844604000,3081000.0,82604000,165415000,0.086123,76073000,0.039607,6738000.0,79730000,0.041511,22205000,57525000,0.02995,0.60945,0.60945,94388000,94388000,https://www.sec.gov/Archives/edgar/data/1089063/000108906319000045/0001089063-19-000045-index.html,https://www.sec.gov/Archives/edgar/data/1089063/000108906319000045/dks-20190504x10q.htm
0,2019-02-02,DKS,2019-03-29 00:00:00,2019-03-29 13:09:53,Q4,2492090000,1797511000,694579000,0.278713,0.0,552570000,0.0,3798000.0,552570000.0000002,2350081000,1936000.0,65093000.00000002,203304000.00000003,0.08158,142009000,0.056984,-3798000.0,136275000,0.054683,33720000,102555000,0.041152,1.07399,1.07399,95490000,95490000,https://www.sec.gov/Archives/edgar/data/1089063/000108906319000017/0001089063-19-000017-index.html,https://www.sec.gov/Archives/edgar/data/1089063/000108906319000017/dks-10k_20190202.htm
0,2018-11-03,DKS,2018-11-29 00:00:00,2018-11-29 15:58:04,Q3,1857273000,1333719000,523554000,0.281894,0.0,470688000,0.0,-1233000.0,470687999.9999999,1804407000,2606000.0,58637000,111435000,0.059999,52866000,0.028464,-68000.0,50192000,0.027025,12365000,37827000,0.020367,0.38642,0.38642,97890000,97890000,https://www.sec.gov/Archives/edgar/data/1089063/000108906318000086/0001089063-18-000086-index.html,https://www.sec.gov/Archives/edgar/data/1089063/000108906318000086/dks-20181103x10q.htm
0,2018-08-04,DKS,2018-08-30 00:00:00,2018-08-30 15:59:57,Q2,2177500000,1518200000,659300000,0.302778,0.0,496800000,0.0,-886000.0,496799999.99999994,2015000000,3050000.0,63699999.99999999,228450000,0.104914,162500000,0.074627,2200000.0,161700000,0.074259,42300000,119400000,0.054834,1.1988,1.1988,99600000,99600000,https://www.sec.gov/Archives/edgar/data/1089063/000108906318000076/0001089063-18-000076-index.html,https://www.sec.gov/Archives/edgar/data/1089063/000108906318000076/dks-20180804x10q.htm
0,2018-05-05,DKS,2018-05-31 00:00:00,2018-05-31 16:07:16,Q1,1909700000,1349400000,560400000,0.293449,0.0,473000000,0.0,886000.0,473000000,1822400000,2656000.0,56400000,142856000,0.074805,87300000,0.045714,-900000.0,83800000,0.043881,23700000,60100000,0.031471,0.58806,0.58806,102200000,102200000,https://www.sec.gov/Archives/edgar/data/1089063/000108906318000069/0001089063-18-000069-index.html,https://www.sec.gov/Archives/edgar/data/1089063/000108906318000069/dks-20180505x10q.htm
0,2018-02-03,DKS,2018-03-30 00:00:00,2018-03-30 11:36:24,Q4,2664100000,1888300000,775900000,0.291243,0.0,597500000,0.0,-31810000,597500000.0000002,2485800000,1728000.0,71199999.99999999,252528000,0.094789,178300000,0.066927,3700000.0,180300000,0.067678,63600000,116000000,0.043542,1.11111,1.11111,104400000,104400000,https://www.sec.gov/Archives/edgar/data/1089063/000108906318000029/0001089063-18-000029-index.html,https://www.sec.gov/Archives/edgar/data/1089063/000108906318000029/dks-10k_20180203.htm
0,2017-10-28,DKS,2017-11-22 00:00:00,2017-11-22 10:57:57,Q3,1944200000,1410100000,534100000,0.274715,0.0,484100000,0.0,0.0,484100000.0000001,1894200000.0000002,2839000.0,57400000.00000001,118139000,0.060765,50000000,0.025718,10800000,57900000,0.029781,21000000,36900000,0.01898,0.34877,0.34877,105800000,105800000,https://www.sec.gov/Archives/edgar/data/1089063/000108906317000082/0001089063-17-000082-index.html,https://www.sec.gov/Archives/edgar/data/1089063/000108906317000082/dks-20171028x10q.htm
0,2017-07-29,DKS,2017-08-24 00:00:00,2017-08-24 14:41:24,Q2,2156900000,1519700000,637200000,0.295424,0.0,470900000,0.0,0.0,466000000,1985700000,2216000.0,56099999.99999999,229816000,0.106549,171200000,0.079373,2500000.0,171400000,0.079466,59100000,112400000,0.052112,1.03404,1.03404,108700000,108700000,https://www.sec.gov/Archives/edgar/data/1089063/000108906317000072/0001089063-17-000072-index.html,https://www.sec.gov/Archives/edgar/data/1089063/000108906317000072/dks-20170729x10q.htm
0,2017-04-29,DKS,2017-05-25 00:00:00,2017-05-25 15:01:36,Q1,1825300000,1283400000,541900000,0.296883,0.0,451800000,0.0,0.0,451799999.99999994,1735200000,1264000.0,53000000,145964000,0.079967,90100000,0.049362,2900000.0,91700000,0.050238,33500000,58200000,0.031885,0.52244,0.52244,111400000,111400000,https://www.sec.gov/Archives/edgar/data/1089063/000108906317000056/0001089063-17-000056-index.html,https://www.sec.gov/Archives/edgar/data/1089063/000108906317000056/dks-20170429x10q.htm
0,2017-01-28,DKS,2017-03-24 00:00:00,2017-03-24 14:45:13,Q4,2483400000,1763700000,719800000,0.289845,0.0,581500000,0.0,-6649000.0,581499999.9999998,2345200000,1842000.0,84700000.00000001,229542000.00000003,0.092431,138200000,0.05565,6600000.0,143000000,0.057582,52800000,90200000,0.036321,0.80824,0.80824,111600000,111600000,https://www.sec.gov/Archives/edgar/data/1089063/000108906317000010/0001089063-17-000010-index.html,https://www.sec.gov/Archives/edgar/data/1089063/000108906317000010/dks-10k_20170128.htm
0,2016-10-29,DKS,2016-11-21 00:00:00,2016-11-21 16:57:23,Q3,1810300000,1257500000,552800000,0.305364,0.0,479100000,0.0,-3778000.0,479099999.9999999,1736600000,1265000.0,52599999.99999999,130165000,0.071902,73800000,0.040767,3800000.0,76300000,0.042148,27400000,48900000,0.027012,0.43739,0.43739,111800000,111800000,https://www.sec.gov/Archives/edgar/data/1089063/000108906316000182/0001089063-16-000182-index.html,https://www.sec.gov/Archives/edgar/data/1089063/000108906316000182/dks-20161029x10q.htm
0,2016-07-30,DKS,2016-08-25,2016-08-25 16:49:23,Q2,1967900000,1370500000,597400000,0.303572,0.0,450200000,0.0,-3997000.0,450200000.00000006,1820700000,1618000.0,48500000,197618000,0.100421,147200000,0.074801,1900000.0,147500000,0.074953,56100000,91400000,0.046445,0.81534,0.81534,112100000,112100000,https://www.sec.gov/Archives/edgar/data/1089063/000108906316000169/dks-20160730x10q.htm,https://www.sec.gov/Archives/edgar/data/1089063/000108906316000169/dks-20160730x10q.htm
0,2016-04-30,DKS,2016-05-25 00:00:00,2016-05-25 16:48:02,Q1,1660300000,1164500000,495800000,0.298621,0.0,405100000,0.0,0.0,405099999.9999999,1569600000,1131000.0,48000000,140831000,0.084823,90700000,0.054629,2100000.0,91600000,0.055171,34800000,56900000,0.034271,0.50221,0.50221,113300000,113300000,https://www.sec.gov/Archives/edgar/data/1089063/000108906316000149/0001089063-16-000149-index.html,https://www.sec.gov/Archives/edgar/data/1089063/000108906316000149/dks-20160430x10q.htm
0,2016-01-30,DKS,2016-03-25 00:00:00,2016-03-25 11:09:43,Q4,2240100000,1568100000,672000000,0.299987,0.0,464200000,0.0,1117000.0,464200000.00000006,2032300000,1462000.0,56900000.00000001,263562000,0.117656,207800000,0.092764,-1100000.0,205200000,0.091603,76200000,129000000,0.057587,1.13158,1.13158,114000000,114000000,https://www.sec.gov/Archives/edgar/data/1089063/000108906316000107/0001089063-16-000107-index.html,https://www.sec.gov/Archives/edgar/data/1089063/000108906316000107/dks-10k_20160130.htm
0,2015-10-31,DKS,2015-11-25 00:00:00,2015-11-25 09:54:48,Q3,1642600000,1154300000,488400000,0.297333,0.0,411300000,0.0,1185000.0,411200000.00000006,1565500000,1076000.0,46099999.99999999,121976000,0.074258,77100000,0.046938,-1200000.0,74800000,0.045538,27600000,47200000,0.028735,0.40515,0.40515,116500000,116500000,https://www.sec.gov/Archives/edgar/data/1089063/000108906315000086/0001089063-15-000086-index.html,https://www.sec.gov/Archives/edgar/data/1089063/000108906315000086/dks-20151031x10q.htm
0,2015-08-01,DKS,2015-08-27 00:00:00,2015-08-27 16:24:39,Q2,1823000000,1269400000,553600000,0.303675,0.0,405200000,0.0,-1997000.0,405199999.9999998,1674599999.9999998,840000.0,47999999.99999999,196240000,0.107647,148400000,0.081404,-200000.0,147400000,0.080856,56600000,90800000,0.049808,0.7708,0.7708,117800000,117800000,https://www.sec.gov/Archives/edgar/data/1089063/000108906315000077/0001089063-15-000077-index.html,https://www.sec.gov/Archives/edgar/data/1089063/000108906315000077/dks-20150801x10q.htm
0,2015-05-02,DKS,2015-05-28 00:00:00,2015-05-28 14:02:55,Q1,1565300000,1096300000,469000000,0.299623,0.0,367100000,0.0,0.0,367100000.0000001,1463400000.0000002,634000.0,42600000,146634000,0.093678,101900000,0.065099,2200000.0,103400000,0.066058,40100000,63300000,0.04044,0.53238,0.53238,118900000,118900000,https://www.sec.gov/Archives/edgar/data/1089063/000108906315000061/0001089063-15-000061-index.html,https://www.sec.gov/Archives/edgar/data/1089063/000108906315000061/dks-20150502x10q.htm
0,2015-01-31,DKS,2015-03-27,2015-03-27 12:11:31,Q4,2160000000,1468800000,691300000,0.320046,0.0,440800000,0.0,0.0,440700000.00000006,1909500000,985000.0,48400000.00000001,299185000,0.138512,250500000,0.115972,300000.0,249800000,0.115648,94300000,155500000,0.071991,1.298,1.298,119800000,119800000,https://www.sec.gov/Archives/edgar/data/1089063/000108906315000020/dks-10k_20150131.htm,https://www.sec.gov/Archives/edgar/data/1089063/000108906315000020/dks-10k_20150131.htm
0,2014-11-01,DKS,2014-11-26 00:00:00,2014-11-26 15:50:33,Q3,1526700000,1074700000,452000000,0.296063,0.0,372000000,0.0,0.0,372000000,1446700000,858000.0,41200000,121558000,0.079621,79900000,0.052335,500000.0,79600000,0.052139,30300000,49200000,0.032226,0.41,0.41,120000000,120000000,https://www.sec.gov/Archives/edgar/data/1089063/000108906314000124/0001089063-14-000124-index.html,https://www.sec.gov/Archives/edgar/data/1089063/000108906314000124/dks-20141101x10q.htm
0,2014-08-02,DKS,2014-08-28 00:00:00,2014-08-28 14:47:26,Q2,1688900000,1186300000,502600000,0.29759,0.0,391000000,0.0,0.0,391000000,1577300000,762000.0,52900000,166462000,0.098562,111600000,0.066079,2000000.0,112800000,0.066789,43300000,69500000,0.041151,0.58159,0.58159,119500000,119500000,https://www.sec.gov/Archives/edgar/data/1089063/000108906314000102/0001089063-14-000102-index.html,https://www.sec.gov/Archives/edgar/data/1089063/000108906314000102/dks-20140802x10q.htm
0,2014-05-03,DKS,2014-05-29 00:00:00,2014-05-29 16:37:32,Q1,1438900000,998000000,440900000,0.306415,0.0,328800000,0.0,0.0,328799999.99999994,1326800000,610000.0,36900000,151410000,0.105226,112100000,0.077907,2400000.0,113800000,0.079088,43900000,70000000,0.048648,0.57283,0.57283,122200000,122200000,https://www.sec.gov/Archives/edgar/data/1089063/000108906314000084/0001089063-14-000084-index.html,https://www.sec.gov/Archives/edgar/data/1089063/000108906314000084/dks-20140503x10q.htm
0,2014-02-01,DKS,2014-03-28,2014-03-28 16:21:51,Q4,1947400000,1319400000,628100000,0.322533,0.0,405000000,0.0,-12224000,405000000,1724400000,848000.0,41500000,266048000,0.136617,223000000,0.114512,1500000.0,223700000,0.114871,85100000,138600000,0.071172,1.10703,1.10703,125200000,125200000,https://www.sec.gov/Archives/edgar/data/1089063/000108906314000046/dks-20140201x10k.htm,https://www.sec.gov/Archives/edgar/data/1089063/000108906314000046/dks-20140201x10k.htm
0,2013-11-02,DKS,2013-11-27 00:00:00,2013-11-27 12:59:12,Q3,1400600000,975700000,424900000,0.30337,0.0,345800000,0.0,7940000.0,345899999.9999999,1321599999.9999998,696000.0,37100000.00000001,118896000.00000001,0.084889,79100000,0.056476,2700000.0,81100000,0.057904,31100000,50000000,0.035699,0.39746,0.39746,125800000,125800000,https://www.sec.gov/Archives/edgar/data/1089063/000108906313000025/0001089063-13-000025-index.html,https://www.sec.gov/Archives/edgar/data/1089063/000108906313000025/dks-20131102x10q.htm
0,2013-08-03,DKS,2013-08-30 00:00:00,2013-08-30 12:19:04,Q2,1531400000,1052100000,479300000,0.312982,0.0,342200000,0.0,-7940000.0,342200000.00000006,1394300000,716000.0,43500000,182416000,0.119117,137100000,0.089526,1700000.0,138100000,0.090179,54000000,84200000,0.054982,0.67038,0.67038,125600000,125600000,https://www.sec.gov/Archives/edgar/data/1089063/000108906313000012/0001089063-13-000012-index.html,https://www.sec.gov/Archives/edgar/data/1089063/000108906313000012/dks-2013803x10q.htm
0,2013-05-04,DKS,2013-05-31 00:00:00,2013-05-31 11:12:55,Q1,1333700000,922000000,411700000,0.30869,0.0,314000000,0.0,0.0,314099999.9999999,1236100000,669000.0,32800000,136569000,0.102399,97600000,0.07318,6200000.0,103200000,0.077379,38300000,64800000,0.048587,0.51469,0.51469,125900000,125900000,https://www.sec.gov/Archives/edgar/data/1089063/000110465913046017/0001104659-13-046017-index.html,https://www.sec.gov/Archives/edgar/data/1089063/000110465913046017/a13-10028_110q.htm
0,2013-02-02,DKS,2013-03-22 00:00:00,2013-03-22 14:25:31,Q4,1805300000,1216700000,588700000,0.326095,0.0,377500000,0.0,-1632000.0,377500000,1594200000,725000.0,36500000,249325000,0.138107,211100000,0.116933,1600000.0,212000000,0.117432,82300000,129800000,0.071899,1.05528,1.05528,123000000,123000000,https://www.sec.gov/Archives/edgar/data/1089063/000104746913003238/0001047469-13-003238-index.html,https://www.sec.gov/Archives/edgar/data/1089063/000104746913003238/a2213667z10-k.htm
0,2012-10-27,DKS,2012-11-21 00:00:00,2012-11-21 12:45:50,Q3,1312100000,905900000,406100000,0.309504,0.0,323900000,0.0,-1112000.0,324000000.0000001,1229900000,860000.0,30499999.999999993,113760000,0.086701,82200000,0.062648,1100000.0,82400000,0.0628,32300000,50100000,0.038183,0.39793,0.39793,125900000,125900000,https://www.sec.gov/Archives/edgar/data/1089063/000110465912079546/0001104659-12-079546-index.html,https://www.sec.gov/Archives/edgar/data/1089063/000110465912079546/a12-19502_110q.htm
0,2012-07-28,DKS,2012-08-23 00:00:00,2012-08-23 17:14:26,Q2,1437000000,989300000,447800000,0.311621,0.0,313100000,0.0,-1811000.0,345500000,1334800000,1000000.0,30400000.000000004,132700000,0.092345,102300000,0.07119,-100000.0,101200000,0.070424,47600000,53700000,0.03737,0.43133,0.43133,124500000,124500000,https://www.sec.gov/Archives/edgar/data/1089063/000110465912059855/0001104659-12-059855-index.html,https://www.sec.gov/Archives/edgar/data/1089063/000110465912059855/a12-16583_110q.htm
0,2012-04-28,DKS,2012-05-24,2012-05-24 17:00:58,Q1,1281700000,887100000,394600000,0.307872,0.0,298900000,0.0,0.0,298900000,1186000000,3449000.0,27700000,125349000,0.097799,95700000,0.074666,1900000.0,94200000,0.073496,37000000,57200000,0.044628,0.45039,0.45039,127000000,127000000,https://www.sec.gov/Archives/edgar/data/1089063/000104746912002799/a2208040z10-k.htm,https://www.sec.gov/Archives/edgar/data/1089063/000104746912002799/a2208040z10-k.htm
0,2012-01-28,DKS,2012-03-16 00:00:00,2012-03-16 08:02:46,Q4,1611600000,1098800000,512800000,0.318193,0.0,328400000,0.0,-951000.0,328400000.0000001,1427200000,3364000.0,33000000,218264000,0.135433,184300000,0.114358,1000000.0,181900000,0.112869,70800000,111100000,0.068938,0.87965,0.87965,126300000,126300000,https://www.sec.gov/Archives/edgar/data/1089063/000104746912002799/0001047469-12-002799-index.html,https://www.sec.gov/Archives/edgar/data/1089063/000104746912002799/a2208040z10-k.htm
0,2011-10-29,DKS,2011-11-23 00:00:00,2011-11-23 09:35:43,Q3,1179700000,829100000,350600000,0.297194,0.0,281200000,0.0,1568000.0,278999999.9999999,1108100000,3540000.0,28299999.999999996,98340000,0.08336,71600000,0.060693,-1600000.0,66500000,0.05637,25000000,41500000,0.035178,0.33041,0.33041,125600000,125600000,https://www.sec.gov/Archives/edgar/data/1089063/000110465911065931/0001104659-11-065931-index.html,https://www.sec.gov/Archives/edgar/data/1089063/000110465911065931/a11-26145_110q.htm
0,2011-07-30,DKS,2011-08-24 00:00:00,2011-08-24 13:49:40,Q2,1306700000,905600000,401100000,0.306956,0.0,289400000,0.0,-591000.0,289400000,1195000000,6964000.0,27900000,156364000,0.119663,111700000,0.085483,-500000.0,121600000,0.093059,47700000,73800000,0.056478,0.58665,0.58665,125800000,125800000,https://www.sec.gov/Archives/edgar/data/1089063/000110465911048479/0001104659-11-048479-index.html,https://www.sec.gov/Archives/edgar/data/1089063/000110465911048479/a11-20914_110q.htm
0,2011-04-30,DKS,2011-05-23 00:00:00,2011-05-23 15:04:29,Q1,1113800000,783400000,330400000,0.296642,0.0,266000000,0.0,0.0,266000000.0000001,1049400000.0000001,-3500000.0,27400000,86000000,0.077213,64400000,0.05782,1100000.0,62100000,0.055755,24600000,37500000,0.033669,0.29904,0.29904,125400000,125400000,https://www.sec.gov/Archives/edgar/data/1089063/000095012311052955/0000950123-11-052955-index.html,https://www.sec.gov/Archives/edgar/data/1089063/000095012311052955/l42606e10vq.htm
0,2011-01-29,DKS,2011-03-18,2011-03-18 14:13:01,Q4,1518900000,1039300000,479600000,0.315755,0.0,333600000,0.0,-2278000.0,333600000.0000001,1372900000.0000002,-3500000.0,30100000.00000001,170200000,0.112055,146000000,0.096122,1100000.0,143600000,0.094542,56100000,87500000,0.057607,0.70508,0.70508,124100000,124100000,https://www.sec.gov/Archives/edgar/data/1089063/000095012311026789/l41587e10vk.htm,https://www.sec.gov/Archives/edgar/data/1089063/000095012311026789/l41587e10vk.htm
0,2010-10-30,DKS,2010-11-23 00:00:00,2010-11-23 16:31:30,Q3,1079000000,771900000,307100000,0.284615,0.0,278900000,0.0,43000.0,278900000,1050800000,-3500000.0,28099999.999999993,50499999.99999999,0.046803,28200000,0.026135,1200000.0,25900000,0.024004,9000000.0,16900000,0.015663,0.13921,0.13921,121400000,121400000,https://www.sec.gov/Archives/edgar/data/1089063/000095012310108261/0000950123-10-108261-index.html,https://www.sec.gov/Archives/edgar/data/1089063/000095012310108261/l40960e10vq.htm
0,2010-07-31,DKS,2010-08-27 00:00:00,2010-08-27 11:22:45,Q2,1226100000,865900000,360100000,0.293695,0.0,272100000,0.0,-43000.0,272100000,1138000000,-47328000,26300000.000000004,62872000.00000001,0.051278,88100000,0.071854,-600000.0,83900000,0.068428,32400000,51500000,0.042003,0.42562,0.42562,121000000,121000000,https://www.sec.gov/Archives/edgar/data/1089063/000095012310081597/0000950123-10-081597-index.html,https://www.sec.gov/Archives/edgar/data/1089063/000095012310081597/l40304e10vq.htm
0,2010-05-01,DKS,2010-05-21 00:00:00,2010-05-21 17:07:36,Q1,1047500000,745300000,302200000,0.288496,0.0,255200000,0.0,0.0,255200000.00000006,1000500000,-3508000.0,25900000,66592000,0.063572,47000000,0.044869,700000.0,44200000,0.042196,18000000,26200000,0.025012,0.21761,0.21761,120400000,120400000,https://www.sec.gov/Archives/edgar/data/1089063/000095012310052034/0000950123-10-052034-index.html,https://www.sec.gov/Archives/edgar/data/1089063/000095012310052034/l39827e10vq.htm
0,2010-01-30,DKS,2010-03-18 00:00:00,2010-03-18 09:11:25,Q4,1336600000,946800000,389800000,0.291635,0.0,276700000,0.0,0.0,276700000.00000006,1223500000,-541000.0,24900000.000000007,136959000,0.102468,113100000,0.084618,400000.0,112500000,0.084169,45200000,67400000,0.050426,0.56307,0.56307,119700000,119700000,https://www.sec.gov/Archives/edgar/data/1089063/000095012310025791/0000950123-10-025791-index.html,https://www.sec.gov/Archives/edgar/data/1089063/000095012310025791/l39148e10vk.htm
0,2009-10-31,DKS,2009-11-23 00:00:00,2009-11-23 17:04:34,Q3,989800000,723000000,266800000,0.269549,0.0,235100000,0.0,0.0,235100000.00000003,958100000,-173000.0,24799999.999999996,56227000,0.056806,31800000,0.032128,700000.0,31600000,0.031926,12700000,18900000,0.019095,0.15922,0.15922,118700000,118700000,https://www.sec.gov/Archives/edgar/data/1089063/000095012309065204/0000950123-09-065204-index.html,https://www.sec.gov/Archives/edgar/data/1089063/000095012309065204/l38137e10vq.htm
0,2009-08-01,DKS,2009-08-25 00:00:00,2009-08-25 13:31:14,Q2,1126800000,816900000,309900000,0.275027,0.0,240300000,0.0,0.0,246000000.0000001,1062900000.0000001,-90000.0,26100000,89710000,0.079615,63800000,0.056621,1000000.0,63700000,0.056532,24800000,38900000,0.034523,0.33191,0.33191,117200000,117200000,https://www.sec.gov/Archives/edgar/data/1089063/000095012309037793/0000950123-09-037793-index.html,https://www.sec.gov/Archives/edgar/data/1089063/000095012309037793/l37427e10vq.htm
0,2009-05-02,DKS,2009-05-22 00:00:00,2009-05-22 13:28:06,Q1,959700000,709200000,250400000,0.260915,0.0,229200000,0.0,0.0,233500000,942700000,-1591000.0,25100000,38809000,0.040439,16900000,0.01761,100000.0,15300000,0.015942,5100000.0,10200000,0.010628,0.08778,0.08778,116200000,116200000,https://www.sec.gov/Archives/edgar/data/1089063/000095015209005552/0000950152-09-005552-index.html,https://www.sec.gov/Archives/edgar/data/1089063/000095015209005552/l36589ae10vq.htm
0,2009-01-31,DKS,2009-03-20 00:00:00,2009-03-20 12:38:31,Q4,1207500000,855300000,352200000,0.291677,0.0,241800000,0.0,0.0,445100000.0000001,1300400000.0000002,-3974000.0,24900000.000000007,-77974000,-0.064575,-92900000,-0.076936,0.0,-98900000,-0.081905,6700000.0,-105600000,-0.087453,-0.94202,-0.94202,112100000,112100000,https://www.sec.gov/Archives/edgar/data/1089063/000095015209002909/0000950152-09-002909-index.html,https://www.sec.gov/Archives/edgar/data/1089063/000095015209002909/l35106ae10vk.htm
0,2008-11-01,DKS,2008-11-26 00:00:00,2008-11-26 10:50:45,Q3,924200000,671100000,253100000,0.273858,0.0,236400000,0.0,0.0,239500000,910600000,-2901000.0,23599999.999999993,29398999.999999993,0.03181,13600000,0.014715,0.0,8700000.0,0.009414,2500000.0,6200000.0,0.006709,0.05308,0.05308,116800000,116800000,https://www.sec.gov/Archives/edgar/data/1089063/000095015208009761/0000950152-08-009761-index.html,https://www.sec.gov/Archives/edgar/data/1089063/000095015208009761/l34327ae10vq.htm
0,2008-08-02,DKS,2008-08-26 00:00:00,2008-08-26 16:30:35,Q2,1086300000,766600000,319700000,0.294302,0.0,241300000,0.0,0.0,244299999.99999994,1010900000,-2430000.0,21800000.000000004,90370000,0.083191,75400000,0.06941,0.0,71000000,0.065359,31100000,39900000,0.03673,0.34161,0.34161,116800000,116800000,https://www.sec.gov/Archives/edgar/data/1089063/000095015208006771/0000950152-08-006771-index.html,https://www.sec.gov/Archives/edgar/data/1089063/000095015208006771/l33021ae10vq.htm
0,2008-05-03,DKS,2008-05-22 00:00:00,2008-05-22 16:45:48,Q1,912100000,653000000,259100000,0.28407,0.0,224900000,0.0,0.0,224899999.99999997,877900000,-1658000.0,20400000,51742000,0.056728,34200000,0.037496,0.0,33000000,0.03618,13400000,19600000,0.021489,0.16709,0.16709,117300000,117300000,https://www.sec.gov/Archives/edgar/data/1089063/000095015208004218/0000950152-08-004218-index.html,https://www.sec.gov/Archives/edgar/data/1089063/000095015208004218/l31802ae10vq.htm
0,2008-02-02,DKS,2008-03-27,2008-03-27 17:05:43,Q4,1212600000,836300000,376300000,0.310325,0.0,251700000,0.0,0.0,251700000.00000006,1088000000,-2730000.0,19499999.999999993,138670000,0.114358,124700000,0.102837,0.0,121900000,0.100528,48700000,73200000,0.060366,0.62192,0.62192,117700000,117700000,https://www.sec.gov/Archives/edgar/data/1089063/000095015208002365/l29837ae10vk.htm,https://www.sec.gov/Archives/edgar/data/1089063/000095015208002365/l29837ae10vk.htm
0,2007-11-03,DKS,2007-11-28 00:00:00,2007-11-28 17:30:07,Q3,838800000,600200000,238700000,0.284573,0.0,217000000,0.0,0.0,216899999.99999997,817100000,-1725000.0,17600000,35775000,0.04265,21700000,0.02587,0.0,20000000,0.023844,7700000.0,12200000,0.014545,0.10313,0.10313,118300000,118300000,https://www.sec.gov/Archives/edgar/data/1089063/000095015207009317/0000950152-07-009317-index.html,https://www.sec.gov/Archives/edgar/data/1089063/000095015207009317/l28406ae10vq.htm
0,2007-08-04,DKS,2007-08-28 00:00:00,2007-08-28 17:09:37,Q2,1013400000,714800000,298700000,0.29475,0.0,215500000,0.0,0.0,215400000.0000001,930200000.0000001,-3628000.0,21600000,97472000,0.096183,83200000,0.0821,0.0,79600000,0.078547,31600000,47900000,0.047267,0.41472,0.41472,115500000,115500000,https://www.sec.gov/Archives/edgar/data/1089063/000095015207007155/0000950152-07-007155-index.html,https://www.sec.gov/Archives/edgar/data/1089063/000095015207007155/l26995ae10vq.htm
0,2007-05-05,DKS,2007-06-06 00:00:00,2007-06-06 12:19:55,Q1,823600000,579100000,244400000,0.296746,0.0,205100000,0.0,0.0,205199999.99999994,784299999.9999999,-3207000.0,16400000,49293000,0.059851,39300000,0.047717,0.0,36100000,0.043832,14400000,21700000,0.026348,0.18969,0.18969,114400000,114400000,https://www.sec.gov/Archives/edgar/data/1089063/000095015207004938/0000950152-07-004938-index.html,https://www.sec.gov/Archives/edgar/data/1089063/000095015207004938/l25714ae10vq.htm
0,2007-02-03,DKS,2007-03-23,2007-03-23 16:37:51,Q4,1026300000,706000000,320300000,0.312092,0.0,205200000,0.0,0.0,205200000.00000006,911200000,-2253000.0,15500000,126047000,0.122817,115100000,0.11215,0.0,112900000,0.110007,45100000,67700000,0.065965,0.59859,0.59859,113100000,113100000,https://www.sec.gov/Archives/edgar/data/1089063/000095015207002541/l24092ae10vk.htm,https://www.sec.gov/Archives/edgar/data/1089063/000095015207002541/l24092ae10vk.htm
0,2006-10-28,DKS,2006-11-15,2006-11-15 16:31:57,Q3,708300000,517000000,191300000,0.270083,0.0,175700000,0.0,0.0,175700000.00000006,692700000,-2617000.0,13200000,23583000,0.033295,15600000,0.022025,0.0,13000000,0.018354,5200000.0,7800000.0,0.011012,0.07033,0.07033,110900000,110900000,https://www.sec.gov/Archives/edgar/data/1089063/000095015206009452/l22982ae10vq.htm,https://www.sec.gov/Archives/edgar/data/1089063/000095015206009452/l22982ae10vq.htm
0,2006-07-29,DKS,2006-08-16,2006-08-16 17:01:43,Q2,734000000,526700000,207400000,0.282561,0.0,161700000,0.0,0.0,161599999.9999999,688299999.9999999,-2906000.0,13700000,53594000,0.073016,45700000,0.062262,0.0,42800000,0.058311,17100000,25700000,0.035014,0.23406,0.23406,109800000,109800000,https://www.sec.gov/Archives/edgar/data/1089063/000095015206007039/l21933ae10vq.htm,https://www.sec.gov/Archives/edgar/data/1089063/000095015206007039/l21933ae10vq.htm
0,2006-04-29,DKS,2006-05-17,2006-05-17 17:22:54,Q1,645500000,467800000,177700000,0.27529,0.0,156400000,0.0,0.0,156400000.00000003,624200000,-2249000.0,12500000,29251000,0.045315,21300000,0.032998,0.0,19000000,0.029435,7600000.0,11400000,0.017661,0.1044,0.1044,109200000,109200000,https://www.sec.gov/Archives/edgar/data/1089063/000095015206002436/j1821501e10vk.htm,https://www.sec.gov/Archives/edgar/data/1089063/000095015206002436/j1821501e10vk.htm
0,2006-01-28,DKS,2006-03-23,2006-03-23 16:24:18,Q4,849500000,591700000,257800000,0.303473,0.0,164600000,0.0,0.0,164599999.9999999,756299999.9999999,-3188000.0,13399999.999999998,100212000,0.117966,93200000,0.109712,0.0,90100000,0.106062,36000000,54000000,0.063567,0.49861,0.49861,108300000,108300000,https://www.sec.gov/Archives/edgar/data/1089063/000095015206002436/j1821501e10vk.htm,https://www.sec.gov/Archives/edgar/data/1089063/000095015206002436/j1821501e10vk.htm
0,2005-10-29,DKS,2005-11-15,2005-11-15 17:21:52,Q3,582700000,429200000,153500000,0.263429,0.0,142600000,0.0,0.0,142599999.99999997,571800000,-3896000.0,12200000,15304000,0.026264,10900000,0.018706,0.0,7000000.0,0.012013,2800000.0,4200000.0,0.007208,0.03892,0.03892,107900000,107900000,https://www.sec.gov/Archives/edgar/data/1089063/000095015205009319/j1699801e10vq.htm,https://www.sec.gov/Archives/edgar/data/1089063/000095015205009319/j1699801e10vq.htm
0,2005-07-30,DKS,2005-08-18,2005-08-17 18:30:24,Q2,622000000,447600000,174400000,0.280386,0.0,131000000,0.0,0.0,136299999.99999994,583900000,-3080000.0,11500000,45220000,0.072701,38100000,0.061254,0.0,36800000,0.059164,14700000,22100000,0.035531,0.20425,0.20425,108200000,108200000,https://www.sec.gov/Archives/edgar/data/1089063/000095012305010081/j1518501e10vq.htm,https://www.sec.gov/Archives/edgar/data/1089063/000095012305010081/j1518501e10vq.htm
0,2005-04-30,DKS,2005-05-20,2005-05-20 10:52:49,Q1,570800000,418900000,152000000,0.266293,0.0,128900000,0.0,0.0,161399999.99999997,580300000,-2795000.0,12800000,-2195000.0,-0.003845,-9400000.0,-0.016468,0.0,-12200000,-0.021374,-4900000.0,-7300000.0,-0.012789,-0.07441,-0.07441,98100000,98100000,https://www.sec.gov/Archives/edgar/data/1089063/000095012805000095/j1219601e10vk.htm,https://www.sec.gov/Archives/edgar/data/1089063/000095012805000095/j1219601e10vk.htm
0,2005-01-29,DKS,2005-03-31 00:00:00,2005-03-31 08:02:35,Q4,788000000,561700000,226400000,0.28731,0.0,151300000,0.0,0.0,163799999.99999994,725500000,-2952000.0,13300000,80848000,0.102599,62500000,0.079315,0.0,70600000,0.089594,28200000,42300000,0.05368,0.39533,0.39533,107000000,107000000,https://www.sec.gov/Archives/edgar/data/1089063/000095012805000095/0000950128-05-000095-index.html,https://www.sec.gov/Archives/edgar/data/1089063/000095012805000095/j1219601e10vk.htm
0,2004-10-30,DKS,2004-12-03 00:00:00,2004-12-03 11:10:45,Q3,541000000,402800000,138300000,0.255638,0.0,130300000,0.0,0.0,137999999.99999994,540799999.9999999,-3456000.0,15800000,9044000.0,0.016717,200000.0,0.00037,0.0,-3300000.0,-0.0061,-1300000.0,-2000000.0,-0.003697,-0.02073,-0.02073,96500000,96500000,https://www.sec.gov/Archives/edgar/data/1089063/000095015204008737/0000950152-04-008737-index.html,https://www.sec.gov/Archives/edgar/data/1089063/000095015204008737/j1080301e10vq.htm
0,2004-07-31,DKS,2004-09-09 00:00:00,2004-09-09 16:44:59,Q2,416100000,297000000,119200000,0.28647,0.0,88300000,0.0,0.0,88300000.00000001,385300000,-959000.0,4200000.0,33041000,0.079406,30800000,0.074021,0.0,29800000,0.071617,11900000,17900000,0.043019,0.16999,0.16999,105300000,105300000,https://www.sec.gov/Archives/edgar/data/1089063/000095015204006785/0000950152-04-006785-index.html,https://www.sec.gov/Archives/edgar/data/1089063/000095015204006785/j09493ae10vq.htm
0,2004-05-01,DKS,2004-05-19 00:00:00,2004-05-19 16:28:23,Q1,364200000,261400000,102800000,0.282262,0.0,85400000,0.0,0.0,84500000,345900000,-642000.0,4300000.0,21358000,0.058644,18300000,0.050247,0.0,17700000,0.0486,7100000.0,10600000,0.029105,0.10115,0.10115,104800000,104800000,https://www.sec.gov/Archives/edgar/data/1089063/000095012804000554/0000950128-04-000554-index.html,https://www.sec.gov/Archives/edgar/data/1089063/000095012804000554/j0768001e10vq.htm
0,2004-01-31,DKS,2004-04-08 00:00:00,2004-04-08 14:05:40,Q4,474400000,334900000,139600000,0.294266,0.0,96000000,0.0,0.0,95900000.00000003,430800000.00000006,-1325000.0,4600000.000000001,46575000,0.098177,43600000,0.091906,0.0,43300000,0.091273,17300000,26000000,0.054806,0.25121,0.25121,103500000,103500000,https://www.sec.gov/Archives/edgar/data/1089063/000119312504059174/0001193125-04-059174-index.html,https://www.sec.gov/Archives/edgar/data/1089063/000119312504059174/d10k.htm
0,2003-11-01,DKS,2003-12-09 00:00:00,2003-12-09 09:15:09,Q3,338200000,249300000,88900000,0.262862,0.0,83200000,0.0,0.0,83199999.99999999,332500000,1800000.0,5700000.0,15000000,0.044352,5700000.0,0.016854,0.0,7500000.0,0.022176,3000000.0,4500000.0,0.013306,0.04399,0.04399,102300000,102300000,https://www.sec.gov/Archives/edgar/data/1089063/000095012803001266/0000950128-03-001266-index.html,https://www.sec.gov/Archives/edgar/data/1089063/000095012803001266/j0439701e10vq.htm
0,2003-08-02,DKS,2003-09-03 00:00:00,2003-09-03 17:23:11,Q2,353500000,256900000,96600000,0.273267,0.0,71500000,0.0,0.0,71500000,328400000,700000.0,4000000.0,30400000,0.085997,25100000,0.071004,0.0,25700000,0.072702,10300000,15400000,0.043564,0.15339,0.15339,100400000,100400000,https://www.sec.gov/Archives/edgar/data/1089063/000095015203008044/0000950152-03-008044-index.html,https://www.sec.gov/Archives/edgar/data/1089063/000095015203008044/j0279701e10vq.htm
0,2003-05-03,DKS,2003-06-13 00:00:00,2003-06-13 09:20:28,Q1,304700000,221800000,82900000,0.272071,0.0,71600000,0.0,0.0,71599999.99999997,293399999.99999994,-506000.0,3300000.0,13594000,0.044614,11300000,0.037086,0.0,10800000,0.035445,4300000.0,6500000.0,0.021332,0.06778,0.06778,95900000,95900000,https://www.sec.gov/Archives/edgar/data/1089063/000095012803000729/0000950128-03-000729-index.html,https://www.sec.gov/Archives/edgar/data/1089063/000095012803000729/j0137901e10vq.htm
0,2003-02-01,DKS,2003-04-29 00:00:00,2003-04-29 11:08:39,Q4,395200000,280300000,114900000,0.290739,0.0,80400000,0.0,0.0,82899999.99999999,363200000,-200000.0,4300000.000000001,35900000,0.09084,32000000,0.080972,0.0,31800000,0.080466,12700000,19100000,0.04833,0.2045,0.2045,93400000,93400000,https://www.sec.gov/Archives/edgar/data/1089063/000095015203004703/0000950152-03-004703-index.html,https://www.sec.gov/Archives/edgar/data/1089063/000095015203004703/j0021201e10vk.htm
