,date,symbol,fillingDate,acceptedDate,period,revenue,costOfRevenue,grossProfit,grossProfitRatio,researchAndDevelopmentExpenses,generalAndAdministrativeExpenses,sellingAndMarketingExpenses,otherExpenses,operatingExpenses,costAndExpenses,interestExpense,depreciationAndAmortization,ebitda,ebitdaratio,operatingIncome,operatingIncomeRatio,totalOtherIncomeExpensesNet,incomeBeforeTax,incomeBeforeTaxRatio,incomeTaxExpense,netIncome,netIncomeRatio,eps,epsdiluted,weightedAverageShsOut,weightedAverageShsOutDil,link,finalLink
0,2020-09-30,PLNT,2020-11-06,2020-11-06 16:11:22,Q3,105383000,56830000,48553000,0.4607289600789501,0.0,18295000,0.0,-24000.0,580000.0,89341000,20686000,0.0,30003000,0.28470436408149324,16042000,-0.040983839898275816,-24000.0,-4319000.0,-0.040983839898275816,-1035000.0,-3111000.0,-0.029520890466204226,-0.04,-0.04,80221000,80221000,https://www.sec.gov/Archives/edgar/data/1637207/000163720720000047/0001637207-20-000047-index.htm,https://www.sec.gov/Archives/edgar/data/1637207/000163720720000047/plnt-20200930.htm
0,2020-06-30,PLNT,2020-08-07,2020-08-07 10:29:48,Q2,40234000,34037000,6197000.0,0.15402395983496545,0.0,15896000,0.0,-73000.0,15000.0,62956000,20467000,0.0,-9428000.0,-0.2343291743301685,-22722000,-1.0663369289655515,-73000.0,-42903000,-1.0663369289655515,-10918000,-29177000,-0.7251826813143113,-0.36,-0.36,79966000,79966000,https://www.sec.gov/Archives/edgar/data/1637207/000163720720000040/0001637207-20-000040-index.htm,https://www.sec.gov/Archives/edgar/data/1637207/000163720720000040/plnt10-qq22020document.htm
0,2020-03-31,PLNT,2020-05-11,2020-05-11 16:40:12,Q1,127231000,63208000,64023000,0.5032028357868759,0.0,16953000,0.0,-687000.0,11000.0,92964000,20240000,0.0,48299000,0.3796166028719416,34267000,0.11999434100179987,-687000.0,15267000,0.11999434100179987,4884000.0,8607000.0,0.06764860765065117,0.11,0.11,79098000,79723000,https://www.sec.gov/Archives/edgar/data/1637207/000163720720000030/0001637207-20-000030-index.htm,https://www.sec.gov/Archives/edgar/data/1637207/000163720720000008/plnt10-k12312019docume.htm
0,2019-12-31,PLNT,2020-02-28,2020-02-28 16:19:35,Q4,191511000,95290000,96221000,0.5024306697787595,0.0,20874000,0.0,-1283000.0,1747000.0,129941000,16660000,0.0,74022000,0.3865156570640851,61570000,0.23546950305726563,-1283000.0,45095000,0.23546950305726563,10840000,29665000,0.15489971855402562,0.37,0.36,80831000,81453000,https://www.sec.gov/Archives/edgar/data/1637207/000163720720000008/0001637207-20-000008-index.htm,https://www.sec.gov/Archives/edgar/data/1637207/000163720720000008/plnt10-k12312019docume.htm
0,2019-09-30,PLNT,2019-11-08,2019-11-08 09:07:06,Q3,166815000,81141000,85674000,0.5135869076521895,0.0,20928000,0.0,-61000.0,-147000.0,113754000,14807000,0.0,66640000,0.39948445883163985,53061000,0.23979258459970626,-61000.0,40001000,0.23979258459970626,10309000,25777000,0.15452447321883522,0.31,0.31,83157000,83807000,https://www.sec.gov/Archives/edgar/data/1637207/000163720719000037/0001637207-19-000037-index.htm,https://www.sec.gov/Archives/edgar/data/1637207/000163720719000037/plnt10-qq32019document.htm
0,2019-06-30,PLNT,2019-08-08,2019-08-08 08:33:11,Q2,181661000,87076000,94585000,0.5206676171550305,0.0,18864000,0.0,-1444000.0,-122000.0,116395000,14636000,0.0,76378000,0.4204424725174914,65266000,0.28165098727850224,-1444000.0,51165000,0.28165098727850224,11338000,34844000,0.1918078178585387,0.41,0.41,84143000,84835000,https://www.sec.gov/Archives/edgar/data/1637207/000163720719000030/0001637207-19-000030-index.htm,https://www.sec.gov/Archives/edgar/data/1637207/000163720719000030/plnt10-qq22019document.htm
0,2019-03-31,PLNT,2019-05-08,2019-04-15 18:25:56,Q1,148817000,67203000,81614000,0.5484185274531808,0.0,18154000,0.0,-3318000.0,368000.0,95632000,14749000,0.0,61572000,0.4137430535489897,53185000,0.24806305731200065,-3318000.0,36916000,0.24806305731200065,5277000.0,27409000,0.18417922683564378,0.33,0.32,83806000,84425000,https://www.sec.gov/Archives/edgar/data/1637207/000163720719000017/0001637207-19-000017-index.htm,https://www.sec.gov/Archives/edgar/data/1637207/000163720719000009/plnt10-k12312018document.htm
0,2018-12-31,PLNT,2019-03-01,2019-03-01 17:11:46,Q4,174360000,92005000,82355000,0.4723273686625373,0.0,20380000,0.0,-5837000.0,-80000.0,121618000,15021000,0.0,58514000,0.3355930259233769,52742000,0.19548635008029364,-5837000.0,34085000,0.19548635008029364,5307000.0,24795000,0.14220578114246388,0.29,0.29,85774000,86302000,https://www.sec.gov/Archives/edgar/data/1637207/000163720719000009/0001637207-19-000009-index.htm,https://www.sec.gov/Archives/edgar/data/1637207/000163720719000009/plnt10-k12312018document.htm
0,2018-09-30,PLNT,2018-11-07,2018-11-07 08:58:24,Q3,136656000,66999000,69657000,0.5097251492799438,0.0,17233000,0.0,-27000.0,-12000.0,93083000,17909000,0.0,54528000,0.3990165086055497,43573000,0.20242067673574524,-27000.0,27662000,0.20242067673574524,7190000.0,17471000,0.12784656363423486,0.2,0.2,88047000,88458000,https://www.sec.gov/Archives/edgar/data/1637207/000163720718000025/0001637207-18-000025-index.htm,https://www.sec.gov/Archives/edgar/data/1637207/000163720718000025/plnt10-qq32018document.htm
0,2018-06-30,PLNT,2018-08-09,2018-08-09 16:34:22,Q2,140550000,65949000,74601000,0.5307790821771612,0.0,17210000,0.0,-502000.0,-39000.0,91739000,8628000.0,0.0,57021000,0.4056990394877268,48811000,0.2823265741728922,-502000.0,39681000,0.2823265741728922,9263000.0,25874000,0.184091070793312,0.3,0.29,87693000,88105000,https://www.sec.gov/Archives/edgar/data/1637207/000163720718000021/0001637207-18-000021-index.htm,https://www.sec.gov/Archives/edgar/data/1637207/000163720718000021/plnt10-qq22018document.htm
0,2018-03-31,PLNT,2018-05-09,2018-05-09 08:28:48,Q1,121333000,55317000,66016000,0.5440894068390297,0.0,17623000,0.0,192000.0,1010000.0,82415000,8734000.0,0.0,47668000,0.3928692111791516,38918000,0.25035233613279156,192000.0,30376000,0.25035233613279156,6883000.0,19880000,0.16384660397418674,0.23,0.23,87434000,87698000,https://www.sec.gov/Archives/edgar/data/1637207/000163720718000011/0001637207-18-000011-index.htm,https://www.sec.gov/Archives/edgar/data/1637207/000156459018004109/plnt-10k_20171231.htm
0,2017-12-31,PLNT,2018-03-01,2018-03-01 16:12:23,Q4,134028000,66189000,67839000,0.5061554302086131,0.0,17710000,0.0,316771000,73000.0,91751000,8572000.0,0.0,366901000,2.7374951502671085,42277000,2.6149461306592654,316771000,350476000,2.6149461306592654,349647000,-3453000.0,-0.02576327334586803,-0.04,-0.04,86386000,86386000,https://www.sec.gov/Archives/edgar/data/1637207/000156459018004109/0001564590-18-004109-index.htm,https://www.sec.gov/Archives/edgar/data/1637207/000156459018004109/plnt-10k_20171231.htm
0,2017-09-30,PLNT,2017-11-08,2017-11-08 16:31:38,Q3,97496000,41370000,56126000,0.5756748994830557,0.0,14071000,0.0,408000.0,-36000.0,63542000,8920000.0,0.0,42575000,0.4366845819315664,33954000,0.26095429556084354,408000.0,25442000,0.26095429556084354,6540000.0,15345000,0.15739107245425454,0.18,0.18,85663000,85734000,https://www.sec.gov/Archives/edgar/data/1637207/000156459017022783/0001564590-17-022783-index.htm,https://www.sec.gov/Archives/edgar/data/1637207/000156459017022783/plnt-10q_20170930.htm
0,2017-06-30,PLNT,2017-08-09,2017-08-09 16:46:34,Q2,107316000,46056000,61260000,0.5708375265570838,0.0,14768000,0.0,-933000.0,348000.0,69066000,9028000.0,0.0,45301000,0.4221271758172127,38250000,0.26360468150136046,-933000.0,28289000,0.26360468150136046,10285000,12412000,0.11565842931156585,0.16,0.16,79154000,79193000,https://www.sec.gov/Archives/edgar/data/1637207/000156459017017006/0001564590-17-017006-index.htm,https://www.sec.gov/Archives/edgar/data/1637207/000156459017017006/plnt-10q_20170630.htm
0,2017-03-31,PLNT,2017-05-03,2017-05-03 08:01:21,Q1,91102000,36308000,54794000,0.6014577067462844,0.0,13820000,0.0,682000.0,-32000.0,58047000,8763000.0,0.0,41782000,0.4586287897082391,33055000,0.2741322912779083,682000.0,24974000,0.2741322912779083,7108000.0,8842000.0,0.09705604706812145,0.14,0.14,64121000,64150000,https://www.sec.gov/Archives/edgar/data/1637207/000156459017008224/0001564590-17-008224-index.htm,https://www.sec.gov/Archives/edgar/data/1637207/000156459017003401/plnt-10k_20161231.htm
0,2016-12-31,PLNT,2017-03-06,2017-03-06 06:41:11,Q4,116419000,59400000,57019000,0.4897740059612263,0.0,13538000,0.0,1341000.0,-963000.0,80350000,8306000.0,0.0,45880000,0.3940937475841572,36069000,0.24999355775260051,1341000.0,29104000,0.24999355775260051,7157000.0,10574000,0.09082709866946118,0.19,0.18,54933000,98598000,https://www.sec.gov/Archives/edgar/data/1637207/000156459017003401/0001564590-17-003401-index.htm,https://www.sec.gov/Archives/edgar/data/1637207/000156459017003401/plnt-10k_20161231.htm
0,2016-09-30,PLNT,2016-11-03,2016-11-03 16:15:58,Q3,87007000,41106000,45901000,0.5275552541749514,0.0,12244000,0.0,-204000.0,-241000.0,60854000,6291000.0,0.0,33793000,0.3883940372613698,26153000,0.22593584424241728,-204000.0,19658000,0.22593584424241728,4795000.0,3425000.0,0.0393646488213592,0.08,0.08,44669000,44686000,https://www.sec.gov/Archives/edgar/data/1637207/000156459016027366/0001564590-16-027366-index.htm,https://www.sec.gov/Archives/edgar/data/1637207/000156459016027366/plnt-10q_20160930.htm
0,2016-06-30,PLNT,2016-08-12,2016-08-12 08:01:46,Q2,91472000,43561000,47911000,0.5237777680601714,0.0,12381000,0.0,-160000.0,21000.0,63641000,6161000.0,0.0,35449000,0.38753935630575476,27831000,0.23515392688472975,-160000.0,21510000,0.23515392688472975,3419000.0,4132000.0,0.045172293160748646,0.11,0.11,36771000,36773000,https://www.sec.gov/Archives/edgar/data/1637207/000156459016024136/0001564590-16-024136-index.htm,https://www.sec.gov/Archives/edgar/data/1637207/000156459016024136/plnt-10q_20160630.htm
0,2016-03-31,PLNT,2016-05-11,2016-05-11 07:01:24,Q1,83343000,38371000,44972000,0.5396014062368765,0.0,11845000,0.0,393000.0,-186000.0,57733000,6367000.0,0.0,33805000,0.4056129488979278,25610000,0.23560466985829645,393000.0,19636000,0.23560466985829645,3291000.0,3368000.0,0.04041131228777462,0.09,0.09,36598000,36598000,https://www.sec.gov/Archives/edgar/data/1637207/000156459016019038/0001564590-16-019038-index.htm,https://www.sec.gov/Archives/edgar/data/1637207/000156459016014027/plnt-10k_20151231.htm
0,2015-12-31,PLNT,2016-03-04,2016-03-04 08:04:53,Q4,105845000,57519000,48326000,0.4565732911332609,0.0,11733000,0.0,2352000.0,-197000.0,77053000,6677000.0,0.0,39240000,0.3707307855826917,28792000,0.23115876989938117,2352000.0,24467000,0.23115876989938117,7227000.0,2485000.0,0.023477726864755067,0.06,0.06,36244000,36244000,https://www.sec.gov/Archives/edgar/data/1637207/000156459016014027/0001564590-16-014027-index.htm,https://www.sec.gov/Archives/edgar/data/1637207/000156459016014027/plnt-10k_20151231.htm
0,2015-09-30,PLNT,2015-11-13,2015-11-13 07:01:51,Q3,68817000,33163000,35654000,0.5180987256055917,0.0,17348000,0.0,-1815000.0,-9000.0,58478000,6556000.0,0.0,16645000,0.24187337431158,10339000,0.02859758489908017,-1815000.0,1968000.0,0.02859758489908017,1230000.0,-3893000.0,-0.056570324193149946,-0.039439,-0.039439,98710000,98710000,https://www.sec.gov/Archives/edgar/data/1637207/000156459015010684/0001564590-15-010684-index.htm,https://www.sec.gov/Archives/edgar/data/1637207/000156459015010684/plnt-10q_20150930.htm
