,date,symbol,fillingDate,acceptedDate,period,revenue,costOfRevenue,grossProfit,grossProfitRatio,researchAndDevelopmentExpenses,generalAndAdministrativeExpenses,sellingAndMarketingExpenses,otherExpenses,operatingExpenses,costAndExpenses,interestExpense,depreciationAndAmortization,ebitda,ebitdaratio,operatingIncome,operatingIncomeRatio,totalOtherIncomeExpensesNet,incomeBeforeTax,incomeBeforeTaxRatio,incomeTaxExpense,netIncome,netIncomeRatio,eps,epsdiluted,weightedAverageShsOut,weightedAverageShsOutDil,link,finalLink
0,2019-09-31,EO.PA,,2019-09-31,Q3,4442100000,3821625000,620475000,7.159192554091623,105000000,194625000,0.0,0.0,0.0,4135350000,49425000,14100000,588300000,7.550739418663947,306750000,14.481173594132029,0.0,198425000,22.386796018646844,41700000,147425000,30.13125317958284,1.0775,1.0725,136885807,137528554,https://www.infogreffe.com/recherche-entreprise-dirigeants/resultats-entreprise-dirigeants.html?ga_cat=globale&ga_q=E.O#phrase=E.O,https://www.infogreffe.com/recherche-entreprise-dirigeants/resultats-entreprise-dirigeants.html?ga_cat=globale&ga_q=E.O#phrase=E.O
0,2019-06-31,EO.PA,,2019-06-31,Q2,4442100000,3821625000,620475000,7.159192554091623,105000000,194625000,0.0,0.0,0.0,4135350000,49425000,14100000,588300000,7.550739418663947,306750000,14.481173594132029,0.0,198425000,22.386796018646844,41700000,147425000,30.13125317958284,1.0775,1.0725,136885807,137528554,https://www.infogreffe.com/recherche-entreprise-dirigeants/resultats-entreprise-dirigeants.html?ga_cat=globale&ga_q=E.O#phrase=E.O,https://www.infogreffe.com/recherche-entreprise-dirigeants/resultats-entreprise-dirigeants.html?ga_cat=globale&ga_q=E.O#phrase=E.O
0,2019-03-31,EO.PA,,2019-03-31,Q1,4442100000,3821625000,620475000,7.159192554091623,105000000,194625000,0.0,0.0,0.0,4135350000,49425000,14100000,588300000,7.550739418663947,306750000,14.481173594132029,0.0,198425000,22.386796018646844,41700000,147425000,30.13125317958284,1.0775,1.0725,136885807,137528554,https://www.infogreffe.com/recherche-entreprise-dirigeants/resultats-entreprise-dirigeants.html?ga_cat=globale&ga_q=E.O#phrase=E.O,https://www.infogreffe.com/recherche-entreprise-dirigeants/resultats-entreprise-dirigeants.html?ga_cat=globale&ga_q=E.O#phrase=E.O
0,2019-01-31,EO.PA,,2019-01-31,Q1,4442100000,3821625000,620475000,7.159192554091623,105000000,194625000,0.0,0.0,0.0,4135350000,49425000,14100000,588300000,7.550739418663947,306750000,14.481173594132029,0.0,198425000,22.386796018646844,41700000,147425000,30.13125317958284,1.0775,1.0725,136885807,137528554,https://www.infogreffe.com/recherche-entreprise-dirigeants/resultats-entreprise-dirigeants.html?ga_cat=globale&ga_q=E.O#phrase=E.O,https://www.infogreffe.com/recherche-entreprise-dirigeants/resultats-entreprise-dirigeants.html?ga_cat=globale&ga_q=E.O#phrase=E.O
0,2018-09-31,EO.PA,,2018-09-31,Q3,4381175000,3812200000,568975000,7.7001186343863965,74700000,175800000,0.0,0.0,0.0,4065425000,29425000,2725000.0,522775000,8.380613074458418,315750000,13.875455265241488,0.0,237975000,18.41023216724446,47500000,175200000,25.006706621004565,1.2775,1.2725,137118641,137729393,https://www.infogreffe.com/recherche-entreprise-dirigeants/resultats-entreprise-dirigeants.html?ga_cat=globale&ga_q=E.O#phrase=E.O,https://www.infogreffe.com/recherche-entreprise-dirigeants/resultats-entreprise-dirigeants.html?ga_cat=globale&ga_q=E.O#phrase=E.O
0,2018-06-31,EO.PA,,2018-06-31,Q2,4381175000,3812200000,568975000,7.7001186343863965,74700000,175800000,0.0,0.0,0.0,4065425000,29425000,2725000.0,522775000,8.380613074458418,315750000,13.875455265241488,0.0,237975000,18.41023216724446,47500000,175200000,25.006706621004565,1.2775,1.2725,137118641,137729393,https://www.infogreffe.com/recherche-entreprise-dirigeants/resultats-entreprise-dirigeants.html?ga_cat=globale&ga_q=E.O#phrase=E.O,https://www.infogreffe.com/recherche-entreprise-dirigeants/resultats-entreprise-dirigeants.html?ga_cat=globale&ga_q=E.O#phrase=E.O
0,2018-03-31,EO.PA,,2018-03-31,Q1,4381175000,3812200000,568975000,7.7001186343863965,74700000,175800000,0.0,0.0,0.0,4065425000,29425000,2725000.0,522775000,8.380613074458418,315750000,13.875455265241488,0.0,237975000,18.41023216724446,47500000,175200000,25.006706621004565,1.2775,1.2725,137118641,137729393,https://www.infogreffe.com/recherche-entreprise-dirigeants/resultats-entreprise-dirigeants.html?ga_cat=globale&ga_q=E.O#phrase=E.O,https://www.infogreffe.com/recherche-entreprise-dirigeants/resultats-entreprise-dirigeants.html?ga_cat=globale&ga_q=E.O#phrase=E.O
0,2018-01-31,EO.PA,,2018-01-31,Q1,4381175000,3812200000,568975000,7.7001186343863965,74700000,175800000,0.0,0.0,0.0,4065425000,29425000,2725000.0,522775000,8.380613074458418,315750000,13.875455265241488,0.0,237975000,18.41023216724446,47500000,175200000,25.006706621004565,1.2775,1.2725,137118641,137729393,https://www.infogreffe.com/recherche-entreprise-dirigeants/resultats-entreprise-dirigeants.html?ga_cat=globale&ga_q=E.O#phrase=E.O,https://www.infogreffe.com/recherche-entreprise-dirigeants/resultats-entreprise-dirigeants.html?ga_cat=globale&ga_q=E.O#phrase=E.O
0,2017-09-31,EO.PA,,2017-09-31,Q3,5045425000,4516500000,528925000,9.539017819161506,66250000,170100000,0.0,0.0,0.0,4753150000,30225000,300000.0,468475000,10.769891669779604,292275000,17.26259515866906,0.0,235425000,21.431135181055538,65450000,152550000,33.07391019337922,1.1125,1.105,137221481,137983346,https://www.infogreffe.com/recherche-entreprise-dirigeants/resultats-entreprise-dirigeants.html?ga_cat=globale&ga_q=E.O#phrase=E.O,https://www.infogreffe.com/recherche-entreprise-dirigeants/resultats-entreprise-dirigeants.html?ga_cat=globale&ga_q=E.O#phrase=E.O
0,2017-06-31,EO.PA,,2017-06-31,Q2,5045425000,4516500000,528925000,9.539017819161506,66250000,170100000,0.0,0.0,0.0,4753150000,30225000,300000.0,468475000,10.769891669779604,292275000,17.26259515866906,0.0,235425000,21.431135181055538,65450000,152550000,33.07391019337922,1.1125,1.105,137221481,137983346,https://www.infogreffe.com/recherche-entreprise-dirigeants/resultats-entreprise-dirigeants.html?ga_cat=globale&ga_q=E.O#phrase=E.O,https://www.infogreffe.com/recherche-entreprise-dirigeants/resultats-entreprise-dirigeants.html?ga_cat=globale&ga_q=E.O#phrase=E.O
0,2017-03-31,EO.PA,,2017-03-31,Q1,5045425000,4516500000,528925000,9.539017819161506,66250000,170100000,0.0,0.0,0.0,4753150000,30225000,300000.0,468475000,10.769891669779604,292275000,17.26259515866906,0.0,235425000,21.431135181055538,65450000,152550000,33.07391019337922,1.1125,1.105,137221481,137983346,https://www.infogreffe.com/recherche-entreprise-dirigeants/resultats-entreprise-dirigeants.html?ga_cat=globale&ga_q=E.O#phrase=E.O,https://www.infogreffe.com/recherche-entreprise-dirigeants/resultats-entreprise-dirigeants.html?ga_cat=globale&ga_q=E.O#phrase=E.O
0,2017-01-31,EO.PA,,2017-01-31,Q1,5045425000,4516500000,528925000,9.539017819161506,66250000,170100000,0.0,0.0,0.0,4753150000,30225000,300000.0,468475000,10.769891669779604,292275000,17.26259515866906,0.0,235425000,21.431135181055538,65450000,152550000,33.07391019337922,1.1125,1.105,137221481,137983346,https://www.infogreffe.com/recherche-entreprise-dirigeants/resultats-entreprise-dirigeants.html?ga_cat=globale&ga_q=E.O#phrase=E.O,https://www.infogreffe.com/recherche-entreprise-dirigeants/resultats-entreprise-dirigeants.html?ga_cat=globale&ga_q=E.O#phrase=E.O
0,2016-09-31,EO.PA,,2016-09-31,Q3,4677625000,4196150000,481475000,9.715198089205048,72375000,166550000,0.0,0.0,0.0,4435075000,37625000,0.0,407250000,11.485880908532842,242550000,19.285198928056072,0.0,175500000,26.653133903133902,47300000,159450000,29.335998745688304,1.1625,1.1625,137172919,137179901,https://www.infogreffe.com/recherche-entreprise-dirigeants/resultats-entreprise-dirigeants.html?ga_cat=globale&ga_q=E.O#phrase=E.O,https://www.infogreffe.com/recherche-entreprise-dirigeants/resultats-entreprise-dirigeants.html?ga_cat=globale&ga_q=E.O#phrase=E.O
0,2016-06-31,EO.PA,,2016-06-31,Q2,4677625000,4196150000,481475000,9.715198089205048,72375000,166550000,0.0,0.0,0.0,4435075000,37625000,0.0,407250000,11.485880908532842,242550000,19.285198928056072,0.0,175500000,26.653133903133902,47300000,159450000,29.335998745688304,1.1625,1.1625,137172919,137179901,https://www.infogreffe.com/recherche-entreprise-dirigeants/resultats-entreprise-dirigeants.html?ga_cat=globale&ga_q=E.O#phrase=E.O,https://www.infogreffe.com/recherche-entreprise-dirigeants/resultats-entreprise-dirigeants.html?ga_cat=globale&ga_q=E.O#phrase=E.O
0,2016-03-31,EO.PA,,2016-03-31,Q1,4677625000,4196150000,481475000,9.715198089205048,72375000,166550000,0.0,0.0,0.0,4435075000,37625000,0.0,407250000,11.485880908532842,242550000,19.285198928056072,0.0,175500000,26.653133903133902,47300000,159450000,29.335998745688304,1.1625,1.1625,137172919,137179901,https://www.infogreffe.com/recherche-entreprise-dirigeants/resultats-entreprise-dirigeants.html?ga_cat=globale&ga_q=E.O#phrase=E.O,https://www.infogreffe.com/recherche-entreprise-dirigeants/resultats-entreprise-dirigeants.html?ga_cat=globale&ga_q=E.O#phrase=E.O
0,2016-01-31,EO.PA,,2016-01-31,Q1,4677625000,4196150000,481475000,9.715198089205048,72375000,166550000,0.0,0.0,0.0,4435075000,37625000,0.0,407250000,11.485880908532842,242550000,19.285198928056072,0.0,175500000,26.653133903133902,47300000,159450000,29.335998745688304,1.1625,1.1625,137172919,137179901,https://www.infogreffe.com/recherche-entreprise-dirigeants/resultats-entreprise-dirigeants.html?ga_cat=globale&ga_q=E.O#phrase=E.O,https://www.infogreffe.com/recherche-entreprise-dirigeants/resultats-entreprise-dirigeants.html?ga_cat=globale&ga_q=E.O#phrase=E.O
0,2015-09-31,EO.PA,,2015-09-31,Q3,4692600000,4256200000,436400000,10.752978918423464,69600000,159300000,0.0,0.0,-1225000.0,4483875000,43400000,0.0,353425000,13.277498762113602,208725000,22.48221343873518,0.0,139500000,33.63870967741936,46350000,92950000,50.485207100591715,0.745,0.7425,124835808,125260582,https://www.infogreffe.com/recherche-entreprise-dirigeants/resultats-entreprise-dirigeants.html?ga_cat=globale&ga_q=E.O#phrase=E.O,https://www.infogreffe.com/recherche-entreprise-dirigeants/resultats-entreprise-dirigeants.html?ga_cat=globale&ga_q=E.O#phrase=E.O
0,2015-06-31,EO.PA,,2015-06-31,Q2,4692600000,4256200000,436400000,10.752978918423464,69600000,159300000,0.0,0.0,-1225000.0,4483875000,43400000,0.0,353425000,13.277498762113602,208725000,22.48221343873518,0.0,139500000,33.63870967741936,46350000,92950000,50.485207100591715,0.745,0.7425,124835808,125260582,https://www.infogreffe.com/recherche-entreprise-dirigeants/resultats-entreprise-dirigeants.html?ga_cat=globale&ga_q=E.O#phrase=E.O,https://www.infogreffe.com/recherche-entreprise-dirigeants/resultats-entreprise-dirigeants.html?ga_cat=globale&ga_q=E.O#phrase=E.O
0,2015-03-31,EO.PA,,2015-03-31,Q1,4692600000,4256200000,436400000,10.752978918423464,69600000,159300000,0.0,0.0,-1225000.0,4483875000,43400000,0.0,353425000,13.277498762113602,208725000,22.48221343873518,0.0,139500000,33.63870967741936,46350000,92950000,50.485207100591715,0.745,0.7425,124835808,125260582,https://www.infogreffe.com/recherche-entreprise-dirigeants/resultats-entreprise-dirigeants.html?ga_cat=globale&ga_q=E.O#phrase=E.O,https://www.infogreffe.com/recherche-entreprise-dirigeants/resultats-entreprise-dirigeants.html?ga_cat=globale&ga_q=E.O#phrase=E.O
0,2015-01-31,EO.PA,,2015-01-31,Q1,4692600000,4256200000,436400000,10.752978918423464,69600000,159300000,0.0,0.0,-1225000.0,4483875000,43400000,0.0,353425000,13.277498762113602,208725000,22.48221343873518,0.0,139500000,33.63870967741936,46350000,92950000,50.485207100591715,0.745,0.7425,124835808,125260582,https://www.infogreffe.com/recherche-entreprise-dirigeants/resultats-entreprise-dirigeants.html?ga_cat=globale&ga_q=E.O#phrase=E.O,https://www.infogreffe.com/recherche-entreprise-dirigeants/resultats-entreprise-dirigeants.html?ga_cat=globale&ga_q=E.O#phrase=E.O
0,2014-09-31,EO.PA,,2014-09-31,Q3,4707225000,4317950000,389275000,12.09228694367735,58875000,162075000,0.0,0.0,-850000.0,4538050000,47775000,0.0,296275000,15.888026326892245,169175000,27.824589921678736,0.0,85800000,54.86276223776224,28775000,41425000,113.63246831623415,0.335,0.335,123247881,123454549,https://www.infogreffe.com/recherche-entreprise-dirigeants/resultats-entreprise-dirigeants.html?ga_cat=globale&ga_q=E.O#phrase=E.O,https://www.infogreffe.com/recherche-entreprise-dirigeants/resultats-entreprise-dirigeants.html?ga_cat=globale&ga_q=E.O#phrase=E.O
0,2014-06-31,EO.PA,,2014-06-31,Q2,4707225000,4317950000,389275000,12.09228694367735,58875000,162075000,0.0,0.0,-850000.0,4538050000,47775000,0.0,296275000,15.888026326892245,169175000,27.824589921678736,0.0,85800000,54.86276223776224,28775000,41425000,113.63246831623415,0.335,0.335,123247881,123454549,https://www.infogreffe.com/recherche-entreprise-dirigeants/resultats-entreprise-dirigeants.html?ga_cat=globale&ga_q=E.O#phrase=E.O,https://www.infogreffe.com/recherche-entreprise-dirigeants/resultats-entreprise-dirigeants.html?ga_cat=globale&ga_q=E.O#phrase=E.O
0,2014-03-31,EO.PA,,2014-03-31,Q1,4707225000,4317950000,389275000,12.09228694367735,58875000,162075000,0.0,0.0,-850000.0,4538050000,47775000,0.0,296275000,15.888026326892245,169175000,27.824589921678736,0.0,85800000,54.86276223776224,28775000,41425000,113.63246831623415,0.335,0.335,123247881,123454549,https://www.infogreffe.com/recherche-entreprise-dirigeants/resultats-entreprise-dirigeants.html?ga_cat=globale&ga_q=E.O#phrase=E.O,https://www.infogreffe.com/recherche-entreprise-dirigeants/resultats-entreprise-dirigeants.html?ga_cat=globale&ga_q=E.O#phrase=E.O
0,2014-01-31,EO.PA,,2014-01-31,Q1,4707225000,4317950000,389275000,12.09228694367735,58875000,162075000,0.0,0.0,-850000.0,4538050000,47775000,0.0,296275000,15.888026326892245,169175000,27.824589921678736,0.0,85800000,54.86276223776224,28775000,41425000,113.63246831623415,0.335,0.335,123247881,123454549,https://www.infogreffe.com/recherche-entreprise-dirigeants/resultats-entreprise-dirigeants.html?ga_cat=globale&ga_q=E.O#phrase=E.O,https://www.infogreffe.com/recherche-entreprise-dirigeants/resultats-entreprise-dirigeants.html?ga_cat=globale&ga_q=E.O#phrase=E.O
0,2013-09-31,EO.PA,,2013-09-31,Q3,4507150000,4159025000,348125000,12.94692998204668,63500000,150050000,0.0,0.0,0.0,4372575000,49225000,0.0,255700000,17.626710989440753,134575000,33.49173323425599,0.0,49300000,91.42292089249493,16175000,21900000,205.80593607305937,0.1975,0.1975,110830698,111072498,https://www.infogreffe.com/recherche-entreprise-dirigeants/resultats-entreprise-dirigeants.html?ga_cat=globale&ga_q=E.O#phrase=E.O,https://www.infogreffe.com/recherche-entreprise-dirigeants/resultats-entreprise-dirigeants.html?ga_cat=globale&ga_q=E.O#phrase=E.O
0,2013-06-31,EO.PA,,2013-06-31,Q2,4507150000,4159025000,348125000,12.94692998204668,63500000,150050000,0.0,0.0,0.0,4372575000,49225000,0.0,255700000,17.626710989440753,134575000,33.49173323425599,0.0,49300000,91.42292089249493,16175000,21900000,205.80593607305937,0.1975,0.1975,110830698,111072498,https://www.infogreffe.com/recherche-entreprise-dirigeants/resultats-entreprise-dirigeants.html?ga_cat=globale&ga_q=E.O#phrase=E.O,https://www.infogreffe.com/recherche-entreprise-dirigeants/resultats-entreprise-dirigeants.html?ga_cat=globale&ga_q=E.O#phrase=E.O
0,2013-03-31,EO.PA,,2013-03-31,Q1,4507150000,4159025000,348125000,12.94692998204668,63500000,150050000,0.0,0.0,0.0,4372575000,49225000,0.0,255700000,17.626710989440753,134575000,33.49173323425599,0.0,49300000,91.42292089249493,16175000,21900000,205.80593607305937,0.1975,0.1975,110830698,111072498,https://www.infogreffe.com/recherche-entreprise-dirigeants/resultats-entreprise-dirigeants.html?ga_cat=globale&ga_q=E.O#phrase=E.O,https://www.infogreffe.com/recherche-entreprise-dirigeants/resultats-entreprise-dirigeants.html?ga_cat=globale&ga_q=E.O#phrase=E.O
0,2013-01-31,EO.PA,,2013-01-31,Q1,4507150000,4159025000,348125000,12.94692998204668,63500000,150050000,0.0,0.0,0.0,4372575000,49225000,0.0,255700000,17.626710989440753,134575000,33.49173323425599,0.0,49300000,91.42292089249493,16175000,21900000,205.80593607305937,0.1975,0.1975,110830698,111072498,https://www.infogreffe.com/recherche-entreprise-dirigeants/resultats-entreprise-dirigeants.html?ga_cat=globale&ga_q=E.O#phrase=E.O,https://www.infogreffe.com/recherche-entreprise-dirigeants/resultats-entreprise-dirigeants.html?ga_cat=globale&ga_q=E.O#phrase=E.O
0,2012-09-31,EO.PA,,2012-09-31,Q3,4341125000,4010325000,330800000,13.123110640870618,59900000,142475000,0.0,0.0,0.0,4212700000,43850000,0.0,247625000,17.531044926804643,128425000,33.80280319252482,0.0,57700000,75.23613518197574,16850000,35575000,122.02740688685874,0.3225,0.3125,110569239,113460421,https://www.infogreffe.com/recherche-entreprise-dirigeants/resultats-entreprise-dirigeants.html?ga_cat=globale&ga_q=E.O#phrase=E.O,https://www.infogreffe.com/recherche-entreprise-dirigeants/resultats-entreprise-dirigeants.html?ga_cat=globale&ga_q=E.O#phrase=E.O
0,2012-06-31,EO.PA,,2012-06-31,Q2,4341125000,4010325000,330800000,13.123110640870618,59900000,142475000,0.0,0.0,0.0,4212700000,43850000,0.0,247625000,17.531044926804643,128425000,33.80280319252482,0.0,57700000,75.23613518197574,16850000,35575000,122.02740688685874,0.3225,0.3125,110569239,113460421,https://www.infogreffe.com/recherche-entreprise-dirigeants/resultats-entreprise-dirigeants.html?ga_cat=globale&ga_q=E.O#phrase=E.O,https://www.infogreffe.com/recherche-entreprise-dirigeants/resultats-entreprise-dirigeants.html?ga_cat=globale&ga_q=E.O#phrase=E.O
0,2012-03-31,EO.PA,,2012-03-31,Q1,4341125000,4010325000,330800000,13.123110640870618,59900000,142475000,0.0,0.0,0.0,4212700000,43850000,0.0,247625000,17.531044926804643,128425000,33.80280319252482,0.0,57700000,75.23613518197574,16850000,35575000,122.02740688685874,0.3225,0.3125,110569239,113460421,https://www.infogreffe.com/recherche-entreprise-dirigeants/resultats-entreprise-dirigeants.html?ga_cat=globale&ga_q=E.O#phrase=E.O,https://www.infogreffe.com/recherche-entreprise-dirigeants/resultats-entreprise-dirigeants.html?ga_cat=globale&ga_q=E.O#phrase=E.O
0,2012-01-31,EO.PA,,2012-01-31,Q1,4341125000,4010325000,330800000,13.123110640870618,59900000,142475000,0.0,0.0,0.0,4212700000,43850000,0.0,247625000,17.531044926804643,128425000,33.80280319252482,0.0,57700000,75.23613518197574,16850000,35575000,122.02740688685874,0.3225,0.3125,110569239,113460421,https://www.infogreffe.com/recherche-entreprise-dirigeants/resultats-entreprise-dirigeants.html?ga_cat=globale&ga_q=E.O#phrase=E.O,https://www.infogreffe.com/recherche-entreprise-dirigeants/resultats-entreprise-dirigeants.html?ga_cat=globale&ga_q=E.O#phrase=E.O
0,2011-09-31,EO.PA,,2011-09-31,Q3,4047550000,3701600000,345950000,11.699812111576817,55575000,127650000,0.0,-11825000,0.0,3884825000,0.0,0.0,277900000,14.564771500539763,162725000,24.8735596865878,0.0,118875000,34.04879074658255,23975000,103325000,39.17299782240503,0.8425,0.7775,110320890,119561142,https://www.infogreffe.com/recherche-entreprise-dirigeants/resultats-entreprise-dirigeants.html?ga_cat=globale&ga_q=E.O#phrase=E.O,https://www.infogreffe.com/recherche-entreprise-dirigeants/resultats-entreprise-dirigeants.html?ga_cat=globale&ga_q=E.O#phrase=E.O
0,2011-06-31,EO.PA,,2011-06-31,Q2,4047550000,3701600000,345950000,11.699812111576817,55575000,127650000,0.0,-11825000,0.0,3884825000,0.0,0.0,277900000,14.564771500539763,162725000,24.8735596865878,0.0,118875000,34.04879074658255,23975000,103325000,39.17299782240503,0.8425,0.7775,110320890,119561142,https://www.infogreffe.com/recherche-entreprise-dirigeants/resultats-entreprise-dirigeants.html?ga_cat=globale&ga_q=E.O#phrase=E.O,https://www.infogreffe.com/recherche-entreprise-dirigeants/resultats-entreprise-dirigeants.html?ga_cat=globale&ga_q=E.O#phrase=E.O
0,2011-03-31,EO.PA,,2011-03-31,Q1,4047550000,3701600000,345950000,11.699812111576817,55575000,127650000,0.0,-11825000,0.0,3884825000,0.0,0.0,277900000,14.564771500539763,162725000,24.8735596865878,0.0,118875000,34.04879074658255,23975000,103325000,39.17299782240503,0.8425,0.7775,110320890,119561142,https://www.infogreffe.com/recherche-entreprise-dirigeants/resultats-entreprise-dirigeants.html?ga_cat=globale&ga_q=E.O#phrase=E.O,https://www.infogreffe.com/recherche-entreprise-dirigeants/resultats-entreprise-dirigeants.html?ga_cat=globale&ga_q=E.O#phrase=E.O
0,2011-01-31,EO.PA,,2011-01-31,Q1,4047550000,3701600000,345950000,11.699812111576817,55575000,127650000,0.0,-11825000,0.0,3884825000,0.0,0.0,277900000,14.564771500539763,162725000,24.8735596865878,0.0,118875000,34.04879074658255,23975000,103325000,39.17299782240503,0.8425,0.7775,110320890,119561142,https://www.infogreffe.com/recherche-entreprise-dirigeants/resultats-entreprise-dirigeants.html?ga_cat=globale&ga_q=E.O#phrase=E.O,https://www.infogreffe.com/recherche-entreprise-dirigeants/resultats-entreprise-dirigeants.html?ga_cat=globale&ga_q=E.O#phrase=E.O
0,2010-09-31,EO.PA,,2010-09-31,Q3,3448975000,3148325000,300650000,11.47172792283386,75800000,110950000,0.0,-9000000.0,0.0,3335075000,0.0,0.0,238350000,14.470211873295574,113900000,30.280728709394204,0.0,75850000,45.47099538562953,22450000,58100000,59.36273666092943,0.4675,0.4475,107860816,112614121,https://www.infogreffe.com/recherche-entreprise-dirigeants/resultats-entreprise-dirigeants.html?ga_cat=globale&ga_q=E.O#phrase=E.O,https://www.infogreffe.com/recherche-entreprise-dirigeants/resultats-entreprise-dirigeants.html?ga_cat=globale&ga_q=E.O#phrase=E.O
0,2010-06-31,EO.PA,,2010-06-31,Q2,3448975000,3148325000,300650000,11.47172792283386,75800000,110950000,0.0,-9000000.0,0.0,3335075000,0.0,0.0,238350000,14.470211873295574,113900000,30.280728709394204,0.0,75850000,45.47099538562953,22450000,58100000,59.36273666092943,0.4675,0.4475,107860816,112614121,https://www.infogreffe.com/recherche-entreprise-dirigeants/resultats-entreprise-dirigeants.html?ga_cat=globale&ga_q=E.O#phrase=E.O,https://www.infogreffe.com/recherche-entreprise-dirigeants/resultats-entreprise-dirigeants.html?ga_cat=globale&ga_q=E.O#phrase=E.O
0,2010-03-31,EO.PA,,2010-03-31,Q1,3448975000,3148325000,300650000,11.47172792283386,75800000,110950000,0.0,-9000000.0,0.0,3335075000,0.0,0.0,238350000,14.470211873295574,113900000,30.280728709394204,0.0,75850000,45.47099538562953,22450000,58100000,59.36273666092943,0.4675,0.4475,107860816,112614121,https://www.infogreffe.com/recherche-entreprise-dirigeants/resultats-entreprise-dirigeants.html?ga_cat=globale&ga_q=E.O#phrase=E.O,https://www.infogreffe.com/recherche-entreprise-dirigeants/resultats-entreprise-dirigeants.html?ga_cat=globale&ga_q=E.O#phrase=E.O
0,2010-01-31,EO.PA,,2010-01-31,Q1,3448975000,3148325000,300650000,11.47172792283386,75800000,110950000,0.0,-9000000.0,0.0,3335075000,0.0,0.0,238350000,14.470211873295574,113900000,30.280728709394204,0.0,75850000,45.47099538562953,22450000,58100000,59.36273666092943,0.4675,0.4475,107860816,112614121,https://www.infogreffe.com/recherche-entreprise-dirigeants/resultats-entreprise-dirigeants.html?ga_cat=globale&ga_q=E.O#phrase=E.O,https://www.infogreffe.com/recherche-entreprise-dirigeants/resultats-entreprise-dirigeants.html?ga_cat=globale&ga_q=E.O#phrase=E.O
0,2009-09-31,EO.PA,,2009-09-31,Q3,2323050000,2210025000,113025000,20.553417385534175,51975000,83975000,0.0,0.0,33525000,2379500000,33825000,0.0,59800000,38.846989966555185,-56450000,-41.152347209920286,0.0,-98175000,-23.662337662337663,10550000,-104325000,-22.26743350107836,-1.7125,-1.7125,63334536,63334536,https://www.infogreffe.com/recherche-entreprise-dirigeants/resultats-entreprise-dirigeants.html?ga_cat=globale&ga_q=E.O#phrase=E.O,https://www.infogreffe.com/recherche-entreprise-dirigeants/resultats-entreprise-dirigeants.html?ga_cat=globale&ga_q=E.O#phrase=E.O
0,2009-06-31,EO.PA,,2009-06-31,Q2,2323050000,2210025000,113025000,20.553417385534175,51975000,83975000,0.0,0.0,33525000,2379500000,33825000,0.0,59800000,38.846989966555185,-56450000,-41.152347209920286,0.0,-98175000,-23.662337662337663,10550000,-104325000,-22.26743350107836,-1.7125,-1.7125,63334536,63334536,https://www.infogreffe.com/recherche-entreprise-dirigeants/resultats-entreprise-dirigeants.html?ga_cat=globale&ga_q=E.O#phrase=E.O,https://www.infogreffe.com/recherche-entreprise-dirigeants/resultats-entreprise-dirigeants.html?ga_cat=globale&ga_q=E.O#phrase=E.O
0,2009-03-31,EO.PA,,2009-03-31,Q1,2323050000,2210025000,113025000,20.553417385534175,51975000,83975000,0.0,0.0,33525000,2379500000,33825000,0.0,59800000,38.846989966555185,-56450000,-41.152347209920286,0.0,-98175000,-23.662337662337663,10550000,-104325000,-22.26743350107836,-1.7125,-1.7125,63334536,63334536,https://www.infogreffe.com/recherche-entreprise-dirigeants/resultats-entreprise-dirigeants.html?ga_cat=globale&ga_q=E.O#phrase=E.O,https://www.infogreffe.com/recherche-entreprise-dirigeants/resultats-entreprise-dirigeants.html?ga_cat=globale&ga_q=E.O#phrase=E.O
0,2009-01-31,EO.PA,,2009-01-31,Q1,2323050000,2210025000,113025000,20.553417385534175,51975000,83975000,0.0,0.0,33525000,2379500000,33825000,0.0,59800000,38.846989966555185,-56450000,-41.152347209920286,0.0,-98175000,-23.662337662337663,10550000,-104325000,-22.26743350107836,-1.7125,-1.7125,63334536,63334536,https://www.infogreffe.com/recherche-entreprise-dirigeants/resultats-entreprise-dirigeants.html?ga_cat=globale&ga_q=E.O#phrase=E.O,https://www.infogreffe.com/recherche-entreprise-dirigeants/resultats-entreprise-dirigeants.html?ga_cat=globale&ga_q=E.O#phrase=E.O
0,2008-09-31,EO.PA,,2008-09-31,Q3,3002675000,2824200000,178475000,16.824064995097352,67475000,88200000,0.0,0.0,-48225000,2931650000,27700000,0.0,74225000,40.45368811047491,71025000,42.276311158042944,0.0,-137075000,-21.905343789896044,8525000.0,-142325000,-21.097312489021604,-5.4316065,-5.4316065,26459966,26464567,https://www.infogreffe.com/recherche-entreprise-dirigeants/resultats-entreprise-dirigeants.html?ga_cat=globale&ga_q=E.O#phrase=E.O,https://www.infogreffe.com/recherche-entreprise-dirigeants/resultats-entreprise-dirigeants.html?ga_cat=globale&ga_q=E.O#phrase=E.O
0,2008-06-31,EO.PA,,2008-06-31,Q2,3002675000,2824200000,178475000,16.824064995097352,67475000,88200000,0.0,0.0,-48225000,2931650000,27700000,0.0,74225000,40.45368811047491,71025000,42.276311158042944,0.0,-137075000,-21.905343789896044,8525000.0,-142325000,-21.097312489021604,-5.4316065,-5.4316065,26459966,26464567,https://www.infogreffe.com/recherche-entreprise-dirigeants/resultats-entreprise-dirigeants.html?ga_cat=globale&ga_q=E.O#phrase=E.O,https://www.infogreffe.com/recherche-entreprise-dirigeants/resultats-entreprise-dirigeants.html?ga_cat=globale&ga_q=E.O#phrase=E.O
0,2008-03-31,EO.PA,,2008-03-31,Q1,3002675000,2824200000,178475000,16.824064995097352,67475000,88200000,0.0,0.0,-48225000,2931650000,27700000,0.0,74225000,40.45368811047491,71025000,42.276311158042944,0.0,-137075000,-21.905343789896044,8525000.0,-142325000,-21.097312489021604,-5.4316065,-5.4316065,26459966,26464567,https://www.infogreffe.com/recherche-entreprise-dirigeants/resultats-entreprise-dirigeants.html?ga_cat=globale&ga_q=E.O#phrase=E.O,https://www.infogreffe.com/recherche-entreprise-dirigeants/resultats-entreprise-dirigeants.html?ga_cat=globale&ga_q=E.O#phrase=E.O
0,2008-01-31,EO.PA,,2008-01-31,Q1,3002675000,2824200000,178475000,16.824064995097352,67475000,88200000,0.0,0.0,-48225000,2931650000,27700000,0.0,74225000,40.45368811047491,71025000,42.276311158042944,0.0,-137075000,-21.905343789896044,8525000.0,-142325000,-21.097312489021604,-5.4316065,-5.4316065,26459966,26464567,https://www.infogreffe.com/recherche-entreprise-dirigeants/resultats-entreprise-dirigeants.html?ga_cat=globale&ga_q=E.O#phrase=E.O,https://www.infogreffe.com/recherche-entreprise-dirigeants/resultats-entreprise-dirigeants.html?ga_cat=globale&ga_q=E.O#phrase=E.O
0,2007-09-31,EO.PA,,2007-09-31,Q3,3165175000,2978675000,186500000,16.971447721179626,67150000,89075000,0.0,0.0,-103750000,3031150000,29250000,0.0,109000000,29.03830275229358,134025000,23.616302928558106,0.0,-54900000,-57.65346083788707,3400000.0,-57725000,-54.831961888263315,-2.2496835,-2.2496835,26396063,26499093,https://www.infogreffe.com/recherche-entreprise-dirigeants/resultats-entreprise-dirigeants.html?ga_cat=globale&ga_q=E.O#phrase=E.O,https://www.infogreffe.com/recherche-entreprise-dirigeants/resultats-entreprise-dirigeants.html?ga_cat=globale&ga_q=E.O#phrase=E.O
0,2007-06-31,EO.PA,,2007-06-31,Q2,3165175000,2978675000,186500000,16.971447721179626,67150000,89075000,0.0,0.0,-103750000,3031150000,29250000,0.0,109000000,29.03830275229358,134025000,23.616302928558106,0.0,-54900000,-57.65346083788707,3400000.0,-57725000,-54.831961888263315,-2.2496835,-2.2496835,26396063,26499093,https://www.infogreffe.com/recherche-entreprise-dirigeants/resultats-entreprise-dirigeants.html?ga_cat=globale&ga_q=E.O#phrase=E.O,https://www.infogreffe.com/recherche-entreprise-dirigeants/resultats-entreprise-dirigeants.html?ga_cat=globale&ga_q=E.O#phrase=E.O
0,2007-03-31,EO.PA,,2007-03-31,Q1,3165175000,2978675000,186500000,16.971447721179626,67150000,89075000,0.0,0.0,-103750000,3031150000,29250000,0.0,109000000,29.03830275229358,134025000,23.616302928558106,0.0,-54900000,-57.65346083788707,3400000.0,-57725000,-54.831961888263315,-2.2496835,-2.2496835,26396063,26499093,https://www.infogreffe.com/recherche-entreprise-dirigeants/resultats-entreprise-dirigeants.html?ga_cat=globale&ga_q=E.O#phrase=E.O,https://www.infogreffe.com/recherche-entreprise-dirigeants/resultats-entreprise-dirigeants.html?ga_cat=globale&ga_q=E.O#phrase=E.O
0,2007-01-31,EO.PA,,2007-01-31,Q1,3165175000,2978675000,186500000,16.971447721179626,67150000,89075000,0.0,0.0,-103750000,3031150000,29250000,0.0,109000000,29.03830275229358,134025000,23.616302928558106,0.0,-54900000,-57.65346083788707,3400000.0,-57725000,-54.831961888263315,-2.2496835,-2.2496835,26396063,26499093,https://www.infogreffe.com/recherche-entreprise-dirigeants/resultats-entreprise-dirigeants.html?ga_cat=globale&ga_q=E.O#phrase=E.O,https://www.infogreffe.com/recherche-entreprise-dirigeants/resultats-entreprise-dirigeants.html?ga_cat=globale&ga_q=E.O#phrase=E.O
0,2006-09-31,EO.PA,,2006-09-31,Q3,2912175000,2734325000,177850000,16.374332302502108,71275000,89275000,0.0,-2200000.0,101725000,2996600000,26750000,0.0,107675000,27.04597167401904,-84425000,-34.49422564406278,0.0,-100600000,-28.94806163021869,8800000.0,-111975000,-26.007367716008037,-426.68767275,-426.68767275,26249245,26348351,https://www.infogreffe.com/recherche-entreprise-dirigeants/resultats-entreprise-dirigeants.html?ga_cat=globale&ga_q=E.O#phrase=E.O,https://www.infogreffe.com/recherche-entreprise-dirigeants/resultats-entreprise-dirigeants.html?ga_cat=globale&ga_q=E.O#phrase=E.O
0,2006-06-31,EO.PA,,2006-06-31,Q2,2912175000,2734325000,177850000,16.374332302502108,71275000,89275000,0.0,-2200000.0,101725000,2996600000,26750000,0.0,107675000,27.04597167401904,-84425000,-34.49422564406278,0.0,-100600000,-28.94806163021869,8800000.0,-111975000,-26.007367716008037,-426.68767275,-426.68767275,26249245,26348351,https://www.infogreffe.com/recherche-entreprise-dirigeants/resultats-entreprise-dirigeants.html?ga_cat=globale&ga_q=E.O#phrase=E.O,https://www.infogreffe.com/recherche-entreprise-dirigeants/resultats-entreprise-dirigeants.html?ga_cat=globale&ga_q=E.O#phrase=E.O
0,2006-03-31,EO.PA,,2006-03-31,Q1,2912175000,2734325000,177850000,16.374332302502108,71275000,89275000,0.0,-2200000.0,101725000,2996600000,26750000,0.0,107675000,27.04597167401904,-84425000,-34.49422564406278,0.0,-100600000,-28.94806163021869,8800000.0,-111975000,-26.007367716008037,-426.68767275,-426.68767275,26249245,26348351,https://www.infogreffe.com/recherche-entreprise-dirigeants/resultats-entreprise-dirigeants.html?ga_cat=globale&ga_q=E.O#phrase=E.O,https://www.infogreffe.com/recherche-entreprise-dirigeants/resultats-entreprise-dirigeants.html?ga_cat=globale&ga_q=E.O#phrase=E.O
0,2006-01-31,EO.PA,,2006-01-31,Q1,2912175000,2734325000,177850000,16.374332302502108,71275000,89275000,0.0,-2200000.0,101725000,2996600000,26750000,0.0,107675000,27.04597167401904,-84425000,-34.49422564406278,0.0,-100600000,-28.94806163021869,8800000.0,-111975000,-26.007367716008037,-426.68767275,-426.68767275,26249245,26348351,https://www.infogreffe.com/recherche-entreprise-dirigeants/resultats-entreprise-dirigeants.html?ga_cat=globale&ga_q=E.O#phrase=E.O,https://www.infogreffe.com/recherche-entreprise-dirigeants/resultats-entreprise-dirigeants.html?ga_cat=globale&ga_q=E.O#phrase=E.O
0,2005-09-31,EO.PA,,2005-09-31,Q3,2744625000,2532825000,211800000,12.95856940509915,64875000,80125000,0.0,-2950000.0,78825000,2756650000,21150000,0.0,161950000,16.947360296387775,-12025000,-228.24324324324326,0.0,-30000000,-91.4875,13200000,-45625000,-60.156164383561645,-174.13962725,-174.13962725,26204721,26407126,https://www.infogreffe.com/recherche-entreprise-dirigeants/resultats-entreprise-dirigeants.html?ga_cat=globale&ga_q=E.O#phrase=E.O,https://www.infogreffe.com/recherche-entreprise-dirigeants/resultats-entreprise-dirigeants.html?ga_cat=globale&ga_q=E.O#phrase=E.O
0,2005-06-31,EO.PA,,2005-06-31,Q2,2744625000,2532825000,211800000,12.95856940509915,64875000,80125000,0.0,-2950000.0,78825000,2756650000,21150000,0.0,161950000,16.947360296387775,-12025000,-228.24324324324326,0.0,-30000000,-91.4875,13200000,-45625000,-60.156164383561645,-174.13962725,-174.13962725,26204721,26407126,https://www.infogreffe.com/recherche-entreprise-dirigeants/resultats-entreprise-dirigeants.html?ga_cat=globale&ga_q=E.O#phrase=E.O,https://www.infogreffe.com/recherche-entreprise-dirigeants/resultats-entreprise-dirigeants.html?ga_cat=globale&ga_q=E.O#phrase=E.O
0,2005-03-31,EO.PA,,2005-03-31,Q1,2744625000,2532825000,211800000,12.95856940509915,64875000,80125000,0.0,-2950000.0,78825000,2756650000,21150000,0.0,161950000,16.947360296387775,-12025000,-228.24324324324326,0.0,-30000000,-91.4875,13200000,-45625000,-60.156164383561645,-174.13962725,-174.13962725,26204721,26407126,https://www.infogreffe.com/recherche-entreprise-dirigeants/resultats-entreprise-dirigeants.html?ga_cat=globale&ga_q=E.O#phrase=E.O,https://www.infogreffe.com/recherche-entreprise-dirigeants/resultats-entreprise-dirigeants.html?ga_cat=globale&ga_q=E.O#phrase=E.O
0,2005-01-31,EO.PA,,2005-01-31,Q1,2744625000,2532825000,211800000,12.95856940509915,64875000,80125000,0.0,-2950000.0,78825000,2756650000,21150000,0.0,161950000,16.947360296387775,-12025000,-228.24324324324326,0.0,-30000000,-91.4875,13200000,-45625000,-60.156164383561645,-174.13962725,-174.13962725,26204721,26407126,https://www.infogreffe.com/recherche-entreprise-dirigeants/resultats-entreprise-dirigeants.html?ga_cat=globale&ga_q=E.O#phrase=E.O,https://www.infogreffe.com/recherche-entreprise-dirigeants/resultats-entreprise-dirigeants.html?ga_cat=globale&ga_q=E.O#phrase=E.O
0,2004-09-31,EO.PA,,2004-09-31,Q3,2679875000,2435125000,244750000,10.94943820224719,66050000,77975000,0.0,-3650000.0,44900000,2624050000,21425000,0.0,211150000,12.691806772436657,55825000,48.004926108374384,0.0,47275000,56.686938127974614,11725000,32675000,82.01606732976282,124.90643425,124.22263975,26136005,26318876,https://www.infogreffe.com/recherche-entreprise-dirigeants/resultats-entreprise-dirigeants.html?ga_cat=globale&ga_q=E.O#phrase=E.O,https://www.infogreffe.com/recherche-entreprise-dirigeants/resultats-entreprise-dirigeants.html?ga_cat=globale&ga_q=E.O#phrase=E.O
0,2004-06-31,EO.PA,,2004-06-31,Q2,2679875000,2435125000,244750000,10.94943820224719,66050000,77975000,0.0,-3650000.0,44900000,2624050000,21425000,0.0,211150000,12.691806772436657,55825000,48.004926108374384,0.0,47275000,56.686938127974614,11725000,32675000,82.01606732976282,124.90643425,124.22263975,26136005,26318876,https://www.infogreffe.com/recherche-entreprise-dirigeants/resultats-entreprise-dirigeants.html?ga_cat=globale&ga_q=E.O#phrase=E.O,https://www.infogreffe.com/recherche-entreprise-dirigeants/resultats-entreprise-dirigeants.html?ga_cat=globale&ga_q=E.O#phrase=E.O
0,2004-03-31,EO.PA,,2004-03-31,Q1,2679875000,2435125000,244750000,10.94943820224719,66050000,77975000,0.0,-3650000.0,44900000,2624050000,21425000,0.0,211150000,12.691806772436657,55825000,48.004926108374384,0.0,47275000,56.686938127974614,11725000,32675000,82.01606732976282,124.90643425,124.22263975,26136005,26318876,https://www.infogreffe.com/recherche-entreprise-dirigeants/resultats-entreprise-dirigeants.html?ga_cat=globale&ga_q=E.O#phrase=E.O,https://www.infogreffe.com/recherche-entreprise-dirigeants/resultats-entreprise-dirigeants.html?ga_cat=globale&ga_q=E.O#phrase=E.O
0,2004-01-31,EO.PA,,2004-01-31,Q1,2679875000,2435125000,244750000,10.94943820224719,66050000,77975000,0.0,-3650000.0,44900000,2624050000,21425000,0.0,211150000,12.691806772436657,55825000,48.004926108374384,0.0,47275000,56.686938127974614,11725000,32675000,82.01606732976282,124.90643425,124.22263975,26136005,26318876,https://www.infogreffe.com/recherche-entreprise-dirigeants/resultats-entreprise-dirigeants.html?ga_cat=globale&ga_q=E.O#phrase=E.O,https://www.infogreffe.com/recherche-entreprise-dirigeants/resultats-entreprise-dirigeants.html?ga_cat=globale&ga_q=E.O#phrase=E.O
