,date,symbol,fillingDate,acceptedDate,period,revenue,costOfRevenue,grossProfit,grossProfitRatio,researchAndDevelopmentExpenses,generalAndAdministrativeExpenses,sellingAndMarketingExpenses,otherExpenses,operatingExpenses,costAndExpenses,interestExpense,depreciationAndAmortization,ebitda,ebitdaratio,operatingIncome,operatingIncomeRatio,totalOtherIncomeExpensesNet,incomeBeforeTax,incomeBeforeTaxRatio,incomeTaxExpense,netIncome,netIncomeRatio,eps,epsdiluted,weightedAverageShsOut,weightedAverageShsOutDil,link,finalLink
0,2020-09-30,WRK,2020-11-23,2020-11-20 19:31:31,Q4,0.0,0.0,0.0,0.0,0.0,0.0,0.0,0.0,0.0,0.0,12000.0,366000000,354000000,0.0,-12000000,0.0,0.0,-12000000,0.0,0.0,-12000000,0.0,-0.04608294930875576,-0.04608294930875576,260400000,260400000,https://www.sec.gov/Archives/edgar/data/1732845/000156459020054816/0001564590-20-054816-index.htm,https://www.sec.gov/Archives/edgar/data/1732845/000156459020054816/wrk-10k_20200930.htm
0,2020-06-30,WRK,2020-08-05,2020-08-05 15:55:53,Q3,4236300000,3466300000,770000000,0.18176238698864575,0.0,390100000,0.0,-5000000.0,499000000,3965300000,-92400000,365700000.00000006,471000000.00000006,0.111182,271000000,0.063971,20600000,199200000,0.047022,19200000,178500000,0.042136,0.68548,0.68548,260400000,260400000,https://www.sec.gov/Archives/edgar/data/1732845/000156459020036766/0001564590-20-036766-index.htm,https://www.sec.gov/Archives/edgar/data/1732845/000156459020036766/wrk-10q_20200630.htm
0,2020-03-31,WRK,2020-05-06 00:00:00,2020-05-06 17:18:28,Q2,4447300000,3642500000,804800000,0.180964,0.0,418600000,0.0,-1000000.0,530899999.9999996,4173399999.9999995,-92400000,374500000.00000006,488000000.00000006,0.109729,273900000,0.061588,25200000,206700000,0.046478,57800000,148100000,0.033301,0.56918,0.56918,260200000,260200000,https://www.sec.gov/Archives/edgar/data/1732845/000156459020022057/0001564590-20-022057-index.html,https://www.sec.gov/Archives/edgar/data/1732845/000156459020022057/wrk-10q_20200331.htm
0,2019-12-31,WRK,2020-01-31 00:00:00,2020-01-31 15:23:17,Q1,4423700000,3614700000,809000000,0.182879,0.0,425700000,0.0,-3000000.0,556300000.0000002,4171000000,-89700000,381200000,476500000,0.107715,252700000,0.057124,23000000,186000000,0.042046,46500000,138500000,0.031309,0.5329,0.5329,259900000,259900000,https://www.sec.gov/Archives/edgar/data/1732845/000156459020002901/0001564590-20-002901-index.html,https://www.sec.gov/Archives/edgar/data/1732845/000156459020002901/wrk-10q_20191231.htm
0,2019-09-30,WRK,2019-11-18 00:00:00,2019-11-15 17:47:47,Q4,4651600000,3572900000,1078700000,0.231899,0.0,427800000,0.0,0.0,588799999.9999996,4161699999.9999995,-112200000,383100000.0000001,671000000.0000001,0.144251,489900000,0.105319,24000000,401700000,0.086357,89300000,310800000,0.066816,1.21039,1.21039,256776860,256776860,https://www.sec.gov/Archives/edgar/data/1732845/000095012319011534/0000950123-19-011534-index.html,https://www.sec.gov/Archives/edgar/data/1732845/000095012319011534/wrk-10k_20190930.htm
0,2019-06-30,WRK,2019-08-02,2019-08-02 16:33:50,Q3,4690000000,3701100000,988900000,0.210853,0.0,442400000,0.0,-2000000.0,570700000.0000004,4271800000.0000005,-109400000,385299999.99999994,606100000,0.129232,418200000,0.089168,22600000,331400000,0.070661,77600000,252600000,0.053859,0.9768,0.9768,258600000,258600000,https://www.sec.gov/Archives/edgar/data/1732845/000156459019028404/wrk-10q_20190630.htm,https://www.sec.gov/Archives/edgar/data/1732845/000156459019028404/wrk-10q_20190630.htm
0,2019-03-31,WRK,2019-05-03 00:00:00,2019-05-02 19:04:44,Q2,4620000000,3720400000,899600000,0.194719,0.0,444100000,0.0,0.0,593900000.0000001,4314300000,-112000000,383699999.99999994,479299999.99999994,0.103745,305700000,0.066169,15400000,209100000,0.04526,47200000,160400000,0.034719,0.61835,0.61835,259400000,259400000,https://www.sec.gov/Archives/edgar/data/1732845/000156459019015459/0001564590-19-015459-index.html,https://www.sec.gov/Archives/edgar/data/1732845/000156459019015459/wrk-10q_20190331.htm
0,2018-12-31,WRK,2019-02-08 00:00:00,2019-02-07 17:53:25,Q1,4327400000,3545600000,781800000,0.180663,0.0,400900000,0.0,-2000000.0,506300000.0000002,4051900000,-87600000,359100000,469200000,0.108425,275500000,0.063664,14600000,202500000,0.046795,58600000,139100000,0.032144,0.53603,0.53603,259500000,259500000,https://www.sec.gov/Archives/edgar/data/1732845/000156459019002324/0001564590-19-002324-index.html,https://www.sec.gov/Archives/edgar/data/1732845/000156459019002324/wrk-10q_20181231.htm
