,date,symbol,fillingDate,acceptedDate,period,revenue,costOfRevenue,grossProfit,grossProfitRatio,researchAndDevelopmentExpenses,generalAndAdministrativeExpenses,sellingAndMarketingExpenses,otherExpenses,operatingExpenses,costAndExpenses,interestExpense,depreciationAndAmortization,ebitda,ebitdaratio,operatingIncome,operatingIncomeRatio,totalOtherIncomeExpensesNet,incomeBeforeTax,incomeBeforeTaxRatio,incomeTaxExpense,netIncome,netIncomeRatio,eps,epsdiluted,weightedAverageShsOut,weightedAverageShsOutDil,link,finalLink
0,2020-09-30,CHH,2020-11-05,2020-11-05 15:45:47,Q3,210771000,0.0,210771000,1.0,0.0,31413000,107141000,16861000,155415000,155415000,-12691000,-12927000,38139000,0.18094994093115277,51066000,0.24228190785259832,26972000,24094000,0.11431363897310351,9594000.0,14500000,0.0687950429613182,0.26,0.26,55054000,55054000,https://www.sec.gov/Archives/edgar/data/1046311/000104631120000041/0001046311-20-000041-index.htm,https://www.sec.gov/Archives/edgar/data/1046311/000104631120000041/chh-10q09302020.htm
0,2020-06-30,CHH,2020-08-06,2020-08-06 17:17:21,Q2,151733000,89309000,62424000,0.4114068791891019,0.0,46940000,79677000,92285000,54563999.99999999,143873000,13082000,6398000.0,16602000,0.109416,7860000.0,0.051802,3585000.0,-2878000.0,-0.018968,-437000.0,-2441000.0,-0.016087,-0.04434,-0.04434,55054000,55054000,https://www.sec.gov/Archives/edgar/data/1046311/000104631120000032/0001046311-20-000032-index.htm,https://www.sec.gov/Archives/edgar/data/1046311/000104631120000032/chh-10q06302020.htm
0,2020-03-31,CHH,2020-05-11 00:00:00,2020-05-11 14:41:44,Q1,218175000,130447000,87728000,0.402099,0.0,34869000,110385000,136481000,42004999.99999999,172452000,11380000,6529000.0,48308000,0.221419,45723000,0.20957,-4277000.0,30399000,0.139333,-25064000,55463000,0.254213,0.99616,0.99616,55677000,55677000,https://www.sec.gov/Archives/edgar/data/1046311/000104631120000022/0001046311-20-000022-index.html,https://www.sec.gov/Archives/edgar/data/1046311/000104631120000022/chh-10q03312020.htm
0,2019-12-31,CHH,2020-03-02 00:00:00,2020-03-02 15:11:28,Q4,268084000,140749000,127335000,0.474982,0.0,52465000,137873000,-12000.0,65888000,206637000,12072000,6238999.999999999,71683000,0.26739,61447000,0.229208,1643000.0,53372000,0.199087,11203000,42169000,0.157298,0.75535,0.75535,55827000,55827000,https://www.sec.gov/Archives/edgar/data/1046311/000104631120000011/0001046311-20-000011-index.html,https://www.sec.gov/Archives/edgar/data/1046311/000104631120000011/chh1231201910-k.htm
0,2019-09-30,CHH,2019-11-05 00:00:00,2019-11-05 15:19:54,Q3,310732000,158430000,152302000,0.490139,0.0,44322000,157024000,-33000.0,49882000.00000001,208312000,12431000,5568000.000000001,103923000,0.334446,102420000,0.329609,115000.0,85924000,0.276521,9685000.0,76239000,0.245353,1.37056,1.37056,55626000,55626000,https://www.sec.gov/Archives/edgar/data/1046311/000104631119000040/0001046311-19-000040-index.html,https://www.sec.gov/Archives/edgar/data/1046311/000104631119000040/chh-10q093019.htm
0,2019-06-30,CHH,2019-08-06,2019-08-06 14:52:52,Q2,317684000,160121000,157563000,0.495974,0.0,46980000,172465000,160121000,55025999.99999998,215146999.99999997,11093000,3405000.0,108652000,0.342013,102537000,0.322764,906000.0,94154000,0.296376,19765000,74389000,0.23416,1.33889,1.33889,55560000,55560000,https://www.sec.gov/Archives/edgar/data/1046311/000104631119000031/chh-10q063019.htm,https://www.sec.gov/Archives/edgar/data/1046311/000104631119000031/chh-10q063019.htm
0,2019-03-31,CHH,2019-05-09 00:00:00,2019-05-09 13:04:09,Q1,218320000,119839000,98481000,0.451086,0.0,39514000,110064000,119839000,53431000.00000001,173270000,11211000,3616000.0,51306000,0.235004,45050000,0.206348,2198000.0,36479000,0.16709,6398000.0,30081000,0.137784,0.54118,0.54118,55584000,55584000,https://www.sec.gov/Archives/edgar/data/1046311/000104631119000021/0001046311-19-000021-index.html,https://www.sec.gov/Archives/edgar/data/1046311/000104631119000021/chh-10q033119.htm
0,2018-12-31,CHH,2019-02-26 00:00:00,2019-02-26 16:51:11,Q4,244979000,140154000,104825000,0.427894,0.0,44702000,126962000,140154000,52783999.99999999,192938000,11188000,3792999.999999999,55311000,0.225779,52041000,0.21243,-2792000.0,40330000,0.164626,8859000.0,31471000,0.128464,0.56158,0.56158,56040000,56040000,https://www.sec.gov/Archives/edgar/data/1046311/000104631119000011/0001046311-19-000011-index.html,https://www.sec.gov/Archives/edgar/data/1046311/000104631119000011/chh1231201810-k.htm
0,2018-09-30,CHH,2018-11-08 00:00:00,2018-11-08 13:10:20,Q3,291490000,138316000,153174000,0.525486,0.0,38191000,152367000,138316000,42006000,180322000,11706000,3837000.0000000005,117986000,0.404769,111168000,0.381378,972000.0,102443000,0.351446,22484000,79959000,0.274311,1.41696,1.41696,56430000,56430000,https://www.sec.gov/Archives/edgar/data/1046311/000104631118000034/0001046311-18-000034-index.html,https://www.sec.gov/Archives/edgar/data/1046311/000104631118000034/chh-10q09302018.htm
0,2018-06-30,CHH,2018-08-08 00:00:00,2018-08-08 13:29:44,Q2,295400000,136600000,158900000,0.537915,0.0,46300000,157347000,136568000,49800000.00000001,186400000,11705000,3600000.0,115305000,0.390335,109000000,0.368991,500000.0,100000000,0.338524,20200000,79800000,0.270142,1.40246,1.40246,56900000,56900000,https://www.sec.gov/Archives/edgar/data/1046311/000104631118000027/0001046311-18-000027-index.html,https://www.sec.gov/Archives/edgar/data/1046311/000104631118000027/chh-10q06302018.htm
0,2018-03-31,CHH,2018-05-10 00:00:00,2018-05-10 16:16:39,Q1,209400000,119200000,90200000,0.430755,0.0,40900000,107001000,119228000,43899999.99999999,163100000,11309000,3100000.0,44909000,0.214465,46200000,0.22063,-100000.0,30500000,0.145654,5400000.0,25100000,0.119866,0.44112,0.44112,56900000,56900000,https://www.sec.gov/Archives/edgar/data/1046311/000104631118000021/0001046311-18-000021-index.html,https://www.sec.gov/Archives/edgar/data/1046311/000104631118000021/chh-10q03312018.htm
0,2017-12-31,CHH,2018-03-01 00:00:00,2018-03-01 12:50:26,Q4,221500000,114000000,107500000,0.485327,0.0,41500000,131810000,131810000,42800000.00000001,156800000,11155000,1700000.0000000002,27655000,0.124853,64600000,0.291648,1000000.0,54800000,0.247404,24600000,-9800000.0,-0.044244,-0.17407,-0.17407,56300000,56300000,https://www.sec.gov/Archives/edgar/data/1046311/000104631118000006/0001046311-18-000006-index.html,https://www.sec.gov/Archives/edgar/data/1046311/000104631118000006/chh1231201710-k.htm
0,2017-09-30,CHH,2017-11-09 00:00:00,2017-11-09 10:09:15,Q3,269900000,128700000,141300000,0.523527,0.0,46600000,167763000,167763000,48200000.00000002,176900000.00000003,11399000,1600000.0,96799000,0.358648,93100000,0.344943,800000.0,83700000,0.310115,26600000,57200000,0.21193,1.01239,1.01239,56500000,56500000,https://www.sec.gov/Archives/edgar/data/1046311/000104631117000030/0001046311-17-000030-index.html,https://www.sec.gov/Archives/edgar/data/1046311/000104631117000030/chh-10qx09302017.htm
0,2017-06-30,CHH,2017-08-04 00:00:00,2017-08-04 10:08:46,Q2,261000000,128800000,132200000,0.506513,0.0,44000000,158035000,158035000,45699999.99999999,174500000,11280000,1700000.0,89380000,0.342452,86500000,0.331418,600000.0,76400000,0.29272,25700000,50700000,0.194253,0.89894,0.89894,56400000,56400000,https://www.sec.gov/Archives/edgar/data/1046311/000104631117000023/0001046311-17-000023-index.html,https://www.sec.gov/Archives/edgar/data/1046311/000104631117000023/chh-10qx06302017.htm
0,2017-03-31,CHH,2017-05-05 00:00:00,2017-05-05 14:02:49,Q1,188900000,108000000,80900000,0.428269,0.0,33700000,109475000,109475000,35500000,143500000,11205000,1700000.0,47205000,0.249894,45400000,0.240339,900000.0,34300000,0.181578,10000000,24300000,0.128639,0.43162,0.43162,56300000,56300000,https://www.sec.gov/Archives/edgar/data/1046311/000104631117000015/0001046311-17-000015-index.html,https://www.sec.gov/Archives/edgar/data/1046311/000104631117000015/chh-10qx03312017.htm
0,2016-12-31,CHH,2017-02-27 00:00:00,2017-02-27 17:20:15,Q4,91500000,47600000,43900000,0.479781,0.0,45200000,113523000,-1700000.0,43199999.99999999,90800000,10980000,-1699999.9999999993,1280000.0000000007,0.013989,600000.0,0.006557,500000.0,-8000000.0,-0.087432,-7200000.0,-800000.0,-0.008743,-0.01434,-0.01434,55800000,55800000,https://www.sec.gov/Archives/edgar/data/1046311/000104631117000006/0001046311-17-000006-index.html,https://www.sec.gov/Archives/edgar/data/1046311/000104631117000006/chh1231201610-k.htm
0,2016-09-30,CHH,2016-11-08 00:00:00,2016-11-08 16:17:40,Q3,267600000,152000000,115600000,0.431988,0.0,34400000,152018000,152018000,37000000,189000000,11150000,2999999.999999999,84350000,0.315209,78600000,0.293722,700000.0,70200000,0.262332,22600000,47600000,0.177877,0.85152,0.85152,55900000,55900000,https://www.sec.gov/Archives/edgar/data/1046311/000104631116000048/0001046311-16-000048-index.html,https://www.sec.gov/Archives/edgar/data/1046311/000104631116000048/chh-10qx09302016.htm
0,2016-06-30,CHH,2016-08-04,2016-08-04 14:29:49,Q2,241800000,133800000,107900000,0.446237,0.0,40000000,133814000,133814000,43000000,176800000,11224000,2900000.0000000005,69724000,0.288354,64900000,0.268404,300000.0,55600000,0.229942,16800000,38800000,0.160463,0.68794,0.68794,56400000,56400000,https://www.sec.gov/Archives/edgar/data/1046311/000104631116000040/chh-10qx06302016.htm,https://www.sec.gov/Archives/edgar/data/1046311/000104631116000040/chh-10qx06302016.htm
0,2016-03-31,CHH,2016-05-05 00:00:00,2016-05-05 13:34:30,Q1,207100000,126400000,80800000,0.39015,0.0,35100000,126361000,126361000,37799999.99999998,164199999.99999997,11092000,2800000.0,44292000,0.213868,42900000,0.207146,-100000.0,30400000,0.146789,9200000.0,21200000,0.102366,0.37655,0.37655,56300000,56300000,https://www.sec.gov/Archives/edgar/data/1046311/000104631116000034/0001046311-16-000034-index.html,https://www.sec.gov/Archives/edgar/data/1046311/000104631116000034/chh-10qx03312016.htm
0,2015-12-31,CHH,2016-02-29 00:00:00,2016-02-29 13:20:36,Q4,211000000,122500000,88500000,0.419431,0.0,38500000,122465000,122465000,41300000.00000001,163800000,10776000,2699999.999999999,51276000,0.243014,47200000,0.223697,600000.0,37800000,0.179147,8600000.0,29200000,0.138389,0.5159,0.5159,56600000,56600000,https://www.sec.gov/Archives/edgar/data/1046311/000104631116000023/0001046311-16-000023-index.html,https://www.sec.gov/Archives/edgar/data/1046311/000104631116000023/chh1231201510-k.htm
0,2015-09-30,CHH,2015-11-06 00:00:00,2015-11-06 12:23:28,Q3,241500000,134500000,107100000,0.443478,0.0,30200000,134463000,134463000,33199999.99999999,167700000,10821000,3100000.0000000005,76121000,0.315201,73800000,0.30559,-1400000.0,62300000,0.257971,20800000,41400000,0.171429,0.72378,0.72378,57200000,57200000,https://www.sec.gov/Archives/edgar/data/1046311/000104631115000014/0001046311-15-000014-index.html,https://www.sec.gov/Archives/edgar/data/1046311/000104631115000014/chh-10qx09302015.htm
0,2015-06-30,CHH,2015-08-05 00:00:00,2015-08-05 16:01:41,Q2,232200000,133100000,99000000,0.426357,0.0,33100000,133122000,133122000,36099999.99999999,169200000,11057000,3000000.0,66957000,0.288359,62900000,0.270887,1200000.0,52900000,0.227821,17100000,35800000,0.154177,0.62045,0.62045,57700000,57700000,https://www.sec.gov/Archives/edgar/data/1046311/000104631115000010/0001046311-15-000010-index.html,https://www.sec.gov/Archives/edgar/data/1046311/000104631115000010/chh-10qx06302015.htm
0,2015-03-31,CHH,2015-05-07 00:00:00,2015-05-07 16:33:28,Q1,175200000,98700000,76500000,0.436644,0.0,32400000,98713000,98713000,35100000.00000001,133800000.00000001,10179000,2700000.0,43879000,0.250451,41400000,0.236301,500000.0,31000000,0.176941,9400000.0,21600000,0.123288,0.37435,0.37435,57700000,57700000,https://www.sec.gov/Archives/edgar/data/1046311/000104631115000008/0001046311-15-000008-index.html,https://www.sec.gov/Archives/edgar/data/1046311/000104631115000008/chh-10qx03312015.htm
0,2014-12-31,CHH,2015-03-02,2015-03-02 13:29:38,Q4,185400000,103600000,81800000,0.441208,0.0,33100000,103594000,103594000,35500000,139100000,10110000,2500000.0,48610000,0.26219,46300000,0.24973,-600000.0,36000000,0.194175,10700000,25300000,0.136462,0.43696,0.43696,57900000,57900000,https://www.sec.gov/Archives/edgar/data/1046311/000104631115000003/chh1231201410-k.htm,https://www.sec.gov/Archives/edgar/data/1046311/000104631115000003/chh1231201410-k.htm
0,2014-09-30,CHH,2014-11-07 00:00:00,2014-11-07 13:41:54,Q3,215200000,115700000,99500000,0.462361,0.0,30200000,115653000,115653000,32499999.999999985,148200000,10495000,2300000.000000001,68695000,0.319215,67000000,0.311338,-400000.0,56000000,0.260223,16500000,39400000,0.183086,0.6735,0.6735,58500000,58500000,https://www.sec.gov/Archives/edgar/data/1046311/000104631114000021/0001046311-14-000021-index.html,https://www.sec.gov/Archives/edgar/data/1046311/000104631114000021/chh-10qx09302014.htm
0,2014-06-30,CHH,2014-08-11 00:00:00,2014-08-11 14:43:18,Q2,197700000,103800000,93900000,0.474962,0.0,31400000,109360000,103766000,33700000,137500000,10710000,2300000.0,63410000,0.320738,60200000,0.304502,500000.0,50200000,0.25392,15000000,35400000,0.179059,0.6,0.6,59000000,59000000,https://www.sec.gov/Archives/edgar/data/1046311/000104631114000010/0001046311-14-000010-index.html,https://www.sec.gov/Archives/edgar/data/1046311/000104631114000010/chh-10qx06302014.htm
0,2014-03-31,CHH,2014-05-08 00:00:00,2014-05-08 15:23:28,Q1,159700000,89600000,70100000,0.438948,0.0,26700000,84012000,89606000,29000000,118600000,10171000,2300000.0,45671000,0.28598,41200000,0.257984,100000.0,31500000,0.197245,10100000,23100000,0.144646,0.39623,0.39623,58300000,58300000,https://www.sec.gov/Archives/edgar/data/1046311/000104631114000007/0001046311-14-000007-index.html,https://www.sec.gov/Archives/edgar/data/1046311/000104631114000007/chh-10qx03312014.htm
0,2013-12-31,CHH,2014-03-03,2014-03-03 15:09:31,Q4,168800000,96400000,72400000,0.42891,0.0,28900000,100718000,96429000,31299999.999999996,127700000,10203000,2500000.0,45003000,0.266605,41100000,0.243483,500000.0,32300000,0.191351,8900000.0,23400000,0.138626,0.4,0.4,58500000,58500000,https://www.sec.gov/Archives/edgar/data/1046311/000104631114000004/chh1231201310-k.htm,https://www.sec.gov/Archives/edgar/data/1046311/000104631114000004/chh1231201310-k.htm
0,2013-09-30,CHH,2013-11-12 00:00:00,2013-11-12 15:49:19,Q3,216700000,124800000,91900000,0.424089,0.0,26400000,126296000,135119000,28700000.000000004,153500000,10757000,2399999.9999999995,67557000,0.311754,63200000,0.291647,700000.0,54300000,0.250577,15700000,38700000,0.178588,0.66267,0.66267,58400000,58400000,https://www.sec.gov/Archives/edgar/data/1046311/000104631113000013/0001046311-13-000013-index.html,https://www.sec.gov/Archives/edgar/data/1046311/000104631113000013/chh-10qx09302013.htm
0,2013-06-30,CHH,2013-08-09 00:00:00,2013-08-09 16:47:48,Q2,190900000,104100000,86900000,0.455212,0.0,29700000,99645000,99645000,32099999.999999993,136200000,10807000,2500000.0,58007000,0.303861,54700000,0.286537,-100000.0,44500000,0.233106,12900000,31800000,0.166579,0.53898,0.53898,59000000,59000000,https://www.sec.gov/Archives/edgar/data/1046311/000104631113000010/0001046311-13-000010-index.html,https://www.sec.gov/Archives/edgar/data/1046311/000104631113000010/chh-10qx06302013.htm
0,2013-03-31,CHH,2013-05-08 00:00:00,2013-05-08 16:25:41,Q1,148200000,82300000,65800000,0.443995,0.0,26700000,76440000,76440000,28700000.000000004,111000000,10770000,2200000.0,40470000,0.273077,37100000,0.250337,700000.0,27600000,0.186235,7800000.0,19700000,0.132928,0.33791,0.33791,58300000,58300000,https://www.sec.gov/Archives/edgar/data/1046311/000104631113000007/0001046311-13-000007-index.html,https://www.sec.gov/Archives/edgar/data/1046311/000104631113000007/chh-10qx03312013.htm
0,2012-12-31,CHH,2013-02-28 00:00:00,2013-02-28 16:59:46,Q4,165000000,95300000,69700000,0.422424,0.0,29600000,100160000,100160000,31700000.000000004,127000000,10366000,2199999.999999999,40766000,0.247067,38000000,0.230303,-100000.0,28100000,0.170303,7500000.0,20700000,0.125455,0.35813,0.35813,57800000,57800000,https://www.sec.gov/Archives/edgar/data/1046311/000104631113000003/0001046311-13-000003-index.html,https://www.sec.gov/Archives/edgar/data/1046311/000104631113000003/chh1231201210-k.htm
0,2012-09-30,CHH,2012-11-07 00:00:00,2012-11-07 15:32:57,Q3,205300000,118000000,87300000,0.425231,0.0,23100000,119062000,119062000,25400000.000000007,143400000,10166000,2000000.0,65066000,0.316931,61800000,0.301023,500000.0,52800000,0.257185,10200000,42700000,0.207988,0.74132,0.74132,57600000,57600000,https://www.sec.gov/Archives/edgar/data/1046311/000104631112000028/0001046311-12-000028-index.html,https://www.sec.gov/Archives/edgar/data/1046311/000104631112000028/chh-10qx09302012.htm
0,2012-06-30,CHH,2012-08-09 00:00:00,2012-08-09 13:11:37,Q2,193300000,104600000,88600000,0.458355,0.0,25000000,94633000,94633000,26700000.00000002,131300000.00000001,3540000.0,2000000.0,64140000,0.331816,62000000,0.320745,-400000.0,58400000,0.302121,20400000,38200000,0.19762,0.65749,0.65749,58100000,58100000,https://www.sec.gov/Archives/edgar/data/1046311/000104631112000025/0001046311-12-000025-index.html,https://www.sec.gov/Archives/edgar/data/1046311/000104631112000025/chh-10qx06302012.htm
0,2012-03-31,CHH,2012-05-09,2012-05-09 16:03:19,Q1,129200000,71700000,57400000,0.444272,0.0,24200000,70929000,70929000,26399999.99999999,98099999.99999999,3117000.0,2000000.0,35317000,0.273351,31100000,0.240712,2000000.0,30200000,0.233746,10200000,20000000,0.154799,0.34662,0.34662,57700000,57700000,https://www.sec.gov/Archives/edgar/data/1046311/000104631112000007/chh1231201110-k.htm,https://www.sec.gov/Archives/edgar/data/1046311/000104631112000007/chh1231201110-k.htm
0,2011-12-31,CHH,2012-02-29 00:00:00,2012-02-29 15:00:31,Q4,167700000,96000000,71700000,0.427549,0.0,33500000,90844000,-2600000.0,32400000.000000007,128400000,3220000.0,2000000.0,43220000,0.257722,39300000,0.234347,1200000.0,37700000,0.224806,12500000,25500000,0.152057,0.44425,0.44425,57400000,57400000,https://www.sec.gov/Archives/edgar/data/1046311/000104631112000007/0001046311-12-000007-index.html,https://www.sec.gov/Archives/edgar/data/1046311/000104631112000007/chh1231201110-k.htm
0,2011-09-30,CHH,2011-11-09 00:00:00,2011-11-09 14:17:59,Q3,192300000,105300000,87000000,0.452418,0.0,22600000,104393000,104393000,24600000.00000001,129900000.00000001,3228000.0,2100000.0,62328000,0.324119,62400000,0.324493,-2700000.0,57000000,0.296412,14700000,42300000,0.219969,0.71453,0.71453,59200000,59200000,https://www.sec.gov/Archives/edgar/data/1046311/000144530511003339/0001445305-11-003339-index.html,https://www.sec.gov/Archives/edgar/data/1046311/000144530511003339/chh-10qx9302011.htm
0,2011-06-30,CHH,2011-08-09 00:00:00,2011-08-09 15:38:38,Q2,165300000,91700000,73600000,0.445251,0.0,26500000,90832000,90832000,28500000,120200000,3267000.0,1900000.0,47267000,0.285947,45100000,0.272837,0.0,42100000,0.254688,14500000,27600000,0.166969,0.46077,0.46077,59900000,59900000,https://www.sec.gov/Archives/edgar/data/1046311/000119312511216403/0001193125-11-216403-index.html,https://www.sec.gov/Archives/edgar/data/1046311/000119312511216403/d10q.htm
0,2011-03-31,CHH,2011-05-09 00:00:00,2011-05-09 17:13:58,Q1,115300000,63800000,51500000,0.446661,0.0,23800000,62967000,62967000,25799999.999999996,89600000,3224000.0,2000000.0,27124000,0.235247,25700000,0.222897,-1000000.0,21900000,0.189939,6200000.0,15700000,0.136167,0.2652,0.2652,59200000,59200000,https://www.sec.gov/Archives/edgar/data/1046311/000119312511132569/0001193125-11-132569-index.html,https://www.sec.gov/Archives/edgar/data/1046311/000119312511132569/d10q.htm
0,2010-12-31,CHH,2011-03-01,2011-03-01 11:40:18,Q4,155000000,87900000,67100000,0.432903,0.0,25700000,87150000,93609000,28699999.99999999,116599999.99999999,3520000.0,1800000.0000000007,41820000,0.269806,38400000,0.247742,0.0,36500000,0.235484,12400000,24100000,0.155484,0.40369,0.40369,59700000,59700000,https://www.sec.gov/Archives/edgar/data/1046311/000119312511051437/d10k.htm,https://www.sec.gov/Archives/edgar/data/1046311/000119312511051437/d10k.htm
0,2010-09-30,CHH,2010-11-09 00:00:00,2010-11-09 12:15:16,Q3,183800000,103700000,80100000,0.4358,0.0,22900000,102867000,102867000,25200000.000000004,128900000,1864000.0,2099999.9999999995,58964000,0.320805,54900000,0.298694,0.0,55000000,0.299238,14500000,40500000,0.220348,0.68644,0.68644,59000000,59000000,https://www.sec.gov/Archives/edgar/data/1046311/000119312510253692/0001193125-10-253692-index.html,https://www.sec.gov/Archives/edgar/data/1046311/000119312510253692/d10q.htm
0,2010-06-30,CHH,2010-08-09 00:00:00,2010-08-09 13:18:45,Q2,149800000,81200000,68700000,0.458611,0.0,22700000,80389000,139229000,25000000,106200000,1296000.0,2200000.0,45496000,0.303712,43600000,0.291055,-1200000.0,42000000,0.280374,15000000,27000000,0.18024,0.45763,0.45763,59000000,59000000,https://www.sec.gov/Archives/edgar/data/1046311/000119312510182982/0001193125-10-182982-index.html,https://www.sec.gov/Archives/edgar/data/1046311/000119312510182982/d10q.htm
0,2010-03-31,CHH,2010-05-03 00:00:00,2010-05-03 11:44:09,Q1,107400000,59600000,47800000,0.445065,0.0,21500000,58840000,2928000.0,23999999.999999993,83600000,-621000.0,2200000.0,26279000,0.244683,23800000,0.221601,1000000.0,24600000,0.22905,8900000.0,15800000,0.147114,0.2678,0.2678,59000000,59000000,https://www.sec.gov/Archives/edgar/data/1046311/000119312510103411/0001193125-10-103411-index.html,https://www.sec.gov/Archives/edgar/data/1046311/000119312510103411/d10q.htm
0,2009-12-31,CHH,2010-03-01 00:00:00,2010-03-01 13:23:33,Q4,140700000,78400000,62400000,0.443497,0.0,23800000,77576000,2859000.0,28199999.99999999,106599999.99999999,-683000.0,2000000.000000001,35617000,0.253141,34100000,0.24236,0.0,34300000,0.243781,10700000,23600000,0.167733,0.39531,0.39531,59700000,59700000,https://www.sec.gov/Archives/edgar/data/1046311/000119312510044350/0001193125-10-044350-index.html,https://www.sec.gov/Archives/edgar/data/1046311/000119312510044350/d10k.htm
0,2009-09-30,CHH,2009-11-06 00:00:00,2009-11-06 15:10:28,Q3,166000000,91200000,74700000,0.45,0.0,23000000,90465000,2869000.0,26700000.000000004,117900000,-926000.0,2200000.0,51774000,0.311892,48100000,0.289759,0.0,50500000,0.304217,17700000,32800000,0.19759,0.55312,0.55312,59300000,59300000,https://www.sec.gov/Archives/edgar/data/1046311/000119312509227369/0001193125-09-227369-index.html,https://www.sec.gov/Archives/edgar/data/1046311/000119312509227369/d10q.htm
0,2009-06-30,CHH,2009-08-07 00:00:00,2009-08-07 12:28:20,Q2,143300000,76100000,67200000,0.468946,0.0,26700000,75296000,2861000.0,29100000.00000001,105200000.00000001,-1265000.0,1999999.9999999995,40935000,0.285659,38100000,0.265876,0.0,40200000,0.28053,14700000,25500000,0.177948,0.42079,0.42079,60600000,60600000,https://www.sec.gov/Archives/edgar/data/1046311/000119312509168648/0001193125-09-168648-index.html,https://www.sec.gov/Archives/edgar/data/1046311/000119312509168648/d10q.htm
0,2009-03-31,CHH,2009-05-07 00:00:00,2009-05-07 16:44:00,Q1,114200000,62800000,51300000,0.449212,0.0,21100000,62042000,2900000.0,23600000.00000001,86400000.00000001,-1540000.0,2100000.0,26160000,0.229072,27800000,0.243433,0.0,25600000,0.224168,9300000.0,16300000,0.142732,0.26765,0.26765,60900000,60900000,https://www.sec.gov/Archives/edgar/data/1046311/000119312509103477/0001193125-09-103477-index.html,https://www.sec.gov/Archives/edgar/data/1046311/000119312509103477/d10q.htm
0,2008-12-31,CHH,2009-03-02 00:00:00,2009-03-02 14:48:18,Q4,154500000,82800000,71700000,0.464078,0.0,25300000,81904000,2913000.0,37600000.00000001,120400000.00000001,-2245000.0,1999999.999999999,27655000,0.178997,34100000,0.220712,0.0,27900000,0.180583,9200000.0,18700000,0.121036,0.30064,0.30064,62200000,62200000,https://www.sec.gov/Archives/edgar/data/1046311/000119312509042353/0001193125-09-042353-index.html,https://www.sec.gov/Archives/edgar/data/1046311/000119312509042353/d10k.htm
0,2008-09-30,CHH,2008-11-10 00:00:00,2008-11-10 14:55:29,Q3,191200000,101700000,89500000,0.468096,0.0,25100000,100811000,2952000.0,27600000.00000001,129300000.00000001,-2157000.0,2100000.0000000005,57643000,0.30148,61900000,0.323745,0.0,57700000,0.301778,21800000,35900000,0.187762,0.57075,0.57075,62900000,62900000,https://www.sec.gov/Archives/edgar/data/1046311/000119312508231535/0001193125-08-231535-index.html,https://www.sec.gov/Archives/edgar/data/1046311/000119312508231535/d10q.htm
0,2008-06-30,CHH,2008-08-07 00:00:00,2008-08-07 16:59:20,Q2,167100000,86200000,80900000,0.484141,0.0,33900000,85336000,2931000.0,36300000,122500000,-2693000.0,1999999.9999999995,41507000,0.248396,44600000,0.266906,0.0,42200000,0.252543,15200000,27000000,0.16158,0.42587,0.42587,63400000,63400000,https://www.sec.gov/Archives/edgar/data/1046311/000119312508170223/0001193125-08-170223-index.html,https://www.sec.gov/Archives/edgar/data/1046311/000119312508170223/d10q.htm
0,2008-03-31,CHH,2008-05-12 00:00:00,2008-05-12 14:52:17,Q1,128900000,69200000,59700000,0.46315,0.0,23500000,68426000,2822000.0,25599999.999999993,94800000,-3837000.0,2100000.0,27763000,0.215384,34100000,0.264546,0.0,29400000,0.228084,10900000,18600000,0.144298,0.29524,0.29524,63000000,63000000,https://www.sec.gov/Archives/edgar/data/1046311/000119312508111359/0001193125-08-111359-index.html,https://www.sec.gov/Archives/edgar/data/1046311/000119312508111359/d10q.htm
0,2007-12-31,CHH,2008-02-29,2008-02-29 15:15:35,Q4,169000000,90800000,78200000,0.462722,0.0,27900000,86181000,3066000.0,30100000.00000001,120900000.00000001,-4087000.0,2199999.999999999,41313000,0.244456,48100000,0.284615,0.0,43300000,0.256213,15300000,27900000,0.165089,0.44216,0.44216,63100000,63100000,https://www.sec.gov/Archives/edgar/data/1046311/000119312508043514/d10k.htm,https://www.sec.gov/Archives/edgar/data/1046311/000119312508043514/d10k.htm
0,2007-09-30,CHH,2007-11-08 00:00:00,2007-11-08 11:54:24,Q3,175100000,86400000,88700000,0.506568,0.0,24200000,86795000,3025000.0,26299999.999999996,112700000,-3992000.0,2100000.0000000005,57508000,0.328429,62400000,0.356368,0.0,59400000,0.339235,21000000,38400000,0.219303,0.59443,0.59443,64600000,64600000,https://www.sec.gov/Archives/edgar/data/1046311/000119312507239826/0001193125-07-239826-index.html,https://www.sec.gov/Archives/edgar/data/1046311/000119312507239826/d10q.htm
0,2007-06-30,CHH,2007-08-09 00:00:00,2007-08-09 16:00:53,Q2,156500000,81400000,75100000,0.479872,0.0,25600000,81810000,2931000.0,27699999.99999999,109099999.99999999,-3217000.0,2199999.9999999995,44983000,0.287431,47400000,0.302875,0.0,46000000,0.29393,17400000,28600000,0.182748,0.42943,0.42943,66600000,66600000,https://www.sec.gov/Archives/edgar/data/1046311/000119312507177432/0001193125-07-177432-index.html,https://www.sec.gov/Archives/edgar/data/1046311/000119312507177432/d10q.htm
0,2007-03-31,CHH,2007-05-07 00:00:00,2007-05-07 17:07:44,Q1,114900000,61500000,53400000,0.464752,0.0,23900000,62041000,2856000.0,26000000,87500000,-2997000.0,2100000.0,24303000,0.211514,27400000,0.238468,0.0,25200000,0.219321,8900000.0,16300000,0.141862,0.24328,0.24328,67000000,67000000,https://www.sec.gov/Archives/edgar/data/1046311/000119312507104449/0001193125-07-104449-index.html,https://www.sec.gov/Archives/edgar/data/1046311/000119312507104449/d10q.htm
0,2006-12-31,CHH,2007-03-01,2007-03-01 14:26:16,Q4,142500000,73900000,68600000,0.481404,0.0,26300000,74307000,3199000.0,28699999.99999999,102599999.99999999,-2807000.0,2399999.9999999995,37893000,0.265916,39900000,0.28,0.0,38300000,0.268772,13700000,24600000,0.172632,0.36607,0.36607,67200000,67200000,https://www.sec.gov/Archives/edgar/data/1046311/000119312507044134/d10k.htm,https://www.sec.gov/Archives/edgar/data/1046311/000119312507044134/d10k.htm
0,2006-09-30,CHH,2006-11-09,2006-11-09 14:27:05,Q3,147400000,70300000,77200000,0.523745,0.0,20300000,73001000,3164000.0,22600000.00000001,92900000.00000001,-3207000.0,2300000.0,51393000,0.348664,54600000,0.370421,0.0,52300000,0.354817,5900000.0,46400000,0.31479,0.67836,0.67836,68400000,68400000,https://www.sec.gov/Archives/edgar/data/1046311/000119312506230082/d10q.htm,https://www.sec.gov/Archives/edgar/data/1046311/000119312506230082/d10q.htm
0,2006-06-30,CHH,2006-08-09,2006-08-09 15:54:39,Q2,140500000,73500000,67000000,0.476868,0.0,22200000,72742000,3442000.0,25299999.999999996,98800000,-4044000.0,2700000.0,36256000,0.25805,41800000,0.297509,0.0,37700000,0.268327,13500000,24100000,0.17153,0.35917,0.35917,67100000,67100000,https://www.sec.gov/Archives/edgar/data/1046311/000119312506167661/d10q.htm,https://www.sec.gov/Archives/edgar/data/1046311/000119312506167661/d10q.htm
0,2006-03-31,CHH,2006-05-10,2006-05-10 11:36:33,Q1,109400000,58700000,50700000,0.463437,0.0,18300000,57976000,3094000.0,20599999.999999993,79300000,-4040000.0,2300000.0,25260000,0.230896,30100000,0.275137,0.0,27000000,0.246801,9300000.0,17700000,0.161792,0.26537,0.26537,66700000,66700000,https://www.sec.gov/Archives/edgar/data/1046311/000119312506056437/d10k.htm,https://www.sec.gov/Archives/edgar/data/1046311/000119312506056437/d10k.htm
0,2005-12-31,CHH,2006-03-16,2006-03-16 14:13:02,Q4,122000000,59500000,62500000,0.512295,0.0,24000000,58309000,3219000.0,26200000.000000004,85700000,-4031000.0,2300000.0,30869000,0.253025,36200000,0.296721,0.0,32500000,0.266393,11000000,21600000,0.177049,0.3253,0.3253,66400000,66400000,https://www.sec.gov/Archives/edgar/data/1046311/000119312506056437/d10k.htm,https://www.sec.gov/Archives/edgar/data/1046311/000119312506056437/d10k.htm
0,2005-09-30,CHH,2005-11-09,2005-11-09 13:49:25,Q3,142000000,73700000,68300000,0.480986,0.0,18300000,72961000,2977000.0,20500000,94200000,-3815000.0,2200000.0,43585000,0.306937,47800000,0.33662,0.0,45200000,0.31831,12700000,32500000,0.228873,0.48507,0.48507,67000000,67000000,https://www.sec.gov/Archives/edgar/data/1046311/000119312505221240/d10q.htm,https://www.sec.gov/Archives/edgar/data/1046311/000119312505221240/d10q.htm
0,2005-06-30,CHH,2005-08-09,2005-08-09 12:38:09,Q2,122300000,63400000,58900000,0.481603,0.0,19200000,62730000,3034000.0,21500000.000000007,84900000,-3872000.0,2300000.0,32528000,0.265969,37400000,0.305805,0.0,34200000,0.27964,12600000,21500000,0.175797,0.32234,0.32234,66700000,66700000,https://www.sec.gov/Archives/edgar/data/1046311/000119312505162161/d10q.htm,https://www.sec.gov/Archives/edgar/data/1046311/000119312505162161/d10q.htm
0,2005-03-31,CHH,2005-05-10,2005-05-10 14:53:41,Q1,91200000,49800000,41400000,0.453947,0.0,16800000,49123000,3046000.0,19100000.00000001,68900000.00000001,-3607000.0,2300000.0,17593000,0.192906,22300000,0.244518,0.0,18900000,0.207237,6900000.0,12000000,0.131579,0.18018,0.18018,66600000,66600000,https://www.sec.gov/Archives/edgar/data/1046311/000119312505052330/d10k.htm,https://www.sec.gov/Archives/edgar/data/1046311/000119312505052330/d10k.htm
0,2004-12-31,CHH,2005-03-16 00:00:00,2005-03-16 12:42:27,Q4,106700000,52800000,53900000,0.505155,0.0,20000000,52204000,3164000.0,22400000.000000007,75200000,-3328000.0,2400000.0000000005,28272000,0.264967,31500000,0.29522,0.0,29200000,0.273664,8900000.0,20300000,0.190253,0.30119,0.30119,67400000,67400000,https://www.sec.gov/Archives/edgar/data/1046311/000119312505052330/0001193125-05-052330-index.html,https://www.sec.gov/Archives/edgar/data/1046311/000119312505052330/d10k.htm
0,2004-09-30,CHH,2004-11-09 00:00:00,2004-11-09 13:16:10,Q3,127100000,65900000,61300000,0.482297,0.0,16300000,65380000,3267000.0,19399999.99999999,85299999.99999999,-2921000.0,2500000.0,38579000,0.303533,41800000,0.328875,0.0,39000000,0.306845,14100000,24900000,0.195909,0.34777,0.34777,71600000,71600000,https://www.sec.gov/Archives/edgar/data/1046311/000119312504190877/0001193125-04-190877-index.html,https://www.sec.gov/Archives/edgar/data/1046311/000119312504190877/d10q.htm
0,2004-06-30,CHH,2004-08-06 00:00:00,2004-08-06 14:42:34,Q2,107200000,55100000,52100000,0.486007,0.0,17400000,54418000,3184000.0,19900000,75000000,-2808000.0,2500000.0,29192000,0.272313,32100000,0.29944,0.0,29500000,0.275187,11000000,18500000,0.172575,0.2658,0.2658,69600000,69600000,https://www.sec.gov/Archives/edgar/data/1046311/000119312504134181/0001193125-04-134181-index.html,https://www.sec.gov/Archives/edgar/data/1046311/000119312504134181/d10q.htm
0,2004-03-31,CHH,2004-05-10 00:00:00,2004-05-10 09:37:20,Q1,87200000,50000000,37200000,0.426606,0.0,15800000,49311000,3224000.0,18299999.999999996,68300000,-2548000.0,2500000.0,16852000,0.193257,18900000,0.216743,0.0,16800000,0.192661,6300000.0,10600000,0.12156,0.14867,0.14867,71300000,71300000,https://www.sec.gov/Archives/edgar/data/1046311/000119312504083028/0001193125-04-083028-index.html,https://www.sec.gov/Archives/edgar/data/1046311/000119312504083028/d10q.htm
0,2003-12-31,CHH,2004-03-15 00:00:00,2004-03-15 13:52:28,Q4,95200000,46300000,48900000,0.513655,0.0,17800000,45871000,3152000.0,20500000,66800000,-2612000.0,2699999.999999999,30888000,0.324454,28300000,0.297269,3300000.0,30800000,0.323529,10100000,20700000,0.217437,0.28356,0.28356,73000000,73000000,https://www.sec.gov/Archives/edgar/data/1046311/000119312504041968/0001193125-04-041968-index.html,https://www.sec.gov/Archives/edgar/data/1046311/000119312504041968/d10k.htm
0,2003-09-30,CHH,2003-11-12 00:00:00,2003-11-12 16:34:19,Q3,105900000,49400000,56500000,0.533522,0.0,14100000,48639000,3347000.0,16699999.999999996,66099999.99999999,-2893000.0,2599999.9999999995,38207000,0.360784,39800000,0.375826,0.0,38600000,0.364495,14200000,24300000,0.229462,0.33061,0.33061,73500000,73500000,https://www.sec.gov/Archives/edgar/data/1046311/000119312503078534/0001193125-03-078534-index.html,https://www.sec.gov/Archives/edgar/data/1046311/000119312503078534/d10q.htm
0,2003-06-30,CHH,2003-08-14 00:00:00,2003-08-14 13:53:55,Q2,103500000,54300000,49200000,0.475362,0.0,17400000,53557000,3857000.0,20500000,74800000,-3068000.0,3100000.0000000005,27532000,0.26601,28700000,0.277295,0.0,27500000,0.2657,10400000,17100000,0.165217,0.23393,0.23393,73100000,73100000,https://www.sec.gov/Archives/edgar/data/1046311/000119312503037600/0001193125-03-037600-index.html,https://www.sec.gov/Archives/edgar/data/1046311/000119312503037600/d10q.htm
0,2003-03-31,CHH,2003-05-14 00:00:00,2003-05-14 11:22:57,Q1,81600000,48100000,33500000,0.410539,0.0,13500000,47353000,3485000.0,16199999.999999996,64299999.99999999,-3024000.0,2800000.0,15376000,0.188431,17200000,0.210784,0.0,15600000,0.191176,5900000.0,9700000.0,0.118873,0.12933,0.12933,75000000,75000000,https://www.sec.gov/Archives/edgar/data/1046311/000092838503001568/0000928385-03-001568-index.html,https://www.sec.gov/Archives/edgar/data/1046311/000092838503001568/d10q.htm
0,2002-12-31,CHH,2003-03-31 00:00:00,2003-03-31 13:01:45,Q4,84300000,42300000,42000000,0.498221,0.0,14400000,0.0,0.0,17500000,59800000,-1500000.0,3100000.0000000014,24500000,0.290629,24600000,0.291815,-200000.0,22900000,0.271649,7800000.0,15100000,0.179122,0.19895,0.19895,75900000,75900000,https://www.sec.gov/Archives/edgar/data/1046311/000092838503000978/0000928385-03-000978-index.html,https://www.sec.gov/Archives/edgar/data/1046311/000092838503000978/d10k.htm
0,2002-09-30,CHH,2002-10-30 00:00:00,2002-10-30 13:03:41,Q3,105000000,51100000,54000000,0.514286,0.0,14700000,0.0,0.0,17300000.000000004,68400000,-2900000.0,2699999.999999999,33600000,0.32,36600000,0.348571,0.0,33700000,0.320952,11900000,21900000,0.208571,0.27547,0.27547,79500000,79500000,https://www.sec.gov/Archives/edgar/data/1046311/000092838502003420/0000928385-02-003420-index.html,https://www.sec.gov/Archives/edgar/data/1046311/000092838502003420/d10q.txt
0,2002-06-30,CHH,2002-08-14 00:00:00,2002-08-13 18:08:25,Q2,100500000,55200000,45200000,0.449751,0.0,15000000,0.0,0.0,17799999.999999996,73000000,-2300000.0,2800000.0,25700000,0.255721,27400000,0.272637,0.0,25200000,0.250746,9900000.0,15300000,0.152239,0.18819,0.18819,81300000,81300000,https://www.sec.gov/Archives/edgar/data/1046311/000102140802010707/0001021408-02-010707-index.html,https://www.sec.gov/Archives/edgar/data/1046311/000102140802010707/d10q.txt
0,2002-03-31,CHH,2002-05-03 00:00:00,2002-05-03 17:08:28,Q1,75800000,44500000,31200000,0.411609,0.0,12400000,0.0,0.0,15100000.000000002,59600000,-2100000.0,2700000.0,14700000,0.193931,16100000,0.212401,0.0,14100000,0.186016,5500000.0,8600000.0,0.113456,0.10238,0.10238,84000000,84000000,https://www.sec.gov/Archives/edgar/data/1046311/000092838502001808/0000928385-02-001808-index.html,https://www.sec.gov/Archives/edgar/data/1046311/000092838502001808/d10q.txt
0,2001-12-31,CHH,2002-03-26 00:00:00,2002-03-26 00:00:00,Q4,92000000,51100000,41000000,0.445652,0.0,14400000,0.0,0.0,46499999.99999999,97599999.99999999,-4200000.0,3500000.0,-10500000,-0.11413,-5600000.0,-0.06087,0.0,-9800000.0,-0.106522,9300000.0,-19100000,-0.207609,-0.22577,-0.22577,84600000,84600000,https://www.sec.gov/Archives/edgar/data/1046311/000092838502001060/0000928385-02-001060-index.html,https://www.sec.gov/Archives/edgar/data/1046311/000092838502001060/d10k.txt
0,2001-09-30,CHH,2001-11-13 00:00:00,2001-11-13 00:00:00,Q3,97200000,44700000,52500000,0.540123,0.0,14000000,0.0,0.0,17099999.999999993,61799999.99999999,-14600000,3099999.9999999995,9300000.0,0.095679,35400000,0.364198,0.0,20900000,0.215021,8300000.0,12500000,0.128601,0.14335,0.14335,87200000,87200000,https://www.sec.gov/Archives/edgar/data/1046311/000092838501502433/0000928385-01-502433-index.html,https://www.sec.gov/Archives/edgar/data/1046311/000092838501502433/d10q.txt
0,2001-06-30,CHH,2001-08-06 00:00:00,2001-08-06 00:00:00,Q2,84500000,39900000,44500000,0.526627,0.0,15200000,0.0,0.0,18200000.000000004,58100000,-3500000.0,3000000.0000000005,21800000,0.257988,26400000,0.312426,-700000.0,22200000,0.262722,8700000.0,13600000,0.160947,0.15179,0.15179,89600000,89600000,https://www.sec.gov/Archives/edgar/data/1046311/000102140801504544/0001021408-01-504544-index.html,https://www.sec.gov/Archives/edgar/data/1046311/000102140801504544/d10q.txt
0,2001-03-31,CHH,2001-04-02 00:00:00,2001-04-02 00:00:00,Q1,67800000,34900000,32800000,0.483776,0.0,12500000,0.0,0.0,15399999.999999998,50300000,-5300000.0,2900000.0,9700000.0,0.143068,17400000,0.256637,0.0,12100000,0.178466,4700000.0,7400000.0,0.109145,0.08123,0.08123,91100000,91100000,https://www.sec.gov/Archives/edgar/data/1046311/000092838501000963/0000928385-01-000963-index.html,https://www.sec.gov/Archives/edgar/data/1046311/000092838501000963/0000928385-01-000963-0001.txt
0,2000-12-31,CHH,2001-04-02 00:00:00,2001-04-02 00:00:00,Q4,229900000,185800000,44100000,0.191823,0.0,16600000,0.0,0.0,25399999.999999978,211199999.99999997,-11100000,3199999.999999999,-3800000.000000001,-0.016529,18700000,0.08134,-3500000.0,4100000.0,0.017834,1600000.0,2500000.0,0.010874,0.02365,0.02365,105700000,105700000,https://www.sec.gov/Archives/edgar/data/1046311/000092838501000963/0000928385-01-000963-index.html,https://www.sec.gov/Archives/edgar/data/1046311/000092838501000963/0000928385-01-000963-0001.txt
0,2000-09-30,CHH,2000-11-14 00:00:00,2000-11-14 00:00:00,Q3,50100000,200000.0,49900000,0.996008,0.0,14300000,0.0,0.0,17100000,17300000,-900000.0,2800000.000000001,33800000,0.674651,32800000,0.654691,0.0,31900000,0.636727,12400000,19500000,0.389222,0.18362,0.18362,106200000,106200000,https://www.sec.gov/Archives/edgar/data/1046311/000092838500003075/0000928385-00-003075-index.html,https://www.sec.gov/Archives/edgar/data/1046311/000092838500003075/0000928385-00-003075-0001.txt
0,2000-06-30,CHH,2000-08-11 00:00:00,2000-08-11 00:00:00,Q2,41200000,0.0,41200000,1.0,0.0,14100000,0.0,0.0,17100000,17100000,-900000.0,3099999.9999999995,21200000,0.514563,24000000,0.582524,-4100000.0,19100000,0.463592,7400000.0,11600000,0.281553,0.10831,0.10831,107100000,107100000,https://www.sec.gov/Archives/edgar/data/1046311/000092838500002176/0000928385-00-002176-index.html,https://www.sec.gov/Archives/edgar/data/1046311/000092838500002176/0000928385-00-002176-0001.txt
0,2000-03-31,CHH,2000-05-15 00:00:00,2000-05-15 00:00:00,Q1,31600000,0.0,31600000,1.0,0.0,12200000,0.0,0.0,14700000,14700000,-2500000.0,2500000.0,14400000,0.455696,16900000,0.53481,0.0,14400000,0.455696,5600000.0,8800000.0,0.278481,0.08111,0.08111,108500000,108500000,https://www.sec.gov/Archives/edgar/data/1046311/000092838500001578/0000928385-00-001578-index.html,https://www.sec.gov/Archives/edgar/data/1046311/0000928385-00-001578.txt
0,1999-12-31,CHH,2000-03-30 00:00:00,2000-03-30 00:00:00,Q4,46900000,3900000.0,43000000,0.916844,0.0,17100000,0.0,0.0,19600000,23500000,-800000.0,2500000.0,24200000,0.515991,23300000,0.496802,0.0,22500000,0.479744,8500000.0,14000000,0.298507,0.12762,0.12762,109700000,109700000,https://www.sec.gov/Archives/edgar/data/1046311/000092838500001015/0000928385-00-001015-index.html,https://www.sec.gov/Archives/edgar/data/1046311/0000928385-00-001015.txt
0,1999-09-30,CHH,1999-11-12 00:00:00,1999-11-12 00:00:00,Q3,47100000,0.0,47100000,1.0,0.0,15200000,0.0,0.0,16900000,16900000,100000.0,-1799999.9999999998,28600000,0.607219,30200000,0.641189,0.0,30400000,0.645435,12000000,18300000,0.388535,0.16486,0.16486,111000000,111000000,https://www.sec.gov/Archives/edgar/data/1046311/000092838599003314/0000928385-99-003314-index.html,https://www.sec.gov/Archives/edgar/data/1046311/0000928385-99-003314.txt
0,1999-06-30,CHH,1999-08-16 00:00:00,1999-08-16 00:00:00,Q2,38700000,0.0,38700000,1.0,0.0,12600000,0.0,0.0,14300000,14300000,-100000.0,3500000.0,27600000,0.713178,24400000,0.630491,0.0,24300000,0.627907,9700000.0,14500000,0.374677,0.12993,0.12993,111600000,111600000,https://www.sec.gov/Archives/edgar/data/1046311/000092838599002587/0000928385-99-002587-index.html,https://www.sec.gov/Archives/edgar/data/1046311/0000928385-99-002587.txt
0,1999-03-31,CHH,1999-05-04 00:00:00,1999-05-04 00:00:00,Q1,28900000,0.0,28900000,1.0,0.0,11000000,0.0,0.0,12700000,12700000,1100000.0,3500000.0,21900000,0.757785,16200000,0.560554,0.0,17300000,0.598616,7000000.0,10300000,0.356401,0.09115,0.09115,113000000,113000000,https://www.sec.gov/Archives/edgar/data/1046311/000102140899000774/0001021408-99-000774-index.html,https://www.sec.gov/Archives/edgar/data/1046311/0001021408-99-000774.txt
0,1998-12-31,CHH,1999-03-29 00:00:00,1999-03-29 00:00:00,Q4,41100000,3400000.0,37700000,0.917275,0.0,16100000,0.0,0.0,17000000,20400000,200000.0,-1500000.0,19600000,0.476886,20700000,0.50365,0.0,21000000,0.510949,8700000.0,12200000,0.296837,0.10581,0.10581,115300000,115300000,https://www.sec.gov/Archives/edgar/data/1046311/000102140899000563/0001021408-99-000563-index.html,https://www.sec.gov/Archives/edgar/data/1046311/0001021408-99-000563.txt
0,1998-09-30,CHH,1998-11-16 00:00:00,1998-11-16 00:00:00,Q3,47700000,4500000.0,43200000,0.90566,0.0,14200000,0.0,0.0,16500000,21000000,-1500000.0,3200000.0,34200000,0.716981,26700000,0.559748,0.0,25200000,0.528302,10500000,22000000,0.461216,0.18597,0.18597,118300000,118300000,https://www.sec.gov/Archives/edgar/data/1046311/000092838598002339/0000928385-98-002339-index.html,https://www.sec.gov/Archives/edgar/data/1046311/0000928385-98-002339.txt
0,1998-06-30,CHH,1998-08-11 00:00:00,1998-08-11 00:00:00,Q2,43400000,6900000.0,36600000,0.843318,0.0,11300000,0.0,0.0,12999999.999999998,19899999.999999996,-1300000.0,2700000.0,23700000,0.546083,23500000,0.541475,0.0,22300000,0.513825,9300000.0,13000000,0.299539,0.10762,0.10762,120800000,120800000,https://www.sec.gov/Archives/edgar/data/1046311/000092838598001626/0000928385-98-001626-index.html,https://www.sec.gov/Archives/edgar/data/1046311/0000928385-98-001626.txt
0,1998-03-31,CHH,1998-05-15 00:00:00,1998-05-15 00:00:00,Q1,33200000,5900000.0,27300000,0.822289,0.0,11400000,0.0,0.0,13100000,19000000,-200000.0,3000000.0,16700000,0.503012,14100000,0.424699,0.0,14000000,0.421687,5800000.0,8100000.0,0.243976,0.06645,0.06645,121900000,121900000,https://www.sec.gov/Archives/edgar/data/1046311/000092838598001069/0000928385-98-001069-index.html,https://www.sec.gov/Archives/edgar/data/1046311/0000928385-98-001069.txt
0,1997-11-30,CHH,1998-01-14 00:00:00,1998-01-14 00:00:00,Q4,79600000,41000000,38500000,0.483668,0.0,13000000,0.0,0.0,15000000,56000000,-2800000.0,5100000.0,23100000,0.290201,23600000,0.296482,0.0,20800000,0.261307,8500000.0,12300000,0.154523,0.10293,0.10293,119500000,119500000,https://www.sec.gov/Archives/edgar/data/1046311/000092838598000064/0000928385-98-000064-index.html,https://www.sec.gov/Archives/edgar/data/1046311/0000928385-98-000064.txt
