,date,symbol,fillingDate,acceptedDate,period,revenue,costOfRevenue,grossProfit,grossProfitRatio,researchAndDevelopmentExpenses,generalAndAdministrativeExpenses,sellingAndMarketingExpenses,otherExpenses,operatingExpenses,costAndExpenses,interestExpense,depreciationAndAmortization,ebitda,ebitdaratio,operatingIncome,operatingIncomeRatio,totalOtherIncomeExpensesNet,incomeBeforeTax,incomeBeforeTaxRatio,incomeTaxExpense,netIncome,netIncomeRatio,eps,epsdiluted,weightedAverageShsOut,weightedAverageShsOutDil,link,finalLink
0,2019-09-31,ALUPG.PA,,2019-09-31,Q3,11059258.5,8288283.0,2770975.5,3.991106561570104,0.0,0.0,0.0,0.0,371739.0,11103454,22015.75,133297.75,116086.25,95.26760059869278,-44195.5,-250.2349447341924,0.0,-73744.0,-149.96824826426555,24904.75,-99234.25,-111.44598261185024,-0.02123275,-0.02123275,4673653.0,4673653.0,https://www.infogreffe.com/recherche-entreprise-dirigeants/resultats-entreprise-dirigeants.html?ga_cat=globale&ga_q=A.L.U.P.G#phrase=A.L.U.P.G,https://www.infogreffe.com/recherche-entreprise-dirigeants/resultats-entreprise-dirigeants.html?ga_cat=globale&ga_q=A.L.U.P.G#phrase=A.L.U.P.G
0,2019-06-31,ALUPG.PA,,2019-06-31,Q2,11059258.5,8288283.0,2770975.5,3.991106561570104,0.0,0.0,0.0,0.0,371739.0,11103454,22015.75,133297.75,116086.25,95.26760059869278,-44195.5,-250.2349447341924,0.0,-73744.0,-149.96824826426555,24904.75,-99234.25,-111.44598261185024,-0.02123275,-0.02123275,4673653.0,4673653.0,https://www.infogreffe.com/recherche-entreprise-dirigeants/resultats-entreprise-dirigeants.html?ga_cat=globale&ga_q=A.L.U.P.G#phrase=A.L.U.P.G,https://www.infogreffe.com/recherche-entreprise-dirigeants/resultats-entreprise-dirigeants.html?ga_cat=globale&ga_q=A.L.U.P.G#phrase=A.L.U.P.G
0,2019-03-31,ALUPG.PA,,2019-03-31,Q1,11059258.5,8288283.0,2770975.5,3.991106561570104,0.0,0.0,0.0,0.0,371739.0,11103454,22015.75,133297.75,116086.25,95.26760059869278,-44195.5,-250.2349447341924,0.0,-73744.0,-149.96824826426555,24904.75,-99234.25,-111.44598261185024,-0.02123275,-0.02123275,4673653.0,4673653.0,https://www.infogreffe.com/recherche-entreprise-dirigeants/resultats-entreprise-dirigeants.html?ga_cat=globale&ga_q=A.L.U.P.G#phrase=A.L.U.P.G,https://www.infogreffe.com/recherche-entreprise-dirigeants/resultats-entreprise-dirigeants.html?ga_cat=globale&ga_q=A.L.U.P.G#phrase=A.L.U.P.G
0,2019-01-31,ALUPG.PA,,2019-01-31,Q1,11059258.5,8288283.0,2770975.5,3.991106561570104,0.0,0.0,0.0,0.0,371739.0,11103454,22015.75,133297.75,116086.25,95.26760059869278,-44195.5,-250.2349447341924,0.0,-73744.0,-149.96824826426555,24904.75,-99234.25,-111.44598261185024,-0.02123275,-0.02123275,4673653.0,4673653.0,https://www.infogreffe.com/recherche-entreprise-dirigeants/resultats-entreprise-dirigeants.html?ga_cat=globale&ga_q=A.L.U.P.G#phrase=A.L.U.P.G,https://www.infogreffe.com/recherche-entreprise-dirigeants/resultats-entreprise-dirigeants.html?ga_cat=globale&ga_q=A.L.U.P.G#phrase=A.L.U.P.G
0,2018-09-31,ALUPG.PA,,2018-09-31,Q3,10753775.75,8334036.0,2419739.75,4.444186921341438,0.0,0.0,0.0,0.0,398485.25,10901228.25,7083.5,115309.75,-47468.5,-226.54551439375587,-147452.5,-72.93044031128669,0.0,-165342.0,-65.03958915460076,-18740.0,-149819.0,-71.77845099753702,-0.0325,-0.0325,4609815.0,4609815.0,https://www.infogreffe.com/recherche-entreprise-dirigeants/resultats-entreprise-dirigeants.html?ga_cat=globale&ga_q=A.L.U.P.G#phrase=A.L.U.P.G,https://www.infogreffe.com/recherche-entreprise-dirigeants/resultats-entreprise-dirigeants.html?ga_cat=globale&ga_q=A.L.U.P.G#phrase=A.L.U.P.G
0,2018-06-31,ALUPG.PA,,2018-06-31,Q2,10753775.75,8334036.0,2419739.75,4.444186921341438,0.0,0.0,0.0,0.0,398485.25,10901228.25,7083.5,115309.75,-47468.5,-226.54551439375587,-147452.5,-72.93044031128669,0.0,-165342.0,-65.03958915460076,-18740.0,-149819.0,-71.77845099753702,-0.0325,-0.0325,4609815.0,4609815.0,https://www.infogreffe.com/recherche-entreprise-dirigeants/resultats-entreprise-dirigeants.html?ga_cat=globale&ga_q=A.L.U.P.G#phrase=A.L.U.P.G,https://www.infogreffe.com/recherche-entreprise-dirigeants/resultats-entreprise-dirigeants.html?ga_cat=globale&ga_q=A.L.U.P.G#phrase=A.L.U.P.G
0,2018-03-31,ALUPG.PA,,2018-03-31,Q1,10753775.75,8334036.0,2419739.75,4.444186921341438,0.0,0.0,0.0,0.0,398485.25,10901228.25,7083.5,115309.75,-47468.5,-226.54551439375587,-147452.5,-72.93044031128669,0.0,-165342.0,-65.03958915460076,-18740.0,-149819.0,-71.77845099753702,-0.0325,-0.0325,4609815.0,4609815.0,https://www.infogreffe.com/recherche-entreprise-dirigeants/resultats-entreprise-dirigeants.html?ga_cat=globale&ga_q=A.L.U.P.G#phrase=A.L.U.P.G,https://www.infogreffe.com/recherche-entreprise-dirigeants/resultats-entreprise-dirigeants.html?ga_cat=globale&ga_q=A.L.U.P.G#phrase=A.L.U.P.G
0,2018-01-31,ALUPG.PA,,2018-01-31,Q1,10753775.75,8334036.0,2419739.75,4.444186921341438,0.0,0.0,0.0,0.0,398485.25,10901228.25,7083.5,115309.75,-47468.5,-226.54551439375587,-147452.5,-72.93044031128669,0.0,-165342.0,-65.03958915460076,-18740.0,-149819.0,-71.77845099753702,-0.0325,-0.0325,4609815.0,4609815.0,https://www.infogreffe.com/recherche-entreprise-dirigeants/resultats-entreprise-dirigeants.html?ga_cat=globale&ga_q=A.L.U.P.G#phrase=A.L.U.P.G,https://www.infogreffe.com/recherche-entreprise-dirigeants/resultats-entreprise-dirigeants.html?ga_cat=globale&ga_q=A.L.U.P.G#phrase=A.L.U.P.G
0,2017-09-31,ALUPG.PA,,2017-09-31,Q3,10996038.75,8467704.0,2528334.75,4.3491229751123734,0.0,0.0,0.0,0.0,374685.0,11066751.25,9156.5,107541.25,174674.0,62.95177731087626,-70712.5,-155.50346473395794,0.0,1209301.0,9.092888164319719,45921.25,1104298.25,9.957489971572445,0.2275,0.2275,4854058.0,4854058.0,https://www.infogreffe.com/recherche-entreprise-dirigeants/resultats-entreprise-dirigeants.html?ga_cat=globale&ga_q=A.L.U.P.G#phrase=A.L.U.P.G,https://www.infogreffe.com/recherche-entreprise-dirigeants/resultats-entreprise-dirigeants.html?ga_cat=globale&ga_q=A.L.U.P.G#phrase=A.L.U.P.G
0,2017-06-31,ALUPG.PA,,2017-06-31,Q2,10996038.75,8467704.0,2528334.75,4.3491229751123734,0.0,0.0,0.0,0.0,374685.0,11066751.25,9156.5,107541.25,174674.0,62.95177731087626,-70712.5,-155.50346473395794,0.0,1209301.0,9.092888164319719,45921.25,1104298.25,9.957489971572445,0.2275,0.2275,4854058.0,4854058.0,https://www.infogreffe.com/recherche-entreprise-dirigeants/resultats-entreprise-dirigeants.html?ga_cat=globale&ga_q=A.L.U.P.G#phrase=A.L.U.P.G,https://www.infogreffe.com/recherche-entreprise-dirigeants/resultats-entreprise-dirigeants.html?ga_cat=globale&ga_q=A.L.U.P.G#phrase=A.L.U.P.G
0,2017-03-31,ALUPG.PA,,2017-03-31,Q1,10996038.75,8467704.0,2528334.75,4.3491229751123734,0.0,0.0,0.0,0.0,374685.0,11066751.25,9156.5,107541.25,174674.0,62.95177731087626,-70712.5,-155.50346473395794,0.0,1209301.0,9.092888164319719,45921.25,1104298.25,9.957489971572445,0.2275,0.2275,4854058.0,4854058.0,https://www.infogreffe.com/recherche-entreprise-dirigeants/resultats-entreprise-dirigeants.html?ga_cat=globale&ga_q=A.L.U.P.G#phrase=A.L.U.P.G,https://www.infogreffe.com/recherche-entreprise-dirigeants/resultats-entreprise-dirigeants.html?ga_cat=globale&ga_q=A.L.U.P.G#phrase=A.L.U.P.G
0,2017-01-31,ALUPG.PA,,2017-01-31,Q1,10996038.75,8467704.0,2528334.75,4.3491229751123734,0.0,0.0,0.0,0.0,374685.0,11066751.25,9156.5,107541.25,174674.0,62.95177731087626,-70712.5,-155.50346473395794,0.0,1209301.0,9.092888164319719,45921.25,1104298.25,9.957489971572445,0.2275,0.2275,4854058.0,4854058.0,https://www.infogreffe.com/recherche-entreprise-dirigeants/resultats-entreprise-dirigeants.html?ga_cat=globale&ga_q=A.L.U.P.G#phrase=A.L.U.P.G,https://www.infogreffe.com/recherche-entreprise-dirigeants/resultats-entreprise-dirigeants.html?ga_cat=globale&ga_q=A.L.U.P.G#phrase=A.L.U.P.G
0,2016-09-31,ALUPG.PA,,2016-09-31,Q3,12620418,9454055.0,3166363.0,3.985777372967029,0.0,0.0,0.0,0.0,289821.5,12164793.75,15645.75,95862.0,519646.0,24.28656816371145,455624.25,27.699179751736217,0.0,408138.25,30.921919227124633,160062.5,240586.25,52.45693800040526,0.05,0.05,4811725.0,4811725.0,https://www.infogreffe.com/recherche-entreprise-dirigeants/resultats-entreprise-dirigeants.html?ga_cat=globale&ga_q=A.L.U.P.G#phrase=A.L.U.P.G,https://www.infogreffe.com/recherche-entreprise-dirigeants/resultats-entreprise-dirigeants.html?ga_cat=globale&ga_q=A.L.U.P.G#phrase=A.L.U.P.G
0,2016-06-31,ALUPG.PA,,2016-06-31,Q2,12620418,9454055.0,3166363.0,3.985777372967029,0.0,0.0,0.0,0.0,289821.5,12164793.75,15645.75,95862.0,519646.0,24.28656816371145,455624.25,27.699179751736217,0.0,408138.25,30.921919227124633,160062.5,240586.25,52.45693800040526,0.05,0.05,4811725.0,4811725.0,https://www.infogreffe.com/recherche-entreprise-dirigeants/resultats-entreprise-dirigeants.html?ga_cat=globale&ga_q=A.L.U.P.G#phrase=A.L.U.P.G,https://www.infogreffe.com/recherche-entreprise-dirigeants/resultats-entreprise-dirigeants.html?ga_cat=globale&ga_q=A.L.U.P.G#phrase=A.L.U.P.G
0,2016-03-31,ALUPG.PA,,2016-03-31,Q1,12620418,9454055.0,3166363.0,3.985777372967029,0.0,0.0,0.0,0.0,289821.5,12164793.75,15645.75,95862.0,519646.0,24.28656816371145,455624.25,27.699179751736217,0.0,408138.25,30.921919227124633,160062.5,240586.25,52.45693800040526,0.05,0.05,4811725.0,4811725.0,https://www.infogreffe.com/recherche-entreprise-dirigeants/resultats-entreprise-dirigeants.html?ga_cat=globale&ga_q=A.L.U.P.G#phrase=A.L.U.P.G,https://www.infogreffe.com/recherche-entreprise-dirigeants/resultats-entreprise-dirigeants.html?ga_cat=globale&ga_q=A.L.U.P.G#phrase=A.L.U.P.G
0,2016-01-31,ALUPG.PA,,2016-01-31,Q1,12620418,9454055.0,3166363.0,3.985777372967029,0.0,0.0,0.0,0.0,289821.5,12164793.75,15645.75,95862.0,519646.0,24.28656816371145,455624.25,27.699179751736217,0.0,408138.25,30.921919227124633,160062.5,240586.25,52.45693800040526,0.05,0.05,4811725.0,4811725.0,https://www.infogreffe.com/recherche-entreprise-dirigeants/resultats-entreprise-dirigeants.html?ga_cat=globale&ga_q=A.L.U.P.G#phrase=A.L.U.P.G,https://www.infogreffe.com/recherche-entreprise-dirigeants/resultats-entreprise-dirigeants.html?ga_cat=globale&ga_q=A.L.U.P.G#phrase=A.L.U.P.G
0,2015-09-31,ALUPG.PA,,2015-09-31,Q3,13531939.75,7363309.75,6168630.0,2.1936701909500163,0.0,0.0,0.0,0.0,2830103.25,12707709.75,10294.25,129396.75,884403.5,15.300640205517052,824230.0,16.41767437487109,0.0,618123.0,21.891985494796344,162272.75,374474.25,36.13583510748737,0.0775,0.0775,4831926.0,4831926.0,https://www.infogreffe.com/recherche-entreprise-dirigeants/resultats-entreprise-dirigeants.html?ga_cat=globale&ga_q=A.L.U.P.G#phrase=A.L.U.P.G,https://www.infogreffe.com/recherche-entreprise-dirigeants/resultats-entreprise-dirigeants.html?ga_cat=globale&ga_q=A.L.U.P.G#phrase=A.L.U.P.G
0,2015-06-31,ALUPG.PA,,2015-06-31,Q2,13531939.75,7363309.75,6168630.0,2.1936701909500163,0.0,0.0,0.0,0.0,2830103.25,12707709.75,10294.25,129396.75,884403.5,15.300640205517052,824230.0,16.41767437487109,0.0,618123.0,21.891985494796344,162272.75,374474.25,36.13583510748737,0.0775,0.0775,4831926.0,4831926.0,https://www.infogreffe.com/recherche-entreprise-dirigeants/resultats-entreprise-dirigeants.html?ga_cat=globale&ga_q=A.L.U.P.G#phrase=A.L.U.P.G,https://www.infogreffe.com/recherche-entreprise-dirigeants/resultats-entreprise-dirigeants.html?ga_cat=globale&ga_q=A.L.U.P.G#phrase=A.L.U.P.G
0,2015-03-31,ALUPG.PA,,2015-03-31,Q1,13531939.75,7363309.75,6168630.0,2.1936701909500163,0.0,0.0,0.0,0.0,2830103.25,12707709.75,10294.25,129396.75,884403.5,15.300640205517052,824230.0,16.41767437487109,0.0,618123.0,21.891985494796344,162272.75,374474.25,36.13583510748737,0.0775,0.0775,4831926.0,4831926.0,https://www.infogreffe.com/recherche-entreprise-dirigeants/resultats-entreprise-dirigeants.html?ga_cat=globale&ga_q=A.L.U.P.G#phrase=A.L.U.P.G,https://www.infogreffe.com/recherche-entreprise-dirigeants/resultats-entreprise-dirigeants.html?ga_cat=globale&ga_q=A.L.U.P.G#phrase=A.L.U.P.G
0,2015-01-31,ALUPG.PA,,2015-01-31,Q1,13531939.75,7363309.75,6168630.0,2.1936701909500163,0.0,0.0,0.0,0.0,2830103.25,12707709.75,10294.25,129396.75,884403.5,15.300640205517052,824230.0,16.41767437487109,0.0,618123.0,21.891985494796344,162272.75,374474.25,36.13583510748737,0.0775,0.0775,4831926.0,4831926.0,https://www.infogreffe.com/recherche-entreprise-dirigeants/resultats-entreprise-dirigeants.html?ga_cat=globale&ga_q=A.L.U.P.G#phrase=A.L.U.P.G,https://www.infogreffe.com/recherche-entreprise-dirigeants/resultats-entreprise-dirigeants.html?ga_cat=globale&ga_q=A.L.U.P.G#phrase=A.L.U.P.G
0,2014-09-31,ALUPG.PA,,2014-09-31,Q3,14002212.25,7143896.75,6858315.5,2.0416401447265002,0.0,0.0,0.0,0.0,3149601.0,13007422.25,0.0,142926.0,1633892.5,8.569849148582296,994790.0,14.07554584384644,0.0,594957.5,23.53481088985348,345074.75,95930.0,145.96280881893048,0.02,0.02,4796500.0,4796500.0,https://www.infogreffe.com/recherche-entreprise-dirigeants/resultats-entreprise-dirigeants.html?ga_cat=globale&ga_q=A.L.U.P.G#phrase=A.L.U.P.G,https://www.infogreffe.com/recherche-entreprise-dirigeants/resultats-entreprise-dirigeants.html?ga_cat=globale&ga_q=A.L.U.P.G#phrase=A.L.U.P.G
0,2014-06-31,ALUPG.PA,,2014-06-31,Q2,14002212.25,7143896.75,6858315.5,2.0416401447265002,0.0,0.0,0.0,0.0,3149601.0,13007422.25,0.0,142926.0,1633892.5,8.569849148582296,994790.0,14.07554584384644,0.0,594957.5,23.53481088985348,345074.75,95930.0,145.96280881893048,0.02,0.02,4796500.0,4796500.0,https://www.infogreffe.com/recherche-entreprise-dirigeants/resultats-entreprise-dirigeants.html?ga_cat=globale&ga_q=A.L.U.P.G#phrase=A.L.U.P.G,https://www.infogreffe.com/recherche-entreprise-dirigeants/resultats-entreprise-dirigeants.html?ga_cat=globale&ga_q=A.L.U.P.G#phrase=A.L.U.P.G
0,2014-03-31,ALUPG.PA,,2014-03-31,Q1,14002212.25,7143896.75,6858315.5,2.0416401447265002,0.0,0.0,0.0,0.0,3149601.0,13007422.25,0.0,142926.0,1633892.5,8.569849148582296,994790.0,14.07554584384644,0.0,594957.5,23.53481088985348,345074.75,95930.0,145.96280881893048,0.02,0.02,4796500.0,4796500.0,https://www.infogreffe.com/recherche-entreprise-dirigeants/resultats-entreprise-dirigeants.html?ga_cat=globale&ga_q=A.L.U.P.G#phrase=A.L.U.P.G,https://www.infogreffe.com/recherche-entreprise-dirigeants/resultats-entreprise-dirigeants.html?ga_cat=globale&ga_q=A.L.U.P.G#phrase=A.L.U.P.G
0,2014-01-31,ALUPG.PA,,2014-01-31,Q1,14002212.25,7143896.75,6858315.5,2.0416401447265002,0.0,0.0,0.0,0.0,3149601.0,13007422.25,0.0,142926.0,1633892.5,8.569849148582296,994790.0,14.07554584384644,0.0,594957.5,23.53481088985348,345074.75,95930.0,145.96280881893048,0.02,0.02,4796500.0,4796500.0,https://www.infogreffe.com/recherche-entreprise-dirigeants/resultats-entreprise-dirigeants.html?ga_cat=globale&ga_q=A.L.U.P.G#phrase=A.L.U.P.G,https://www.infogreffe.com/recherche-entreprise-dirigeants/resultats-entreprise-dirigeants.html?ga_cat=globale&ga_q=A.L.U.P.G#phrase=A.L.U.P.G
0,2013-09-31,ALUPG.PA,,2013-09-31,Q3,13259372.25,6659472.75,6599899.5,2.0090263874472636,0.0,0.0,0.0,0.0,2710708.75,12330752.5,0.0,184338.75,1183999.75,11.198796494678314,928619.75,14.278580926154111,0.0,867806.5,15.279180612267828,289762.5,364534.75,36.37341090252713,0.075,0.075,4860463.0,4860463.0,https://www.infogreffe.com/recherche-entreprise-dirigeants/resultats-entreprise-dirigeants.html?ga_cat=globale&ga_q=A.L.U.P.G#phrase=A.L.U.P.G,https://www.infogreffe.com/recherche-entreprise-dirigeants/resultats-entreprise-dirigeants.html?ga_cat=globale&ga_q=A.L.U.P.G#phrase=A.L.U.P.G
0,2013-06-31,ALUPG.PA,,2013-06-31,Q2,13259372.25,6659472.75,6599899.5,2.0090263874472636,0.0,0.0,0.0,0.0,2710708.75,12330752.5,0.0,184338.75,1183999.75,11.198796494678314,928619.75,14.278580926154111,0.0,867806.5,15.279180612267828,289762.5,364534.75,36.37341090252713,0.075,0.075,4860463.0,4860463.0,https://www.infogreffe.com/recherche-entreprise-dirigeants/resultats-entreprise-dirigeants.html?ga_cat=globale&ga_q=A.L.U.P.G#phrase=A.L.U.P.G,https://www.infogreffe.com/recherche-entreprise-dirigeants/resultats-entreprise-dirigeants.html?ga_cat=globale&ga_q=A.L.U.P.G#phrase=A.L.U.P.G
0,2013-03-31,ALUPG.PA,,2013-03-31,Q1,13259372.25,6659472.75,6599899.5,2.0090263874472636,0.0,0.0,0.0,0.0,2710708.75,12330752.5,0.0,184338.75,1183999.75,11.198796494678314,928619.75,14.278580926154111,0.0,867806.5,15.279180612267828,289762.5,364534.75,36.37341090252713,0.075,0.075,4860463.0,4860463.0,https://www.infogreffe.com/recherche-entreprise-dirigeants/resultats-entreprise-dirigeants.html?ga_cat=globale&ga_q=A.L.U.P.G#phrase=A.L.U.P.G,https://www.infogreffe.com/recherche-entreprise-dirigeants/resultats-entreprise-dirigeants.html?ga_cat=globale&ga_q=A.L.U.P.G#phrase=A.L.U.P.G
0,2013-01-31,ALUPG.PA,,2013-01-31,Q1,13259372.25,6659472.75,6599899.5,2.0090263874472636,0.0,0.0,0.0,0.0,2710708.75,12330752.5,0.0,184338.75,1183999.75,11.198796494678314,928619.75,14.278580926154111,0.0,867806.5,15.279180612267828,289762.5,364534.75,36.37341090252713,0.075,0.075,4860463.0,4860463.0,https://www.infogreffe.com/recherche-entreprise-dirigeants/resultats-entreprise-dirigeants.html?ga_cat=globale&ga_q=A.L.U.P.G#phrase=A.L.U.P.G,https://www.infogreffe.com/recherche-entreprise-dirigeants/resultats-entreprise-dirigeants.html?ga_cat=globale&ga_q=A.L.U.P.G#phrase=A.L.U.P.G
0,2012-09-31,ALUPG.PA,,2012-09-31,Q3,13718843.5,6982010.0,6736833.5,2.0363934332056743,0.0,0.0,0.0,0.0,2643050.25,12791390.25,0.0,179139.25,1149064.75,11.939138764808511,927453.25,14.791951508067926,0.0,848279.0,16.17256056085321,237420.25,431067.75,31.825260646383313,0.0875,0.0875,4926489.0,4926489.0,https://www.infogreffe.com/recherche-entreprise-dirigeants/resultats-entreprise-dirigeants.html?ga_cat=globale&ga_q=A.L.U.P.G#phrase=A.L.U.P.G,https://www.infogreffe.com/recherche-entreprise-dirigeants/resultats-entreprise-dirigeants.html?ga_cat=globale&ga_q=A.L.U.P.G#phrase=A.L.U.P.G
0,2012-06-31,ALUPG.PA,,2012-06-31,Q2,13718843.5,6982010.0,6736833.5,2.0363934332056743,0.0,0.0,0.0,0.0,2643050.25,12791390.25,0.0,179139.25,1149064.75,11.939138764808511,927453.25,14.791951508067926,0.0,848279.0,16.17256056085321,237420.25,431067.75,31.825260646383313,0.0875,0.0875,4926489.0,4926489.0,https://www.infogreffe.com/recherche-entreprise-dirigeants/resultats-entreprise-dirigeants.html?ga_cat=globale&ga_q=A.L.U.P.G#phrase=A.L.U.P.G,https://www.infogreffe.com/recherche-entreprise-dirigeants/resultats-entreprise-dirigeants.html?ga_cat=globale&ga_q=A.L.U.P.G#phrase=A.L.U.P.G
0,2012-03-31,ALUPG.PA,,2012-03-31,Q1,13718843.5,6982010.0,6736833.5,2.0363934332056743,0.0,0.0,0.0,0.0,2643050.25,12791390.25,0.0,179139.25,1149064.75,11.939138764808511,927453.25,14.791951508067926,0.0,848279.0,16.17256056085321,237420.25,431067.75,31.825260646383313,0.0875,0.0875,4926489.0,4926489.0,https://www.infogreffe.com/recherche-entreprise-dirigeants/resultats-entreprise-dirigeants.html?ga_cat=globale&ga_q=A.L.U.P.G#phrase=A.L.U.P.G,https://www.infogreffe.com/recherche-entreprise-dirigeants/resultats-entreprise-dirigeants.html?ga_cat=globale&ga_q=A.L.U.P.G#phrase=A.L.U.P.G
0,2012-01-31,ALUPG.PA,,2012-01-31,Q1,13718843.5,6982010.0,6736833.5,2.0363934332056743,0.0,0.0,0.0,0.0,2643050.25,12791390.25,0.0,179139.25,1149064.75,11.939138764808511,927453.25,14.791951508067926,0.0,848279.0,16.17256056085321,237420.25,431067.75,31.825260646383313,0.0875,0.0875,4926489.0,4926489.0,https://www.infogreffe.com/recherche-entreprise-dirigeants/resultats-entreprise-dirigeants.html?ga_cat=globale&ga_q=A.L.U.P.G#phrase=A.L.U.P.G,https://www.infogreffe.com/recherche-entreprise-dirigeants/resultats-entreprise-dirigeants.html?ga_cat=globale&ga_q=A.L.U.P.G#phrase=A.L.U.P.G
0,2011-09-31,ALUPG.PA,,2011-09-31,Q3,13352511.25,6685362.25,6667149.0,2.002731789855004,0.0,0.0,0.0,0.0,2522867.25,12437637.5,0.0,207786.75,1204830.75,11.082478804595583,914873.75,14.594922250201188,0.0,827563.0,16.134736871996452,260609.0,434988.5,30.69623967070394,0.09,0.09,4833206.0,4833206.0,https://www.infogreffe.com/recherche-entreprise-dirigeants/resultats-entreprise-dirigeants.html?ga_cat=globale&ga_q=A.L.U.P.G#phrase=A.L.U.P.G,https://www.infogreffe.com/recherche-entreprise-dirigeants/resultats-entreprise-dirigeants.html?ga_cat=globale&ga_q=A.L.U.P.G#phrase=A.L.U.P.G
0,2011-06-31,ALUPG.PA,,2011-06-31,Q2,13352511.25,6685362.25,6667149.0,2.002731789855004,0.0,0.0,0.0,0.0,2522867.25,12437637.5,0.0,207786.75,1204830.75,11.082478804595583,914873.75,14.594922250201188,0.0,827563.0,16.134736871996452,260609.0,434988.5,30.69623967070394,0.09,0.09,4833206.0,4833206.0,https://www.infogreffe.com/recherche-entreprise-dirigeants/resultats-entreprise-dirigeants.html?ga_cat=globale&ga_q=A.L.U.P.G#phrase=A.L.U.P.G,https://www.infogreffe.com/recherche-entreprise-dirigeants/resultats-entreprise-dirigeants.html?ga_cat=globale&ga_q=A.L.U.P.G#phrase=A.L.U.P.G
0,2011-03-31,ALUPG.PA,,2011-03-31,Q1,13352511.25,6685362.25,6667149.0,2.002731789855004,0.0,0.0,0.0,0.0,2522867.25,12437637.5,0.0,207786.75,1204830.75,11.082478804595583,914873.75,14.594922250201188,0.0,827563.0,16.134736871996452,260609.0,434988.5,30.69623967070394,0.09,0.09,4833206.0,4833206.0,https://www.infogreffe.com/recherche-entreprise-dirigeants/resultats-entreprise-dirigeants.html?ga_cat=globale&ga_q=A.L.U.P.G#phrase=A.L.U.P.G,https://www.infogreffe.com/recherche-entreprise-dirigeants/resultats-entreprise-dirigeants.html?ga_cat=globale&ga_q=A.L.U.P.G#phrase=A.L.U.P.G
0,2011-01-31,ALUPG.PA,,2011-01-31,Q1,13352511.25,6685362.25,6667149.0,2.002731789855004,0.0,0.0,0.0,0.0,2522867.25,12437637.5,0.0,207786.75,1204830.75,11.082478804595583,914873.75,14.594922250201188,0.0,827563.0,16.134736871996452,260609.0,434988.5,30.69623967070394,0.09,0.09,4833206.0,4833206.0,https://www.infogreffe.com/recherche-entreprise-dirigeants/resultats-entreprise-dirigeants.html?ga_cat=globale&ga_q=A.L.U.P.G#phrase=A.L.U.P.G,https://www.infogreffe.com/recherche-entreprise-dirigeants/resultats-entreprise-dirigeants.html?ga_cat=globale&ga_q=A.L.U.P.G#phrase=A.L.U.P.G
0,2010-09-31,ALUPG.PA,,2010-09-31,Q3,12573530.5,6379926.0,6193604.5,2.0300828863063503,0.0,0.0,0.0,-16180.0,2523079.75,12028436.5,0.0,207166.75,1110049.25,11.327002383002375,545094.0,23.066719685045147,0.0,230964.5,54.43923416802149,132418.75,98545.75,127.5907941235416,0.0202145,0.0202145,4875000.0,4875000.0,https://www.infogreffe.com/recherche-entreprise-dirigeants/resultats-entreprise-dirigeants.html?ga_cat=globale&ga_q=A.L.U.P.G#phrase=A.L.U.P.G,https://www.infogreffe.com/recherche-entreprise-dirigeants/resultats-entreprise-dirigeants.html?ga_cat=globale&ga_q=A.L.U.P.G#phrase=A.L.U.P.G
0,2010-06-31,ALUPG.PA,,2010-06-31,Q2,12573530.5,6379926.0,6193604.5,2.0300828863063503,0.0,0.0,0.0,-16180.0,2523079.75,12028436.5,0.0,207166.75,1110049.25,11.327002383002375,545094.0,23.066719685045147,0.0,230964.5,54.43923416802149,132418.75,98545.75,127.5907941235416,0.0202145,0.0202145,4875000.0,4875000.0,https://www.infogreffe.com/recherche-entreprise-dirigeants/resultats-entreprise-dirigeants.html?ga_cat=globale&ga_q=A.L.U.P.G#phrase=A.L.U.P.G,https://www.infogreffe.com/recherche-entreprise-dirigeants/resultats-entreprise-dirigeants.html?ga_cat=globale&ga_q=A.L.U.P.G#phrase=A.L.U.P.G
0,2010-03-31,ALUPG.PA,,2010-03-31,Q1,12573530.5,6379926.0,6193604.5,2.0300828863063503,0.0,0.0,0.0,-16180.0,2523079.75,12028436.5,0.0,207166.75,1110049.25,11.327002383002375,545094.0,23.066719685045147,0.0,230964.5,54.43923416802149,132418.75,98545.75,127.5907941235416,0.0202145,0.0202145,4875000.0,4875000.0,https://www.infogreffe.com/recherche-entreprise-dirigeants/resultats-entreprise-dirigeants.html?ga_cat=globale&ga_q=A.L.U.P.G#phrase=A.L.U.P.G,https://www.infogreffe.com/recherche-entreprise-dirigeants/resultats-entreprise-dirigeants.html?ga_cat=globale&ga_q=A.L.U.P.G#phrase=A.L.U.P.G
0,2010-01-31,ALUPG.PA,,2010-01-31,Q1,12573530.5,6379926.0,6193604.5,2.0300828863063503,0.0,0.0,0.0,-16180.0,2523079.75,12028436.5,0.0,207166.75,1110049.25,11.327002383002375,545094.0,23.066719685045147,0.0,230964.5,54.43923416802149,132418.75,98545.75,127.5907941235416,0.0202145,0.0202145,4875000.0,4875000.0,https://www.infogreffe.com/recherche-entreprise-dirigeants/resultats-entreprise-dirigeants.html?ga_cat=globale&ga_q=A.L.U.P.G#phrase=A.L.U.P.G,https://www.infogreffe.com/recherche-entreprise-dirigeants/resultats-entreprise-dirigeants.html?ga_cat=globale&ga_q=A.L.U.P.G#phrase=A.L.U.P.G
0,2009-09-31,ALUPG.PA,,2009-09-31,Q3,12292117,6290653.25,6001463.75,2.0481864945031116,0.0,0.0,0.0,0.0,2318717.75,11457434.75,0.0,142480.25,1196226.25,10.275745913450738,834682.25,14.72670228700802,0.0,611515.5,20.101071845276202,249429.25,362086.25,33.94803586162137,0.074274,0.074274,4875000.0,4875000.0,https://www.infogreffe.com/recherche-entreprise-dirigeants/resultats-entreprise-dirigeants.html?ga_cat=globale&ga_q=A.L.U.P.G#phrase=A.L.U.P.G,https://www.infogreffe.com/recherche-entreprise-dirigeants/resultats-entreprise-dirigeants.html?ga_cat=globale&ga_q=A.L.U.P.G#phrase=A.L.U.P.G
0,2009-06-31,ALUPG.PA,,2009-06-31,Q2,12292117,6290653.25,6001463.75,2.0481864945031116,0.0,0.0,0.0,0.0,2318717.75,11457434.75,0.0,142480.25,1196226.25,10.275745913450738,834682.25,14.72670228700802,0.0,611515.5,20.101071845276202,249429.25,362086.25,33.94803586162137,0.074274,0.074274,4875000.0,4875000.0,https://www.infogreffe.com/recherche-entreprise-dirigeants/resultats-entreprise-dirigeants.html?ga_cat=globale&ga_q=A.L.U.P.G#phrase=A.L.U.P.G,https://www.infogreffe.com/recherche-entreprise-dirigeants/resultats-entreprise-dirigeants.html?ga_cat=globale&ga_q=A.L.U.P.G#phrase=A.L.U.P.G
0,2009-03-31,ALUPG.PA,,2009-03-31,Q1,12292117,6290653.25,6001463.75,2.0481864945031116,0.0,0.0,0.0,0.0,2318717.75,11457434.75,0.0,142480.25,1196226.25,10.275745913450738,834682.25,14.72670228700802,0.0,611515.5,20.101071845276202,249429.25,362086.25,33.94803586162137,0.074274,0.074274,4875000.0,4875000.0,https://www.infogreffe.com/recherche-entreprise-dirigeants/resultats-entreprise-dirigeants.html?ga_cat=globale&ga_q=A.L.U.P.G#phrase=A.L.U.P.G,https://www.infogreffe.com/recherche-entreprise-dirigeants/resultats-entreprise-dirigeants.html?ga_cat=globale&ga_q=A.L.U.P.G#phrase=A.L.U.P.G
0,2009-01-31,ALUPG.PA,,2009-01-31,Q1,12292117,6290653.25,6001463.75,2.0481864945031116,0.0,0.0,0.0,0.0,2318717.75,11457434.75,0.0,142480.25,1196226.25,10.275745913450738,834682.25,14.72670228700802,0.0,611515.5,20.101071845276202,249429.25,362086.25,33.94803586162137,0.074274,0.074274,4875000.0,4875000.0,https://www.infogreffe.com/recherche-entreprise-dirigeants/resultats-entreprise-dirigeants.html?ga_cat=globale&ga_q=A.L.U.P.G#phrase=A.L.U.P.G,https://www.infogreffe.com/recherche-entreprise-dirigeants/resultats-entreprise-dirigeants.html?ga_cat=globale&ga_q=A.L.U.P.G#phrase=A.L.U.P.G
