,date,symbol,fillingDate,acceptedDate,period,revenue,costOfRevenue,grossProfit,grossProfitRatio,researchAndDevelopmentExpenses,generalAndAdministrativeExpenses,sellingAndMarketingExpenses,otherExpenses,operatingExpenses,costAndExpenses,interestExpense,depreciationAndAmortization,ebitda,ebitdaratio,operatingIncome,operatingIncomeRatio,totalOtherIncomeExpensesNet,incomeBeforeTax,incomeBeforeTaxRatio,incomeTaxExpense,netIncome,netIncomeRatio,eps,epsdiluted,weightedAverageShsOut,weightedAverageShsOutDil,link,finalLink
0,2019-09-31,ALBI.PA,,2019-09-31,Q3,97467250,48689000,48778250,1.9981702910621024,0.0,22244250,0.0,0.0,1945000.0,94142000,902750.0,3498000.0,6735500.0,14.470677752208449,3325250.0,29.311254792872717,0.0,2438000.0,39.97836341263331,2750.0,2435250.0,40.02350887999179,0.1,0.0825,24279846,29401568,https://www.infogreffe.com/recherche-entreprise-dirigeants/resultats-entreprise-dirigeants.html?ga_cat=globale&ga_q=A.L.B.I#phrase=A.L.B.I,https://www.infogreffe.com/recherche-entreprise-dirigeants/resultats-entreprise-dirigeants.html?ga_cat=globale&ga_q=A.L.B.I#phrase=A.L.B.I
0,2019-06-31,ALBI.PA,,2019-06-31,Q2,97467250,48689000,48778250,1.9981702910621024,0.0,22244250,0.0,0.0,1945000.0,94142000,902750.0,3498000.0,6735500.0,14.470677752208449,3325250.0,29.311254792872717,0.0,2438000.0,39.97836341263331,2750.0,2435250.0,40.02350887999179,0.1,0.0825,24279846,29401568,https://www.infogreffe.com/recherche-entreprise-dirigeants/resultats-entreprise-dirigeants.html?ga_cat=globale&ga_q=A.L.B.I#phrase=A.L.B.I,https://www.infogreffe.com/recherche-entreprise-dirigeants/resultats-entreprise-dirigeants.html?ga_cat=globale&ga_q=A.L.B.I#phrase=A.L.B.I
0,2019-03-31,ALBI.PA,,2019-03-31,Q1,97467250,48689000,48778250,1.9981702910621024,0.0,22244250,0.0,0.0,1945000.0,94142000,902750.0,3498000.0,6735500.0,14.470677752208449,3325250.0,29.311254792872717,0.0,2438000.0,39.97836341263331,2750.0,2435250.0,40.02350887999179,0.1,0.0825,24279846,29401568,https://www.infogreffe.com/recherche-entreprise-dirigeants/resultats-entreprise-dirigeants.html?ga_cat=globale&ga_q=A.L.B.I#phrase=A.L.B.I,https://www.infogreffe.com/recherche-entreprise-dirigeants/resultats-entreprise-dirigeants.html?ga_cat=globale&ga_q=A.L.B.I#phrase=A.L.B.I
0,2019-01-31,ALBI.PA,,2019-01-31,Q1,97467250,48689000,48778250,1.9981702910621024,0.0,22244250,0.0,0.0,1945000.0,94142000,902750.0,3498000.0,6735500.0,14.470677752208449,3325250.0,29.311254792872717,0.0,2438000.0,39.97836341263331,2750.0,2435250.0,40.02350887999179,0.1,0.0825,24279846,29401568,https://www.infogreffe.com/recherche-entreprise-dirigeants/resultats-entreprise-dirigeants.html?ga_cat=globale&ga_q=A.L.B.I#phrase=A.L.B.I,https://www.infogreffe.com/recherche-entreprise-dirigeants/resultats-entreprise-dirigeants.html?ga_cat=globale&ga_q=A.L.B.I#phrase=A.L.B.I
0,2018-09-31,ALBI.PA,,2018-09-31,Q3,100497000,50202500,50294500,1.9981707741403136,0.0,22124750,0.0,0.0,3621500.0,98341500,781250.0,3136750.0,5204750.0,19.308708391373266,2155500.0,46.62352122477383,0.0,1618000.0,62.11186650185414,-734750.0,2352750.0,42.714695569014985,0.1075,0.0875,21991670,26812807,https://www.infogreffe.com/recherche-entreprise-dirigeants/resultats-entreprise-dirigeants.html?ga_cat=globale&ga_q=A.L.B.I#phrase=A.L.B.I,https://www.infogreffe.com/recherche-entreprise-dirigeants/resultats-entreprise-dirigeants.html?ga_cat=globale&ga_q=A.L.B.I#phrase=A.L.B.I
0,2018-06-31,ALBI.PA,,2018-06-31,Q2,100497000,50202500,50294500,1.9981707741403136,0.0,22124750,0.0,0.0,3621500.0,98341500,781250.0,3136750.0,5204750.0,19.308708391373266,2155500.0,46.62352122477383,0.0,1618000.0,62.11186650185414,-734750.0,2352750.0,42.714695569014985,0.1075,0.0875,21991670,26812807,https://www.infogreffe.com/recherche-entreprise-dirigeants/resultats-entreprise-dirigeants.html?ga_cat=globale&ga_q=A.L.B.I#phrase=A.L.B.I,https://www.infogreffe.com/recherche-entreprise-dirigeants/resultats-entreprise-dirigeants.html?ga_cat=globale&ga_q=A.L.B.I#phrase=A.L.B.I
0,2018-03-31,ALBI.PA,,2018-03-31,Q1,100497000,50202500,50294500,1.9981707741403136,0.0,22124750,0.0,0.0,3621500.0,98341500,781250.0,3136750.0,5204750.0,19.308708391373266,2155500.0,46.62352122477383,0.0,1618000.0,62.11186650185414,-734750.0,2352750.0,42.714695569014985,0.1075,0.0875,21991670,26812807,https://www.infogreffe.com/recherche-entreprise-dirigeants/resultats-entreprise-dirigeants.html?ga_cat=globale&ga_q=A.L.B.I#phrase=A.L.B.I,https://www.infogreffe.com/recherche-entreprise-dirigeants/resultats-entreprise-dirigeants.html?ga_cat=globale&ga_q=A.L.B.I#phrase=A.L.B.I
0,2018-01-31,ALBI.PA,,2018-01-31,Q1,100497000,50202500,50294500,1.9981707741403136,0.0,22124750,0.0,0.0,3621500.0,98341500,781250.0,3136750.0,5204750.0,19.308708391373266,2155500.0,46.62352122477383,0.0,1618000.0,62.11186650185414,-734750.0,2352750.0,42.714695569014985,0.1075,0.0875,21991670,26812807,https://www.infogreffe.com/recherche-entreprise-dirigeants/resultats-entreprise-dirigeants.html?ga_cat=globale&ga_q=A.L.B.I#phrase=A.L.B.I,https://www.infogreffe.com/recherche-entreprise-dirigeants/resultats-entreprise-dirigeants.html?ga_cat=globale&ga_q=A.L.B.I#phrase=A.L.B.I
0,2017-09-31,ALBI.PA,,2017-09-31,Q3,101604000,51249250,50354750,2.0177639646706615,0.0,21519000,0.0,0.0,2597000.0,97791000,591000.0,2921500.0,6605750.0,15.381145214396549,3813000.0,26.64673485444532,0.0,2174750.0,46.71985285665019,119000.0,2060500.0,49.31036156272749,0.09261775,0.0764095,21979873,27185289,https://www.infogreffe.com/recherche-entreprise-dirigeants/resultats-entreprise-dirigeants.html?ga_cat=globale&ga_q=A.L.B.I#phrase=A.L.B.I,https://www.infogreffe.com/recherche-entreprise-dirigeants/resultats-entreprise-dirigeants.html?ga_cat=globale&ga_q=A.L.B.I#phrase=A.L.B.I
0,2017-06-31,ALBI.PA,,2017-06-31,Q2,101604000,51249250,50354750,2.0177639646706615,0.0,21519000,0.0,0.0,2597000.0,97791000,591000.0,2921500.0,6605750.0,15.381145214396549,3813000.0,26.64673485444532,0.0,2174750.0,46.71985285665019,119000.0,2060500.0,49.31036156272749,0.09261775,0.0764095,21979873,27185289,https://www.infogreffe.com/recherche-entreprise-dirigeants/resultats-entreprise-dirigeants.html?ga_cat=globale&ga_q=A.L.B.I#phrase=A.L.B.I,https://www.infogreffe.com/recherche-entreprise-dirigeants/resultats-entreprise-dirigeants.html?ga_cat=globale&ga_q=A.L.B.I#phrase=A.L.B.I
0,2017-03-31,ALBI.PA,,2017-03-31,Q1,101604000,51249250,50354750,2.0177639646706615,0.0,21519000,0.0,0.0,2597000.0,97791000,591000.0,2921500.0,6605750.0,15.381145214396549,3813000.0,26.64673485444532,0.0,2174750.0,46.71985285665019,119000.0,2060500.0,49.31036156272749,0.09261775,0.0764095,21979873,27185289,https://www.infogreffe.com/recherche-entreprise-dirigeants/resultats-entreprise-dirigeants.html?ga_cat=globale&ga_q=A.L.B.I#phrase=A.L.B.I,https://www.infogreffe.com/recherche-entreprise-dirigeants/resultats-entreprise-dirigeants.html?ga_cat=globale&ga_q=A.L.B.I#phrase=A.L.B.I
0,2017-01-31,ALBI.PA,,2017-01-31,Q1,101604000,51249250,50354750,2.0177639646706615,0.0,21519000,0.0,0.0,2597000.0,97791000,591000.0,2921500.0,6605750.0,15.381145214396549,3813000.0,26.64673485444532,0.0,2174750.0,46.71985285665019,119000.0,2060500.0,49.31036156272749,0.09261775,0.0764095,21979873,27185289,https://www.infogreffe.com/recherche-entreprise-dirigeants/resultats-entreprise-dirigeants.html?ga_cat=globale&ga_q=A.L.B.I#phrase=A.L.B.I,https://www.infogreffe.com/recherche-entreprise-dirigeants/resultats-entreprise-dirigeants.html?ga_cat=globale&ga_q=A.L.B.I#phrase=A.L.B.I
0,2016-09-31,ALBI.PA,,2016-09-31,Q3,101692500,50870500,50822000,2.000954311125103,0.0,23074500,0.0,0.0,2134250.0,98876250,550000.0,2553000.0,5207500.0,19.528084493518964,2816250.0,36.10918774966711,0.0,1921500.0,52.923497267759565,77250.0,1846000.0,55.08802816901409,0.083356,0.06714775,21979873,27185289,https://www.infogreffe.com/recherche-entreprise-dirigeants/resultats-entreprise-dirigeants.html?ga_cat=globale&ga_q=A.L.B.I#phrase=A.L.B.I,https://www.infogreffe.com/recherche-entreprise-dirigeants/resultats-entreprise-dirigeants.html?ga_cat=globale&ga_q=A.L.B.I#phrase=A.L.B.I
0,2016-06-31,ALBI.PA,,2016-06-31,Q2,101692500,50870500,50822000,2.000954311125103,0.0,23074500,0.0,0.0,2134250.0,98876250,550000.0,2553000.0,5207500.0,19.528084493518964,2816250.0,36.10918774966711,0.0,1921500.0,52.923497267759565,77250.0,1846000.0,55.08802816901409,0.083356,0.06714775,21979873,27185289,https://www.infogreffe.com/recherche-entreprise-dirigeants/resultats-entreprise-dirigeants.html?ga_cat=globale&ga_q=A.L.B.I#phrase=A.L.B.I,https://www.infogreffe.com/recherche-entreprise-dirigeants/resultats-entreprise-dirigeants.html?ga_cat=globale&ga_q=A.L.B.I#phrase=A.L.B.I
0,2016-03-31,ALBI.PA,,2016-03-31,Q1,101692500,50870500,50822000,2.000954311125103,0.0,23074500,0.0,0.0,2134250.0,98876250,550000.0,2553000.0,5207500.0,19.528084493518964,2816250.0,36.10918774966711,0.0,1921500.0,52.923497267759565,77250.0,1846000.0,55.08802816901409,0.083356,0.06714775,21979873,27185289,https://www.infogreffe.com/recherche-entreprise-dirigeants/resultats-entreprise-dirigeants.html?ga_cat=globale&ga_q=A.L.B.I#phrase=A.L.B.I,https://www.infogreffe.com/recherche-entreprise-dirigeants/resultats-entreprise-dirigeants.html?ga_cat=globale&ga_q=A.L.B.I#phrase=A.L.B.I
0,2016-01-31,ALBI.PA,,2016-01-31,Q1,101692500,50870500,50822000,2.000954311125103,0.0,23074500,0.0,0.0,2134250.0,98876250,550000.0,2553000.0,5207500.0,19.528084493518964,2816250.0,36.10918774966711,0.0,1921500.0,52.923497267759565,77250.0,1846000.0,55.08802816901409,0.083356,0.06714775,21979873,27185289,https://www.infogreffe.com/recherche-entreprise-dirigeants/resultats-entreprise-dirigeants.html?ga_cat=globale&ga_q=A.L.B.I#phrase=A.L.B.I,https://www.infogreffe.com/recherche-entreprise-dirigeants/resultats-entreprise-dirigeants.html?ga_cat=globale&ga_q=A.L.B.I#phrase=A.L.B.I
0,2015-09-31,ALBI.PA,,2015-09-31,Q3,103785750,52627750,51158000,2.0287296219555104,0.0,24090500,0.0,0.0,2042250.0,101867500,538750.0,2188000.0,4261500.0,24.35427666314678,1918250.0,54.10439202398019,0.0,1981000.0,52.39058556284705,210500.0,1768750.0,58.677455830388695,0.0810405,0.0648325,21979873,27185289,https://www.infogreffe.com/recherche-entreprise-dirigeants/resultats-entreprise-dirigeants.html?ga_cat=globale&ga_q=A.L.B.I#phrase=A.L.B.I,https://www.infogreffe.com/recherche-entreprise-dirigeants/resultats-entreprise-dirigeants.html?ga_cat=globale&ga_q=A.L.B.I#phrase=A.L.B.I
0,2015-06-31,ALBI.PA,,2015-06-31,Q2,103785750,52627750,51158000,2.0287296219555104,0.0,24090500,0.0,0.0,2042250.0,101867500,538750.0,2188000.0,4261500.0,24.35427666314678,1918250.0,54.10439202398019,0.0,1981000.0,52.39058556284705,210500.0,1768750.0,58.677455830388695,0.0810405,0.0648325,21979873,27185289,https://www.infogreffe.com/recherche-entreprise-dirigeants/resultats-entreprise-dirigeants.html?ga_cat=globale&ga_q=A.L.B.I#phrase=A.L.B.I,https://www.infogreffe.com/recherche-entreprise-dirigeants/resultats-entreprise-dirigeants.html?ga_cat=globale&ga_q=A.L.B.I#phrase=A.L.B.I
0,2015-03-31,ALBI.PA,,2015-03-31,Q1,103785750,52627750,51158000,2.0287296219555104,0.0,24090500,0.0,0.0,2042250.0,101867500,538750.0,2188000.0,4261500.0,24.35427666314678,1918250.0,54.10439202398019,0.0,1981000.0,52.39058556284705,210500.0,1768750.0,58.677455830388695,0.0810405,0.0648325,21979873,27185289,https://www.infogreffe.com/recherche-entreprise-dirigeants/resultats-entreprise-dirigeants.html?ga_cat=globale&ga_q=A.L.B.I#phrase=A.L.B.I,https://www.infogreffe.com/recherche-entreprise-dirigeants/resultats-entreprise-dirigeants.html?ga_cat=globale&ga_q=A.L.B.I#phrase=A.L.B.I
0,2015-01-31,ALBI.PA,,2015-01-31,Q1,103785750,52627750,51158000,2.0287296219555104,0.0,24090500,0.0,0.0,2042250.0,101867500,538750.0,2188000.0,4261500.0,24.35427666314678,1918250.0,54.10439202398019,0.0,1981000.0,52.39058556284705,210500.0,1768750.0,58.677455830388695,0.0810405,0.0648325,21979873,27185289,https://www.infogreffe.com/recherche-entreprise-dirigeants/resultats-entreprise-dirigeants.html?ga_cat=globale&ga_q=A.L.B.I#phrase=A.L.B.I,https://www.infogreffe.com/recherche-entreprise-dirigeants/resultats-entreprise-dirigeants.html?ga_cat=globale&ga_q=A.L.B.I#phrase=A.L.B.I
0,2014-09-31,ALBI.PA,,2014-09-31,Q3,102722250,51310000,51412250,1.998011174379647,0.0,24008000,0.0,-721250.0,2489000.0,102519000,939500.0,2149000.0,2146000.0,47.86684529356943,203250.0,505.3985239852399,0.0,-1467500.0,-69.99812606473594,-39000.0,-1422500.0,-72.21247803163445,-0.0648325,-0.0648325,21979873,27185289,https://www.infogreffe.com/recherche-entreprise-dirigeants/resultats-entreprise-dirigeants.html?ga_cat=globale&ga_q=A.L.B.I#phrase=A.L.B.I,https://www.infogreffe.com/recherche-entreprise-dirigeants/resultats-entreprise-dirigeants.html?ga_cat=globale&ga_q=A.L.B.I#phrase=A.L.B.I
0,2014-06-31,ALBI.PA,,2014-06-31,Q2,102722250,51310000,51412250,1.998011174379647,0.0,24008000,0.0,-721250.0,2489000.0,102519000,939500.0,2149000.0,2146000.0,47.86684529356943,203250.0,505.3985239852399,0.0,-1467500.0,-69.99812606473594,-39000.0,-1422500.0,-72.21247803163445,-0.0648325,-0.0648325,21979873,27185289,https://www.infogreffe.com/recherche-entreprise-dirigeants/resultats-entreprise-dirigeants.html?ga_cat=globale&ga_q=A.L.B.I#phrase=A.L.B.I,https://www.infogreffe.com/recherche-entreprise-dirigeants/resultats-entreprise-dirigeants.html?ga_cat=globale&ga_q=A.L.B.I#phrase=A.L.B.I
0,2014-03-31,ALBI.PA,,2014-03-31,Q1,102722250,51310000,51412250,1.998011174379647,0.0,24008000,0.0,-721250.0,2489000.0,102519000,939500.0,2149000.0,2146000.0,47.86684529356943,203250.0,505.3985239852399,0.0,-1467500.0,-69.99812606473594,-39000.0,-1422500.0,-72.21247803163445,-0.0648325,-0.0648325,21979873,27185289,https://www.infogreffe.com/recherche-entreprise-dirigeants/resultats-entreprise-dirigeants.html?ga_cat=globale&ga_q=A.L.B.I#phrase=A.L.B.I,https://www.infogreffe.com/recherche-entreprise-dirigeants/resultats-entreprise-dirigeants.html?ga_cat=globale&ga_q=A.L.B.I#phrase=A.L.B.I
0,2014-01-31,ALBI.PA,,2014-01-31,Q1,102722250,51310000,51412250,1.998011174379647,0.0,24008000,0.0,-721250.0,2489000.0,102519000,939500.0,2149000.0,2146000.0,47.86684529356943,203250.0,505.3985239852399,0.0,-1467500.0,-69.99812606473594,-39000.0,-1422500.0,-72.21247803163445,-0.0648325,-0.0648325,21979873,27185289,https://www.infogreffe.com/recherche-entreprise-dirigeants/resultats-entreprise-dirigeants.html?ga_cat=globale&ga_q=A.L.B.I#phrase=A.L.B.I,https://www.infogreffe.com/recherche-entreprise-dirigeants/resultats-entreprise-dirigeants.html?ga_cat=globale&ga_q=A.L.B.I#phrase=A.L.B.I
0,2013-09-31,ALBI.PA,,2013-09-31,Q3,104586500,50969500,53617000,1.950622004215081,0.0,25496250,0.0,0.0,2764250.0,105914750,1747500.0,3332000.0,1925500.0,54.316541158140744,-1328250.0,-78.74007152268022,0.0,-12567500,-8.321981300974736,1064000.0,-13631250,-7.672553874369555,-6.60827425,-6.60827425,2106132.0,2106132.0,https://www.infogreffe.com/recherche-entreprise-dirigeants/resultats-entreprise-dirigeants.html?ga_cat=globale&ga_q=A.L.B.I#phrase=A.L.B.I,https://www.infogreffe.com/recherche-entreprise-dirigeants/resultats-entreprise-dirigeants.html?ga_cat=globale&ga_q=A.L.B.I#phrase=A.L.B.I
0,2013-06-31,ALBI.PA,,2013-06-31,Q2,104586500,50969500,53617000,1.950622004215081,0.0,25496250,0.0,0.0,2764250.0,105914750,1747500.0,3332000.0,1925500.0,54.316541158140744,-1328250.0,-78.74007152268022,0.0,-12567500,-8.321981300974736,1064000.0,-13631250,-7.672553874369555,-6.60827425,-6.60827425,2106132.0,2106132.0,https://www.infogreffe.com/recherche-entreprise-dirigeants/resultats-entreprise-dirigeants.html?ga_cat=globale&ga_q=A.L.B.I#phrase=A.L.B.I,https://www.infogreffe.com/recherche-entreprise-dirigeants/resultats-entreprise-dirigeants.html?ga_cat=globale&ga_q=A.L.B.I#phrase=A.L.B.I
0,2013-03-31,ALBI.PA,,2013-03-31,Q1,104586500,50969500,53617000,1.950622004215081,0.0,25496250,0.0,0.0,2764250.0,105914750,1747500.0,3332000.0,1925500.0,54.316541158140744,-1328250.0,-78.74007152268022,0.0,-12567500,-8.321981300974736,1064000.0,-13631250,-7.672553874369555,-6.60827425,-6.60827425,2106132.0,2106132.0,https://www.infogreffe.com/recherche-entreprise-dirigeants/resultats-entreprise-dirigeants.html?ga_cat=globale&ga_q=A.L.B.I#phrase=A.L.B.I,https://www.infogreffe.com/recherche-entreprise-dirigeants/resultats-entreprise-dirigeants.html?ga_cat=globale&ga_q=A.L.B.I#phrase=A.L.B.I
0,2013-01-31,ALBI.PA,,2013-01-31,Q1,104586500,50969500,53617000,1.950622004215081,0.0,25496250,0.0,0.0,2764250.0,105914750,1747500.0,3332000.0,1925500.0,54.316541158140744,-1328250.0,-78.74007152268022,0.0,-12567500,-8.321981300974736,1064000.0,-13631250,-7.672553874369555,-6.60827425,-6.60827425,2106132.0,2106132.0,https://www.infogreffe.com/recherche-entreprise-dirigeants/resultats-entreprise-dirigeants.html?ga_cat=globale&ga_q=A.L.B.I#phrase=A.L.B.I,https://www.infogreffe.com/recherche-entreprise-dirigeants/resultats-entreprise-dirigeants.html?ga_cat=globale&ga_q=A.L.B.I#phrase=A.L.B.I
0,2012-09-31,ALBI.PA,,2012-09-31,Q3,104923500,49126250,55797250,1.880442136485221,0.0,24696250,0.0,0.0,2402250.0,105212500,1983250.0,4995750.0,4387750.0,23.91282548002963,-289000.0,-363.05709342560556,0.0,-19394500,-5.409961587047874,273750.0,-19668000,-5.334731543624161,-10.8848975,-10.8848975,2096486.0,2096486.0,https://www.infogreffe.com/recherche-entreprise-dirigeants/resultats-entreprise-dirigeants.html?ga_cat=globale&ga_q=A.L.B.I#phrase=A.L.B.I,https://www.infogreffe.com/recherche-entreprise-dirigeants/resultats-entreprise-dirigeants.html?ga_cat=globale&ga_q=A.L.B.I#phrase=A.L.B.I
0,2012-06-31,ALBI.PA,,2012-06-31,Q2,104923500,49126250,55797250,1.880442136485221,0.0,24696250,0.0,0.0,2402250.0,105212500,1983250.0,4995750.0,4387750.0,23.91282548002963,-289000.0,-363.05709342560556,0.0,-19394500,-5.409961587047874,273750.0,-19668000,-5.334731543624161,-10.8848975,-10.8848975,2096486.0,2096486.0,https://www.infogreffe.com/recherche-entreprise-dirigeants/resultats-entreprise-dirigeants.html?ga_cat=globale&ga_q=A.L.B.I#phrase=A.L.B.I,https://www.infogreffe.com/recherche-entreprise-dirigeants/resultats-entreprise-dirigeants.html?ga_cat=globale&ga_q=A.L.B.I#phrase=A.L.B.I
0,2012-03-31,ALBI.PA,,2012-03-31,Q1,104923500,49126250,55797250,1.880442136485221,0.0,24696250,0.0,0.0,2402250.0,105212500,1983250.0,4995750.0,4387750.0,23.91282548002963,-289000.0,-363.05709342560556,0.0,-19394500,-5.409961587047874,273750.0,-19668000,-5.334731543624161,-10.8848975,-10.8848975,2096486.0,2096486.0,https://www.infogreffe.com/recherche-entreprise-dirigeants/resultats-entreprise-dirigeants.html?ga_cat=globale&ga_q=A.L.B.I#phrase=A.L.B.I,https://www.infogreffe.com/recherche-entreprise-dirigeants/resultats-entreprise-dirigeants.html?ga_cat=globale&ga_q=A.L.B.I#phrase=A.L.B.I
0,2012-01-31,ALBI.PA,,2012-01-31,Q1,104923500,49126250,55797250,1.880442136485221,0.0,24696250,0.0,0.0,2402250.0,105212500,1983250.0,4995750.0,4387750.0,23.91282548002963,-289000.0,-363.05709342560556,0.0,-19394500,-5.409961587047874,273750.0,-19668000,-5.334731543624161,-10.8848975,-10.8848975,2096486.0,2096486.0,https://www.infogreffe.com/recherche-entreprise-dirigeants/resultats-entreprise-dirigeants.html?ga_cat=globale&ga_q=A.L.B.I#phrase=A.L.B.I,https://www.infogreffe.com/recherche-entreprise-dirigeants/resultats-entreprise-dirigeants.html?ga_cat=globale&ga_q=A.L.B.I#phrase=A.L.B.I
0,2011-09-31,ALBI.PA,,2011-09-31,Q3,79495250,30336500,49158750,1.617112924962494,0.0,23219500,23219500,0.0,8438250.0,86912500,1379750.0,5019000.0,-1455250.0,-54.62652465212163,-7417250.0,-10.717617715460582,0.0,-8969000.0,-8.863334819935332,-2310750.0,-8141750.0,-9.763902109497344,-3.88531325,-3.88531325,2095828.0,2095828.0,https://www.infogreffe.com/recherche-entreprise-dirigeants/resultats-entreprise-dirigeants.html?ga_cat=globale&ga_q=A.L.B.I#phrase=A.L.B.I,https://www.infogreffe.com/recherche-entreprise-dirigeants/resultats-entreprise-dirigeants.html?ga_cat=globale&ga_q=A.L.B.I#phrase=A.L.B.I
0,2011-06-31,ALBI.PA,,2011-06-31,Q2,79495250,30336500,49158750,1.617112924962494,0.0,23219500,23219500,0.0,8438250.0,86912500,1379750.0,5019000.0,-1455250.0,-54.62652465212163,-7417250.0,-10.717617715460582,0.0,-8969000.0,-8.863334819935332,-2310750.0,-8141750.0,-9.763902109497344,-3.88531325,-3.88531325,2095828.0,2095828.0,https://www.infogreffe.com/recherche-entreprise-dirigeants/resultats-entreprise-dirigeants.html?ga_cat=globale&ga_q=A.L.B.I#phrase=A.L.B.I,https://www.infogreffe.com/recherche-entreprise-dirigeants/resultats-entreprise-dirigeants.html?ga_cat=globale&ga_q=A.L.B.I#phrase=A.L.B.I
0,2011-03-31,ALBI.PA,,2011-03-31,Q1,79495250,30336500,49158750,1.617112924962494,0.0,23219500,23219500,0.0,8438250.0,86912500,1379750.0,5019000.0,-1455250.0,-54.62652465212163,-7417250.0,-10.717617715460582,0.0,-8969000.0,-8.863334819935332,-2310750.0,-8141750.0,-9.763902109497344,-3.88531325,-3.88531325,2095828.0,2095828.0,https://www.infogreffe.com/recherche-entreprise-dirigeants/resultats-entreprise-dirigeants.html?ga_cat=globale&ga_q=A.L.B.I#phrase=A.L.B.I,https://www.infogreffe.com/recherche-entreprise-dirigeants/resultats-entreprise-dirigeants.html?ga_cat=globale&ga_q=A.L.B.I#phrase=A.L.B.I
0,2011-01-31,ALBI.PA,,2011-01-31,Q1,79495250,30336500,49158750,1.617112924962494,0.0,23219500,23219500,0.0,8438250.0,86912500,1379750.0,5019000.0,-1455250.0,-54.62652465212163,-7417250.0,-10.717617715460582,0.0,-8969000.0,-8.863334819935332,-2310750.0,-8141750.0,-9.763902109497344,-3.88531325,-3.88531325,2095828.0,2095828.0,https://www.infogreffe.com/recherche-entreprise-dirigeants/resultats-entreprise-dirigeants.html?ga_cat=globale&ga_q=A.L.B.I#phrase=A.L.B.I,https://www.infogreffe.com/recherche-entreprise-dirigeants/resultats-entreprise-dirigeants.html?ga_cat=globale&ga_q=A.L.B.I#phrase=A.L.B.I
0,2010-09-31,ALBI.PA,,2010-09-31,Q3,113728500,51270500,62458000,1.8208796311121074,0.0,28979250,0.0,0.0,2503000.0,114829500,1914750.0,5931250.0,5070000.0,22.431656804733727,-1101000.0,-103.29564032697547,0.0,-3016750.0,-37.6990138393967,-535000.0,1455250.0,78.1504896065968,0.6923175,0.6923175,2105847.0,2105847.0,https://www.infogreffe.com/recherche-entreprise-dirigeants/resultats-entreprise-dirigeants.html?ga_cat=globale&ga_q=A.L.B.I#phrase=A.L.B.I,https://www.infogreffe.com/recherche-entreprise-dirigeants/resultats-entreprise-dirigeants.html?ga_cat=globale&ga_q=A.L.B.I#phrase=A.L.B.I
0,2010-06-31,ALBI.PA,,2010-06-31,Q2,113728500,51270500,62458000,1.8208796311121074,0.0,28979250,0.0,0.0,2503000.0,114829500,1914750.0,5931250.0,5070000.0,22.431656804733727,-1101000.0,-103.29564032697547,0.0,-3016750.0,-37.6990138393967,-535000.0,1455250.0,78.1504896065968,0.6923175,0.6923175,2105847.0,2105847.0,https://www.infogreffe.com/recherche-entreprise-dirigeants/resultats-entreprise-dirigeants.html?ga_cat=globale&ga_q=A.L.B.I#phrase=A.L.B.I,https://www.infogreffe.com/recherche-entreprise-dirigeants/resultats-entreprise-dirigeants.html?ga_cat=globale&ga_q=A.L.B.I#phrase=A.L.B.I
0,2010-03-31,ALBI.PA,,2010-03-31,Q1,113728500,51270500,62458000,1.8208796311121074,0.0,28979250,0.0,0.0,2503000.0,114829500,1914750.0,5931250.0,5070000.0,22.431656804733727,-1101000.0,-103.29564032697547,0.0,-3016750.0,-37.6990138393967,-535000.0,1455250.0,78.1504896065968,0.6923175,0.6923175,2105847.0,2105847.0,https://www.infogreffe.com/recherche-entreprise-dirigeants/resultats-entreprise-dirigeants.html?ga_cat=globale&ga_q=A.L.B.I#phrase=A.L.B.I,https://www.infogreffe.com/recherche-entreprise-dirigeants/resultats-entreprise-dirigeants.html?ga_cat=globale&ga_q=A.L.B.I#phrase=A.L.B.I
0,2010-01-31,ALBI.PA,,2010-01-31,Q1,113728500,51270500,62458000,1.8208796311121074,0.0,28979250,0.0,0.0,2503000.0,114829500,1914750.0,5931250.0,5070000.0,22.431656804733727,-1101000.0,-103.29564032697547,0.0,-3016750.0,-37.6990138393967,-535000.0,1455250.0,78.1504896065968,0.6923175,0.6923175,2105847.0,2105847.0,https://www.infogreffe.com/recherche-entreprise-dirigeants/resultats-entreprise-dirigeants.html?ga_cat=globale&ga_q=A.L.B.I#phrase=A.L.B.I,https://www.infogreffe.com/recherche-entreprise-dirigeants/resultats-entreprise-dirigeants.html?ga_cat=globale&ga_q=A.L.B.I#phrase=A.L.B.I
0,2009-09-31,ALBI.PA,,2009-09-31,Q3,138020250,68169500,69850750,1.9759308239353193,0.0,31900000,0.0,2310250.0,1434500.0,137238250,2461750.0,5663250.0,8789000.0,15.703749004437364,782000.0,176.4964833759591,0.0,464750.0,296.97740720817643,360750.0,104000.0,1327.1177884615386,0.04862425,0.04862425,2099919.0,2099919.0,https://www.infogreffe.com/recherche-entreprise-dirigeants/resultats-entreprise-dirigeants.html?ga_cat=globale&ga_q=A.L.B.I#phrase=A.L.B.I,https://www.infogreffe.com/recherche-entreprise-dirigeants/resultats-entreprise-dirigeants.html?ga_cat=globale&ga_q=A.L.B.I#phrase=A.L.B.I
0,2009-06-31,ALBI.PA,,2009-06-31,Q2,138020250,68169500,69850750,1.9759308239353193,0.0,31900000,0.0,2310250.0,1434500.0,137238250,2461750.0,5663250.0,8789000.0,15.703749004437364,782000.0,176.4964833759591,0.0,464750.0,296.97740720817643,360750.0,104000.0,1327.1177884615386,0.04862425,0.04862425,2099919.0,2099919.0,https://www.infogreffe.com/recherche-entreprise-dirigeants/resultats-entreprise-dirigeants.html?ga_cat=globale&ga_q=A.L.B.I#phrase=A.L.B.I,https://www.infogreffe.com/recherche-entreprise-dirigeants/resultats-entreprise-dirigeants.html?ga_cat=globale&ga_q=A.L.B.I#phrase=A.L.B.I
0,2009-03-31,ALBI.PA,,2009-03-31,Q1,138020250,68169500,69850750,1.9759308239353193,0.0,31900000,0.0,2310250.0,1434500.0,137238250,2461750.0,5663250.0,8789000.0,15.703749004437364,782000.0,176.4964833759591,0.0,464750.0,296.97740720817643,360750.0,104000.0,1327.1177884615386,0.04862425,0.04862425,2099919.0,2099919.0,https://www.infogreffe.com/recherche-entreprise-dirigeants/resultats-entreprise-dirigeants.html?ga_cat=globale&ga_q=A.L.B.I#phrase=A.L.B.I,https://www.infogreffe.com/recherche-entreprise-dirigeants/resultats-entreprise-dirigeants.html?ga_cat=globale&ga_q=A.L.B.I#phrase=A.L.B.I
0,2009-01-31,ALBI.PA,,2009-01-31,Q1,138020250,68169500,69850750,1.9759308239353193,0.0,31900000,0.0,2310250.0,1434500.0,137238250,2461750.0,5663250.0,8789000.0,15.703749004437364,782000.0,176.4964833759591,0.0,464750.0,296.97740720817643,360750.0,104000.0,1327.1177884615386,0.04862425,0.04862425,2099919.0,2099919.0,https://www.infogreffe.com/recherche-entreprise-dirigeants/resultats-entreprise-dirigeants.html?ga_cat=globale&ga_q=A.L.B.I#phrase=A.L.B.I,https://www.infogreffe.com/recherche-entreprise-dirigeants/resultats-entreprise-dirigeants.html?ga_cat=globale&ga_q=A.L.B.I#phrase=A.L.B.I
0,2008-09-31,ALBI.PA,,2008-09-31,Q3,152175250,83653000,68522250,2.2208151366891777,0.0,61938750,0.0,0.0,-1157500.0,149849250,74500.0,5415000.0,5509250.0,27.621772473567184,2326000.0,65.42358125537403,0.0,19750.0,7705.0759493670885,-330500.0,350250.0,434.4760885082084,0.1643965,0.1643965,2109526.0,2111074.0,https://www.infogreffe.com/recherche-entreprise-dirigeants/resultats-entreprise-dirigeants.html?ga_cat=globale&ga_q=A.L.B.I#phrase=A.L.B.I,https://www.infogreffe.com/recherche-entreprise-dirigeants/resultats-entreprise-dirigeants.html?ga_cat=globale&ga_q=A.L.B.I#phrase=A.L.B.I
0,2008-06-31,ALBI.PA,,2008-06-31,Q2,152175250,83653000,68522250,2.2208151366891777,0.0,61938750,0.0,0.0,-1157500.0,149849250,74500.0,5415000.0,5509250.0,27.621772473567184,2326000.0,65.42358125537403,0.0,19750.0,7705.0759493670885,-330500.0,350250.0,434.4760885082084,0.1643965,0.1643965,2109526.0,2111074.0,https://www.infogreffe.com/recherche-entreprise-dirigeants/resultats-entreprise-dirigeants.html?ga_cat=globale&ga_q=A.L.B.I#phrase=A.L.B.I,https://www.infogreffe.com/recherche-entreprise-dirigeants/resultats-entreprise-dirigeants.html?ga_cat=globale&ga_q=A.L.B.I#phrase=A.L.B.I
0,2008-03-31,ALBI.PA,,2008-03-31,Q1,152175250,83653000,68522250,2.2208151366891777,0.0,61938750,0.0,0.0,-1157500.0,149849250,74500.0,5415000.0,5509250.0,27.621772473567184,2326000.0,65.42358125537403,0.0,19750.0,7705.0759493670885,-330500.0,350250.0,434.4760885082084,0.1643965,0.1643965,2109526.0,2111074.0,https://www.infogreffe.com/recherche-entreprise-dirigeants/resultats-entreprise-dirigeants.html?ga_cat=globale&ga_q=A.L.B.I#phrase=A.L.B.I,https://www.infogreffe.com/recherche-entreprise-dirigeants/resultats-entreprise-dirigeants.html?ga_cat=globale&ga_q=A.L.B.I#phrase=A.L.B.I
0,2008-01-31,ALBI.PA,,2008-01-31,Q1,152175250,83653000,68522250,2.2208151366891777,0.0,61938750,0.0,0.0,-1157500.0,149849250,74500.0,5415000.0,5509250.0,27.621772473567184,2326000.0,65.42358125537403,0.0,19750.0,7705.0759493670885,-330500.0,350250.0,434.4760885082084,0.1643965,0.1643965,2109526.0,2111074.0,https://www.infogreffe.com/recherche-entreprise-dirigeants/resultats-entreprise-dirigeants.html?ga_cat=globale&ga_q=A.L.B.I#phrase=A.L.B.I,https://www.infogreffe.com/recherche-entreprise-dirigeants/resultats-entreprise-dirigeants.html?ga_cat=globale&ga_q=A.L.B.I#phrase=A.L.B.I
0,2007-09-31,ALBI.PA,,2007-09-31,Q3,158136250,87376000,70760250,2.2348175705993123,0.0,33230250,0.0,0.0,-4490250.0,151860500,180750.0,5040500.0,9518500.0,16.613568314335243,6275750.0,25.197984304664782,0.0,4297250.0,36.799406597242424,1196750.0,3100500.0,51.00346718271246,1.4865145,1.47725275,2076349.0,2076349.0,https://www.infogreffe.com/recherche-entreprise-dirigeants/resultats-entreprise-dirigeants.html?ga_cat=globale&ga_q=A.L.B.I#phrase=A.L.B.I,https://www.infogreffe.com/recherche-entreprise-dirigeants/resultats-entreprise-dirigeants.html?ga_cat=globale&ga_q=A.L.B.I#phrase=A.L.B.I
0,2007-06-31,ALBI.PA,,2007-06-31,Q2,158136250,87376000,70760250,2.2348175705993123,0.0,33230250,0.0,0.0,-4490250.0,151860500,180750.0,5040500.0,9518500.0,16.613568314335243,6275750.0,25.197984304664782,0.0,4297250.0,36.799406597242424,1196750.0,3100500.0,51.00346718271246,1.4865145,1.47725275,2076349.0,2076349.0,https://www.infogreffe.com/recherche-entreprise-dirigeants/resultats-entreprise-dirigeants.html?ga_cat=globale&ga_q=A.L.B.I#phrase=A.L.B.I,https://www.infogreffe.com/recherche-entreprise-dirigeants/resultats-entreprise-dirigeants.html?ga_cat=globale&ga_q=A.L.B.I#phrase=A.L.B.I
0,2007-03-31,ALBI.PA,,2007-03-31,Q1,158136250,87376000,70760250,2.2348175705993123,0.0,33230250,0.0,0.0,-4490250.0,151860500,180750.0,5040500.0,9518500.0,16.613568314335243,6275750.0,25.197984304664782,0.0,4297250.0,36.799406597242424,1196750.0,3100500.0,51.00346718271246,1.4865145,1.47725275,2076349.0,2076349.0,https://www.infogreffe.com/recherche-entreprise-dirigeants/resultats-entreprise-dirigeants.html?ga_cat=globale&ga_q=A.L.B.I#phrase=A.L.B.I,https://www.infogreffe.com/recherche-entreprise-dirigeants/resultats-entreprise-dirigeants.html?ga_cat=globale&ga_q=A.L.B.I#phrase=A.L.B.I
0,2007-01-31,ALBI.PA,,2007-01-31,Q1,158136250,87376000,70760250,2.2348175705993123,0.0,33230250,0.0,0.0,-4490250.0,151860500,180750.0,5040500.0,9518500.0,16.613568314335243,6275750.0,25.197984304664782,0.0,4297250.0,36.799406597242424,1196750.0,3100500.0,51.00346718271246,1.4865145,1.47725275,2076349.0,2076349.0,https://www.infogreffe.com/recherche-entreprise-dirigeants/resultats-entreprise-dirigeants.html?ga_cat=globale&ga_q=A.L.B.I#phrase=A.L.B.I,https://www.infogreffe.com/recherche-entreprise-dirigeants/resultats-entreprise-dirigeants.html?ga_cat=globale&ga_q=A.L.B.I#phrase=A.L.B.I
0,2006-09-31,ALBI.PA,,2006-09-31,Q3,150981750,77984750,72997000,2.0683281504719373,0.0,0.0,0.0,-35500.0,38276500,148417250,1510500.0,4815500.0,7551500.0,19.99361054095213,2564500.0,58.873757067654516,0.0,4054500.0,37.23806881243063,1471500.0,2581750.0,58.48039120751428,125.2654655,125.03392125,2060685.0,2063867.0,https://www.infogreffe.com/recherche-entreprise-dirigeants/resultats-entreprise-dirigeants.html?ga_cat=globale&ga_q=A.L.B.I#phrase=A.L.B.I,https://www.infogreffe.com/recherche-entreprise-dirigeants/resultats-entreprise-dirigeants.html?ga_cat=globale&ga_q=A.L.B.I#phrase=A.L.B.I
0,2006-06-31,ALBI.PA,,2006-06-31,Q2,150981750,77984750,72997000,2.0683281504719373,0.0,0.0,0.0,-35500.0,38276500,148417250,1510500.0,4815500.0,7551500.0,19.99361054095213,2564500.0,58.873757067654516,0.0,4054500.0,37.23806881243063,1471500.0,2581750.0,58.48039120751428,125.2654655,125.03392125,2060685.0,2063867.0,https://www.infogreffe.com/recherche-entreprise-dirigeants/resultats-entreprise-dirigeants.html?ga_cat=globale&ga_q=A.L.B.I#phrase=A.L.B.I,https://www.infogreffe.com/recherche-entreprise-dirigeants/resultats-entreprise-dirigeants.html?ga_cat=globale&ga_q=A.L.B.I#phrase=A.L.B.I
0,2006-03-31,ALBI.PA,,2006-03-31,Q1,150981750,77984750,72997000,2.0683281504719373,0.0,0.0,0.0,-35500.0,38276500,148417250,1510500.0,4815500.0,7551500.0,19.99361054095213,2564500.0,58.873757067654516,0.0,4054500.0,37.23806881243063,1471500.0,2581750.0,58.48039120751428,125.2654655,125.03392125,2060685.0,2063867.0,https://www.infogreffe.com/recherche-entreprise-dirigeants/resultats-entreprise-dirigeants.html?ga_cat=globale&ga_q=A.L.B.I#phrase=A.L.B.I,https://www.infogreffe.com/recherche-entreprise-dirigeants/resultats-entreprise-dirigeants.html?ga_cat=globale&ga_q=A.L.B.I#phrase=A.L.B.I
0,2006-01-31,ALBI.PA,,2006-01-31,Q1,150981750,77984750,72997000,2.0683281504719373,0.0,0.0,0.0,-35500.0,38276500,148417250,1510500.0,4815500.0,7551500.0,19.99361054095213,2564500.0,58.873757067654516,0.0,4054500.0,37.23806881243063,1471500.0,2581750.0,58.48039120751428,125.2654655,125.03392125,2060685.0,2063867.0,https://www.infogreffe.com/recherche-entreprise-dirigeants/resultats-entreprise-dirigeants.html?ga_cat=globale&ga_q=A.L.B.I#phrase=A.L.B.I,https://www.infogreffe.com/recherche-entreprise-dirigeants/resultats-entreprise-dirigeants.html?ga_cat=globale&ga_q=A.L.B.I#phrase=A.L.B.I
0,2005-09-31,ALBI.PA,,2005-09-31,Q3,150605500,82163000,68442500,2.200467545750082,0.0,0.0,0.0,-68000.0,40929250,154734750,1006500.0,4191500.0,226500.0,664.924944812362,-4129250.0,-36.47284615850336,0.0,-7460500.0,-20.18705180617921,-893000.0,-6563250.0,-22.946787033862798,-334.81305575,-334.81305575,1960812.0,1960812.0,https://www.infogreffe.com/recherche-entreprise-dirigeants/resultats-entreprise-dirigeants.html?ga_cat=globale&ga_q=A.L.B.I#phrase=A.L.B.I,https://www.infogreffe.com/recherche-entreprise-dirigeants/resultats-entreprise-dirigeants.html?ga_cat=globale&ga_q=A.L.B.I#phrase=A.L.B.I
0,2005-06-31,ALBI.PA,,2005-06-31,Q2,150605500,82163000,68442500,2.200467545750082,0.0,0.0,0.0,-68000.0,40929250,154734750,1006500.0,4191500.0,226500.0,664.924944812362,-4129250.0,-36.47284615850336,0.0,-7460500.0,-20.18705180617921,-893000.0,-6563250.0,-22.946787033862798,-334.81305575,-334.81305575,1960812.0,1960812.0,https://www.infogreffe.com/recherche-entreprise-dirigeants/resultats-entreprise-dirigeants.html?ga_cat=globale&ga_q=A.L.B.I#phrase=A.L.B.I,https://www.infogreffe.com/recherche-entreprise-dirigeants/resultats-entreprise-dirigeants.html?ga_cat=globale&ga_q=A.L.B.I#phrase=A.L.B.I
0,2005-03-31,ALBI.PA,,2005-03-31,Q1,150605500,82163000,68442500,2.200467545750082,0.0,0.0,0.0,-68000.0,40929250,154734750,1006500.0,4191500.0,226500.0,664.924944812362,-4129250.0,-36.47284615850336,0.0,-7460500.0,-20.18705180617921,-893000.0,-6563250.0,-22.946787033862798,-334.81305575,-334.81305575,1960812.0,1960812.0,https://www.infogreffe.com/recherche-entreprise-dirigeants/resultats-entreprise-dirigeants.html?ga_cat=globale&ga_q=A.L.B.I#phrase=A.L.B.I,https://www.infogreffe.com/recherche-entreprise-dirigeants/resultats-entreprise-dirigeants.html?ga_cat=globale&ga_q=A.L.B.I#phrase=A.L.B.I
0,2005-01-31,ALBI.PA,,2005-01-31,Q1,150605500,82163000,68442500,2.200467545750082,0.0,0.0,0.0,-68000.0,40929250,154734750,1006500.0,4191500.0,226500.0,664.924944812362,-4129250.0,-36.47284615850336,0.0,-7460500.0,-20.18705180617921,-893000.0,-6563250.0,-22.946787033862798,-334.81305575,-334.81305575,1960812.0,1960812.0,https://www.infogreffe.com/recherche-entreprise-dirigeants/resultats-entreprise-dirigeants.html?ga_cat=globale&ga_q=A.L.B.I#phrase=A.L.B.I,https://www.infogreffe.com/recherche-entreprise-dirigeants/resultats-entreprise-dirigeants.html?ga_cat=globale&ga_q=A.L.B.I#phrase=A.L.B.I
0,2004-09-31,ALBI.PA,,2004-09-31,Q3,155627500,82822500,72805000,2.137593571870064,0.0,0.0,0.0,-73000.0,36811500,152500500,1122500.0,5464000.0,8547000.0,18.208435708435708,3127000.0,49.76894787336105,0.0,2160500.0,72.03309419115945,659250.0,1503750.0,103.49293433083957,76.64116275,76.64116275,1960812.0,1960812.0,https://www.infogreffe.com/recherche-entreprise-dirigeants/resultats-entreprise-dirigeants.html?ga_cat=globale&ga_q=A.L.B.I#phrase=A.L.B.I,https://www.infogreffe.com/recherche-entreprise-dirigeants/resultats-entreprise-dirigeants.html?ga_cat=globale&ga_q=A.L.B.I#phrase=A.L.B.I
0,2004-06-31,ALBI.PA,,2004-06-31,Q2,155627500,82822500,72805000,2.137593571870064,0.0,0.0,0.0,-73000.0,36811500,152500500,1122500.0,5464000.0,8547000.0,18.208435708435708,3127000.0,49.76894787336105,0.0,2160500.0,72.03309419115945,659250.0,1503750.0,103.49293433083957,76.64116275,76.64116275,1960812.0,1960812.0,https://www.infogreffe.com/recherche-entreprise-dirigeants/resultats-entreprise-dirigeants.html?ga_cat=globale&ga_q=A.L.B.I#phrase=A.L.B.I,https://www.infogreffe.com/recherche-entreprise-dirigeants/resultats-entreprise-dirigeants.html?ga_cat=globale&ga_q=A.L.B.I#phrase=A.L.B.I
0,2004-03-31,ALBI.PA,,2004-03-31,Q1,155627500,82822500,72805000,2.137593571870064,0.0,0.0,0.0,-73000.0,36811500,152500500,1122500.0,5464000.0,8547000.0,18.208435708435708,3127000.0,49.76894787336105,0.0,2160500.0,72.03309419115945,659250.0,1503750.0,103.49293433083957,76.64116275,76.64116275,1960812.0,1960812.0,https://www.infogreffe.com/recherche-entreprise-dirigeants/resultats-entreprise-dirigeants.html?ga_cat=globale&ga_q=A.L.B.I#phrase=A.L.B.I,https://www.infogreffe.com/recherche-entreprise-dirigeants/resultats-entreprise-dirigeants.html?ga_cat=globale&ga_q=A.L.B.I#phrase=A.L.B.I
0,2004-01-31,ALBI.PA,,2004-01-31,Q1,155627500,82822500,72805000,2.137593571870064,0.0,0.0,0.0,-73000.0,36811500,152500500,1122500.0,5464000.0,8547000.0,18.208435708435708,3127000.0,49.76894787336105,0.0,2160500.0,72.03309419115945,659250.0,1503750.0,103.49293433083957,76.64116275,76.64116275,1960812.0,1960812.0,https://www.infogreffe.com/recherche-entreprise-dirigeants/resultats-entreprise-dirigeants.html?ga_cat=globale&ga_q=A.L.B.I#phrase=A.L.B.I,https://www.infogreffe.com/recherche-entreprise-dirigeants/resultats-entreprise-dirigeants.html?ga_cat=globale&ga_q=A.L.B.I#phrase=A.L.B.I
0,2003-09-31,ALBI.PA,,2003-09-31,Q3,153997000,111745250,42251750,3.6447484423722094,0.0,0.0,0.0,0.0,-4468000.0,144961000,0.0,7404250.0,16440250,9.367071668618179,9036000.0,17.04260734838424,0.0,1642750.0,93.7434180490032,117000.0,84750.0,1817.0737463126843,0.04630875,0.04630875,1905683.0,1905683.0,https://www.infogreffe.com/recherche-entreprise-dirigeants/resultats-entreprise-dirigeants.html?ga_cat=globale&ga_q=A.L.B.I#phrase=A.L.B.I,https://www.infogreffe.com/recherche-entreprise-dirigeants/resultats-entreprise-dirigeants.html?ga_cat=globale&ga_q=A.L.B.I#phrase=A.L.B.I
0,2003-06-31,ALBI.PA,,2003-06-31,Q2,153997000,111745250,42251750,3.6447484423722094,0.0,0.0,0.0,0.0,-4468000.0,144961000,0.0,7404250.0,16440250,9.367071668618179,9036000.0,17.04260734838424,0.0,1642750.0,93.7434180490032,117000.0,84750.0,1817.0737463126843,0.04630875,0.04630875,1905683.0,1905683.0,https://www.infogreffe.com/recherche-entreprise-dirigeants/resultats-entreprise-dirigeants.html?ga_cat=globale&ga_q=A.L.B.I#phrase=A.L.B.I,https://www.infogreffe.com/recherche-entreprise-dirigeants/resultats-entreprise-dirigeants.html?ga_cat=globale&ga_q=A.L.B.I#phrase=A.L.B.I
0,2003-03-31,ALBI.PA,,2003-03-31,Q1,153997000,111745250,42251750,3.6447484423722094,0.0,0.0,0.0,0.0,-4468000.0,144961000,0.0,7404250.0,16440250,9.367071668618179,9036000.0,17.04260734838424,0.0,1642750.0,93.7434180490032,117000.0,84750.0,1817.0737463126843,0.04630875,0.04630875,1905683.0,1905683.0,https://www.infogreffe.com/recherche-entreprise-dirigeants/resultats-entreprise-dirigeants.html?ga_cat=globale&ga_q=A.L.B.I#phrase=A.L.B.I,https://www.infogreffe.com/recherche-entreprise-dirigeants/resultats-entreprise-dirigeants.html?ga_cat=globale&ga_q=A.L.B.I#phrase=A.L.B.I
0,2003-01-31,ALBI.PA,,2003-01-31,Q1,153997000,111745250,42251750,3.6447484423722094,0.0,0.0,0.0,0.0,-4468000.0,144961000,0.0,7404250.0,16440250,9.367071668618179,9036000.0,17.04260734838424,0.0,1642750.0,93.7434180490032,117000.0,84750.0,1817.0737463126843,0.04630875,0.04630875,1905683.0,1905683.0,https://www.infogreffe.com/recherche-entreprise-dirigeants/resultats-entreprise-dirigeants.html?ga_cat=globale&ga_q=A.L.B.I#phrase=A.L.B.I,https://www.infogreffe.com/recherche-entreprise-dirigeants/resultats-entreprise-dirigeants.html?ga_cat=globale&ga_q=A.L.B.I#phrase=A.L.B.I
0,2002-09-31,ALBI.PA,,2002-09-31,Q3,150000750,107085500,42915250,3.4952784849208616,0.0,0.0,0.0,0.0,-4416250.0,137644250,0.0,6815500.0,19172000,7.823948988107657,12356500,12.139420547889774,0.0,5765500.0,26.016954297112132,1663750.0,2697000.0,55.61763070077864,1.3823195,1.28970175,1938951.0,2078194.0,https://www.infogreffe.com/recherche-entreprise-dirigeants/resultats-entreprise-dirigeants.html?ga_cat=globale&ga_q=A.L.B.I#phrase=A.L.B.I,https://www.infogreffe.com/recherche-entreprise-dirigeants/resultats-entreprise-dirigeants.html?ga_cat=globale&ga_q=A.L.B.I#phrase=A.L.B.I
0,2002-06-31,ALBI.PA,,2002-06-31,Q2,150000750,107085500,42915250,3.4952784849208616,0.0,0.0,0.0,0.0,-4416250.0,137644250,0.0,6815500.0,19172000,7.823948988107657,12356500,12.139420547889774,0.0,5765500.0,26.016954297112132,1663750.0,2697000.0,55.61763070077864,1.3823195,1.28970175,1938951.0,2078194.0,https://www.infogreffe.com/recherche-entreprise-dirigeants/resultats-entreprise-dirigeants.html?ga_cat=globale&ga_q=A.L.B.I#phrase=A.L.B.I,https://www.infogreffe.com/recherche-entreprise-dirigeants/resultats-entreprise-dirigeants.html?ga_cat=globale&ga_q=A.L.B.I#phrase=A.L.B.I
0,2002-03-31,ALBI.PA,,2002-03-31,Q1,150000750,107085500,42915250,3.4952784849208616,0.0,0.0,0.0,0.0,-4416250.0,137644250,0.0,6815500.0,19172000,7.823948988107657,12356500,12.139420547889774,0.0,5765500.0,26.016954297112132,1663750.0,2697000.0,55.61763070077864,1.3823195,1.28970175,1938951.0,2078194.0,https://www.infogreffe.com/recherche-entreprise-dirigeants/resultats-entreprise-dirigeants.html?ga_cat=globale&ga_q=A.L.B.I#phrase=A.L.B.I,https://www.infogreffe.com/recherche-entreprise-dirigeants/resultats-entreprise-dirigeants.html?ga_cat=globale&ga_q=A.L.B.I#phrase=A.L.B.I
0,2002-01-31,ALBI.PA,,2002-01-31,Q1,150000750,107085500,42915250,3.4952784849208616,0.0,0.0,0.0,0.0,-4416250.0,137644250,0.0,6815500.0,19172000,7.823948988107657,12356500,12.139420547889774,0.0,5765500.0,26.016954297112132,1663750.0,2697000.0,55.61763070077864,1.3823195,1.28970175,1938951.0,2078194.0,https://www.infogreffe.com/recherche-entreprise-dirigeants/resultats-entreprise-dirigeants.html?ga_cat=globale&ga_q=A.L.B.I#phrase=A.L.B.I,https://www.infogreffe.com/recherche-entreprise-dirigeants/resultats-entreprise-dirigeants.html?ga_cat=globale&ga_q=A.L.B.I#phrase=A.L.B.I
0,2001-09-31,ALBI.PA,,2001-09-31,Q3,137800500,98650000,39150500,3.519763476839376,0.0,0.0,0.0,0.0,-5066750.0,126228000,0.0,6247000.0,17819500,7.733129436852886,11572500,11.90758263123785,0.0,5523250.0,24.949169420178336,1954000.0,3037500.0,45.36641975308642,1.5652395,1.45409825,1944271.0,2092878.0,https://www.infogreffe.com/recherche-entreprise-dirigeants/resultats-entreprise-dirigeants.html?ga_cat=globale&ga_q=A.L.B.I#phrase=A.L.B.I,https://www.infogreffe.com/recherche-entreprise-dirigeants/resultats-entreprise-dirigeants.html?ga_cat=globale&ga_q=A.L.B.I#phrase=A.L.B.I
0,2001-06-31,ALBI.PA,,2001-06-31,Q2,137800500,98650000,39150500,3.519763476839376,0.0,0.0,0.0,0.0,-5066750.0,126228000,0.0,6247000.0,17819500,7.733129436852886,11572500,11.90758263123785,0.0,5523250.0,24.949169420178336,1954000.0,3037500.0,45.36641975308642,1.5652395,1.45409825,1944271.0,2092878.0,https://www.infogreffe.com/recherche-entreprise-dirigeants/resultats-entreprise-dirigeants.html?ga_cat=globale&ga_q=A.L.B.I#phrase=A.L.B.I,https://www.infogreffe.com/recherche-entreprise-dirigeants/resultats-entreprise-dirigeants.html?ga_cat=globale&ga_q=A.L.B.I#phrase=A.L.B.I
0,2001-03-31,ALBI.PA,,2001-03-31,Q1,137800500,98650000,39150500,3.519763476839376,0.0,0.0,0.0,0.0,-5066750.0,126228000,0.0,6247000.0,17819500,7.733129436852886,11572500,11.90758263123785,0.0,5523250.0,24.949169420178336,1954000.0,3037500.0,45.36641975308642,1.5652395,1.45409825,1944271.0,2092878.0,https://www.infogreffe.com/recherche-entreprise-dirigeants/resultats-entreprise-dirigeants.html?ga_cat=globale&ga_q=A.L.B.I#phrase=A.L.B.I,https://www.infogreffe.com/recherche-entreprise-dirigeants/resultats-entreprise-dirigeants.html?ga_cat=globale&ga_q=A.L.B.I#phrase=A.L.B.I
0,2001-01-31,ALBI.PA,,2001-01-31,Q1,137800500,98650000,39150500,3.519763476839376,0.0,0.0,0.0,0.0,-5066750.0,126228000,0.0,6247000.0,17819500,7.733129436852886,11572500,11.90758263123785,0.0,5523250.0,24.949169420178336,1954000.0,3037500.0,45.36641975308642,1.5652395,1.45409825,1944271.0,2092878.0,https://www.infogreffe.com/recherche-entreprise-dirigeants/resultats-entreprise-dirigeants.html?ga_cat=globale&ga_q=A.L.B.I#phrase=A.L.B.I,https://www.infogreffe.com/recherche-entreprise-dirigeants/resultats-entreprise-dirigeants.html?ga_cat=globale&ga_q=A.L.B.I#phrase=A.L.B.I
