,date,symbol,fillingDate,acceptedDate,period,revenue,costOfRevenue,grossProfit,grossProfitRatio,researchAndDevelopmentExpenses,generalAndAdministrativeExpenses,sellingAndMarketingExpenses,otherExpenses,operatingExpenses,costAndExpenses,interestExpense,depreciationAndAmortization,ebitda,ebitdaratio,operatingIncome,operatingIncomeRatio,totalOtherIncomeExpensesNet,incomeBeforeTax,incomeBeforeTaxRatio,incomeTaxExpense,netIncome,netIncomeRatio,eps,epsdiluted,weightedAverageShsOut,weightedAverageShsOutDil,link,finalLink
0,2020-09-30,PENN,2020-11-04,2020-11-04 16:22:33,Q3,1129700000,528200000,601500000,0.5324422413030008,0.0,317600000,0.0,68000000,0.0,933500000,142600000,0.0,357200000,0.3161901389749491,196200000,0.11233070726741613,73000000,126900000,0.11233070726741613,-14300000,141900000,0.12560856864654332,1.02,0.93,138200000,155500000,https://www.sec.gov/Archives/edgar/data/921738/000092173820000041/0000921738-20-000041-index.htm,https://www.sec.gov/Archives/edgar/data/921738/000092173820000041/penn-20200930.htm
0,2020-06-30,PENN,2020-08-06,2020-08-06 17:08:23,Q2,305500000,174900000,130600000,0.42749590834697215,0.0,204100000,0.0,29300000,0.0,470900000,135200000,0.0,-45700000,-0.14959083469721768,-165400000,-0.892962356792144,27600000,-272800000,-0.892962356792144,-58400000,-214400000,-0.7018003273322422,-1.69,-1.69,126800000,126800000,https://www.sec.gov/Archives/edgar/data/921738/000092173820000031/0000921738-20-000031-index.htm,https://www.sec.gov/Archives/edgar/data/921738/000092173820000031/penn-20200630.htm
0,2020-03-31,PENN,2020-05-08,2020-05-08 15:42:35,Q1,1116100000,657900000,458200000,0.4105366902607293,0.0,307000000,0.0,-21800000,0.0,1060600000,130000000,0.0,133700000,0.11979213332138697,55500000,-0.6344413583012275,-633800000,-708100000,-0.6344413583012275,-99500000,-608600000,-0.5452916405340024,-5.26,-5.26,115700000,115700000,https://www.sec.gov/Archives/edgar/data/921738/000092173820000018/0000921738-20-000018-index.htm,https://www.sec.gov/Archives/edgar/data/921738/000092173820000009/penn1231201910k.htm
0,2019-12-31,PENN,2020-02-27,2020-02-27 16:32:27,Q4,1341200000,754900000,586300000,0.43714583954667463,0.0,304100000,0.0,12800000,0.0,1156800000,133900000,0.0,301900000,0.225096928124068,184400000,-0.0767223382045929,-153600000,-102900000,-0.0767223382045929,-10000000,-92500000,-0.068968088279153,-0.8,-0.8,115200000,115200000,https://www.sec.gov/Archives/edgar/data/921738/000092173820000009/0000921738-20-000009-index.htm,https://www.sec.gov/Archives/edgar/data/921738/000092173820000009/penn1231201910k.htm
0,2019-09-30,PENN,2019-11-07,2019-11-07 13:36:28,Q3,1354500000,758700000,595800000,0.4398671096345515,0.0,309700000,0.0,7200000.0,0.0,1174700000,134100000,0.0,303727000,0.22423551125876706,179800000,0.04673311184939092,17000000,63300000,0.04673311184939092,19600000,43900000,0.03241048357327427,0.38,0.38,115200000,116700000,https://www.sec.gov/Archives/edgar/data/921738/000092173819000041/0000921738-19-000041-index.htm,https://www.sec.gov/Archives/edgar/data/921738/000092173819000041/penn0930201910q.htm
0,2019-06-30,PENN,2019-08-08,2019-08-08 15:04:36,Q2,1323094000,731726000,591368000,0.44695841716461565,0.0,286968000,0.0,43000.0,0.0,1124714000,135039000,0.0,310955000,0.2350210944951757,198380000,0.052827690247253783,6298000.0,69896000,0.052827690247253783,18539000,51547000,0.038959439011891826,0.44,0.44,115982000,117676000,https://www.sec.gov/Archives/edgar/data/921738/000092173819000035/0000921738-19-000035-index.htm,https://www.sec.gov/Archives/edgar/data/921738/000092173819000035/penn0630201910q.htm
0,2019-03-31,PENN,2019-05-08,2019-05-08 15:08:11,Q1,1282571000,709204000,573367000,0.4470450368829484,0.0,286928000,0.0,0.0,0.0,1100185000,132587000,0.0,322879000,0.2517435681923262,182386000,0.04351026181006744,5687000.0,55805000,0.04351026181006744,14818000,40992000,0.03196080372938418,0.35,0.35,116293000,118595000,https://www.sec.gov/Archives/edgar/data/921738/000092173819000019/0000921738-19-000019-index.htm,https://www.sec.gov/Archives/edgar/data/921738/000092173819000011/penn1231201810k.htm
0,2018-12-31,PENN,2019-02-28,2019-02-28 15:59:28,Q4,1155269000,663419000,491850000,0.4257449996494323,0.0,239945000,0.0,-5642000.0,34288000,1030841000,192960000,0.0,217779000,0.1885093428456922,124428000,-0.07412126526376107,-17367000,-85630000,-0.07412126526376107,-43594000,-42031000,-0.03638200280627282,-0.37,-0.37,113581000,113581000,https://www.sec.gov/Archives/edgar/data/921738/000092173819000011/0000921738-19-000011-index.htm,https://www.sec.gov/Archives/edgar/data/921738/000092173819000011/penn1231201810k.htm
0,2018-09-30,PENN,2018-11-08,2018-11-08 11:39:26,Q3,789651000,451872000,337779000,0.42775732570464675,0.0,125084000,0.0,-1435000.0,0.0,633808000,114844000,0.0,217202000,0.2750607546878304,155843000,0.05723414521098561,3950000.0,45195000,0.05723414521098561,9070000.0,36125000,0.045748058319434785,0.39,0.38,91948000,95334000,https://www.sec.gov/Archives/edgar/data/921738/000155837018008932/0001558370-18-008932-index.htm,https://www.sec.gov/Archives/edgar/data/921738/000155837018008932/penn-20180930x10q.htm
0,2018-06-30,PENN,2018-08-01,2018-08-01 17:01:34,Q2,826913000,470993000,355920000,0.43042012884063985,0.0,132659000,0.0,-48000.0,-16985000,645226000,115873000,0.0,246173000,0.2977012091961307,181687000,0.0837210202282465,3175000.0,69230000,0.0837210202282465,15242000,53988000,0.0652886095635212,0.59,0.57,91468000,94995000,https://www.sec.gov/Archives/edgar/data/921738/000155837018006106/0001558370-18-006106-index.htm,https://www.sec.gov/Archives/edgar/data/921738/000155837018006106/penn-20180630x10q.htm
0,2018-03-31,PENN,2018-05-07,2018-05-07 16:09:35,Q1,816085000,461680000,354405000,0.4342746160020096,0.0,121263000,0.0,4000.0,0.0,643333000,115740000,0.0,238756000,0.2925626619776126,172752000,0.07490151148471054,3865000.0,61126000,0.07490151148471054,15689000,45437000,0.05567679837271853,0.5,0.48,91191000,94650000,https://www.sec.gov/Archives/edgar/data/921738/000155837018004149/0001558370-18-004149-index.htm,https://www.sec.gov/Archives/edgar/data/921738/000155837018001376/penn-20171231x10k.htm
0,2017-12-31,PENN,2018-03-01,2018-03-01 14:44:42,Q4,769036000,451654000,317382000,0.4127010959174863,0.0,151664000,0.0,-55000.0,0.0,664692000,116761000,0.0,170351000,0.2215123869363723,104344000,-0.11173209056533114,-73876000,-85926000,-0.11173209056533114,252134000,-338060000,-0.43958930401177576,-3.4,-3.4,90827000,90827000,https://www.sec.gov/Archives/edgar/data/921738/000155837018001376/0001558370-18-001376-index.htm,https://www.sec.gov/Archives/edgar/data/921738/000155837018001376/penn-20171231x10k.htm
0,2017-09-30,PENN,2017-11-03,2017-11-03 14:58:53,Q3,806247000,464583000,341664000,0.4237708791474573,0.0,107201000,0.0,-236000.0,0.0,638267000,118236000,0.0,239312000,0.2968221897259773,167980000,0.03755176763448422,-19772000,30276000,0.03755176763448422,-759064000,789340000,0.979029999491471,8.68,8.43,90913000,93589000,https://www.sec.gov/Archives/edgar/data/921738/000155837017008104/0001558370-17-008104-index.htm,https://www.sec.gov/Archives/edgar/data/921738/000155837017008104/penn-20170930x10q.htm
0,2017-06-30,PENN,2017-08-04,2017-08-04 14:40:25,Q2,796463000,456774000,339689000,0.4264968994165454,0.0,130096000,0.0,-173000.0,0.0,655839000,116768000,0.0,214676000,0.26953668908662426,140624000,0.02925936295848018,-787000.0,23304000,0.02925936295848018,6225000.0,17079000,0.021443557327835695,0.19,0.18,90928000,93239000,https://www.sec.gov/Archives/edgar/data/921738/000155837017005947/0001558370-17-005947-index.htm,https://www.sec.gov/Archives/edgar/data/921738/000155837017005947/penn-20170630x10q.htm
0,2017-03-31,PENN,2017-05-03,2017-05-03 16:33:16,Q1,776224000,439886000,336338000,0.4333001813909387,0.0,125815000,0.0,-1793000.0,0.0,635937000,114996000,0.0,215924000,0.2781722801665499,140287000,0.00940707836913056,-20635000,7302000.0,0.00940707836913056,2198000.0,5104000.0,0.006575421527806407,0.06,0.06,90751000,91917000,https://www.sec.gov/Archives/edgar/data/921738/000155837017003399/0001558370-17-003399-index.htm,https://www.sec.gov/Archives/edgar/data/921738/000155837017001016/penn-20161231x10k.htm
0,2016-12-31,PENN,2017-02-24,2017-02-24 16:47:23,Q4,742910000,435779000,307131000,0.4134161607731758,0.0,122174000,0.0,299000.0,0.0,629062000,113695000,0.0,192078000,0.2585481417668358,113848000,0.009791226393506616,2974000.0,7274000.0,0.009791226393506616,2242000.0,5032000.0,0.0067733642029317144,0.0,0.0,0.0,0.0,https://www.sec.gov/Archives/edgar/data/921738/000155837017001016/0001558370-17-001016-index.htm,https://www.sec.gov/Archives/edgar/data/921738/000155837017001016/penn-20161231x10k.htm
0,2016-09-30,PENN,2016-11-04,2016-11-04 12:59:58,Q3,765597000,444744000,320853000,0.41908863279244823,0.0,114376000,0.0,404000.0,0.0,627023000,114349000,0.0,218588000,0.2855131355007922,138574000,0.048409280600629316,4635000.0,37062000,0.048409280600629316,-9473000.0,46535000,0.0607826310709159,0.52,0.51,83065000,91422000,https://www.sec.gov/Archives/edgar/data/921738/000155837016009319/0001558370-16-009319-index.htm,https://www.sec.gov/Archives/edgar/data/921738/000155837016009319/penn-20160930x10q.htm
0,2016-06-30,PENN,2016-08-05,2016-08-05 15:12:14,Q2,769422000,443929000,325493000,0.42303573331669747,0.0,109974000,0.0,44000.0,0.0,620085000,114687000,0.0,225708000,0.29334747381800885,149337000,0.05827621253356416,3592000.0,44839000,0.05827621253356416,10804000,34035000,0.044234503302479,0.38,0.37,81647000,91486000,https://www.sec.gov/Archives/edgar/data/921738/000155837016007526/0001558370-16-007526-index.htm,https://www.sec.gov/Archives/edgar/data/921738/000155837016007526/penn-20160630x10q.htm
0,2016-03-31,PENN,2016-05-06,2016-05-06 12:06:54,Q1,756451000,433396000,323055000,0.427066657324797,0.0,116504000,0.0,-2426000.0,0.0,615920000,116512000,0.0,213974000,0.28286564496576777,140531000,0.04156515094830994,2183000.0,31442000,0.04156515094830994,7734000.0,23708000,0.03134109149171592,0.26,0.26,80968000,91091000,https://www.sec.gov/Archives/edgar/data/921738/000110465916118632/0001104659-16-118632-index.htm,https://www.sec.gov/Archives/edgar/data/921738/000104746916011168/a2227713z10-k.htm
0,2015-12-31,PENN,2016-03-15,2016-03-07 20:34:09,Q4,733967000,428963000,305004000,0.41555546775263735,0.0,106662000,0.0,1067000.0,0.0,603301000,113577000,0.0,166095000,0.22629764008463596,130666000,-0.020652154660904372,-36382000,-15158000,-0.020652154660904372,-6092000.0,-9066000.0,-0.01235205397517872,0.0,0.0,0.0,0.0,https://www.sec.gov/Archives/edgar/data/921738/000104746916011168/0001047469-16-011168-index.htm,https://www.sec.gov/Archives/edgar/data/921738/000104746916011168/a2227713z10-k.htm
0,2015-09-30,PENN,2016-03-08,2016-03-07 20:34:09,Q3,739297000,423370000,315927000,0.4273343460070851,0.0,107614000,0.0,2672000.0,0.0,597125000,111406000,0.0,258797000,0.35005823099512107,142172000,0.054484192415226895,6431000.0,40280000,0.054484192415226895,35380000,4900000.0,0.006627918143858287,0.06,0.05,80243000,82656000,https://www.sec.gov/Archives/edgar/data/921738/000110465916103088/0001104659-16-103088-index.htm,https://www.sec.gov/Archives/edgar/data/921738/000110465916103088/a15-17882_110q.htm
0,2015-06-30,PENN,2015-08-06,2015-08-06 14:25:17,Q2,700956000,396419000,304537000,0.43445950958405377,0.0,228091000,0.0,-956000.0,0.0,666262000,12295000,0.0,82087000,0.11710720787039415,34694000,0.04000251085660156,3198000.0,28040000,0.04000251085660156,11154000,16886000,0.024089957144243005,0.19,0.19,79758000,90729000,https://www.sec.gov/Archives/edgar/data/921738/000110465915057059/0001104659-15-057059-index.htm,https://www.sec.gov/Archives/edgar/data/921738/000110465915057059/a15-11959_110q.htm
0,2015-03-31,PENN,2015-05-06,2015-05-06 14:09:56,Q1,664138000,372824000,291314000,0.4386347415747932,0.0,224914000,0.0,3089000.0,0.0,640660000,12163000,0.0,75341000,0.11344178468932661,23478000,0.030499685306367052,7071000.0,20256000,0.030499685306367052,9260000.0,10996000,0.01655679994218069,0.12,0.12,79400000,90392000,https://www.sec.gov/Archives/edgar/data/921738/000110465915034769/0001104659-15-034769-index.htm,https://www.sec.gov/Archives/edgar/data/921738/000104746915001405/a2223187z10-k.htm
0,2014-12-31,PENN,2015-02-27,2015-02-27 15:45:51,Q4,651361000,373240000,278121000,0.42698442184902075,0.0,222099000,0.0,1553000.0,0.0,639518000,12606000,0.0,60725000,0.09322787210164563,11843000,-0.4799013143249289,-313274000,-312589000,-0.4799013143249289,-62182000,-250407000,-0.3844365873916308,-3.18,-3.18,78805000,78805000,https://www.sec.gov/Archives/edgar/data/921738/000104746915001405/0001047469-15-001405-index.htm,https://www.sec.gov/Archives/edgar/data/921738/000104746915001405/a2223187z10-k.htm
0,2014-09-30,PENN,2014-11-07,2014-11-07 15:48:47,Q3,645940000,367395000,278545000,0.43122426231538535,0.0,221135000,0.0,1583000.0,0.0,628783000,11189000,0.0,62309000,0.09646251973867542,17157000,0.025607641576617022,9548000.0,16541000,0.025607641576617022,8042000.0,8499000.0,0.01315756881444097,0.1,0.1,78510000,89017000,https://www.sec.gov/Archives/edgar/data/921738/000110465914078371/0001104659-14-078371-index.htm,https://www.sec.gov/Archives/edgar/data/921738/000110465914078371/a14-19764_110q.htm
0,2014-06-30,PENN,2014-08-01,2014-08-01 14:52:17,Q2,652146000,364510000,287636000,0.4410607440665127,0.0,212511000,0.0,-1823000.0,0.0,624204000,10892000,0.0,75565000,0.11587129262465767,27942000,0.019826848589119615,-4910000.0,12930000,0.019826848589119615,8754000.0,4176000.0,0.00640347406869014,0.03,0.03,78458000,88936000,https://www.sec.gov/Archives/edgar/data/921738/000110465914055966/0001104659-14-055966-index.htm,https://www.sec.gov/Archives/edgar/data/921738/000110465914055966/a14-14045_110q.htm
0,2014-03-31,PENN,2014-05-01,2014-05-01 13:27:59,Q1,641080000,363615000,277465000,0.43280869782242465,0.0,212048000,0.0,1631000.0,0.0,623029000,11295000,0.0,69998000,0.10918762088974855,18051000,0.017684220378111935,4114000.0,11337000,0.017684220378111935,6800000.0,4537000.0,0.007077119860235852,0.05,0.05,77917000,88679000,https://www.sec.gov/Archives/edgar/data/921738/000110465914033291/0001104659-14-033291-index.htm,https://www.sec.gov/Archives/edgar/data/921738/000104746914001467/a2218534z10-k.htm
0,2013-12-31,PENN,2014-02-27,2014-02-27 14:16:11,Q4,644702000,370762000,273940000,0.4249094930681152,0.0,200537000,0.0,1173000.0,0.0,631971000,17048000,0.0,76808000,0.11913721378249176,12731000,-1.738401618111934,-1116847000,-1120751000,-1.738401618111934,-232004000,-888747000,-1.3785392320793173,-11.4,-11.4,77939000,77939000,https://www.sec.gov/Archives/edgar/data/921738/000104746914001467/0001047469-14-001467-index.htm,https://www.sec.gov/Archives/edgar/data/921738/000104746914001467/a2218534z10-k.htm
0,2013-09-30,PENN,2013-11-08,2013-11-08 10:47:44,Q3,714435000,410047000,304388000,0.4260541546816715,0.0,131140000,0.0,-436000.0,0.0,621155000,25060000,0.0,175477000,0.24561646615857285,93280000,0.09860799092989565,1860000.0,70449000,0.09860799092989565,29132000,41317000,0.05783171317194706,0.43,0.4,78635000,103442000,https://www.sec.gov/Archives/edgar/data/921738/000110465913082644/0001104659-13-082644-index.htm,https://www.sec.gov/Archives/edgar/data/921738/000110465913082644/a13-19515_110q.htm
0,2013-06-30,PENN,2013-08-02,2013-08-02 12:18:27,Q2,761371000,430799000,330572000,0.4341799201703243,0.0,128730000,0.0,2402000.0,0.0,640144000,27060000,0.0,208408000,0.2737272630557245,121227000,0.03465721704661722,-68123000,26387000,0.03465721704661722,38567000,-12180000,-0.01599745721862272,-0.16,-0.16,78306000,78306000,https://www.sec.gov/Archives/edgar/data/921738/000110465913059284/0001104659-13-059284-index.htm,https://www.sec.gov/Archives/edgar/data/921738/000110465913059284/a13-13481_110q.htm
0,2013-03-31,PENN,2013-05-03,2013-05-03 11:30:46,Q1,798246000,452283000,345963000,0.4334039882442255,0.0,135577000,0.0,664000.0,0.0,664931000,27924000,0.0,213033000,0.26687637645537843,133315000,0.13534424225113562,2385000.0,108038000,0.13534424225113562,42767000,65271000,0.08176802639787735,0.68,0.63,77553000,102887000,https://www.sec.gov/Archives/edgar/data/921738/000110465913036920/0001104659-13-036920-index.htm,https://www.sec.gov/Archives/edgar/data/921738/000104746913001483/a2213002z10-k.htm
0,2012-12-31,PENN,2013-02-22,2013-02-22 15:43:59,Q4,743811000,434319000,309492000,0.416089571141056,0.0,163378000,0.0,108000.0,0.0,670518000,25621000,0.0,145262000,0.1952942346913396,73293000,0.06493988392212538,366000.0,48303000,0.06493988392212538,28064000,20239000,0.02720986917375516,0.21,0.19,76787000,104470000,https://www.sec.gov/Archives/edgar/data/921738/000104746913001483/0001047469-13-001483-index.htm,https://www.sec.gov/Archives/edgar/data/921738/000104746913001483/a2213002z10-k.htm
0,2012-09-30,PENN,2012-11-05,2012-11-05 09:52:52,Q3,707044000,408364000,298680000,0.4224348131092266,0.0,137615000,0.0,0.0,0.0,608378000,19953000,0.0,162090000,0.22925023053727914,98666000,0.1100129553464848,-1147000.0,77784000,0.1100129553464848,31338000,46446000,0.06569039550579596,0.49,0.44,76336000,105841000,https://www.sec.gov/Archives/edgar/data/921738/000110465912073983/0001104659-12-073983-index.htm,https://www.sec.gov/Archives/edgar/data/921738/000110465912073983/a12-19455_110q.htm
0,2012-06-30,PENN,2012-08-02,2012-08-02 11:48:46,Q2,712551000,415860000,296691000,0.4163786171095122,0.0,111885000,0.0,0.0,0.0,584536000,17823000,0.0,186106000,0.26118270832543916,128015000,0.158537423987897,2528000.0,112966000,0.158537423987897,46299000,66667000,0.09356102229875475,0.7,0.63,76257000,106130000,https://www.sec.gov/Archives/edgar/data/921738/000110465912053608/0001104659-12-053608-index.htm,https://www.sec.gov/Archives/edgar/data/921738/000110465912053608/a12-13695_110q.htm
0,2012-03-31,PENN,2012-05-03,2012-05-03 11:21:20,Q1,736059000,427973000,308086000,0.4185615555274781,0.0,115997000,0.0,0.0,0.0,597307000,18043000,0.0,193993000,0.26355631817558106,138752000,0.1704659544954956,4545000.0,125473000,0.1704659544954956,46854000,78619000,0.10681073120497134,0.83,0.74,75994000,105632000,https://www.sec.gov/Archives/edgar/data/921738/000110465912032423/0001104659-12-032423-index.htm,https://www.sec.gov/Archives/edgar/data/921738/000104746912001425/a2207437z10-k.htm
0,2011-12-31,PENN,2012-02-24,2012-02-24 09:49:26,Q4,676450000,409653000,266797000,0.3944075689260108,0.0,95766000,0.0,0.0,0.0,557312000,20915000,0.0,163231000,0.24130534407568927,119138000,0.11246507502402248,-22352000,76077000,0.11246507502402248,32046000,44031000,0.06509128538694656,0.0,0.0,0.0,0.0,https://www.sec.gov/Archives/edgar/data/921738/000104746912001425/0001047469-12-001425-index.htm,https://www.sec.gov/Archives/edgar/data/921738/000104746912001425/a2207437z10-k.htm
0,2011-09-30,PENN,2011-11-04,2011-11-04 10:26:35,Q3,710905000,419448000,291457000,0.4099802364591612,0.0,108897000,0.0,0.0,30000.0,580540000,23514000,0.0,199921000,0.28122041623001665,130365000,0.1534396297676905,2162000.0,109081000,0.1534396297676905,38278000,70803000,0.09959558590810305,0.73,0.66,78242000,107449000,https://www.sec.gov/Archives/edgar/data/921738/000110465911060901/0001104659-11-060901-index.htm,https://www.sec.gov/Archives/edgar/data/921738/000110465911060901/a11-25643_110q.htm
0,2011-06-30,PENN,2011-08-08,2011-08-08 12:10:15,Q2,687879000,402290000,285589000,0.41517330809633674,0.0,102322000,0.0,0.0,0.0,558842000,26109000,0.0,183794000,0.267189433025285,129037000,0.1661760280514451,11285000,114309000,0.1661760280514451,38320000,75989000,0.11046855624317649,0.79,0.71,78387000,107523000,https://www.sec.gov/Archives/edgar/data/921738/000110465911044699/0001104659-11-044699-index.htm,https://www.sec.gov/Archives/edgar/data/921738/000110465911044699/a11-13821_110q.htm
0,2011-03-31,PENN,2011-05-04,2011-05-04 11:52:27,Q1,667023000,389348000,277675000,0.4162899929987422,0.0,103476000,0.0,0.0,0.0,545982000,29026000,0.0,171898000,0.2577092544035213,121041000,0.13457556935817805,-2303000.0,89765000,0.13457556935817805,38237000,51528000,0.0772507094957745,0.53,0.48,78162000,106919000,https://www.sec.gov/Archives/edgar/data/921738/000110465911025594/0001104659-11-025594-index.htm,https://www.sec.gov/Archives/edgar/data/921738/000104746911001383/a2202202z10-k.htm
0,2010-12-31,PENN,2011-02-25,2011-02-25 14:41:04,Q4,630221000,377719000,252502000,0.40065627771845114,0.0,120967000,0.0,0.0,0.0,538352000,30600000,0.0,126209000,0.2002614955706014,91869000,-0.24450787898213483,-215203000,-154094000,-0.24450787898213483,-962000.0,-153132000,-0.24298143032364838,0.0,0.0,0.0,0.0,https://www.sec.gov/Archives/edgar/data/921738/000104746911001383/0001047469-11-001383-index.htm,https://www.sec.gov/Archives/edgar/data/921738/000104746911001383/a2202202z10-k.htm
0,2010-09-30,PENN,2010-11-05,2010-11-05 13:30:37,Q3,638256000,376848000,261408000,0.40956606753403024,0.0,96288000,0.0,0.0,0.0,526978000,32412000,0.0,161593000,0.25317897520744026,111278000,0.1297003083402271,3518000.0,82782000,0.1297003083402271,34437000,48345000,0.07574546890276002,0.51,0.46,77414000,105509000,https://www.sec.gov/Archives/edgar/data/921738/000110465910056464/0001104659-10-056464-index.htm,https://www.sec.gov/Archives/edgar/data/921738/000110465910056464/a10-17262_110q.htm
0,2010-06-30,PENN,2010-08-09,2010-08-09 11:43:58,Q2,598311000,356249000,242062000,0.40457554683099595,0.0,107108000,0.0,0.0,0.0,516010000,32911000,0.0,135140000,0.22586915500467147,82301000,0.033049701576604806,-30227000,19774000,0.033049701576604806,12802000,9156000.0,0.015303078165034572,0.09,0.09,78717000,106795000,https://www.sec.gov/Archives/edgar/data/921738/000110465910043036/0001104659-10-043036-index.htm,https://www.sec.gov/Archives/edgar/data/921738/000110465910043036/a10-12509_110q.htm
0,2010-03-31,PENN,2010-05-07,2010-05-07 15:28:01,Q1,592323000,354081000,238242000,0.40221635830450614,0.0,94575000,0.0,0.0,0.0,499836000,34292000,0.0,142985000,0.24139700805135036,92487000,0.09463755417230126,-2869000.0,56056000,0.09463755417230126,19901000,36164000,0.06105452599341913,0.37,0.34,78563000,107037000,https://www.sec.gov/Archives/edgar/data/921738/000110465910026862/0001104659-10-026862-index.htm,https://www.sec.gov/Archives/edgar/data/921738/000104746910001487/a2196661z10-k.htm
0,2009-12-31,PENN,2010-02-26,2010-02-26 12:00:18,Q4,555806000,1427861000,-872055000,-1.5689916985422971,0.0,-986090000,0.0,0.0,0.0,494780000,37110000,0.0,114541000,0.20608089873085214,61026000,-0.897194344789369,-523454000,-498666000,-0.897194344789369,-140761000,-355440000,-0.6395037117267536,0.0,0.0,0.0,0.0,https://www.sec.gov/Archives/edgar/data/921738/000104746910001487/0001047469-10-001487-index.htm,https://www.sec.gov/Archives/edgar/data/921738/000104746910001487/a2196661z10-k.htm
0,2009-09-30,PENN,2009-11-09,2009-11-09 13:24:57,Q3,620426000,0.0,620426000,1.0,0.0,482847000,0.0,0.0,0.0,532902000,36785000,0.0,138499000,0.22323210181391495,87524000,0.07314329186720092,-6315000.0,45380000,0.07314329186720092,24029000,21351000,0.034413451402745855,0.22,0.2,78255000,107219000,https://www.sec.gov/Archives/edgar/data/921738/000110465909063594/0001104659-09-063594-index.htm,https://www.sec.gov/Archives/edgar/data/921738/000110465909063594/a09-30915_110q.htm
0,2009-06-30,PENN,2009-08-07,2009-08-07 12:11:52,Q2,580817000,964786000,-383969000,-0.6610843002184853,0.0,93332000,0.0,0.0,0.0,1105060000,29851000,0.0,136523000,0.23505338170198187,-524243000,0.08768338392299123,-9218000.0,50928000,0.08768338392299123,22448000,28480000,0.04903437743729953,0.29,0.27,77996000,107045000,https://www.sec.gov/Archives/edgar/data/921738/000110465909048104/0001104659-09-048104-index.htm,https://www.sec.gov/Archives/edgar/data/921738/000110465909048104/a09-18558_110q.htm
0,2009-03-31,PENN,2009-05-11,2009-05-11 16:05:46,Q1,612226000,362091000,250135000,0.40856644441758433,0.0,104870000,0.0,0.0,0.0,511391000,31238000,0.0,148053000,0.24182736440464794,100835000,0.1216495215818995,1789000.0,74477000,0.1216495215818995,33816000,40661000,0.0664150166768481,0.42,0.38,77813000,106534000,https://www.sec.gov/Archives/edgar/data/921738/000110465909031498/0001104659-09-031498-index.htm,https://www.sec.gov/Archives/edgar/data/921738/000104746909002104/a2190897z10-k.htm
0,2008-12-31,PENN,2009-03-02,2009-03-02 14:56:54,Q4,571086000,339372000,231714000,0.4057427427742932,0.0,121002000,0.0,0.0,0.0,309250000,0.0,0.0,512272000,0.8970137597489695,261836000,-0.7781279877286433,-476953000,-444378000,-0.7781279877286433,-65805000,-378573000,-0.6629001586451078,0.0,0.0,0.0,0.0,https://www.sec.gov/Archives/edgar/data/921738/000104746909002104/0001047469-09-002104-index.htm,https://www.sec.gov/Archives/edgar/data/921738/000104746909002104/a2190897z10-k.htm
0,2008-09-30,PENN,2008-11-10,2008-11-10 15:36:27,Q3,617887000,367137000,250750000,0.4058185396358881,0.0,110149000,0.0,0.0,195471000,716981000,0.0,0.0,-247851000,-0.4011267432394596,-99094000,0.4129962274655398,195968000,255185000,0.4129962274655398,107694000,147491000,0.2387022222509941,1.72,1.69,85750581,87272781,https://www.sec.gov/Archives/edgar/data/921738/000110465908069682/0001104659-08-069682-index.htm,https://www.sec.gov/Archives/edgar/data/921738/000110465908069682/a08-25464_110q.htm
0,2008-06-30,PENN,2008-08-11,2008-08-11 14:46:01,Q2,620586000,363710000,256876000,0.4139249032366183,0.0,98103000,0.0,0.0,0.0,506995000,0.0,0.0,162513000,0.2618702323287989,113591000,0.11099509173587545,-726000.0,68882000,0.11099509173587545,31859000,37023000,0.05965812957430557,0.43,0.42,86560000,88619000,https://www.sec.gov/Archives/edgar/data/921738/000110465908051803/0001104659-08-051803-index.htm,https://www.sec.gov/Archives/edgar/data/921738/000110465908051803/a08-18773_110q.htm
0,2008-03-31,PENN,2008-05-12,2008-05-12 17:06:27,Q1,613494000,357251000,256243000,0.4176780865012535,0.0,97892000,0.0,0.0,0.0,494935000,0.0,0.0,160052000,0.2608860070351136,118559000,0.11854394664006494,699000.0,72726000,0.11854394664006494,31990000,40736000,0.06639999739198753,0.47,0.46,86672340,88556522,https://www.sec.gov/Archives/edgar/data/921738/000110465908032489/0001104659-08-032489-index.htm,https://www.sec.gov/Archives/edgar/data/921738/000104746908002032/a2182949z10-k.htm
0,2007-12-31,PENN,2008-02-29,2008-02-29 14:38:15,Q4,585841000,340413000,245428000,0.41893278210299384,0.0,97004000,0.0,0.0,0.0,475111000,0.0,0.0,154744000,0.26413992875199926,110730000,0.10229055323884809,-3428000.0,59926000,0.10229055323884809,27703000,32223000,0.055002978623892834,0.0,0.0,0.0,0.0,https://www.sec.gov/Archives/edgar/data/921738/000104746908002032/0001047469-08-002032-index.htm,https://www.sec.gov/Archives/edgar/data/921738/000104746908002032/a2182949z10-k.htm
0,2007-09-30,PENN,2007-11-08,2007-11-08 16:58:11,Q3,629450000,359395000,270055000,0.429033283024863,0.0,98935000,0.0,0.0,0.0,495571000,0.0,0.0,177023000,0.2812344109937247,133879000,0.13017237270633092,-2759000.0,81937000,0.13017237270633092,35347000,46590000,0.07401699896735245,0.54,0.52,86277778,89596154,https://www.sec.gov/Archives/edgar/data/921738/000110465907081260/0001104659-07-081260-index.htm,https://www.sec.gov/Archives/edgar/data/921738/000110465907081260/a07-25655_110q.htm
0,2007-06-30,PENN,2007-08-09,2007-08-09 08:02:01,Q2,625244000,360209000,265035000,0.4238905131436687,0.0,98993000,0.0,0.0,0.0,496824000,0.0,0.0,174778000,0.2795356692747151,128420000,0.11716385922935686,-5151000.0,73256000,0.11716385922935686,34957000,38299000,0.06125448624856856,0.45,0.43,85108889,89067442,https://www.sec.gov/Archives/edgar/data/921738/000110465907060508/0001104659-07-060508-index.htm,https://www.sec.gov/Archives/edgar/data/921738/000110465907060508/a07-18969_110q.htm
0,2007-03-31,PENN,2007-05-10,2007-05-10 12:07:17,Q1,596258000,342621000,253637000,0.425381294674453,0.0,93499000,0.0,0.0,0.0,471478000,0.0,0.0,163617000,0.27440638113031607,124780000,0.12934166082467657,-188000.0,77121000,0.12934166082467657,34180000,42941000,0.07201748236501648,0.51,0.49,84198039,87634694,https://www.sec.gov/Archives/edgar/data/921738/000110465907038025/0001104659-07-038025-index.htm,https://www.sec.gov/Archives/edgar/data/921738/000110465907015382/a07-5320_110k.htm
0,2006-12-31,PENN,2007-03-01,2007-03-01 13:41:09,Q4,601721000,337114000,264607000,0.43975031617643395,0.0,123981000,28860000,0.0,0.0,402673000,0.0,0.0,147213000,0.24465325291954246,199048000,0.24202745126063407,89844000,145633000,0.24202745126063407,57630000,87350000,0.1451669461428137,0.0,0.0,0.0,0.0,https://www.sec.gov/Archives/edgar/data/921738/000110465907015382/0001104659-07-015382-index.htm,https://www.sec.gov/Archives/edgar/data/921738/000110465907015382/a07-5320_110k.htm
0,2006-09-30,PENN,2006-11-09,2006-11-09 14:14:41,Q3,613993000,340876000,273117000,0.44482103216160446,0.0,113866000,27882000,0.0,0.0,485938000,0.0,0.0,162655000,0.26491344363860825,128055000,0.12532227566112317,-2258000.0,76947000,0.12532227566112317,36548000,155060000,0.2525435957738932,1.84,1.79,84271739,86625698,https://www.sec.gov/Archives/edgar/data/921738/000110465906073442/0001104659-06-073442-index.htm,https://www.sec.gov/Archives/edgar/data/921738/000110465906073442/a06-21815_110q.htm
0,2006-06-30,PENN,2006-08-09,2006-08-09 14:30:29,Q2,561777000,314608000,247169000,0.4399770727530675,0.0,97604000,24004000,0.0,0.0,439940000,0.0,0.0,151619000,0.26989178980271533,121837000,0.13474385743809375,758000.0,75696000,0.13474385743809375,33001000,42695000,0.07599990743658071,0.51,0.49,83715686,87132653,https://www.sec.gov/Archives/edgar/data/921738/000110465906053015/0001104659-06-053015-index.htm,https://www.sec.gov/Archives/edgar/data/921738/000110465906053015/a06-15489_110q.htm
0,2006-03-31,PENN,2006-05-10,2006-05-10 16:08:47,Q1,569243000,335613000,233630000,0.4104222625486831,0.0,75011000,0.0,0.0,0.0,440342000,0.0,0.0,171679000,0.301591763095901,128901000,0.12587945745490062,-9719000.0,71656000,0.12587945745490062,29673000,41983000,0.07375233424038592,0.5,0.49,83966000,85679592,https://www.sec.gov/Archives/edgar/data/921738/000110465906033288/0001104659-06-033288-index.htm,https://www.sec.gov/Archives/edgar/data/921738/000104746906003479/a2168383z10-k.htm
0,2005-12-31,PENN,2006-03-15,2006-03-15 16:58:38,Q4,524366000,324479000,199887000,0.3811974841999672,0.0,60445000,0.0,0.0,2003000.0,413052000,0.0,0.0,144278000,0.2751475114709955,111314000,0.12019658025119859,-3529000.0,63027000,0.12019658025119859,26800000,37604000,0.07171326897624941,0.0,0.0,0.0,0.0,https://www.sec.gov/Archives/edgar/data/921738/000104746906003479/0001047469-06-003479-index.htm,https://www.sec.gov/Archives/edgar/data/921738/000104746906003479/a2168383z10-k.htm
0,2005-09-30,PENN,2005-11-09,2005-11-09 17:04:32,Q3,294627000,179001000,115626000,0.39244875724220796,0.0,39248000,0.0,0.0,19142000,252333000,0.0,0.0,76872000,0.2609129509515421,42294000,0.10586266703323186,-18380000,31190000,0.10586266703323186,11386000,55401000,0.18803775621378896,0.67,0.64,83259000,86186000,https://www.sec.gov/Archives/edgar/data/921738/000110465905054135/0001104659-05-054135-index.htm,https://www.sec.gov/Archives/edgar/data/921738/000110465905054135/a05-18360_110q.htm
0,2005-06-30,PENN,2005-08-09,2005-08-09 16:05:57,Q2,304169000,180381000,123788000,0.4069711246050715,0.0,46001000,0.0,0.0,28175000,270526000,0.0,0.0,79264000,0.26059197354102487,33643000,0.07215725468407366,-28476000,21948000,0.07215725468407366,7055000.0,12119000,0.03984298202643925,0.15,0.14,83227000,85732000,https://www.sec.gov/Archives/edgar/data/921738/000110465905037880/0001104659-05-037880-index.htm,https://www.sec.gov/Archives/edgar/data/921738/000110465905037880/a05-13104_110q.htm
0,2005-03-31,PENN,2005-05-10,2005-05-10 16:42:27,Q1,289306000,171299000,118007000,0.4078968289631048,0.0,46213000,0.0,0.0,0.0,233007000,0.0,0.0,88682000,0.3065335665350874,56299000,0.08850836138897915,-15483000,25606000,0.08850836138897915,9352000.0,15802000,0.054620367361893636,0.19,0.19,82198000,85390000,https://www.sec.gov/Archives/edgar/data/921738/000110465905022241/0001104659-05-022241-index.htm,https://www.sec.gov/Archives/edgar/data/921738/000104746905008328/a2153647z10-k.htm
0,2004-12-31,PENN,2005-03-30,2005-03-30 17:11:39,Q4,276688000,166439000,110249000,0.39845963684727925,0.0,43980000,0.0,0.0,0.0,226791000,0.0,0.0,71044000,0.2567657433643671,49897000,0.10674116694616319,-3027000.0,29534000,0.10674116694616319,10738000,16858000,0.060927832070780084,0.0,0.0,0.0,0.0,https://www.sec.gov/Archives/edgar/data/921738/000104746905008328/0001047469-05-008328-index.htm,https://www.sec.gov/Archives/edgar/data/921738/000104746905008328/a2153647z10-k.htm
0,2004-09-30,PENN,2004-11-08,2004-11-08 17:26:28,Q3,288731000,172981000,115750000,0.4008921799183323,0.0,43808000,0.0,0.0,0.0,233281000,0.0,0.0,72728000,0.25188843594903215,55450000,0.12808461855498718,19000.0,36982000,0.12808461855498718,13410000,17190000,0.05953638507815233,0.215,0.205,80874000,83852000,https://www.sec.gov/Archives/edgar/data/921738/000110465904034362/0001104659-04-034362-index.htm,https://www.sec.gov/Archives/edgar/data/921738/000110465904034362/a04-12765_210q.htm
0,2004-06-30,PENN,2004-08-09,2004-08-09 17:25:58,Q2,301453000,181665000,119788000,0.39736874404965283,0.0,45084000,0.0,0.0,0.0,243582000,0.0,0.0,75232000,0.2495646087449785,57871000,0.1301496419010592,104000.0,39234000,0.1301496419010592,14374000,19657000,0.06520751161872664,0.245,0.24,79744000,82486000,https://www.sec.gov/Archives/edgar/data/921738/000110465904023452/0001104659-04-023452-index.htm,https://www.sec.gov/Archives/edgar/data/921738/000110465904023452/a04-8636_110q.htm
0,2004-03-31,PENN,2004-05-10,2004-05-10 16:29:16,Q1,330771000,201795000,128976000,0.38992535621321095,0.0,55416000,0.0,0.0,0.0,276477000,0.0,0.0,75577000,0.22848738250934936,54294000,0.0857602389568614,-618000.0,28367000,0.0857602389568614,10580000,17787000,0.053774363532474126,0.225,0.215,79718000,82224000,https://www.sec.gov/Archives/edgar/data/921738/000110465904013573/0001104659-04-013573-index.htm,https://www.sec.gov/Archives/edgar/data/921738/000104746904007768/a2129475z10-k.htm
0,2003-12-31,PENN,2004-03-15,2004-03-12 17:37:20,Q4,296947000,181772000,115175000,0.387863827551718,0.0,54424000,0.0,0.0,0.0,255054000,0.0,0.0,63677000,0.2144389402822726,41893000,0.049880955187289314,-1955000.0,14812000,0.049880955187289314,5630000.0,9182000.0,0.030921342865898628,0.0,0.0,0.0,0.0,https://www.sec.gov/Archives/edgar/data/921738/000104746904007768/0001047469-04-007768-index.htm,https://www.sec.gov/Archives/edgar/data/921738/000104746904007768/a2129475z10-k.htm
0,2003-09-30,PENN,2003-11-14,2003-11-14 09:12:47,Q3,316122000,193021000,123101000,0.38940978482990746,0.0,54986000,0.0,0.0,0.0,266487000,0.0,0.0,71147000,0.22506184321243064,49635000,0.0695649148113703,-369000.0,21991000,0.0695649148113703,8373000.0,13618000,0.04307830521127919,0.175,0.17,78428000,80776000,https://www.sec.gov/Archives/edgar/data/921738/000110465903026396/0001104659-03-026396-index.htm,https://www.sec.gov/Archives/edgar/data/921738/000110465903026396/a03-5061_110q.htm
0,2003-06-30,PENN,2003-08-14,2003-08-13 17:33:19,Q2,324968000,198961000,126007000,0.387752024814751,0.0,55844000,0.0,0.0,0.0,272125000,0.0,0.0,73073000,0.22486214027227297,52843000,0.07637059648950051,-621000.0,24818000,0.07637059648950051,9343000.0,15475000,0.047620073361069395,0.195,0.19,78686000,80956000,https://www.sec.gov/Archives/edgar/data/921738/000110465903018221/0001104659-03-018221-index.htm,https://www.sec.gov/Archives/edgar/data/921738/000110465903018221/a03-1087_110q.htm
0,2003-03-31,PENN,2003-05-13,2003-05-13 14:14:34,Q1,225210000,134814000,90396000,0.4013853736512588,0.0,38764000,0.0,0.0,0.0,186407000,0.0,0.0,54065000,0.24006482838239865,38803000,0.0956085431375161,-1353000.0,21532000,0.0956085431375161,8345000.0,13187000,0.05855423826650682,0.17,0.165,78438000,80560000,https://www.sec.gov/Archives/edgar/data/921738/000110465903009384/0001104659-03-009384-index.htm,https://www.sec.gov/Archives/edgar/data/921738/000104746903010559/a2105300z10-k.htm
0,2002-12-31,PENN,2003-03-27,2003-03-27 16:50:56,Q4,163518000,101638000,61880000,0.37842928607248133,0.0,29326000,0.0,0.0,0.0,141695000,0.0,0.0,33047000,0.20210007460952312,21823000,0.07348426472926528,576000.0,12016000,0.07348426472926528,4394000.0,7622000.0,0.046612605340084885,0.0,0.0,0.0,0.0,https://www.sec.gov/Archives/edgar/data/921738/000104746903010559/0001047469-03-010559-index.htm,https://www.sec.gov/Archives/edgar/data/921738/000104746903010559/a2105300z10-k.htm
0,2002-09-30,PENN,2002-11-14,2002-11-14 18:47:45,Q3,175399000,108413000,66986000,0.381906396273639,0.0,29312000,0.0,0.0,0.0,146996000,0.0,0.0,41207000,0.23493292436102828,28403000,0.09071887525014395,-2232000.0,15912000,0.09071887525014395,5968000.0,9944000.0,0.056693595744559545,0.125,0.125,78230000,80450000,https://www.sec.gov/Archives/edgar/data/921738/000091205702042558/0000912057-02-042558-index.htm,https://www.sec.gov/Archives/edgar/data/921738/000091205702042558/a2093390z10-q.htm
0,2002-06-30,PENN,2002-08-14,2002-08-14 16:10:48,Q2,165029000,101161000,63868000,0.3870107678044465,0.0,28283000,0.0,0.0,0.0,137832000,0.0,0.0,39659000,0.24031533851626077,27197000,0.0900871967957147,-2741000.0,14867000,0.0900871967957147,5705000.0,9162000.0,0.055517515103406065,0.12,0.115,77420000,80056000,https://www.sec.gov/Archives/edgar/data/921738/000091205702032145/0000912057-02-032145-index.htm,https://www.sec.gov/Archives/edgar/data/921738/000091205702032145/a2087020z10-q.htm
0,2002-03-31,PENN,2002-05-15,2002-05-15 15:42:11,Q1,153596000,84297000,69299000,0.45117711398734345,0.0,27038000,0.0,0.0,9499000.0,128900000,0.0,0.0,42498000,0.2766868928878356,24696000,0.09713794630068491,-8955000.0,14920000,0.09713794630068491,5638000.0,4131000.0,0.026895231646657466,0.06,0.0575,68064000,71472000,https://www.sec.gov/Archives/edgar/data/921738/000091205702020746/0000912057-02-020746-index.htm,https://www.sec.gov/Archives/edgar/data/921738/000091205702020746/a2080236z10-q.htm
0,2001-12-31,PENN,,Not found...,Q4,135967000,82261000,53706000,0.3949929026896232,0.0,26513000,0.0,0.0,0.0,115788000,0.0,0.0,29704000,0.21846477454088126,20179000,0.05404987975023351,444000.0,7349000.0,0.05404987975023351,2404000.0,4945000.0,0.036369118977398925,0.0,0.0,0.0,0.0,,
0,2001-09-30,PENN,2001-11-13 00:00:00,2001-11-13 00:00:00,Q3,145534000,87547000,57987000,0.39844297552461966,0.0,26195000,0.0,0.0,0.0,122899000,0.0,0.0,31937000,0.21944700207511647,22635000,0.08152046944356645,315000.0,11864000,0.08152046944356645,4151000.0,7713000.0,0.05299792488353237,0.125,0.12,61868000,64172000,https://www.sec.gov/Archives/edgar/data/921738/000091205701539259/0000912057-01-539259-index.html,https://www.sec.gov/Archives/edgar/data/921738/000091205701539259/a2063523z10-q.txt
0,2001-06-30,PENN,2001-08-14 00:00:00,2001-08-14 00:00:00,Q2,132732000,79980000,52752000,0.39743242021517045,0.0,23175000,0.0,0.0,0.0,112142000,0.0,0.0,29602000,0.22302082391586053,20590000,0.07478226802880994,465000.0,9926000.0,0.07478226802880994,3442000.0,6484000.0,0.04885031492029051,0.105,0.1,59756000,61724000,https://www.sec.gov/Archives/edgar/data/921738/000091205701528696/0000912057-01-528696-index.html,https://www.sec.gov/Archives/edgar/data/921738/000091205701528696/a2056822z10-q.txt
0,2001-03-31,PENN,,,Q1,106229000,64771000,41458000,0.39027007690931853,0.0,19145000,0.0,0.0,0.0,90851000,0.0,0.0,14375000,0.1353208634177108,15378000,0.06803226990746407,7938000.0,7227000.0,0.06803226990746407,2611000.0,4616000.0,0.04345329429816717,0.0775,0.075,60176000,62096000,,
0,2000-12-31,PENN,,,Q4,87365000,41995000,45370000,0.5193155153665655,0.0,28739000,0.0,0.0,0.0,75871000,0.0,0.0,16593000,0.18992731643106509,11494000,0.04564757053740056,38000.0,3988000.0,0.04564757053740056,1261000.0,2727000.0,0.03121387283236994,0.0,0.0,0.0,0.0,,
0,2000-09-30,PENN,2000-11-14 00:00:00,2000-11-14 00:00:00,Q3,91082000,64718000,26364000,0.28945345951999296,0.0,7407000.0,0.0,0.0,0.0,76214000,0.0,0.0,18956000,0.2081201554643069,14868000,0.10197404536571442,1000.0,9288000.0,0.10197404536571442,3286000.0,-581000.0,-0.0063788673942162,-0.01,-0.01,60028000,62016000,https://www.sec.gov/Archives/edgar/data/921738/000095011600002748/0000950116-00-002748-index.html,https://www.sec.gov/Archives/edgar/data/921738/000095011600002748/0000950116-00-002748-0001.txt
0,2000-06-30,PENN,2000-08-14 00:00:00,2000-08-14 00:00:00,Q2,62413000,29481000,32932000,0.5276464839055965,0.0,5886000.0,0.0,0.0,13176000,50735000,0.0,0.0,13870000,0.22222934324579816,11678000,0.15501578196850016,0.0,9675000.0,0.15501578196850016,3449000.0,6226000.0,0.09975485876339865,0.105,0.1,59756000,61724000,https://www.sec.gov/Archives/edgar/data/921738/000092173800000047/0000921738-00-000047-index.html,https://www.sec.gov/Archives/edgar/data/921738/000092173800000047/0000921738-00-000047-0001.txt
0,2000-03-31,PENN,2000-05-12 00:00:00,2000-05-12 00:00:00,Q1,53262000,26798000,26464000,0.49686455634411025,0.0,5372000.0,0.0,0.0,11070000,45416000,0.0,0.0,10176000,0.19105553678044385,7846000.0,0.10814464346062859,-154000.0,5760000.0,0.10814464346062859,2141000.0,3619000.0,0.06794712928541925,0.06,0.06,59592000,60848000,https://www.sec.gov/Archives/edgar/data/921738/000092173800000013/0000921738-00-000013-index.html,https://www.sec.gov/Archives/edgar/data/921738/0000921738-00-000013.txt
0,1999-12-31,PENN,,,Q4,45800000,22900000,22900000,0.5,0.0,5500000.0,0.0,0.0,8200000.0,38800000,0.0,0.0,9200000.0,0.20087336244541484,7000000.0,0.039301310043668124,0.0,1800000.0,0.039301310043668124,500000.0,1300000.0,0.028384279475982533,0.0,0.0,0.0,0.0,,
0,1999-09-30,PENN,,,Q3,47600000,25300000,22300000,0.4684873949579832,0.0,5300000.0,0.0,0.0,8200000.0,41200000,0.0,0.0,8800000.0,0.18487394957983194,6400000.0,0.09453781512605042,0.0,4500000.0,0.09453781512605042,1700000.0,2800000.0,0.058823529411764705,0.0475,0.0475,58947368,58947368,,
0,1999-06-30,PENN,,,Q2,45400000,24400000,21000000,0.46255506607929514,0.0,5000000.0,0.0,0.0,7800000.0,39300000,0.0,0.0,8200000.0,0.18061674008810572,6100000.0,0.09030837004405286,0.0,4100000.0,0.09030837004405286,1600000.0,2500000.0,0.05506607929515418,0.0425,0.0425,58823529,58823529,,
0,1999-03-31,PENN,,,Q1,32800000,19100000,13700000,0.4176829268292683,0.0,3700000.0,0.0,0.0,6200000.0,31000000,0.0,0.0,3800000.0,0.11585365853658537,1800000.0,0.0,200000.0,0.0,0.0,-100000.0,0.0,0.0,0.0,0.0,59048000,59048000,,
0,1998-12-31,PENN,,,Q4,39100000,22100000,17000000,0.43478260869565216,0.0,4800000.0,0.0,0.0,6400000.0,34700000,0.0,0.0,5600000.0,0.1432225063938619,4400000.0,0.0639386189258312,200000.0,2500000.0,0.0639386189258312,1000000.0,1500000.0,0.03836317135549872,0.0,0.0,0.0,0.0,,
0,1998-09-30,PENN,1998-11-13 00:00:00,1998-11-13 00:00:00,Q3,41600000,22800000,18800000,0.4519230769230769,0.0,5000000.0,0.0,0.0,6700000.0,36000000,0.0,0.0,6800000.0,0.16346153846153846,5600000.0,0.09375,300000.0,3900000.0,0.09375,1500000.0,2400000.0,0.057692307692307696,0.04,0.04,60000000,60000000,https://www.sec.gov/Archives/edgar/data/921738/000092173898000017/0000921738-98-000017-index.html,https://www.sec.gov/Archives/edgar/data/921738/0000921738-98-000017.txt
0,1998-06-30,PENN,,,Q2,40100000,22100000,18000000,0.4488778054862843,0.0,4900000.0,0.0,0.0,5800000.0,34200000,0.0,0.0,7000000.0,0.1745635910224439,5900000.0,0.09725685785536159,300000.0,3900000.0,0.09725685785536159,1400000.0,2500000.0,0.06234413965087282,0.04,0.04,62500000,62500000,,
0,1998-03-31,PENN,,,Q1,33400000,21000000,12400000,0.3712574850299401,0.0,4400000.0,0.0,0.0,2700000.0,29500000,0.0,0.0,5100000.0,0.15269461077844312,3900000.0,0.05688622754491018,200000.0,1900000.0,0.05688622754491018,700000.0,1200000.0,0.03592814371257485,0.02,0.02,60000000,60000000,,
0,1997-12-31,PENN,,,Q4,29900000,18500000,11400000,0.38127090301003347,0.0,4200000.0,0.0,0.0,4200000.0,28200000,0.0,0.0,4200000.0,0.14046822742474915,1700000.0,-0.046822742474916385,-1200000.0,-1400000.0,-0.046822742474916385,-800000.0,-1700000.0,-0.056856187290969896,0.0,0.0,0.0,0.0,,
0,1997-09-30,PENN,,,Q3,29200000,18100000,11100000,0.3801369863013699,0.0,4600000.0,0.0,0.0,2800000.0,26500000,0.0,0.0,4100000.0,0.1404109589041096,2700000.0,0.0410958904109589,-400000.0,1200000.0,0.0410958904109589,500000.0,700000.0,0.023972602739726026,0.0125,0.0125,56000000,56000000,,
0,1997-06-30,PENN,,,Q2,29600000,17900000,11700000,0.3952702702702703,0.0,4200000.0,0.0,0.0,2500000.0,25500000,0.0,0.0,4900000.0,0.16554054054054054,4100000.0,0.11486486486486487,100000.0,3400000.0,0.11486486486486487,1400000.0,2000000.0,0.06756756756756757,0.0325,0.0325,61538462,61538462,,
0,1997-03-31,PENN,,,Q1,22800000,13200000,9600000.0,0.42105263157894735,0.0,3200000.0,0.0,0.0,2000000.0,19200000,0.0,0.0,4300000.0,0.18859649122807018,3600000.0,0.12719298245614036,100000.0,2900000.0,0.12719298245614036,1200000.0,1300000.0,0.05701754385964912,0.0225,0.0225,57777778,57777778,,
0,1996-12-31,PENN,,,Q4,16300000,10000000,6300000.0,0.38650306748466257,0.0,7800000.0,0.0,0.0,0.0,14300000,0.0,0.0,2300000.0,0.1411042944785276,2000000.0,0.1165644171779141,200000.0,1900000.0,0.1165644171779141,800000.0,1100000.0,0.06748466257668712,0.0,0.0,0.0,0.0,,
0,1996-09-30,PENN,,,Q3,15900000,9600000.0,6300000.0,0.39622641509433965,0.0,2200000.0,0.0,0.0,1300000.0,13400000,0.0,0.0,2700000.0,0.16981132075471697,2500000.0,0.1509433962264151,100000.0,2400000.0,0.1509433962264151,1000000.0,1400000.0,0.0880503144654088,0.0275,0.0275,50909091,50909091,,
0,1996-06-30,PENN,,,Q2,16000000,9500000.0,6500000.0,0.40625,0.0,2100000.0,0.0,0.0,1400000.0,13300000,0.0,0.0,2900000.0,0.18125,2700000.0,0.18125,100000.0,2900000.0,0.18125,1200000.0,1700000.0,0.10625,0.0325,0.0325,52307692,52307692,,
