,date,symbol,fillingDate,acceptedDate,period,revenue,costOfRevenue,grossProfit,grossProfitRatio,researchAndDevelopmentExpenses,generalAndAdministrativeExpenses,sellingAndMarketingExpenses,otherExpenses,operatingExpenses,costAndExpenses,interestExpense,depreciationAndAmortization,ebitda,ebitdaratio,operatingIncome,operatingIncomeRatio,totalOtherIncomeExpensesNet,incomeBeforeTax,incomeBeforeTaxRatio,incomeTaxExpense,netIncome,netIncomeRatio,eps,epsdiluted,weightedAverageShsOut,weightedAverageShsOutDil,link,finalLink
0,2019-09-30,BID,2019-11-12 00:00:00,2019-11-12 11:34:56,Q3,92934000,7425000.0,85509000,0.9201045903544451,0.0,44612000,7008000.0,0.0,51620000,59045000,12708000,7980000.0,-55915000,-0.6016635461725526,-63895000,-0.6875309359330277,0.0,-75037000,-0.8074224718617513,-21144000,-56274000,-0.6055265026793208,-1208.86769,-1208.86769,46551.0,46551.0,https://www.sec.gov/Archives/edgar/data/823094/000082309419000050/0000823094-19-000050-index.html,https://www.sec.gov/Archives/edgar/data/823094/000082309419000050/bid9302019-10q.htm
0,2019-06-30,BID,2019-07-30 00:00:00,2019-07-30 16:21:58,Q2,361778000,105637000,256141000,0.7080060147383201,0.0,47267000,6546000.0,219924000,267191000,372828000,13604000,16838000,111425000,0.307992746933,94587000,0.261450392229,0.0,63224000,0.174759106413,26808000,57006000,0.157571770533,1.21091,1.21091,46518000,47077000,https://www.sec.gov/Archives/edgar/data/823094/000082309419000029/0000823094-19-000029-index.html,https://www.sec.gov/Archives/edgar/data/823094/000082309419000029/bid6302019-10q.htm
0,2019-03-31,BID,2019-05-02 00:00:00,2019-05-02 07:23:48,Q1,173465000,7166000.0,166299000,0.9586890727236042,0.0,47842000,5908000.0,129194000,177036000,177036000,13151000,8063000.0,4492000.0,0.0258957138328,-3571000.0,-0.020586285417807628,0.0,-7075000.0,-0.04078632577176952,-5986000.0,-7075000.0,-0.04078632577176952,-0.15241,-0.15241,46518000,46422000,https://www.sec.gov/Archives/edgar/data/823094/000162828019005623/0001628280-19-005623-index.html,https://www.sec.gov/Archives/edgar/data/823094/000162828019005623/bid3312019-10q_xbrl.htm
0,2018-12-31,BID,2019-02-28 00:00:00,2019-02-28 07:24:32,Q4,375147000,70147000,305000000,0.813014631597747,0.0,48585000,7075000.0,205287000,253872000,324019000,11693000,7316000.0,128591000,0.342774965547,121275000,0.323273276875,0.0,107343000,0.286135834753,21709000,85712000,0.228475770831,1.67152,1.67152,50872000,51278000,https://www.sec.gov/Archives/edgar/data/823094/000082309419000011/0000823094-19-000011-index.html,https://www.sec.gov/Archives/edgar/data/823094/000082309419000011/bid1231201810k_xbrl2018.htm
0,2018-09-30,BID,2018-11-01 00:00:00,2018-11-01 07:51:17,Q3,119161000,55935000,63226000,0.5305930631666401,0.0,42291000,16822000,107537000,149828000,205763000,10084000,6148000.0,-24519000,-0.20576363071810408,-30667000,-0.25735769253363094,0.0,-37077000,-0.31115046030160876,-7759000.0,-31358000,-0.26315656968303386,-0.60262,-0.60262,51724000,52036000,https://www.sec.gov/Archives/edgar/data/823094/000082309418000050/0000823094-18-000050-index.html,https://www.sec.gov/Archives/edgar/data/823094/000082309418000050/bid9302018-10q_xbrl.htm
0,2018-06-30,BID,2018-08-06 00:00:00,2018-08-06 07:32:18,Q2,345636000,42414000,303222000,0.8772870881505399,0.0,45671000,-5722000.0,216139000,261810000,304224000,8894000.0,7769000.0,91595000,0.265004224097,83826000,0.242526820123,0.0,73881000,0.213753775648,17838000,57282000,0.165729264313,1.09127,1.09127,52122000,52491000,https://www.sec.gov/Archives/edgar/data/823094/000082309418000034/0000823094-18-000034-index.html,https://www.sec.gov/Archives/edgar/data/823094/000082309418000034/bid6302018-10q_xbrl.htm
0,2018-03-31,BID,2018-05-03 00:00:00,2018-05-03 16:14:20,Q1,195796000,15995000,179801000,0.9183078305991951,0.0,43813000,5722000.0,145072000,188885000,204880000,9313000.0,7551000.0,14462000,0.0738625916771,6911000.0,0.0352969417148,0.0,-6526000.0,-0.03333060940979387,-4136000.0,-6526000.0,-0.03333060940979387,-0.12439,-0.12439,52122000,52464000,https://www.sec.gov/Archives/edgar/data/823094/000082309418000022/0000823094-18-000022-index.html,https://www.sec.gov/Archives/edgar/data/823094/000082309418000022/bid3312018-10q_xbrl.htm
0,2017-12-31,BID,2018-03-01 00:00:00,2018-03-01 07:43:00,Q4,315560000,12234000,303326000,0.9612308277348206,0.0,48154000,7582000.0,159831000,207985000,117731000,9046000.0,7736000.0,115311000,0.36541703638,107575000,0.340901888706,0.0,98797000,0.313084674864,22567000,76709000,0.243088477627,1.44459,1.44459,52684000,53101000,https://www.sec.gov/Archives/edgar/data/823094/000082309418000011/0000823094-18-000011-index.html,https://www.sec.gov/Archives/edgar/data/823094/000082309418000011/bid1231201710k_xbrl2017.htm
0,2017-09-30,BID,2017-11-03 00:00:00,2017-11-03 07:33:11,Q3,171394000,78734000,92660000,0.5406256928480577,0.0,42483000,5933000.0,168695000,211178000,289912000,8067000.0,6120000.0,-33664000,-0.19641294327689418,-39784000,-0.2321201442290862,0.0,-45715000,-0.2667246227989311,-21328000,-25520000,-0.14889669416665693,-0.47985,-0.47985,52755000,53183000,https://www.sec.gov/Archives/edgar/data/823094/000082309417000056/0000823094-17-000056-index.html,https://www.sec.gov/Archives/edgar/data/823094/000082309417000056/bid9302017-10q_xbrl2017.htm
0,2017-06-30,BID,2017-08-03 00:00:00,2017-08-03 07:08:12,Q2,314898000,22255000,292643000,0.929326321539038,0.0,43362000,5951000.0,156138000,199500000,221755000,7572000.0,6089000.0,121487000,0.385797940921,115398000,0.366461520873,0.0,107894000,0.34263158229,31468000,76891000,0.244177479692,1.44147,1.44147,52866000,53342000,https://www.sec.gov/Archives/edgar/data/823094/000082309417000042/0000823094-17-000042-index.html,https://www.sec.gov/Archives/edgar/data/823094/000082309417000042/bid6302017-10q_xbrl2017.htm
0,2017-03-31,BID,2017-05-10 00:00:00,2017-05-10 07:55:41,Q1,187537000,71407000,116130000,0.619237803740062,0.0,38951000,5911000.0,161440000,200391000,271798000,7533000.0,5798000.0,6638000.0,0.03539568191876803,840000.0,0.004479116121085439,0.0,-11331000,-0.060420077104784656,-7292000.0,-11331000,-0.060420077104784656,-0.21373,-0.21373,52866000,53016000,https://www.sec.gov/Archives/edgar/data/823094/000082309417000023/0000823094-17-000023-index.html,https://www.sec.gov/Archives/edgar/data/823094/000082309417000023/bid03312017-10q_xbrl2017.htm
0,2016-12-31,BID,2017-02-27 00:00:00,2017-02-27 08:08:09,Q4,308689000,25589000,283100000,0.9171042699934238,0.0,45416000,6175000.0,171877000,217293000,242882000,7577000.0,6017000.0,97413000,0.315570039749,91396000,0.296077929567,2080000.0,86227000,0.279332920836,22163000,65502000,0.212194150099,1.13614,1.13614,57024000,57653000,https://www.sec.gov/Archives/edgar/data/823094/000082309417000009/0000823094-17-000009-index.html,https://www.sec.gov/Archives/edgar/data/823094/000082309417000009/bid1231201610k_xbrl2016.htm
0,2016-09-30,BID,2016-11-07 00:00:00,2016-11-07 07:05:57,Q3,91492000,29616000,61876000,0.6762995671752722,0.0,39355000,4099000.0,119011000,158366000,187982000,7549000.0,5838000.0,-61036000,-0.6671184365846194,-66874000,-0.730927294189656,633000.0,-73495000,-0.8032942770952651,-17775000,-56307000,-0.6154308573427185,-0.95476,-0.95476,58379000,58975000,https://www.sec.gov/Archives/edgar/data/823094/000082309416000118/0000823094-16-000118-index.html,https://www.sec.gov/Archives/edgar/data/823094/000082309416000118/bid09302016-10q_xbrl2016.htm
0,2016-06-30,BID,2016-08-08,2016-08-08 08:05:02,Q2,298665000,7381000.0,291284000,0.9752866924480605,0.0,40909000,4408000.0,127673000,168582000,175963000,7638000.0,5904000.0,135987000,0.455316156898,130083000,0.435548189443,374000.0,123094000,0.412147389215,34355000,88964000,0.297872197948,1.46607,1.46607,60063000,60682000,https://www.sec.gov/Archives/edgar/data/823094/000082309416000105/0000823094-16-000105-index.htm,https://www.sec.gov/Archives/edgar/data/823094/000082309416000105/bid06302016-10q_xbrl2015.htm
0,2016-03-31,BID,2016-05-09 00:00:00,2016-05-09 08:04:19,Q1,106531000,10738000,95793000,0.8992030488777915,0.0,35676000,5013000.0,102844000,138520000,149258000,7546000.0,5677000.0,-26312000,-0.24698913931156188,-31989000,-0.3002787920886878,47000.0,-39092000,-0.3669542198984333,-12786000,-26306000,-0.24693281767748354,-0.41741,-0.41741,63022000,63022000,https://www.sec.gov/Archives/edgar/data/823094/000082309416000093/0000823094-16-000093-index.html,https://www.sec.gov/Archives/edgar/data/823094/000082309416000093/bid03312016-10q_xbrl2015.htm
0,2015-12-31,BID,2016-02-26 00:00:00,2016-02-26 10:00:25,Q4,335821000,19539000,316282000,0.9418172181013099,0.0,41564000,6757000.0,205691000,247255000,266794000,7572000.0,5037000.0,93603000,0.278728846618,88566000,0.263729784617,2377000.0,83909000,0.249862277821,94510000,-5274000.0,-0.01570479511406374,-0.07672,-0.07672,68121000,68744000,https://www.sec.gov/Archives/edgar/data/823094/000082309416000080/0000823094-16-000080-index.html,https://www.sec.gov/Archives/edgar/data/823094/000082309416000080/bid1231201510k_xbrl2015.htm
0,2015-09-30,BID,2015-11-09 00:00:00,2015-11-09 13:40:53,Q3,137992000,43678000,94314000,0.6834744043132935,0.0,38124000,3767000.0,121575000,159699000,203377000,7438000.0,4881000.0,-16826000,-0.12193460490463215,-21707000,-0.15730622065047248,-2116000.0,-30782000,-0.22307090266102383,-10078000,-23830000,-0.17269117050263783,-0.34358,-0.34358,68789000,69358000,https://www.sec.gov/Archives/edgar/data/823094/000082309415000058/0000823094-15-000058-index.html,https://www.sec.gov/Archives/edgar/data/823094/000082309415000058/bid-09302015x10q_xbrl.htm
0,2015-06-30,BID,2015-08-07 00:00:00,2015-08-07 10:20:50,Q2,332006000,16863000,315143000,0.9492087492394716,0.0,44731000,4748000.0,170817000,215548000,232411000,9074000.0,5672000.0,122130000,0.367854797805,116458000,0.350770769203,-1714000.0,108259000,0.326075432372,42789000,67572000,0.203526442293,0.96816,0.96816,69211000,69794000,https://www.sec.gov/Archives/edgar/data/823094/000082309415000044/0000823094-15-000044-index.html,https://www.sec.gov/Archives/edgar/data/823094/000082309415000044/bid-06302015x10q_xbrl.htm
0,2015-03-31,BID,2015-05-11 00:00:00,2015-05-11 10:59:05,Q1,155675000,11839000,143836000,0.9239505379797656,0.0,34729000,4060000.0,102542000,137271000,149110000,8661000.0,5673000.0,24077000,0.154661955998,18404000,0.118220651999,0.0,7913000.0,0.0508302553396,3924000.0,5202000.0,0.0334157700337,0.07463,0.07463,69090000,69705000,https://www.sec.gov/Archives/edgar/data/823094/000082309415000025/0000823094-15-000025-index.html,https://www.sec.gov/Archives/edgar/data/823094/000082309415000025/bid-03312015x10q_xbrl.htm
0,2014-12-31,BID,2015-03-02,2015-03-02 09:37:55,Q4,351224000,38468000,312756000,0.89047445504863,0.0,45456000,5793000.0,176777000,222233000,260701000,8881000.0,6096000.0,135087000,0.384617793773,128991000,0.367261348883,-407000.0,120147000,0.3420808373,46259000,74003000,0.21070029383,1.06317,1.06317,69016000,69606000,https://www.sec.gov/Archives/edgar/data/823094/000082309415000013/0000823094-15-000013-index.htm,https://www.sec.gov/Archives/edgar/data/823094/000082309415000013/bid-12312014x10k.htm
0,2014-09-30,BID,2014-11-10 00:00:00,2014-11-10 12:05:01,Q3,94201000,6002000.0,88199000,0.9362851774397299,0.0,37798000,3076000.0,93872000,131670000,137672000,8757000.0,6048000.0,-31421000,-0.33355272237025085,-37469000,-0.39775586246430505,1438000.0,-44167000,-0.46885914162270037,-16173000,-28378000,-0.3012494559505738,-0.40789,-0.40789,69024000,69572000,https://www.sec.gov/Archives/edgar/data/823094/000082309414000056/0000823094-14-000056-index.html,https://www.sec.gov/Archives/edgar/data/823094/000082309414000056/bid-09302014x10q_xbrl.htm
0,2014-06-30,BID,2014-08-08 00:00:00,2014-08-08 10:22:39,Q2,335817000,31617000,304200000,0.9058505078658913,0.0,38210000,4564000.0,167176000,205386000,237003000,8768000.0,5957000.0,136388000,0.406137866755,130431000,0.388399038762,694000.0,122759000,0.36555326264,45344000,77632000,0.231173526057,1.1151,1.1151,69041000,69619000,https://www.sec.gov/Archives/edgar/data/823094/000082309414000040/0000823094-14-000040-index.html,https://www.sec.gov/Archives/edgar/data/823094/000082309414000040/bid-06302014x10q.htm
0,2014-03-31,BID,2014-05-07 00:00:00,2014-05-07 10:02:53,Q1,156811000,10437000,146374000,0.9334421692355765,0.0,37332000,3133000.0,115388000,152720000,163157000,8783000.0,6038000.0,10129000,0.0645936828411,4091000.0,0.0260887310201,-1442000.0,-5564000.0,-0.03548220469227286,331000.0,-5895000.0,-0.03759302599945157,-0.08526,-0.08526,69143000,69143000,https://www.sec.gov/Archives/edgar/data/823094/000082309414000023/0000823094-14-000023-index.html,https://www.sec.gov/Archives/edgar/data/823094/000082309414000023/bid-03312014x10q.htm
0,2013-12-31,BID,2014-02-27,2014-02-27 16:32:42,Q4,339201000,37606000,301595000,0.8891335815637336,0.0,47872000,6884000.0,146394000,194266000,231872000,9148000.0,6084000.0,151019000,0.445219795932,144935000,0.427283528056,516000.0,136873000,0.403515909446,46089000,90753000,0.267549329159,1.31193,1.31193,68374000,69175000,https://www.sec.gov/Archives/edgar/data/823094/000082309414000008/0000823094-14-000008-index.htm,https://www.sec.gov/Archives/edgar/data/823094/000082309414000008/bid-12312013x10k.htm
0,2013-09-30,BID,2013-11-12 00:00:00,2013-11-12 09:02:12,Q3,107864000,7279000.0,100585000,0.9325168730994586,0.0,40576000,5057000.0,101649000,142225000,149504000,8912000.0,5816000.0,-7251000.0,-0.06722354075502485,-13067000,-0.12114329155232514,982000.0,-41860000,-0.3880812875472818,-11698000,-30150000,-0.27951865311874213,-0.43723,-0.43723,68206000,68957000,https://www.sec.gov/Archives/edgar/data/823094/000082309413000042/0000823094-13-000042-index.html,https://www.sec.gov/Archives/edgar/data/823094/000082309413000042/bid-09302013x10q.htm
0,2013-06-30,BID,2013-08-06 00:00:00,2013-08-06 16:12:39,Q2,304868000,31260000,273608000,0.8974638204075206,0.0,44371000,5859000.0,127183000,171554000,202814000,12137000,7447000.0,140761000,0.461711298004,133314000,0.437284332892,-168000.0,122450000,0.401649238359,30707000,91729000,0.300881037039,1.3296,1.3296,68129000,68990000,https://www.sec.gov/Archives/edgar/data/823094/000082309413000025/0000823094-13-000025-index.html,https://www.sec.gov/Archives/edgar/data/823094/000082309413000025/bid-06302013x10q.htm
0,2013-03-31,BID,2013-05-09 00:00:00,2013-05-09 16:41:22,Q1,101745000,8449000.0,93296000,0.9169590643274854,0.0,44011000,4687000.0,79047000,123058000,131507000,12515000,7449000.0,-14896000,-0.14640522875816994,-22345000,-0.21961767163005552,1699000.0,-22345000,-0.21961767163005552,-9396000.0,-22345000,-0.21961767163005552,-0.32884,-0.32884,68129000,67951000,https://www.sec.gov/Archives/edgar/data/823094/000082309413000014/0000823094-13-000014-index.html,https://www.sec.gov/Archives/edgar/data/823094/000082309413000014/bid-03312013x10q.htm
0,2012-12-31,BID,2013-02-28 00:00:00,2013-02-28 16:16:40,Q4,291123000,26741000,264382000,0.9081453543691155,0.0,41467000,5349000.0,125007000,166474000,193215000,13747000,7615000.0,132264000,0.454323430303,124649000,0.428166101613,525000.0,111975000,0.384631238343,30821000,66091000,0.227020881208,0.96445,0.96445,67691000,68527000,https://www.sec.gov/Archives/edgar/data/823094/000082309413000005/0000823094-13-000005-index.html,https://www.sec.gov/Archives/edgar/data/823094/000082309413000005/bid-12312012x10k.htm
0,2012-09-30,BID,2012-11-08 00:00:00,2012-11-08 16:16:56,Q3,68461000,4225000.0,64236000,0.9382860314631688,0.0,37980000,3500000.0,68390000,106370000,110595000,10390000,7586000.0,-30323000,-0.44292370838871764,-37909000,-0.5537313214823038,1596000.0,-46423000,-0.6780940973693051,-13841000,-32759000,-0.4785060107214326,-0.47828,-0.47828,67661000,68494000,https://www.sec.gov/Archives/edgar/data/823094/000082309412000020/0000823094-12-000020-index.html,https://www.sec.gov/Archives/edgar/data/823094/000082309412000020/bid-09302012x10q.htm
0,2012-06-30,BID,2012-08-07 00:00:00,2012-08-07 16:26:55,Q2,303949000,27308000,276641000,0.9101559801150851,0.0,39854000,4611000.0,127710000,167564000,194872000,10184000,7190000.0,143575000,0.472365429727,136385000,0.448710145452,-947000.0,125423000,0.412644884504,39993000,85430000,0.281066889511,1.24668,1.24668,67605000,68526000,https://www.sec.gov/Archives/edgar/data/823094/000082309412000006/0000823094-12-000006-index.html,https://www.sec.gov/Archives/edgar/data/823094/000082309412000006/bid-06302012x10q.htm
0,2012-03-31,BID,2012-05-10 00:00:00,2012-05-10 16:08:06,Q1,104959000,7391000.0,97568000,0.9295820272677903,0.0,38919000,4397000.0,74746000,113665000,121056000,10108000,7040000.0,-1666000.0,-0.01587286464238417,-8706000.0,-0.08294667441572423,1742000.0,-16463000,-0.15685172305376385,-5578000.0,-10885000,-0.10370716184414867,-0.16136,-0.16136,67457000,67457000,https://www.sec.gov/Archives/edgar/data/823094/000144530512001672/0001445305-12-001672-index.html,https://www.sec.gov/Archives/edgar/data/823094/000144530512001672/bid-03312012x10q.htm
0,2011-12-31,BID,2012-02-29 00:00:00,2012-02-29 16:01:54,Q4,284249000,29212000,255037000,0.8972309489215441,0.0,50309000,4420000.0,116602000,166911000,196123000,10221000,7582000.0,124920000,0.439473841597,117338000,0.412800045031,398000.0,109486000,0.38517637705,36401000,71480000,0.251469662162,1.0382,1.0382,67282000,68850000,https://www.sec.gov/Archives/edgar/data/823094/000144530512000536/0001445305-12-000536-index.html,https://www.sec.gov/Archives/edgar/data/823094/000144530512000536/bid-12312011x10k.htm
0,2011-09-30,BID,2011-11-09 00:00:00,2011-11-08 18:48:38,Q3,58210000,5083000.0,53127000,0.9126782339804157,0.0,37404000,2803000.0,66291000,103695000,108778000,10330000,7201000.0,-38284000,-0.6576876825287751,-45485000,-0.7813949493214224,-1455000.0,-57900000,-0.994674454561072,-28206000,-29747000,-0.5110290328122316,-0.43065,-0.43065,67263000,69075000,https://www.sec.gov/Archives/edgar/data/823094/000119312511302594/0001193125-11-302594-index.html,https://www.sec.gov/Archives/edgar/data/823094/000119312511302594/d234298d10q.htm
0,2011-06-30,BID,2011-08-04 00:00:00,2011-08-04 12:44:29,Q2,369795000,26293000,343502000,0.9288984437323382,0.0,40216000,3296000.0,140914000,181130000,207423000,10559000,7228000.0,195893000,0.529734041834,188665000,0.510188077178,-396000.0,177888000,0.481044903257,50806000,127234000,0.344066307008,1.83726,1.83726,67188000,69252000,https://www.sec.gov/Archives/edgar/data/823094/000119312511209835/0001193125-11-209835-index.html,https://www.sec.gov/Archives/edgar/data/823094/000119312511209835/d10q.htm
0,2011-03-31,BID,2011-05-09 00:00:00,2011-05-09 16:57:00,Q1,119582000,8919000.0,110663000,0.9254151962669968,0.0,33168000,4540000.0,75461000,108629000,117548000,10388000,6952000.0,17905000,0.149729892459,10953000,0.0915940526166,396000.0,3551000.0,0.0296951046144,1031000.0,2421000.0,0.0202455219013,0.03508,0.03508,66968000,69007000,https://www.sec.gov/Archives/edgar/data/823094/000093041311003787/0000930413-11-003787-index.html,https://www.sec.gov/Archives/edgar/data/823094/000093041311003787/c65590_10-q.htm
0,2010-12-31,BID,2011-02-28,2011-02-28 16:39:21,Q4,317960000,28362000,289598000,0.9108001006415901,0.0,39224000,3471000.0,2952000.0,42695000,44279000,11643000,7017000.0,162542000,0.511202667002,155525000,0.489133853315,1708000.0,139911000,0.440027047427,43889000,96249000,0.302707887785,1.39477,1.39477,66968000,69007000,https://www.sec.gov/Archives/edgar/data/823094/000093041311001466/0000930413-11-001466-index.htm,https://www.sec.gov/Archives/edgar/data/823094/000093041311001466/c64450_10-k.htm
0,2010-09-30,BID,2010-11-08 00:00:00,2010-11-05 21:29:11,Q3,73060000,4548000.0,68512000,0.9377497946892964,0.0,29723000,2520000.0,72484000,102207000,106755000,11840000,6649000.0,-22498000,-0.30793868053654533,-29147000,-0.3989460717218724,1244000.0,-38482000,-0.5267177662195456,-18948000,-19778000,-0.27070900629619493,-0.29508,-0.29508,66238000,67025000,https://www.sec.gov/Archives/edgar/data/823094/000093041310005472/0000930413-10-005472-index.html,https://www.sec.gov/Archives/edgar/data/823094/000093041310005472/c63231_10q.htm
0,2010-06-30,BID,2010-08-05 00:00:00,2010-08-05 16:14:37,Q2,281410000,6527000.0,274883000,0.9768060836501901,0.0,32376000,3251000.0,149781000,113250000,42154000,10894000,-15608000,144454000,0.44102199637539535,160062000,0.4964855548843325,-61000.0,136592000,0.4334352013077005,30571000,38682000,0.2909811307345155,0.57758,0.57758,66167000,66972000,https://www.sec.gov/Archives/edgar/data/823094/000093041310004281/0000930413-10-004281-index.html,https://www.sec.gov/Archives/edgar/data/823094/000093041310004281/c62395_10-q.htm
0,2010-03-31,BID,2010-05-06 00:00:00,2010-05-06 13:07:00,Q1,101879000,1788000.0,100091000,0.9824497688434319,0.0,31243000,2965000.0,61000.0,34208000,35996000,11619000,4371000.0,12275000,0.12048606680473896,7904000.0,0.0775822299001757,61000.0,2177000.0,0.02136848614532926,0.0,2177000.0,0.02136848614532926,0.03299,0.03299,65995000,65995000,https://www.sec.gov/Archives/edgar/data/823094/000093041310002738/0000930413-10-002738-index.html,https://www.sec.gov/Archives/edgar/data/823094/000093041310002738/c61457_10-q.htm
0,2009-12-31,BID,2010-03-01 00:00:00,2010-03-01 11:10:13,Q4,218283000,3029000.0,215254000,0.9861235185516051,0.0,33964000,2863000.0,4733000.0,36827000,39856000,11522000,-15926000,82990000,0.3801945181255526,98916000,0.45315484943857287,4733000.0,93473000,0.42821932995240125,19927000,73546000,0.33692958223956976,-3.2605,-3.2605,-22556666,-22556666,https://www.sec.gov/Archives/edgar/data/823094/000093041310001151/0000930413-10-001151-index.html,https://www.sec.gov/Archives/edgar/data/823094/000093041310001151/c60513_10-k.htm
0,2009-09-30,BID,2009-11-05 00:00:00,2009-11-05 17:11:56,Q3,44926000,981000.0,43945000,0.9781640920625028,0.0,28582000,1711000.0,5684000.0,30293000,31274000,11601000,5467000.0,-32824000,-0.7306236922939946,-38291000,-0.852312691982371,590000.0,-47098000,-1.04834616925611,10813000,-58002000,-1.2910564038641321,-890.25663,-890.25663,65152.0,65152.0,https://www.sec.gov/Archives/edgar/data/823094/000093041309005602/0000930413-09-005602-index.html,https://www.sec.gov/Archives/edgar/data/823094/000093041309005602/c59247_10q.htm
0,2009-06-30,BID,2009-08-05 00:00:00,2009-08-05 17:09:07,Q2,167321000,11840000,155481000,0.9292378123487189,0.0,30372000,3054000.0,-2707000.0,33426000,45266000,11431000,5087000.0,32088000,0.1917750909927624,27001000,0.16137245175441217,2387000.0,3512000.0,0.02098959485061648,-8578000.0,12181000,0.07280018646792692,187.17251,187.17251,65079.0,65079.0,https://www.sec.gov/Archives/edgar/data/823094/000093041309004051/0000930413-09-004051-index.html,https://www.sec.gov/Archives/edgar/data/823094/000093041309004051/c58423_10-q.htm
0,2009-03-31,BID,2009-05-08 00:00:00,2009-05-07 17:56:06,Q1,54428000,8666000.0,45762000,0.8407804806349672,0.0,30432000,2913000.0,-2387000.0,33345000,42011000,11154000,5372000.0,-29120000,-0.5350187403542295,-34492000,-0.6337179392959507,-2387000.0,-34492000,-0.6337179392959507,0.0,-34492000,-0.6337179392959507,-0.5311,-0.5311,64945000,64945000,https://www.sec.gov/Archives/edgar/data/823094/000093041309002535/0000930413-09-002535-index.html,https://www.sec.gov/Archives/edgar/data/823094/000093041309002535/c57505_10q.htm
0,2008-12-31,BID,2009-02-27 00:00:00,2009-02-26 19:44:53,Q4,166164000,6777000.0,159387000,0.95921499241713,0.0,44968000,4727000.0,-1557000.0,49695000,56472000,11115000,6311000.0,5615000.0,0.033791916419922484,-696000.0,-0.004188632916877302,-1557000.0,-4322000.0,-0.026010447509689224,4287000.0,-6470000.0,-0.03893743530487952,-0.1007,-0.1007,64247727,64247727,https://www.sec.gov/Archives/edgar/data/823094/000093041309001049/0000930413-09-001049-index.html,https://www.sec.gov/Archives/edgar/data/823094/000093041309001049/c56633_10k.htm
0,2008-09-30,BID,2008-11-10 00:00:00,2008-11-07 18:16:32,Q3,75973000,14604000,61369000,0.8077738143814249,0.0,41244000,3989000.0,-228000.0,45233000,59837000,10315000,6317000.0,-51031000,-0.6716991562792044,-57348000,-0.7548471167388414,-228000.0,-68753000,-0.9049662380056073,-20553000,-48200000,-0.6344359180235084,-0.73378,-0.73378,64593000,65687000,https://www.sec.gov/Archives/edgar/data/823094/000093041308006546/0000930413-08-006546-index.html,https://www.sec.gov/Archives/edgar/data/823094/000093041308006546/c55546_10-q.htm
0,2008-06-30,BID,2008-08-06 00:00:00,2008-08-06 16:38:28,Q2,320161000,24679000,295482000,0.9229169074309488,0.0,44328000,5597000.0,-1171000.0,49925000,74604000,8002000.0,6005000.0,156877000,0.4899940967200877,150872000,0.4712379084273225,-3794000.0,142677000,0.4456414116647562,46106000,96571000,0.3016326160900297,1.46999,1.46999,64529000,65695000,https://www.sec.gov/Archives/edgar/data/823094/000093041308004687/0000930413-08-004687-index.html,https://www.sec.gov/Archives/edgar/data/823094/000093041308004687/c54472_10q.htm
0,2008-03-31,BID,2008-05-09 00:00:00,2008-05-09 14:31:13,Q1,129261000,15918000,113343000,0.8768538074129087,0.0,45464000,5349000.0,0.0,50813000,66731000,7250000.0,6212000.0,-12198000,-0.09436721052753731,-18410000,-0.14242501605279242,2623000.0,-21125000,-0.16342903118496685,-7493000.0,-13632000,-0.10546104393436535,-0.21169,-0.21169,64395000,64395000,https://www.sec.gov/Archives/edgar/data/823094/000093041308002972/0000930413-08-002972-index.html,https://www.sec.gov/Archives/edgar/data/823094/000093041308002972/c53471_10-q.htm
0,2007-12-31,BID,2008-02-27,2008-02-27 13:51:47,Q4,345757000,15035000,330722000,0.9565157032250974,0.0,43257000,19792000,-994000.0,63049000,78084000,7142000.0,5806000.0,147396000,0.4262993952400096,141590000,0.4095072550953415,-994000.0,137666000,0.39815824408471845,35505000,104793000,0.30308280092666234,1.64216,1.64216,63814071,63814071,https://www.sec.gov/Archives/edgar/data/823094/000093041308001227/0000930413-08-001227-index.htm,https://www.sec.gov/Archives/edgar/data/823094/000093041308001227/c52455_10k.htm
0,2007-09-30,BID,2007-11-09 00:00:00,2007-11-09 14:03:21,Q3,85059000,8594000.0,76465000,0.8989642483452662,0.0,40492000,0.0,667000.0,40492000,49086000,6812000.0,5501000.0,-30510000,-0.35869220188339856,-36011000,-0.42336495844061184,667000.0,-38606000,-0.45387319390070424,-17021000,-23334000,-0.2743272316862413,-0.35646,-0.35646,63627000,65461000,https://www.sec.gov/Archives/edgar/data/823094/000093041307008555/0000930413-07-008555-index.html,https://www.sec.gov/Archives/edgar/data/823094/000093041307008555/c51063_10q.htm
0,2007-06-30,BID,2007-08-09 00:00:00,2007-08-08 19:00:41,Q2,339507000,17167000,322340000,0.9494355050116787,0.0,44243000,0.0,1730000.0,44243000,61410000,7133000.0,5312000.0,162771000,0.4794334137440465,157459000,0.46378719731846474,51000.0,154348000,0.4546239105526543,48042000,107346000,0.31618199330205266,1.64341,1.64341,63453000,65319000,https://www.sec.gov/Archives/edgar/data/823094/000093041307006542/0000930413-07-006542-index.html,https://www.sec.gov/Archives/edgar/data/823094/000093041307006542/c49715_10q.htm
0,2007-03-31,BID,2007-05-08 00:00:00,2007-05-08 12:50:05,Q1,147399000,8365000.0,139034000,0.9432492757752766,0.0,38547000,0.0,0.0,38547000,46912000,7535000.0,5482000.0,18226000,0.12365077103643851,12744000,0.08645920257260904,1679000.0,29611000,0.2008901010183244,5986000.0,24334000,0.16508931539562682,0.37392,0.37392,63152000,65078000,https://www.sec.gov/Archives/edgar/data/823094/000093041307004206/0000930413-07-004206-index.html,https://www.sec.gov/Archives/edgar/data/823094/000093041307004206/c48331_10-q.htm
0,2006-12-31,BID,2007-03-01,2007-03-01 12:21:15,Q4,263115000,6060000.0,257055000,0.9769682458240693,0.0,40908000,0.0,-2186000.0,40908000,46968000,7988000.0,6748000.0,122139000,0.4642038652300325,115391000,0.4385572848374285,-2186000.0,108315000,0.4116641012485035,60050000,49581000,0.18843851547802293,0.82443,0.82443,60139887,60139887,https://www.sec.gov/Archives/edgar/data/823094/000093041307001853/0000930413-07-001853-index.htm,https://www.sec.gov/Archives/edgar/data/823094/000093041307001853/c46683_10k.htm
0,2006-09-30,BID,2006-11-09,2006-11-09 15:05:58,Q3,57380000,0.0,57380000,1.0,0.0,34162000,0.0,-1471000.0,34162000,34162000,8151000.0,5372000.0,18696000,0.3258278145695364,13324000,0.23220634367375392,-2041000.0,-46680000,-0.8135238759149529,-36214000,-10002000,-0.17431160683164865,-0.16299,-0.16299,59564000,61367000,https://www.sec.gov/Archives/edgar/data/823094/000095011706004616/0000950117-06-004616-index.htm,https://www.sec.gov/Archives/edgar/data/823094/000095011706004616/a45104.htm
0,2006-06-30,BID,2006-08-03,2006-08-03 15:21:49,Q2,248310000,0.0,248310000,1.0,0.0,31179000,0.0,-570000.0,31179000,31179000,8370000.0,5293000.0,71983000,0.2898916676734727,66690000,0.2685755708590069,-246000.0,104263000,0.41989045950626236,36255000,71447000,0.28773307559099515,1.18641,1.18641,58437000,60221000,https://www.sec.gov/Archives/edgar/data/823094/000095011706003316/0000950117-06-003316-index.htm,https://www.sec.gov/Archives/edgar/data/823094/000095011706003316/a42453.htm
0,2006-03-31,BID,2006-05-09,2006-05-08 21:45:16,Q1,96004000,0.0,96004000,1.0,0.0,32029000,0.0,0.0,32029000,32029000,8530000.0,5370000.0,7123000.0,0.07419482521561602,1753000.0,0.018259655847673015,246000.0,-115000.0,-0.001197866755551852,-41000.0,-3977000.0,-0.041425357276780136,-0.06963,-0.06963,57119000,57119000,https://www.sec.gov/Archives/edgar/data/823094/000095011706002122/0000950117-06-002122-index.htm,https://www.sec.gov/Archives/edgar/data/823094/000095011706002122/a41955.htm
0,2005-12-31,BID,2006-03-16,2006-03-16 12:18:46,Q4,204826000,0.0,204826000,1.0,0.0,29644000,0.0,-1377000.0,29644000,29644000,8923000.0,5395000.0,89491000,0.4369123060548954,84096000,0.41057287649028934,-1377000.0,74853000,0.3654467694530968,23421000,50694000,0.2474978762461797,0.85584,0.85584,59232692,59232692,https://www.sec.gov/Archives/edgar/data/823094/000095011706001222/0000950117-06-001222-index.htm,https://www.sec.gov/Archives/edgar/data/823094/000095011706001222/a41489.htm
0,2005-09-30,BID,2005-11-07,2005-11-07 17:24:01,Q3,56399000,0.0,56399000,1.0,0.0,27447000,0.0,121000.0,27447000,27447000,8356000.0,5466000.0,-16676000,-0.29567900140073405,-22142000,-0.3925956133974007,121000.0,-32063000,-0.5685029876416249,-10714000,-21348000,-0.3785173495983971,-0.33706,-0.33706,62184000,63336000,https://www.sec.gov/Archives/edgar/data/823094/000095011705004198/0000950117-05-004198-index.htm,https://www.sec.gov/Archives/edgar/data/823094/000095011705004198/a40744.htm
0,2005-06-30,BID,2005-08-08,2005-08-08 16:27:47,Q2,178256000,0.0,178256000,1.0,0.0,30584000,0.0,-214000.0,30584000,30584000,8000000.0,5568000.0,75359000,0.42275715824432275,69791000,0.39152118301768246,-219000.0,63202000,0.3545574903509559,20853000,42348000,0.23756844089399515,0.66289,0.66289,62718000,63884000,https://www.sec.gov/Archives/edgar/data/823094/000095011705003158/0000950117-05-003158-index.htm,https://www.sec.gov/Archives/edgar/data/823094/000095011705003158/a40287.htm
0,2005-03-31,BID,2005-05-10,2005-05-10 16:21:40,Q1,74027000,0.0,74027000,1.0,0.0,27184000,0.0,0.0,27184000,27184000,8142000.0,5646000.0,-2905000.0,-0.039242438569711054,-8551000.0,-0.11551190781741796,5000.0,-15079000,-0.2036959487754468,-4987000.0,-10092000,-0.13632863684871735,-0.16123,-0.16123,62594000,62594000,https://www.sec.gov/Archives/edgar/data/823094/000095011705001863/0000950117-05-001863-index.htm,https://www.sec.gov/Archives/edgar/data/823094/000095011705001863/a39755.htm
0,2004-12-31,BID,2005-03-16,2005-03-16 16:24:28,Q4,177425000,0.0,177425000,1.0,0.0,33180000,0.0,-339000.0,33180000,33180000,8252000.0,6296000.0,69306000,0.39062138931943075,63010000,0.3551359729463153,-78000.0,56304000,0.317339721008877,20878000,60452000,0.3407186134986614,0.7044,0.7044,85820792,85820792,https://www.sec.gov/Archives/edgar/data/823094/000095011705000990/0000950117-05-000990-index.htm,https://www.sec.gov/Archives/edgar/data/823094/000095011705000990/a39405.htm
0,2004-09-30,BID,2004-11-08,2004-11-08 17:27:13,Q3,43336000,0.0,43336000,1.0,0.0,28009000,0.0,-80000.0,28009000,28009000,8494000.0,6024000.0,-27936000,-0.6446372530921174,-33960000,-0.783644083441019,-80000.0,-41979000,-0.9686865423666235,-13869000,-52970000,-1.2223093963448404,-0.84844,-0.84844,61734000,62432000,https://www.sec.gov/Archives/edgar/data/823094/000095011704003836/0000950117-04-003836-index.htm,https://www.sec.gov/Archives/edgar/data/823094/000095011704003836/a38657.htm
0,2004-06-30,BID,2004-08-06,2004-08-06 16:03:09,Q2,169527000,0.0,169527000,1.0,0.0,24046000,0.0,419000.0,24046000,24046000,8395000.0,5604000.0,75564000,0.4457343078093755,69960000,0.4126776265727583,-270000.0,61827000,0.3647029676688669,21021000,42477000,0.2505618574032455,0.68511,0.68511,61000000,62000000,https://www.sec.gov/Archives/edgar/data/823094/000095011704002852/0000950117-04-002852-index.htm,https://www.sec.gov/Archives/edgar/data/823094/000095011704002852/a38149.htm
0,2004-03-31,BID,2004-05-10,2004-05-10 16:02:13,Q1,106432000,0.0,106432000,1.0,0.0,25525000,0.0,0.0,25525000,25525000,8410000.0,5906000.0,33558000,0.3152999098015634,27652000,0.2598090799759471,689000.0,20501000,0.1926206404088996,6970000.0,36720000,0.34500901984365606,0.59226,0.59226,61000000,62000000,https://www.sec.gov/Archives/edgar/data/823094/000095011704001808/0000950117-04-001808-index.htm,https://www.sec.gov/Archives/edgar/data/823094/000095011704001808/a37576.htm
0,2003-09-30,BID,2003-11-13,2003-11-13 13:47:41,Q3,89898000,0.0,89898000,1.0,0.0,49414000,0.0,65000.0,49414000,49414000,16123000,6883000.0,-63685000,-0.7084139802887717,-70568000,-0.7849785312242764,671000.0,-63675000,-0.7083027431088567,-8620000.0,-55055000,-0.612416294022114,-0.90254,-0.90254,61000000,61000000,https://www.sec.gov/Archives/edgar/data/823094/000110465903026140/0001104659-03-026140-index.htm,https://www.sec.gov/Archives/edgar/data/823094/000110465903026140/a03-4986_110q.htm
