,date,symbol,fillingDate,acceptedDate,period,revenue,costOfRevenue,grossProfit,grossProfitRatio,researchAndDevelopmentExpenses,generalAndAdministrativeExpenses,sellingAndMarketingExpenses,otherExpenses,operatingExpenses,costAndExpenses,interestExpense,depreciationAndAmortization,ebitda,ebitdaratio,operatingIncome,operatingIncomeRatio,totalOtherIncomeExpensesNet,incomeBeforeTax,incomeBeforeTaxRatio,incomeTaxExpense,netIncome,netIncomeRatio,eps,epsdiluted,weightedAverageShsOut,weightedAverageShsOutDil,link,finalLink
0,2020-10-31,DOOO,2020-10-31,2020-10-31,Q3,1674700000,1187800000,486900000,0.0,66000000,145200000,0.0,-8600000.0,1187800000,0.0,-26000000,0.0,0.0,0.0,284300000,0.0,0.0,267700000,0.0,69000000,198800000,0.0,2.2759083198186967,2.2759083198186967,87349740,87349740,,
0,2020-07-31,DOOO,2020-08-27 00:00:00,2020-08-27 07:02:52,Q2,1233300000,984900000,248400000,0.201411,46900000,117700000,0.0,-600000.0,188899999.99999997,1173800000,69000000,64299999.99999998,259699999.99999997,0.210573,59500000,0.048245,-2300000.0,126200000,0.102327,100000.0,126300000,0.102408,1.44591,1.44591,87349740,87349740,https://www.sec.gov/Archives/edgar/data/1748797/000119312520231925/0001193125-20-231925-index.htm,https://www.sec.gov/Archives/edgar/data/1748797/000119312520231925/d929929d6k.htm
0,2020-04-30,DOOO,2020-05-08 00:00:00,2020-05-08 12:15:32,Q1,1229800000,994700000,235100000,0.191169,50500000,126700000,0.0,-1100000.0,362399999.9999999,1357099999.9999998,-90600000,63900000,-261100000,-0.212311,-127300000,-0.103513,-16600000,-234500000,-0.190681,-8400000.0,-226000000,-0.18377,-2.5799,-2.5799,87600160,87600160,https://www.sec.gov/Archives/edgar/data/1748797/000119312520137267/0001193125-20-137267-index.html,https://www.sec.gov/Archives/edgar/data/1748797/000119312520137267/d901466d6k.htm
0,2020-01-31,DOOO,2020-02-04 00:00:00,2020-02-04 16:46:02,Q4,1615900000,1232200000,383700000,0.237453,64700000,157400000,0.0,700000.0,186299999.99999994,1418500000,-29400000,63199999.99999999,197300000,0.122099,197400000,0.122161,-4700000.0,163300000,0.101058,45100000,118400000,0.073272,1.31715,1.31715,89890750,89890750,https://www.sec.gov/Archives/edgar/data/1748797/000119312520024283/0001193125-20-024283-index.html,https://www.sec.gov/Archives/edgar/data/1748797/000119312520024283/d880253d6k.htm
0,2019-10-31,DOOO,2019-11-27 00:00:00,2019-11-27 07:33:05,Q3,1643600000,1201700000,441900000,0.268861,60300000,174900000,0.0,-1400000.0,233899999.99999985,1435599999.9999998,-21300000,59400000.00000001,222600000,0.135434,208000000,0.126551,-2500000.0,184200000,0.112071,48900000,135600000,0.082502,1.49291,1.49291,90829230,90829230,https://www.sec.gov/Archives/edgar/data/1748797/000119312519301727/0001193125-19-301727-index.html,https://www.sec.gov/Archives/edgar/data/1748797/000119312519301727/d834788d6k.htm
0,2019-07-31,DOOO,2019-10-22 00:00:00,2019-10-21 18:00:39,Q2,1459500000,1131700000,327800000,0.224597,55900000,157700000,0.0,900000.0,217899999.99999985,1349599999.9999998,7500000.0,56700000,179100000,0.122713,109900000,0.0753,-2600000.0,114800000,0.078657,21500000,93400000,0.063995,0.96401,0.96401,96886610,96886610,https://www.sec.gov/Archives/edgar/data/1748797/000119312519270968/0001193125-19-270968-index.html,https://www.sec.gov/Archives/edgar/data/1748797/000119312519270968/d822331d6k.htm
0,2019-04-30,DOOO,2019-05-02 00:00:00,2019-05-01 19:09:03,Q1,1333700000,1033100000,300600000,0.225388,57500000,149400000,0.0,400000.0,211600000.00000015,1244700000.0000002,-43000000,54800000,55400000,0.041539,89000000,0.066732,-2600000.0,43400000,0.032541,19600000,24000000,0.017995,0.24547,0.24547,97771530,97771530,https://www.sec.gov/Archives/edgar/data/1748797/000119312519133492/0001193125-19-133492-index.html,https://www.sec.gov/Archives/edgar/data/1748797/000119312519133492/d676450d6k.htm
0,2019-01-31,DOOO,2019-03-22 00:00:00,2019-03-22 07:04:34,Q4,1505900000,1171000000,334900000,0.222392,63500000,147000000,0.0,200000.0,208400000.0000001,1379400000,-16300000,53600000.00000001,143800000,0.095491,126500000,0.084003,-3700000.0,106500000,0.070722,23800000,82700000,0.054917,0.84447,0.84447,97930960,97930960,https://www.sec.gov/Archives/edgar/data/1748797/000119312519082717/0001193125-19-082717-index.html,https://www.sec.gov/Archives/edgar/data/1748797/000119312519082717/d542997d40f.htm
0,2018-10-31,DOOO,2018-11-30 00:00:00,2018-11-30 07:03:13,Q3,1394200000,1037400000,356800000,0.255917,51600000,144800000,0.0,300000.0,199699999.99999982,1237099999.9999998,-24500000,43300000,148900000,0.1068,157100000,0.112681,-2600000.0,130000000,0.093243,39800000,90300000,0.064768,0.91564,0.91564,98619400,98619400,https://www.sec.gov/Archives/edgar/data/1748797/000119312518338752/0001193125-18-338752-index.html,https://www.sec.gov/Archives/edgar/data/1748797/000119312518338752/d664085d6k.htm
