,date,symbol,fillingDate,acceptedDate,period,revenue,costOfRevenue,grossProfit,grossProfitRatio,researchAndDevelopmentExpenses,generalAndAdministrativeExpenses,sellingAndMarketingExpenses,otherExpenses,operatingExpenses,costAndExpenses,interestExpense,depreciationAndAmortization,ebitda,ebitdaratio,operatingIncome,operatingIncomeRatio,totalOtherIncomeExpensesNet,incomeBeforeTax,incomeBeforeTaxRatio,incomeTaxExpense,netIncome,netIncomeRatio,eps,epsdiluted,weightedAverageShsOut,weightedAverageShsOutDil,link,finalLink
0,2020-09-30,FTDR,2020-11-05,2020-11-05 16:23:19,Q3,440000000,225000000,215000000,0.48863636363636365,0.0,0.0,129000000,0.0,129000000,354000000,-14000000,7000000.0,72000000,0.16363636363636364,65000000,0.14772727272727273,1000000.0,65000000,0.14772727272727273,16000000,49000000,0.11136363636363636,0.57,0.57,85000000,85000000,https://www.sec.gov/Archives/edgar/data/1727263/000156276220000393/0001562762-20-000393-index.htm,https://www.sec.gov/Archives/edgar/data/1727263/000156276220000393/ftdr-20200930x10q.htm
0,2020-06-30,FTDR,2020-08-06,2020-08-06 16:31:31,Q2,417000000,200000000,217000000,0.5203836930455635,0.0,125000000,124000000,-1000000.0,152000000,352000000,14000000,10000000,89000000,0.213429,65000000,0.155875,0.0,65000000,0.155875,17000000,48000000,0.115108,0.5614,0.5614,85500000,85500000,https://www.sec.gov/Archives/edgar/data/1727263/000156276220000287/0001562762-20-000287-index.htm,https://www.sec.gov/Archives/edgar/data/1727263/000156276220000287/ftdr-20200630x10q.htm
0,2020-03-31,FTDR,2020-05-07,2020-05-07 16:23:51,Q1,294000000,147000000,147000000,0.5,0.0,105000000,105000000,0.0,129000000,276000000,15000000,8000000.0,40000000,0.136054,18000000,0.061224,-1000000.0,17000000,0.057823,4000000.0,13000000,0.044218,0.15222,0.15222,85400000,85400000,https://www.sec.gov/Archives/edgar/data/1727263/000156276220000177/0001562762-20-000177-index.htm,https://www.sec.gov/Archives/edgar/data/1727263/000156276220000077/ftdr-20191231x10k.htm
0,2019-12-31,FTDR,2020-02-28,2020-02-27 17:46:29,Q4,300000000,161000000,139000000,0.4633333333333333,0.0,95000000,95000000,0.0,116000000,277000000,15000000,6000000.0,45000000,0.15,23000000,0.076667,1000000.0,24000000,0.08,5000000.0,19000000,0.063333,0.223,0.223,85200000,85200000,https://www.sec.gov/Archives/edgar/data/1727263/000156276220000077/0001562762-20-000077-index.htm,https://www.sec.gov/Archives/edgar/data/1727263/000156276220000077/ftdr-20191231x10k.htm
0,2019-09-30,FTDR,2019-11-06,2019-11-06 16:27:36,Q3,407000000,201000000,206000000,0.5061425061425061,0.0,104000000,104000000,0.0,124000000,325000000,16000000,6000000.0,104000000,0.255528,82000000,0.201474,-15000000,82000000,0.201474,21000000,61000000,0.149877,0.71849,0.71849,84900000,84900000,https://www.sec.gov/Archives/edgar/data/1727263/000172726319000013/0001727263-19-000013-index.htm,https://www.sec.gov/Archives/edgar/data/1727263/000172726319000013/ftdr-20190930x10q.htm
0,2019-06-30,FTDR,2019-08-08,2019-08-08 16:58:21,Q2,388000000,183000000,205000000,0.5283505154639175,0.0,104000000,104000000,0.0,124000000,307000000,15000000,6000000.0,102000000,0.262887,81000000,0.208763,0.0,81000000,0.208763,20000000,61000000,0.157216,0.71934,0.71934,84800000,84800000,https://www.sec.gov/Archives/edgar/data/1727263/000156276219000190/0001562762-19-000190-index.htm,https://www.sec.gov/Archives/edgar/data/1727263/000156276219000190/ftdr-20190630x10q.htm
0,2019-03-31,FTDR,2019-05-09,2019-05-09 16:57:57,Q1,271000000,143000000,128000000,0.47232472324723246,0.0,89000000,89000000,0.0,111000000,254000000,16000000,6000000.0,40000000,0.147601,17000000,0.062731,1000000.0,18000000,0.066421,5000000.0,13000000,0.04797,0.15348,0.15348,84700000,84700000,https://www.sec.gov/Archives/edgar/data/1727263/000172726319000009/0001727263-19-000009-index.htm,https://www.sec.gov/Archives/edgar/data/1727263/000172726319000003/ftdr-20181231x10k.htm
0,2018-12-31,FTDR,2019-02-28,2019-02-28 16:45:43,Q4,279000000,154000000,125000000,0.44802867383512546,0.0,79000000,79000000,0.0,102000000,256000000,16000000,4000000.0,43000000,0.154122,23000000,0.082437,-9000000.0,23000000,0.082437,6000000.0,17000000,0.060932,0.1993,0.1993,85300000,85300000,https://www.sec.gov/Archives/edgar/data/1727263/000172726319000003/0001727263-19-000003-index.htm,https://www.sec.gov/Archives/edgar/data/1727263/000172726319000003/ftdr-20181231x10k.htm
0,2018-09-30,FTDR,2018-11-06 00:00:00,2018-11-06 17:23:02,Q3,377000000,202000000,175000000,0.464191,0.0,90000000,0.0,0.0,103000000,305000000,-88585000,-1000000.0,-24585000,-0.065212,72000000,0.190981,0.0,65000000,0.172414,16000000,49000000,0.129973,0.57988,0.57988,84500000,84500000,https://www.sec.gov/Archives/edgar/data/1727263/000172726318000018/0001727263-18-000018-index.html,https://www.sec.gov/Archives/edgar/data/1727263/000172726318000018/ftdr-20180930x10q.htm
