,date,symbol,fillingDate,acceptedDate,period,revenue,costOfRevenue,grossProfit,grossProfitRatio,researchAndDevelopmentExpenses,generalAndAdministrativeExpenses,sellingAndMarketingExpenses,otherExpenses,operatingExpenses,costAndExpenses,interestExpense,depreciationAndAmortization,ebitda,ebitdaratio,operatingIncome,operatingIncomeRatio,totalOtherIncomeExpensesNet,incomeBeforeTax,incomeBeforeTaxRatio,incomeTaxExpense,netIncome,netIncomeRatio,eps,epsdiluted,weightedAverageShsOut,weightedAverageShsOutDil,link,finalLink
0,2020-06-30,YTRA,2020-07-29 00:00:00,2020-07-29 09:39:55,Q1,192009000,171527000,20482000,0.10667208307943898,0.0,5836000.0,5836000.0,29034000,353494000,690244000,38696000,0.0,-280280000,-1.4597232421396913,-498235000,-0.41543885963678784,425772000,-79768000,-0.41543885963678784,-306000.0,-75805000,-0.39479920212073394,-1.59,-1.64,47725568,48467970,https://www.sec.gov/Archives/edgar/data/1516899/000110465920087648/0001104659-20-087648-index.htm,https://www.sec.gov/Archives/edgar/data/1516899/000110465920087648/tm2025996-1_6k.htm
0,2020-03-31,YTRA,2020-04-13 00:00:00,2020-04-13 15:23:49,Q4,1284011000,831940000,452071000,0.3520772018308254,0.0,2431294000,666655000,-106441000,-2131895000,1430524000,15411000,0.0,81474000,0.0634527274299052,-146513000,-0.11521630266407375,34153000,-147939000,-0.11521630266407375,38689000,-186295000,-0.14508832089444718,0.0,0.0,0.0,0.0,https://www.sec.gov/Archives/edgar/data/1516899/000110465920045896/0001104659-20-045896-index.html,https://www.sec.gov/Archives/edgar/data/1516899/000110465920045896/tm2015770-1_6k.htm
0,2019-12-31,YTRA,2020-02-27 00:00:00,2020-02-27 06:38:40,Q3,1966805000,1236931000,729874000,0.37109627034708575,0.0,27566000,27566000,24999000,521952000,1962714000,50820000,0.0,212718000,0.10815408746672904,4091000.0,0.0607086111739598,155194000,119402000,0.0607086111739598,6524000.0,112638000,0.057269531041460646,2.42,2.39,46478347,47225925,https://www.sec.gov/Archives/edgar/data/1516899/000110465920025671/0001104659-20-025671-index.html,https://www.sec.gov/Archives/edgar/data/1516899/000110465920025671/tm2010904d1_6k.htm
0,2019-09-30,YTRA,2019-10-17 00:00:00,2019-10-17 16:56:06,Q2,1757782000,1110325000,647457000,0.3683374843979515,0.0,46201000,46201000,52937000,713687000,2039331000,51894000,0.0,-50762000,-0.02887843885077899,-281549000,-0.22274775825443655,-68753000,-391542000,-0.22274775825443655,7616000.0,-396907000,-0.22579990010137777,-8.54,-8.54,46476204,46476204,https://www.sec.gov/Archives/edgar/data/1516899/000110465919054679/0001104659-19-054679-index.html,https://www.sec.gov/Archives/edgar/data/1516899/000110465919054679/a19-20389_16k.htm
0,2019-06-30,YTRA,2019-07-17 00:00:00,2019-07-17 16:54:37,Q1,2250758000,1521006000,729752000,0.3242249944241007,0.0,82255000,82255000,30270000,886785000,2653697000,48009000,0.0,-185732000,-0.08251975556679128,-402939000,-0.15564089964358674,74896000,-350310000,-0.15564089964358674,16976000,-363244000,-0.1613874081531644,-7.82,-7.82,46474071,46474071,https://www.sec.gov/Archives/edgar/data/1516899/000110465919040774/0001104659-19-040774-index.html,https://www.sec.gov/Archives/edgar/data/1516899/000110465919040774/a19-12913_16k.htm
0,2019-03-31,YTRA,2019-06-07 00:00:00,2019-06-07 09:29:21,Q4,2258412000,1389670000,868742000,0.38466940487386714,0.0,3232237000,1095482000,-212339000,-2903342000,2177567000,-2857000.0,0.0,-459198000,-0.20332782503812413,80845000,-0.3792487818874501,-922054000,-856500000,-0.3792487818874501,2748000.0,-848580000,-0.3757418929761266,-18.26,-18.26,46469315,46469315,https://www.sec.gov/Archives/edgar/data/1516899/000110465919034427/0001104659-19-034427-index.html,https://www.sec.gov/Archives/edgar/data/1516899/000110465919034427/a19-10242_26k.htm
0,2018-12-31,YTRA,2019-01-31 00:00:00,2019-01-31 06:05:38,Q3,2204740000,1530890000,673850000,0.30563694585302575,0.0,165829000,165829000,101994000,798100000,2632654000,62251000,0.0,-179210000,-0.08128396092056206,-427914000,0.06799849415350563,628455000,149919000,0.06799849415350563,12407000,143297000,0.06499496539274473,3.1,2.9,46217732,47336087,https://www.sec.gov/Archives/edgar/data/1516899/000110465919004583/0001104659-19-004583-index.html,https://www.sec.gov/Archives/edgar/data/1516899/000110465919004583/a19-3672_16k.htm
0,2018-09-30,YTRA,2018-11-01 00:00:00,2018-11-01 06:04:04,Q2,2055726000,1505081000,550645000,0.2678591407609769,0.0,198750000,198750000,29359000,1178159000,3020256000,43241000,0.0,-788547000,-0.3835856529518039,-964530000,-0.062497142128863474,867517000,-128477000,-0.062497142128863474,31635000,-143204000,-0.06966103459313157,-3.13,-3.44,45809466,46551868,https://www.sec.gov/Archives/edgar/data/1516899/000110465918065234/0001104659-18-065234-index.html,https://www.sec.gov/Archives/edgar/data/1516899/000110465918065234/a18-39299_16k.htm
