,date,symbol,fillingDate,acceptedDate,period,revenue,costOfRevenue,grossProfit,grossProfitRatio,researchAndDevelopmentExpenses,generalAndAdministrativeExpenses,sellingAndMarketingExpenses,otherExpenses,operatingExpenses,costAndExpenses,interestExpense,depreciationAndAmortization,ebitda,ebitdaratio,operatingIncome,operatingIncomeRatio,totalOtherIncomeExpensesNet,incomeBeforeTax,incomeBeforeTaxRatio,incomeTaxExpense,netIncome,netIncomeRatio,eps,epsdiluted,weightedAverageShsOut,weightedAverageShsOutDil,link,finalLink
0,2019-01-31,UWN,2019-03-18 00:00:00,2019-03-18 16:10:53,Q3,14564376,5342906.0,9221470.0,0.6331524261664214,0.0,4396277.0,4396277000,1687598.0,6083875.0,14315289,0.0,189612.0,438699.0,0.0301213728621,249087.0,0.0171024834844,0.0,177438.0,0.0121830142259,12398.0,255224000,0.017523854094401298,14.65541,14.65541,17060903,17414998,https://www.sec.gov/Archives/edgar/data/277058/000114420419014621/0001144204-19-014621-index.html,https://www.sec.gov/Archives/edgar/data/277058/000114420419014621/tv515995_10q.htm
0,2018-10-31,UWN,2018-12-17 00:00:00,2018-12-17 16:18:43,Q2,14354454,5169139.0,9185315.0,0.6398930255375788,0.0,4393961.0,4393961000,1453842.0,5847803.0,13836299,0.0,119348.0,637503.0,0.0444115115768,518155.0,0.0360971584151,0.0,344900.0,0.024027385507,97933.0,539090.0,0.0375555907595,0.03135,0.03135,16848802,17195775,https://www.sec.gov/Archives/edgar/data/277058/000114420418064913/0001144204-18-064913-index.html,https://www.sec.gov/Archives/edgar/data/277058/000114420418064913/tv508726_10q.htm
0,2018-07-31,UWN,2018-09-13 00:00:00,2018-09-13 16:16:36,Q1,14880169,6172939.0,8707230.0,0.5851566605191111,0.0,4474984.0,4474984000,1290508.0,5765492.0,14663142,0.0,152993.0,370020.0,0.0248666530602,217027.0,0.0145849822001,0.0,85594.0,0.00575221961525,24207.0,134008000,0.00900581169474621,7.80027,7.80027,16848182,17179923,https://www.sec.gov/Archives/edgar/data/277058/000114420418049346/0001144204-18-049346-index.html,https://www.sec.gov/Archives/edgar/data/277058/000114420418049346/tv502616_10q.htm
0,2018-04-30,UWN,2018-07-26 00:00:00,2018-07-26 16:17:15,Q4,18485563,1790000.0,16695563,0.903167677392352,0.0,4754110.0,4754110000,9929076.0,14683186,17862132,0.0,583131.0,1206562.0,0.0652705032571,623431.0,0.0337252914612,0.0,502050.0,0.0271590321593,134930.0,367120.0,0.0198598225004,0.02116,0.02116,16985532,17350402,https://www.sec.gov/Archives/edgar/data/277058/000114420418040134/0001144204-18-040134-index.html,https://www.sec.gov/Archives/edgar/data/277058/000114420418040134/tv498654_10k.htm
0,2018-01-31,UWN,2018-03-19 00:00:00,2018-03-19 16:23:10,Q3,18098216,1766208.0,16332008,0.9024098286814568,0.0,5378939.0,5378939000,9261888.0,14640827,17464483,0.0,562968.0,1196701.0,0.0661225946248,633733.0,0.0350163242609,0.0,591188.0,0.0326655400731,397861.0,193327.0,0.0106821025896,0.01111,0.01111,17029822,17394692,https://www.sec.gov/Archives/edgar/data/277058/000114420418015610/0001144204-18-015610-index.html,https://www.sec.gov/Archives/edgar/data/277058/000114420418015610/tv488644_10q.htm
0,2017-10-31,UWN,2017-12-14 00:00:00,2017-12-14 16:16:46,Q2,19480223,1665069.0,17815154,0.9145251571298747,0.0,5295763.0,5295763000,10394057,15689820,18476757,0.0,622686.0,1626152.0,0.0834770731321,1003466.0,0.0515120386456,0.0,899279.0,0.0461636912473,260303.0,638976.0,0.0328012672134,0.03654,0.03654,17125734,17487871,https://www.sec.gov/Archives/edgar/data/277058/000114420417063725/0001144204-17-063725-index.html,https://www.sec.gov/Archives/edgar/data/277058/000114420417063725/tv481115_10q.htm
0,2017-07-31,UWN,2017-09-14 00:00:00,2017-09-14 16:16:57,Q1,18488524,1579992.0,16908532,0.9145420153604473,0.0,5286722.0,5286722000,10108211,15394933,18152175,0.0,735796.0,1072145.0,0.0579897562401,336349.0,0.0181923121608,0.0,184334.0,0.009970184748117264,60332.0,124002.0,0.00670697130826,0.00697,0.00697,17425581,17784914,https://www.sec.gov/Archives/edgar/data/277058/000114420417048054/0001144204-17-048054-index.html,https://www.sec.gov/Archives/edgar/data/277058/000114420417048054/v474911_10q.htm
0,2017-04-30,UWN,2017-07-27 00:00:00,2017-07-27 16:06:30,Q4,19800027,1606638.0,18193389,0.9188567773165158,0.0,5336141.0,-15583962000,9623296.0,14959437,17899325,0.0,740084.0,2640786.0,0.133372848431,1900702.0,0.0959949196029,0.0,1774797.0,0.0896360898902,578237.0,1196560.0,0.0604322408247,0.06651,0.06651,17688229,17990524,https://www.sec.gov/Archives/edgar/data/277058/000114420417038704/0001144204-17-038704-index.html,https://www.sec.gov/Archives/edgar/data/277058/000114420417038704/v470894_10k.htm
0,2017-01-31,UWN,2017-03-16 00:00:00,2017-03-16 16:01:23,Q3,17987173,1573445.0,16413728,0.9125240525567859,0.0,5149806.0,5149806000,9330562.0,14480368,18472061,0.0,782755.0,297867.0,0.0165599674835,-484888000,-0.026957432388068987,0.0,-493308000,-0.02742554374720252,189738.0,-257862000,-0.01433588257587782,-14.31446,-14.31446,17723382,18014094,https://www.sec.gov/Archives/edgar/data/277058/000114420417015077/0001144204-17-015077-index.html,https://www.sec.gov/Archives/edgar/data/277058/000114420417015077/v461287_10q.htm
0,2016-10-31,UWN,2016-12-15 00:00:00,2016-12-15 16:16:29,Q2,18542771,1483283.0,17059488,0.9200074789253451,0.0,5163878.0,5163878000,10317809,15481687,18257803,0.0,799901.0,1084869.0,0.0585063041549,284968.0,0.0153681453543,0.0,220865.0,0.0119111108043,70842.0,150023.0,0.00809064621464,0.00831,0.00831,17765367,18062403,https://www.sec.gov/Archives/edgar/data/277058/000114420416139745/0001144204-16-139745-index.html,https://www.sec.gov/Archives/edgar/data/277058/000114420416139745/v454765_10q.htm
0,2016-07-31,UWN,2016-09-14,2016-09-14 16:16:45,Q1,18296978,1531837.0,16765141,0.9162792347457597,0.0,5270278.0,5270278000,10142940,15413218,18226809,0.0,793580.0,863749.0,0.0472071945433,70169.0,0.00383500488441,0.0,-147561000,-0.008064774412474017,47988000,-195549000,-0.010687502602888848,-10.99265,-10.99265,17789063,17789063,https://www.sec.gov/Archives/edgar/data/277058/000114420416123903/0001144204-16-123903-index.htm,https://www.sec.gov/Archives/edgar/data/277058/000114420416123903/v448574_10q.htm
0,2016-04-30,UWN,2016-07-29 00:00:00,2016-07-29 14:58:01,Q4,19903269,1133136.0,18770133,0.9430678447846934,0.0,5266141.0,5266141000,10705252,15971393,19512679,0.0,890789.0,1281379.0,0.0643803286787,390590.0,0.0196244144618,0.0,167979.0,0.00843976936653,409271.0,-241292000,-0.012123234630451913,-13.94883,-13.94883,17002728,17298373,https://www.sec.gov/Archives/edgar/data/277058/000114420416115237/0001144204-16-115237-index.html,https://www.sec.gov/Archives/edgar/data/277058/000114420416115237/v444480_10k.htm
0,2016-01-31,UWN,2016-03-16 00:00:00,2016-03-16 16:01:34,Q3,18360747,1709774.0,16650973,0.9068788432191784,0.0,4962817.0,4962817000,9264646.0,14227463,17178550,0.0,758987.0,1941184.0,0.105724674492,1182197.0,0.0643871951397,0.0,749945.0,0.0408450157284,283592.0,466353.0,0.0253994567868,0.02741,0.02741,16751944,17012210,https://www.sec.gov/Archives/edgar/data/277058/000114420416088455/0001144204-16-088455-index.html,https://www.sec.gov/Archives/edgar/data/277058/000114420416088455/v433943_10q.htm
0,2015-10-31,UWN,2015-12-15 00:00:00,2015-12-15 16:58:33,Q2,16134215,1295348.0,14838867,0.9197142222289711,0.0,4042140.0,4042140000,8816379.0,12858519,15123980,0.0,532485.0,1542720.0,0.0956179150953,1010235.0,0.0626144500987,0.0,919111.0,0.0569665769298,301122.0,617989.0,0.0383030100938,0.03711,0.03711,16453307,16651156,https://www.sec.gov/Archives/edgar/data/277058/000114420415070992/0001144204-15-070992-index.html,https://www.sec.gov/Archives/edgar/data/277058/000114420415070992/v426598_10q.htm
0,2015-07-31,UWN,2015-09-14 00:00:00,2015-09-14 16:01:40,Q1,15942774,1313369.0,14629405,0.9176197943971357,0.0,4140955.0,4140955000,8879979.0,13020934,15157158,0.0,552059.0,1337675.0,0.0839047834461,785616.0,0.0492772462308,0.0,685508.0,0.04299803785715083,227512.0,457996.0,0.0287274974857,0.02758,0.02758,16416737,16605308,https://www.sec.gov/Archives/edgar/data/277058/000114420415054832/0001144204-15-054832-index.html,https://www.sec.gov/Archives/edgar/data/277058/000114420415054832/v419851_10q.htm
0,2015-04-30,UWN,2015-07-27 00:00:00,2015-07-27 16:01:07,Q4,16264119,1353024.0,14911095,0.9168092658446486,0.0,4381248.0,4381248000,8462333.0,12843581,15245530,0.0,608736.0,1627325.0,0.10005614199,1018589.0,0.0626279849526,0.0,881560.0,0.0542027514678,292688.0,588872.0,0.0362068182113,0.03603,0.03603,16228396,16345795,https://www.sec.gov/Archives/edgar/data/277058/000114420415044342/0001144204-15-044342-index.html,https://www.sec.gov/Archives/edgar/data/277058/000114420415044342/v415627_10k.htm
0,2015-01-31,UWN,2015-03-17,2015-03-17 16:01:05,Q3,15804290,1391656.0,14412634,0.9119444150923578,0.0,4256343.0,4256343000,8226787.0,12483130,14963032,0.0,574225.0,1415483.0,0.0895632135325,841258.0,0.0532297243343,0.0,688410.0,0.0435584262248,240301.0,448109.0,0.0283536305649,0.02737,0.02737,16212916,16374853,https://www.sec.gov/Archives/edgar/data/277058/000114420415016716/0001144204-15-016716-index.htm,https://www.sec.gov/Archives/edgar/data/277058/000114420415016716/v404165_10q.htm
0,2014-10-31,UWN,2014-12-15 00:00:00,2014-12-15 16:01:45,Q2,16372530,1371369.0,15001161,0.9162396404220973,0.0,4138418.0,4138418000,8946454.0,13084872,15580028,0.0,568250.0,1360752.0,0.0831118953515,792502.0,0.0484043700027,0.0,615868.0,0.0376159335179,199801.0,416067.0,0.0254125049702,0.0254,0.0254,16206721,16382159,https://www.sec.gov/Archives/edgar/data/277058/000114420414073950/0001144204-14-073950-index.html,https://www.sec.gov/Archives/edgar/data/277058/000114420414073950/v395856_10q.htm
0,2014-07-31,UWN,2014-09-15 00:00:00,2014-09-15 16:01:57,Q1,15908614,1270650.0,14637964,0.9201281770995261,0.0,4112620.0,4112620000,8879317.0,12991937,15262056,0.0,568656.0,1215214.0,0.0763871698691,646558.0,0.0406420069027,0.0,507058.0,0.03187317260950577,153029.0,354029.0,0.0222539185375,0.02167,0.02167,16200135,16338534,https://www.sec.gov/Archives/edgar/data/277058/000114420414055887/0001144204-14-055887-index.html,https://www.sec.gov/Archives/edgar/data/277058/000114420414055887/v388413_10q.htm
0,2014-04-30,UWN,2014-07-29 00:00:00,2014-07-29 16:10:19,Q4,15991360,1292440.0,14698920,0.9191788565825546,0.0,3949944.0,3991514000,8438092.0,12388036,14746940,142549.0,608287.0,1852707.0,0.115856750145,1244420.0,0.0778182718668,0.0,1045327.0,0.0653682363476,399238.0,646089.0,0.0404023797851,0.03965,0.03965,16127654,16294487,https://www.sec.gov/Archives/edgar/data/277058/000114420414045453/0001144204-14-045453-index.html,https://www.sec.gov/Archives/edgar/data/277058/000114420414045453/v383757_10k.htm
0,2014-01-31,UWN,2014-03-21,2014-03-21 16:02:03,Q3,14776127,1323330.0,13452797,0.9104413490761145,0.0,4033037.0,4033037000,8083067.0,12116104,14490770,255393.0,609334.0,894691.0,0.0605497638184,285357.0,0.0193120294648,0.0,-275681000,-0.01865718939746525,72643000,-203038000,-0.013740948490764867,-12.47834,-12.47834,16115311,16271238,https://www.sec.gov/Archives/edgar/data/277058/000114420414017090/0001144204-14-017090-index.htm,https://www.sec.gov/Archives/edgar/data/277058/000114420414017090/v370416_10q.htm
0,2013-10-31,UWN,2013-12-23 00:00:00,2013-12-23 16:02:01,Q2,16349118,1281657.0,15067461,0.9216069637518061,0.0,4076583.0,4076583000,9137994.0,13214577,15610202,699063.0,653325.0,1392241.0,0.0851569485277,738916.0,0.045196077244,0.0,335281.0,0.0205075894614,114524.0,220757.0,0.0135026855883,0.01365,0.01365,16104725,16171182,https://www.sec.gov/Archives/edgar/data/277058/000114420413068706/0001144204-13-068706-index.html,https://www.sec.gov/Archives/edgar/data/277058/000114420413068706/v362144_10q.htm
0,2013-07-31,UWN,2013-09-13 00:00:00,2013-09-13 16:01:54,Q1,15690789,1216650.0,14474139,0.922460878162341,0.0,4309941.0,4309941000,9096649.0,13406590,15663937,0.0,639480.0,666332.0,0.0424664432107,26852.0,0.00171132248353,0.0,-374188000,-0.023847621684288788,158361000,-215827000,-0.013755012574574803,-13.41576,-13.41576,16087568,16087568,https://www.sec.gov/Archives/edgar/data/277058/000114420413050709/0001144204-13-050709-index.html,https://www.sec.gov/Archives/edgar/data/277058/000114420413050709/v354214_10q.htm
0,2013-04-30,UWN,2013-07-29 00:00:00,2013-07-29 07:02:17,Q4,16519381,1268808.0,15250573,0.9231927636998021,0.0,4152266.0,4095165000,13226088,17378354,15462139,345512.0,656541.0,1713783.0,0.103743778293,1057242.0,0.0640000978245,0.0,663499.0,0.0401648826914,211065.0,452434.0,0.0273880722286,0.02824,0.02824,15997546,16020789,https://www.sec.gov/Archives/edgar/data/277058/000114420413041514/0001144204-13-041514-index.html,https://www.sec.gov/Archives/edgar/data/277058/000114420413041514/v349320_10k.htm
0,2013-01-31,UWN,2013-03-12 00:00:00,2013-03-12 07:31:09,Q3,16210146,1206390.0,15003756,0.9255780916470462,0.0,4102860.0,4102860000,7633826.0,11736686,15280195,370912.0,635728.0,1565679.0,0.0965863601722,929951.0,0.0573684530664,0.0,556839.0,0.0343512637085,368673.0,235356.0,0.0145190549178,0.01473,0.01473,15975576,15975576,https://www.sec.gov/Archives/edgar/data/277058/000114420413014362/0001144204-13-014362-index.html,https://www.sec.gov/Archives/edgar/data/277058/000114420413014362/v335947_10-q.htm
0,2012-10-31,UWN,2012-12-12 00:00:00,2012-12-12 08:01:04,Q2,16383688,1178162.0,15205526,0.928089328849524,0.0,4012392.0,4012392000,8326474.0,12338866,16692735,393064.0,623616.0,314569.0,0.019200133694,-309047000,-0.018863091142848912,0.0,-788911000,-0.04815222311362374,88689000,-819008000,-0.049989233193405536,-51.35082,-51.35082,15949269,15949269,https://www.sec.gov/Archives/edgar/data/277058/000114420412067491/0001144204-12-067491-index.html,https://www.sec.gov/Archives/edgar/data/277058/000114420412067491/v328040_10q.htm
0,2012-07-31,UWN,2012-09-12 00:00:00,2012-09-12 07:05:28,Q1,16810703,1185087.0,15625616,0.9295040189574464,0.0,4385228.0,4385228000,8192272.0,12577500,16090179,385501.0,616524.0,1337048.0,0.0795355197222,720524.0,0.0428610272872,0.0,257135.0,0.0152959099926,88689.0,168125.0,0.0100010689618,0.01028,0.01028,15935655,16355655,https://www.sec.gov/Archives/edgar/data/277058/000114420412050764/0001144204-12-050764-index.html,https://www.sec.gov/Archives/edgar/data/277058/000114420412050764/v323026_10q.htm
0,2012-04-30,UWN,2012-07-27 00:00:00,2012-07-27 06:10:24,Q4,16568094,1180252.0,15387842,0.9287635620609106,0.0,4354931.0,4354931000,8258951.0,12613882,22428933,400634.0,1040758.0,-5859798242,-0.35367968349286283,-5860839000,-0.353742500495229,0.0,-6325806000,-0.381806501097833,1994383000,-5328072000,-0.3215862971323074,-370.47076,-370.47076,15935655,14381896,https://www.sec.gov/Archives/edgar/data/277058/000114420412041267/0001144204-12-041267-index.html,https://www.sec.gov/Archives/edgar/data/277058/000114420412041267/v317074_10k.htm
0,2012-01-31,UWN,2012-03-16 00:00:00,2012-03-16 06:05:01,Q3,13477483,1013212.0,12464271,0.924821867703339,0.0,4121286.0,4121286000,5832426.0,9953712.0,13183569,393177.0,581003.0,874917.0,0.0649169433195,293914.0,0.021807781171,0.0,-131312000,-0.009743065526404299,-57259.0,-288046000,-0.021372388301287414,-20.73939,-20.73939,13888835,13888835,https://www.sec.gov/Archives/edgar/data/277058/000114420412015436/0001144204-12-015436-index.html,https://www.sec.gov/Archives/edgar/data/277058/000114420412015436/v305153_10q.htm
0,2011-10-31,UWN,2011-12-15 00:00:00,2011-12-15 16:54:58,Q2,11424310,875177.0,10549133,0.9233934478318603,0.0,3406784.0,3406784000,5304282.0,8711066.0,13922952,378623.0,528916.0,-2068807084,-0.18108814309135518,-2069336000,-0.1811344405045031,0.0,-3044359000,-0.2664807765195447,-1226517.0,-2120607000,-0.1856223264249657,-152.6843,-152.6843,13888835,13888835,https://www.sec.gov/Archives/edgar/data/277058/000114420411070026/0001144204-11-070026-index.html,https://www.sec.gov/Archives/edgar/data/277058/000114420411070026/v242837_10q.htm
0,2011-07-31,UWN,2011-09-14 00:00:00,2011-09-14 16:12:51,Q1,14158747,1133905.0,13024842,0.9199148766483362,0.0,4529561.0,4529561000,5928026.0,10457587,14099112,380514.0,490790.0,550425.0,0.0388752620553,59635.0,0.00421188400358,0.0,-289593000,-0.020453292936161653,-97734.0,-191859000,-0.0135505634785338,-14.92366,-14.92366,12856030,12856030,https://www.sec.gov/Archives/edgar/data/277058/000114420411053042/0001144204-11-053042-index.html,https://www.sec.gov/Archives/edgar/data/277058/000114420411053042/v234582_10q.htm
0,2011-04-30,UWN,2011-07-14 00:00:00,2011-07-13 21:07:07,Q4,14427438000,4085439000,10341999000,0.716828517994671,0.0,0.0,4180526000,9436958000,13617484000,17702923000,368534000,488901000,432170000,0.029954729315073127,-56731000,-0.003932160373865409,0.0,471626000,0.03268951840236638,0.0,281122000,0.019485233622213452,22.02049,22.02049,12766382,12766382,https://www.sec.gov/Archives/edgar/data/277058/000114420411040437/0001144204-11-040437-index.html,https://www.sec.gov/Archives/edgar/data/277058/000114420411040437/v228265_10k.htm
0,2011-01-31,UWN,2011-03-16,2011-03-16 16:12:55,Q3,13261903000,3939991000,9321912000,0.7029090772266997,0.0,0.0,3694709000,9524103000,13218812000,17158803000,387143000,470593000,686513000,0.05176579861879551,215920000,0.016281222988887793,0.0,-312437000,-0.023558986971930047,0.0,137531000,0.01037038198816565,10.7748,10.7748,12764130,12764130,https://www.sec.gov/Archives/edgar/data/277058/000114420411015228/0001144204-11-015228-index.htm,https://www.sec.gov/Archives/edgar/data/277058/000114420411015228/v214626_10q.htm
0,2010-10-31,UWN,2010-12-14 00:00:00,2010-12-14 16:43:45,Q2,13520381000,3292575000,10227806000,0.7564732088540996,0.0,0.0,5102186000,9549589000,14651775000,17944350000,623858000,534619000,-769604000,-0.056921768698677946,-1304223000,-0.09646347983832704,0.0,-1304223000,-0.09646347983832704,0.0,-848958000,-0.06279098199969364,-66.51123,-66.51123,12764130,12764130,https://www.sec.gov/Archives/edgar/data/277058/000114420410066412/0001144204-10-066412-index.html,https://www.sec.gov/Archives/edgar/data/277058/000114420410066412/v205414_10q.htm
0,2010-07-31,UWN,2010-09-14 00:00:00,2010-09-14 16:08:19,Q1,6819157000,2878504000,3940653000,0.5778797877802198,0.0,0.0,125267000,6750611000,6875878000,9754382000,0.0,313839000,257118000,0.037705247144185126,-56721000,-0.00831789031987385,0.0,-56721000,-0.00831789031987385,0.0,-56721000,-0.00831789031987385,-4.44378,-4.44378,12764130,12764130,https://www.sec.gov/Archives/edgar/data/277058/000114420410049287/0001144204-10-049287-index.html,https://www.sec.gov/Archives/edgar/data/277058/000114420410049287/v196413_10q.htm
0,2010-04-30,UWN,2010-07-29 00:00:00,2010-07-29 16:02:34,Q4,6022585000,1624979000,4397606000,0.7301857923134335,0.0,0.0,1474856000,9183701000,10658557000,12283536000,240623000,383712000,-4535951000,-0.7531568255159536,-4919663000,-0.816869002263978,0.0,-4919663000,-0.816869002263978,0.0,-3058237000,-0.5077947426229766,-237.47321,-237.47321,12878240,12878240,https://www.sec.gov/Archives/edgar/data/277058/000114420410040066/0001144204-10-040066-index.html,https://www.sec.gov/Archives/edgar/data/277058/000114420410040066/v191661_10k.htm
0,2010-01-31,UWN,2010-03-17 00:00:00,2010-03-17 16:09:36,Q3,5205825000,1690935000,3514890000,0.675184048637824,0.0,0.0,1413209000,4441714000,5854923000,7545858000,246940000,297459000,-1182157000,-0.22708350741717212,-1479616000,-0.28422315387090424,0.0,-1479616000,-0.28422315387090424,0.0,-545721000,-0.10482891760671939,-42.2547,-42.2547,12915036,12915036,https://www.sec.gov/Archives/edgar/data/277058/000114420410014103/0001144204-10-014103-index.html,https://www.sec.gov/Archives/edgar/data/277058/000114420410014103/v177330_10q.htm
0,2009-10-31,UWN,2009-12-10 00:00:00,2009-12-10 16:07:29,Q2,5740359000,2123117000,3617242000,0.6301421217732202,0.0,0.0,1435444000,4806014000,6241458000,8364575000,225490000,517985000,413155000,0.0719737215041777,-104830000,-0.018261924036458346,0.0,-104830000,-0.018261924036458346,0.0,-444115000,-0.07736711240533911,-34.32341,-34.32341,12939130,12939130,https://www.sec.gov/Archives/edgar/data/277058/000114420409064032/0001144204-09-064032-index.html,https://www.sec.gov/Archives/edgar/data/277058/000114420409064032/v168546_10q.htm
0,2009-07-31,UWN,2009-09-10 00:00:00,2009-09-10 16:04:22,Q1,5057219000,1947348000,3109871000,0.6149369841408885,0.0,0.0,1240779000,4729753000,5970532000,7917880000,152981000,145167000,-894827000,-0.1769405279858357,-1039994000,-0.20564543477353858,0.0,-1039994000,-0.20564543477353858,0.0,-700709000,-0.13855619066526484,-54.15426,-54.15426,12939130,12939130,https://www.sec.gov/Archives/edgar/data/277058/000114420409047873/0001144204-09-047873-index.html,https://www.sec.gov/Archives/edgar/data/277058/000114420409047873/v160027_10q.htm
0,2009-04-30,UWN,2009-07-09 00:00:00,2009-07-09 09:50:07,Q4,1379792000,385249000,994543000,0.7207919744425246,0.0,0.0,576534000,2409662000,2986196000,3371445000,183863000,124045000,-1627892000,-1.1798097104491112,-1751937000,-1.2697109419390749,0.0,-1751937000,-1.2697109419390749,-3480469000,-1273956000,-0.9232956851467468,-98.45762,-98.45762,12939130,12939130,https://www.sec.gov/Archives/edgar/data/277058/000114420409036590/0001144204-09-036590-index.html,https://www.sec.gov/Archives/edgar/data/277058/000114420409036590/v154151_10k.htm
0,2009-01-31,UWN,2009-03-11 00:00:00,2009-03-11 16:07:58,Q3,1370451000,364174000,1006277000,0.7342670405581813,0.0,0.0,550190000,1715172000,2265362000,2629536000,323516000,155230000,-3073575000,-2.242747095664128,-3228805000,-2.3560163770904614,0.0,-3228805000,-2.3560163770904614,240461000,-466778000,-0.34060174351363165,-36.07491,-36.07491,12939130,12939130,https://www.sec.gov/Archives/edgar/data/277058/000114420409013258/0001144204-09-013258-index.html,https://www.sec.gov/Archives/edgar/data/277058/000114420409013258/v142318_10q.htm
0,2008-10-31,UWN,2008-12-10 00:00:00,2008-12-10 09:00:54,Q2,1498253000,603619000,894634000,0.5971181102257096,0.0,0.0,690340000,3047056000,3737396000,4341015000,393524000,183748000,327922000,0.21886957676707472,144174000,0.09622807362975412,0.0,144174000,0.09622807362975412,756094000,-1621298000,-1.0821256490058755,-125.86679,-125.86679,12881063,12881063,https://www.sec.gov/Archives/edgar/data/277058/000114420408068567/0001144204-08-068567-index.html,https://www.sec.gov/Archives/edgar/data/277058/000114420408068567/v134281_10q.htm
0,2008-07-31,UWN,2008-09-09 00:00:00,2008-09-09 16:14:02,Q1,1619756000,656867000,962889000,0.5944654626993201,0.0,0.0,668817000,2313295000,2982112000,3638979000,406393000,164595000,-1166198000,-0.7199837506389851,-1330793000,-0.82160090779105,0.0,-1330793000,-0.82160090779105,504689000,-826104000,-0.510017558200124,-63.84541,-63.84541,12939130,12939130,https://www.sec.gov/Archives/edgar/data/277058/000114420408051912/0001144204-08-051912-index.html,https://www.sec.gov/Archives/edgar/data/277058/000114420408051912/v125902_10-q.htm
0,2008-04-27,UWN,2008-07-28 00:00:00,2008-07-28 06:11:02,Q4,112595000,16233000,96362000,0.8558284115635686,0.0,0.0,25026000,65776000,90802000,107035000,10958000,164344000,186137000,1.653155113459745,21793000,0.19355211155024646,-544000.0,10332000,0.09176251165682313,0.0,11320000,0.10053732403747946,0.87487,0.87487,12939130,12939130,https://www.sec.gov/Archives/edgar/data/277058/000114420408042052/0001144204-08-042052-index.html,https://www.sec.gov/Archives/edgar/data/277058/000114420408042052/v120655_10k.htm
0,2008-01-27,UWN,2008-03-07,2008-03-07 06:06:57,Q3,1412279000,396615000,1015664000,0.7191666802381116,0.0,0.0,708357000,4678562000,5386919000,5783534000,979946000,175059000,-6622716000,-4.6893821971437655,-6797775000,-4.81333716638143,0.0,35232718000,24.94742044596004,-8202248000,26954638000,19.085915743277354,2083.18782,2083.18782,12939130,12939130,https://www.sec.gov/Archives/edgar/data/277058/000114420408013882/0001144204-08-013882-index.htm,https://www.sec.gov/Archives/edgar/data/277058/000114420408013882/v106214_10q.htm
0,2007-10-28,UWN,2007-12-07 00:00:00,2007-12-07 16:01:53,Q2,1863647000,627296000,1236351000,0.6634040674011763,0.0,0.0,798898000,2814358000,3613256000,4240552000,827096000,201967000,-478005000,-0.2564890239406926,-679972000,-0.3648609420131602,0.0,-679972000,-0.3648609420131602,0.0,-604140000,-0.3241708327811007,-46.69093,-46.69093,12939130,12939130,https://www.sec.gov/Archives/edgar/data/277058/000114420407066455/0001144204-07-066455-index.html,https://www.sec.gov/Archives/edgar/data/277058/000114420407066455/v096686_10q.htm
0,2007-07-29,UWN,2007-07-30 00:00:00,2007-07-30 17:23:15,Q1,1980377000,607078000,1373299000,0.6934533172219229,0.0,0.0,701170000,2452303000,3153473000,3760551000,747314000,202413000,782815000,0.3952858470887109,580402000,0.2930765202787146,0.0,580402000,0.2930765202787146,-37916000,542486000,0.2739306707763219,41.926,41.926,12939130,12939130,https://www.sec.gov/Archives/edgar/data/277058/000114420407039073/0001144204-07-039073-index.html,https://www.sec.gov/Archives/edgar/data/277058/000114420407039073/v082274_10k.htm
0,2007-04-29,UWN,2007-07-30 00:00:00,2007-07-30 17:23:15,Q4,40850000,6264000.0,34586000,0.8466585067319461,0.0,0.0,9882000.0,23021000,32903000,39167000,3835000.0,197430000,205377000,5.027588739290086,7947000.0,0.19454100367197064,-1035000.0,3293000.0,0.08061199510403917,0.0,3519000.0,0.08614443084455324,0.0,0.0,0.0,0.0,https://www.sec.gov/Archives/edgar/data/277058/000114420407039073/0001144204-07-039073-index.html,https://www.sec.gov/Archives/edgar/data/277058/000114420407039073/v082274_10k.htm
0,2007-01-28,UWN,2007-03-09,2007-03-09 17:24:21,Q3,113904000,16896000,97008000,0.8516645596291614,0.0,0.0,29765000,69975000,99740000,116636000,11118000,195233000,209397000,1.8383638853771598,14164000,0.1243503301025425,0.0,3046000.0,0.026741817671021212,0.0,5153000.0,0.045239851102682964,0.39503,0.39503,13044634,13044634,https://www.sec.gov/Archives/edgar/data/277058/000114420407012114/0001144204-07-012114-index.htm,https://www.sec.gov/Archives/edgar/data/277058/000114420407012114/v068042_10q.htm
0,2006-10-29,UWN,2006-12-15,2006-12-15 16:16:26,Q2,4094314000,626963000,3467351000,0.8468698297199482,0.0,0.0,862466000,6317786000,7180252000,7807215000,910146000,191554000,-2894384000,-0.7069277051051776,-3085938000,-0.7537130762320623,0.0,-4765239000,-1.1638675001477659,-991109000,-3774130000,-0.9217978884863252,-289.32433,-289.32433,13044634,13044634,https://www.sec.gov/Archives/edgar/data/277058/000114420406052927/0001144204-06-052927-index.htm,https://www.sec.gov/Archives/edgar/data/277058/000114420406052927/v060305_10q.htm
0,2006-07-30,UWN,2006-09-08,2006-09-08 16:49:01,Q1,3491659000,608326000,2883333000,0.8257773740219191,0.0,0.0,732401000,3519783000,4252184000,4860510000,862107000,189158000,-571367000,-0.1636376862689054,-760525000,-0.21781193409780278,0.0,-843954000,-0.2417057335782217,991109000,-1835063000,-0.5255561897653809,-140.00001,-140.00001,13107592,13107592,https://www.sec.gov/Archives/edgar/data/277058/000114420406037668/0001144204-06-037668-index.htm,https://www.sec.gov/Archives/edgar/data/277058/000114420406037668/v052363_10q.htm
0,2006-04-30,UWN,2006-07-31,2006-07-31 17:24:06,Q4,161828000,26009000,135819000,0.8392799762711026,0.0,0.0,38492000,96229000,134721000,160730000,12859000,222610000,249717000,1.543101317448155,27107000,0.1675050053142843,1585000.0,14160000,0.08750030897001755,-216000.0,15157000,0.09366117111995452,1.09896,1.09896,12806985,13792138,https://www.sec.gov/Archives/edgar/data/277058/000114420406030398/0001144204-06-030398-index.htm,https://www.sec.gov/Archives/edgar/data/277058/000114420406030398/v048556_10k.htm
0,2006-01-22,UWN,2006-03-03,2006-03-03 17:15:10,Q3,2921095000,440602000,2480493000,0.8491654670594417,0.0,0.0,542968000,3218750000,3761718000,4202320000,559985000,211608000,-629015000,-0.21533534513598496,-840623000,-0.2877766727888001,0.0,-3271425000,-1.1199310532522906,483541000,-798496000,-0.2733550261117834,-57.89501,-57.89501,12806985,13792138,https://www.sec.gov/Archives/edgar/data/277058/000114420406008671/0001144204-06-008671-index.htm,https://www.sec.gov/Archives/edgar/data/277058/000114420406008671/v036877_10-q.htm
0,2005-10-23,UWN,2005-12-02,2005-12-02 16:48:56,Q2,7007575000,1446590000,5560985000,0.7935676749802892,0.0,0.0,930845000,5430814000,6361659000,7808249000,784797000,66698000,712614000,0.10169195477750863,645916000,0.09217396888367231,0.0,4065052000,0.5800939697398886,-1478235000,2586694000,0.3691282647706232,200.28305,200.28305,12915192,12915192,https://www.sec.gov/Archives/edgar/data/277058/000114420405038652/0001144204-05-038652-index.htm,https://www.sec.gov/Archives/edgar/data/277058/000114420405038652/v030729_10q.htm
0,2005-07-24,UWN,2005-09-07,2005-09-07 16:53:03,Q1,39356000,6342000.0,33014000,0.8388555747535319,0.0,0.0,9222000.0,22737000,31959000,38301000,2857000.0,47728000,55125000,1.4006758816952942,7397000.0,0.1879510112816343,0.0,4657000.0,0.11833011484907002,0.0,4780000.0,0.12145543246264864,0.37378,0.37378,12788269,12788269,https://www.sec.gov/Archives/edgar/data/277058/000114036105007201/0001140361-05-007201-index.htm,https://www.sec.gov/Archives/edgar/data/277058/000114036105007201/body.htm
0,2005-03-31,UWN,2005-06-21,2005-06-21 16:37:47,Q4,67610000,0.0,67610000,1.0,0.0,1258122000,0.0,0.0,1258122000,1258122000,-1722979000,18297000,48402000,0.7159000147907114,30105000,0.4452743676970862,0.0,6841058000,101.18411477592072,-2682794000,4158264000,61.50368288714687,325.16238,325.16238,12788269,12788269,https://www.sec.gov/Archives/edgar/data/277058/000101540205003171/0001015402-05-003171-index.htm,https://www.sec.gov/Archives/edgar/data/277058/000101540205003171/body.htm
