,date,symbol,fillingDate,acceptedDate,period,revenue,costOfRevenue,grossProfit,grossProfitRatio,researchAndDevelopmentExpenses,generalAndAdministrativeExpenses,sellingAndMarketingExpenses,otherExpenses,operatingExpenses,costAndExpenses,interestExpense,depreciationAndAmortization,ebitda,ebitdaratio,operatingIncome,operatingIncomeRatio,totalOtherIncomeExpensesNet,incomeBeforeTax,incomeBeforeTaxRatio,incomeTaxExpense,netIncome,netIncomeRatio,eps,epsdiluted,weightedAverageShsOut,weightedAverageShsOutDil,link,finalLink
0,2020-09-30,LOAN,2020-10-20,2020-10-20 07:00:22,Q3,1786352.0,644949.0,1141403.0,0.6389574954992073,0.0,305407.0,0.0,339542.0,305407.0,950356.0,0.0,26076.0,1167479.0,0.653554842495,1141403.0,0.638957495499,9500.0,1150903.0,0.644275596299,1290.0,1150903.0,0.644275596299,0.12,0.12,9635107.0,9635107.0,https://www.sec.gov/Archives/edgar/data/1080340/000149315220019640/0001493152-20-019640-index.htm,https://www.sec.gov/Archives/edgar/data/1080340/000149315220019640/form10-q.htm
0,2020-06-30,LOAN,2020-07-23,2020-07-23 07:00:35,Q2,1741190.0,0.0,1741190.0,1.0,0.0,318730.0,0.0,1390.0,646360.0,646360.0,0.0,270.00000000000006,1098100.0,0.630661,1094830.0,0.628783,3000.0,1097830.0,0.630506,650.0,1097180.0,0.630132,0.11395,0.11395,9628410.0,9628410.0,https://www.sec.gov/Archives/edgar/data/1080340/000149315220013838/0001493152-20-013838-index.htm,https://www.sec.gov/Archives/edgar/data/1080340/000149315220013838/form10-q.htm
0,2020-03-31,LOAN,2020-04-13,2020-04-13 13:51:59,Q1,1710990.0,0.0,1710990.0,1.0,0.0,344780.0,0.0,540.0,697760.0,697760.0,0.0,280.0,1016500.0,0.5941,1013230.0,0.592189,3000.0,1016220.0,0.593937,0.0,1016220.0,0.593937,0.10528,0.10528,9652750.0,9652750.0,https://www.sec.gov/Archives/edgar/data/1080340/000149315220006220/0001493152-20-006220-index.htm,https://www.sec.gov/Archives/edgar/data/1080340/000149315220004111/form10-k.htm
0,2019-12-31,LOAN,2020-03-17,2020-03-17 07:32:24,Q4,1855320.0,0.0,1855320.0,1.0,0.0,289560.0,0.0,180.0,719180.0,719180.0,20509.0,250.0,1159899.0,0.625175,1136140.0,0.612369,3000.0,1139140.0,0.613986,0.0,1139140.0,0.613986,0.11792,0.11792,9660100.0,9660100.0,https://www.sec.gov/Archives/edgar/data/1080340/000149315220004111/0001493152-20-004111-index.htm,https://www.sec.gov/Archives/edgar/data/1080340/000149315220004111/form10-k.htm
0,2019-09-30,LOAN,2019-10-21,2019-10-21 07:01:20,Q3,1916960.0,0.0,1916960.0,1.0,0.0,314820.0,0.0,860.0,769990.0,769990.0,0.0,340.0,1150310.0,0.60007,1146970.0,0.598328,3000.0,1149970.0,0.599893,0.0,1149970.0,0.599893,0.11905,0.11905,9659760.0,9659760.0,https://www.sec.gov/Archives/edgar/data/1080340/000149315219015735/0001493152-19-015735-index.htm,https://www.sec.gov/Archives/edgar/data/1080340/000149315219015735/form10-q.htm
0,2019-06-30,LOAN,2019-07-26,2019-07-26 07:01:04,Q2,1779370.0,0.0,1779370.0,1.0,0.0,309620.0,0.0,630.0,697760.0,697760.0,0.0,390.0,1085000.0,0.609766,1081610.0,0.607861,3000.0,1084620.0,0.609553,570.0,1084040.0,0.609227,0.1122,0.1122,9661620.0,9661620.0,https://www.sec.gov/Archives/edgar/data/1080340/000149315219011156/0001493152-19-011156-index.htm,https://www.sec.gov/Archives/edgar/data/1080340/000149315219011156/form10-q.htm
0,2019-03-31,LOAN,2019-04-15,2019-04-15 07:01:07,Q1,1788060.0,0.0,1788060.0,1.0,0.0,288740.0,0.0,2080.0,669700.0,669700.0,0.0,430.0,1121790.0,0.627378,1118360.0,0.62546,3000.0,1121360.0,0.627138,0.0,1121360.0,0.627138,0.1161,0.1161,9658160.0,9658160.0,https://www.sec.gov/Archives/edgar/data/1080340/000149315219005270/0001493152-19-005270-index.htm,https://www.sec.gov/Archives/edgar/data/1080340/000149315219003521/form10-k.htm
0,2018-12-31,LOAN,2019-03-18,2019-03-18 07:01:15,Q4,2000930.0,0.0,2000930.0,1.0,0.0,458730.0,0.0,1040.0,918640.0,918640.0,1509.0,420.0000000000002,1087229.0,0.543362,1082290.0,0.540893,3000.0,1085300.0,0.542398,0.0,1085300.0,0.542398,0.1122,0.1122,9673000.0,9673000.0,https://www.sec.gov/Archives/edgar/data/1080340/000149315219003521/0001493152-19-003521-index.htm,https://www.sec.gov/Archives/edgar/data/1080340/000149315219003521/form10-k.htm
0,2018-09-30,LOAN,2018-10-18,2018-10-18 07:01:15,Q3,1891450.0,0.0,1891450.0,1.0,0.0,272320.0,0.0,250.0,701990.0,701990.0,0.0,3290.0,1192110.0,0.630262,1189460.0,0.628861,0.0,1189460.0,0.628861,-642.0,1188820.0,0.628523,0.12818,0.12818,9274820.0,9274820.0,https://www.sec.gov/Archives/edgar/data/1080340/000149315218014601/0001493152-18-014601-index.htm,https://www.sec.gov/Archives/edgar/data/1080340/000149315218014601/form10-q.htm
0,2018-06-30,LOAN,2018-07-27,2018-07-27 07:01:07,Q2,1670000.0,0.0,1670000.0,1.0,0.0,310000.0,0.0,413156.0,720000.0,720000.0,17467.0,21712.0,967467.0,0.579322,950000.0,0.568862,0.0,950000.0,0.568862,0.0,950000.0,0.568862,0.117,0.117,8120000.0,8120000.0,https://www.sec.gov/Archives/edgar/data/1080340/000149315218010553/0001493152-18-010553-index.htm,https://www.sec.gov/Archives/edgar/data/1080340/000149315218010553/form10-q.htm
0,2018-03-31,LOAN,2018-04-16,2018-04-16 07:01:07,Q1,1660000.0,0.0,1660000.0,1.0,0.0,290000.0,0.0,398038.0,680000.0,680000.0,1533.0,29739.0,981533.0,0.591285,980000.0,0.590361,0.0,980000.0,0.590361,0.0,980000.0,0.590361,0.12069,0.12069,8120000.0,8120000.0,https://www.sec.gov/Archives/edgar/data/1080340/000149315218005176/0001493152-18-005176-index.htm,https://www.sec.gov/Archives/edgar/data/1080340/000149315218003536/form10-k.htm
0,2017-12-31,LOAN,2018-03-19,2018-03-19 07:01:11,Q4,1600000.0,0.0,1600000.0,1.0,0.0,380000.0,0.0,365887.0,750000.0,750000.0,1533.0,33753.0,851533.0,0.532208,850000.0,0.53125,0.0,850000.0,0.53125,0.0,850000.0,0.53125,0.10468,0.10468,8120000.0,8120000.0,https://www.sec.gov/Archives/edgar/data/1080340/000149315218003536/0001493152-18-003536-index.htm,https://www.sec.gov/Archives/edgar/data/1080340/000149315218003536/form10-k.htm
0,2017-09-30,LOAN,2017-10-19,2017-10-19 07:01:24,Q3,1590000.0,0.0,1590000.0,1.0,0.0,270000.0,0.0,353108.0,630000.0,630000.0,0.0,33753.0,960000.0,0.603774,960000.0,0.603774,0.0,960000.0,0.603774,-1099.0,960000.0,0.603774,0.11823,0.11823,8120000.0,8120000.0,https://www.sec.gov/Archives/edgar/data/1080340/000149315217011802/0001493152-17-011802-index.htm,https://www.sec.gov/Archives/edgar/data/1080340/000149315217011802/form10-q.htm
0,2017-06-30,LOAN,2017-07-27,2017-07-27 07:01:20,Q2,1400000.0,0.0,1400000.0,1.0,0.0,270000.0,0.0,278492.0,560000.0,560000.0,0.0,30812.0,840000.0,0.6,840000.0,0.6,0.0,840000.0,0.6,-1872.0,840000.0,0.6,0.10332,0.10332,8130000.0,8130000.0,https://www.sec.gov/Archives/edgar/data/1080340/000149315217008206/0001493152-17-008206-index.htm,https://www.sec.gov/Archives/edgar/data/1080340/000149315217008206/form10-q.htm
0,2017-03-31,LOAN,2017-04-25,2017-04-25 07:01:03,Q1,1330000.0,0.0,1330000.0,1.0,0.0,310000.0,0.0,232942.0,540000.0,540000.0,0.0,30813.0,790000.0,0.593985,790000.0,0.593985,0.0,790000.0,0.593985,0.0,790000.0,0.593985,0.09681,0.09681,8160000.0,8160000.0,https://www.sec.gov/Archives/edgar/data/1080340/000149315217004345/0001493152-17-004345-index.htm,https://www.sec.gov/Archives/edgar/data/1080340/000149315217002439/form10-k.htm
0,2016-12-31,LOAN,2017-03-15,2017-03-15 07:01:23,Q4,1210000.0,0.0,1210000.0,1.0,0.0,310000.0,0.0,189527.0,500000.0,500000.0,0.0,49877.0,710000.0,0.586777,710000.0,0.586777,0.0,710000.0,0.586777,0.0,710000.0,0.586777,0.08712,0.08712,8150000.0,8150000.0,https://www.sec.gov/Archives/edgar/data/1080340/000149315217002439/0001493152-17-002439-index.htm,https://www.sec.gov/Archives/edgar/data/1080340/000149315217002439/form10-k.htm
0,2016-09-30,LOAN,2016-10-26,2016-10-26 07:02:03,Q3,1170000.0,0.0,1170000.0,1.0,0.0,240000.0,0.0,207712.0,440000.0,440000.0,0.0,12041.0,720000.0,0.615385,720000.0,0.615385,0.0,720000.0,0.615385,0.0,720000.0,0.615385,0.09449,0.09449,7620000.0,7620000.0,https://www.sec.gov/Archives/edgar/data/1080340/000149315216014271/0001493152-16-014271-index.htm,https://www.sec.gov/Archives/edgar/data/1080340/000149315216014271/form10-q.htm
0,2016-06-30,LOAN,2016-07-28,2016-07-28 07:02:58,Q2,1170000.0,0.0,1170000.0,1.0,0.0,230000.0,0.0,210643.0,450000.0,450000.0,0.0,27392.0,710000.0,0.606838,710000.0,0.606838,0.0,710000.0,0.606838,-1638.0,710000.0,0.606838,0.09713,0.09713,7310000.0,7310000.0,https://www.sec.gov/Archives/edgar/data/1080340/000114420416114807/0001144204-16-114807-index.htm,https://www.sec.gov/Archives/edgar/data/1080340/000114420416114807/v444303_10q.htm
0,2016-03-31,LOAN,2016-05-02,2016-05-02 07:01:13,Q1,1100000.0,0.0,1100000.0,1.0,0.0,230000.0,0.0,180919.0,410000.0,410000.0,0.0,12041.0,700000.0,0.636364,700000.0,0.636364,0.0,700000.0,0.636364,-508.0,700000.0,0.636364,0.09602,0.09602,7290000.0,7290000.0,https://www.sec.gov/Archives/edgar/data/1080340/000114420416098115/0001144204-16-098115-index.htm,https://www.sec.gov/Archives/edgar/data/1080340/000114420416086636/v432821_10k.htm
0,2015-12-31,LOAN,2016-03-08,2016-03-08 16:26:24,Q4,1150000.0,0.0,1150000.0,1.0,0.0,340000.0,0.0,196836.0,550000.0,550000.0,0.0,10000.0,600000.0,0.521739,590000.0,0.513043,-28863.0,590000.0,0.513043,410.0,590000.0,0.513043,0.08149,0.08149,7240000.0,7240000.0,https://www.sec.gov/Archives/edgar/data/1080340/000114420416086636/0001144204-16-086636-index.htm,https://www.sec.gov/Archives/edgar/data/1080340/000114420416086636/v432821_10k.htm
0,2015-09-30,LOAN,2015-10-29,2015-10-29 07:00:43,Q3,1030000.0,0.0,1030000.0,1.0,0.0,230000.0,0.0,160823.0,390000.0,390000.0,0.0,12041.0,640000.0,0.621359,640000.0,0.621359,0.0,640000.0,0.621359,-2005.0,640000.0,0.621359,0.08815,0.08815,7260000.0,7260000.0,https://www.sec.gov/Archives/edgar/data/1080340/000114420415061351/0001144204-15-061351-index.htm,https://www.sec.gov/Archives/edgar/data/1080340/000114420415061351/v422413_10q.htm
0,2015-06-30,LOAN,2015-07-31,2015-07-31 07:00:38,Q2,910000.0,0.0,910000.0,1.0,0.0,210000.0,0.0,151837.0,380000.0,380000.0,0.0,12042.0,530000.0,0.582418,530000.0,0.582418,0.0,530000.0,0.582418,0.0,530000.0,0.582418,0.08141,0.08141,6510000.0,6510000.0,https://www.sec.gov/Archives/edgar/data/1080340/000114420415045344/0001144204-15-045344-index.htm,https://www.sec.gov/Archives/edgar/data/1080340/000114420415045344/v415765_10q.htm
0,2015-03-31,LOAN,2015-05-01,2015-05-01 11:26:31,Q1,910000.0,0.0,910000.0,1.0,0.0,250000.0,0.0,184252.0,440000.0,440000.0,0.0,3418.0,480000.0,0.527473,480000.0,0.527473,0.0,480000.0,0.527473,0.0,480000.0,0.527473,0.0783,0.0783,6130000.0,6130000.0,https://www.sec.gov/Archives/edgar/data/1080340/000114420415026878/0001144204-15-026878-index.htm,https://www.sec.gov/Archives/edgar/data/1080340/000114420415017617/v404003_10k.htm
0,2014-12-31,LOAN,2015-03-23,2015-03-23 07:00:48,Q4,900000.0,0.0,900000.0,1.0,0.0,320000.0,0.0,180842.0,500000.0,500000.0,0.0,0.0,400000.0,0.444444,400000.0,0.444444,536.0,400000.0,0.444444,-130.0,400000.0,0.444444,0.0659,0.0659,6070000.0,6070000.0,https://www.sec.gov/Archives/edgar/data/1080340/000114420415017617/0001144204-15-017617-index.htm,https://www.sec.gov/Archives/edgar/data/1080340/000114420415017617/v404003_10k.htm
0,2014-09-30,LOAN,2014-10-30,2014-10-30 07:00:55,Q3,770000.0,0.0,770000.0,1.0,0.0,200000.0,0.0,384770.0,350000.0,350000.0,0.0,0.0,430000.0,0.558442,420000.0,0.545455,10000.0,420000.0,0.545455,-27709.0,430000.0,0.558442,0.07776,0.07776,5530000.0,5530000.0,https://www.sec.gov/Archives/edgar/data/1080340/000114420414063785/0001144204-14-063785-index.htm,https://www.sec.gov/Archives/edgar/data/1080340/000114420414063785/v391725_10q.htm
0,2014-06-30,LOAN,2014-08-13,2014-08-13 07:00:48,Q2,630000.0,0.0,630000.0,1.0,0.0,180000.0,0.0,123181.0,300000.0,300000.0,0.0,0.0,340000.0,0.539683,330000.0,0.52381,10000.0,340000.0,0.539683,-80000.0,420000.0,0.666667,0.09722,0.09722,4320000.0,4320000.0,https://www.sec.gov/Archives/edgar/data/1080340/000114420414049079/0001144204-14-049079-index.htm,https://www.sec.gov/Archives/edgar/data/1080340/000114420414049079/v385721_10q.htm
0,2014-03-31,LOAN,2014-05-01,2014-05-01 12:14:32,Q1,610000.0,0.0,610000.0,1.0,0.0,180000.0,0.0,116532.0,290000.0,290000.0,0.0,0.0,330000.0,0.540984,320000.0,0.52459,10000.0,320000.0,0.52459,120000.0,210000.0,0.344262,0.04895,0.04895,4290000.0,4290000.0,https://www.sec.gov/Archives/edgar/data/1080340/000114420414026724/0001144204-14-026724-index.htm,https://www.sec.gov/Archives/edgar/data/1080340/000114420414017236/v371655_10k.htm
0,2013-12-31,LOAN,2014-03-24,2014-03-24 07:06:03,Q4,590000.0,0.0,590000.0,1.0,0.0,290000.0,0.0,119620.0,440000.0,440000.0,1124.0,9099.0,151124.0,0.256142,140000.0,0.237288,10000.0,150000.0,0.254237,90000.0,60000.0,0.101695,0.01399,0.01399,4290000.0,4290000.0,https://www.sec.gov/Archives/edgar/data/1080340/000114420414017236/0001144204-14-017236-index.htm,https://www.sec.gov/Archives/edgar/data/1080340/000114420414017236/v371655_10k.htm
0,2013-09-30,LOAN,2013-10-30,2013-10-30 11:27:01,Q3,590000.0,0.0,590000.0,1.0,0.0,170000.0,0.0,119585.0,290000.0,290000.0,0.0,9098.0,300000.0,0.508475,290000.0,0.491525,10000.0,300000.0,0.508475,110000.0,190000.0,0.322034,0.04429,0.04429,4290000.0,4290000.0,https://www.sec.gov/Archives/edgar/data/1080340/000114420413057579/0001144204-13-057579-index.htm,https://www.sec.gov/Archives/edgar/data/1080340/000114420413057579/v357756_10q.htm
0,2013-06-30,LOAN,2013-07-31,2013-07-31 07:01:34,Q2,550000.0,0.0,550000.0,1.0,0.0,200000.0,0.0,101893.0,310000.0,310000.0,0.0,10434.0,260000.0,0.472727,250000.0,0.454545,10000.0,250000.0,0.454545,100000.0,160000.0,0.290909,0.03695,0.03695,4330000.0,4330000.0,https://www.sec.gov/Archives/edgar/data/1080340/000114420413042077/0001144204-13-042077-index.htm,https://www.sec.gov/Archives/edgar/data/1080340/000114420413042077/v350225_10q.htm
0,2013-03-31,LOAN,2013-05-03,2013-05-03 07:00:55,Q1,530000.0,0.0,530000.0,1.0,0.0,170000.0,0.0,103242.0,280000.0,280000.0,0.0,13104.0,260000.0,0.490566,260000.0,0.490566,10000.0,270000.0,0.509434,90000.0,170000.0,0.320755,0.03953,0.03953,4300000.0,4300000.0,https://www.sec.gov/Archives/edgar/data/1080340/000114420413026111/0001144204-13-026111-index.htm,https://www.sec.gov/Archives/edgar/data/1080340/000114420413016885/v337677_10k.htm
0,2012-12-31,LOAN,2013-03-22,2013-03-22 12:54:42,Q4,520000.0,0.0,520000.0,1.0,0.0,320000.0,0.0,95045.0,410000.0,410000.0,455.0,29130.0,110455.0,0.212413,110000.0,0.211538,10000.0,110000.0,0.211538,80000.0,30000.0,0.057692,0.00671,0.00671,4470000.0,4470000.0,https://www.sec.gov/Archives/edgar/data/1080340/000114420413016885/0001144204-13-016885-index.htm,https://www.sec.gov/Archives/edgar/data/1080340/000114420413016885/v337677_10k.htm
0,2012-09-30,LOAN,2012-10-29,2012-10-29 07:08:07,Q3,490000.0,0.0,490000.0,1.0,0.0,180000.0,0.0,88009.0,270000.0,270000.0,0.0,13105.0,230000.0,0.469388,220000.0,0.44898,10000.0,230000.0,0.469388,70000.0,160000.0,0.326531,0.03695,0.03695,4330000.0,4330000.0,https://www.sec.gov/Archives/edgar/data/1080340/000114420412058156/0001144204-12-058156-index.htm,https://www.sec.gov/Archives/edgar/data/1080340/000114420412058156/v325740_10q.htm
0,2012-06-30,LOAN,2012-08-06,2012-08-06 14:31:42,Q2,410000.0,0.0,410000.0,1.0,0.0,200000.0,0.0,60463.0,260000.0,260000.0,0.0,-4256.0,160000.0,0.390244,160000.0,0.390244,10000.0,160000.0,0.390244,80000.0,80000.0,0.195122,0.01848,0.01848,4330000.0,4330000.0,https://www.sec.gov/Archives/edgar/data/1080340/000114420412043001/0001144204-12-043001-index.htm,https://www.sec.gov/Archives/edgar/data/1080340/000114420412043001/v318969_10q.htm
0,2012-03-31,LOAN,2012-05-08,2012-05-08 14:12:13,Q1,390000.0,0.0,390000.0,1.0,0.0,170000.0,0.0,43270.0,210000.0,210000.0,0.0,9099.0,180000.0,0.461538,180000.0,0.461538,10000.0,190000.0,0.487179,70000.0,110000.0,0.282051,0.02828,0.02828,3890000.0,3890000.0,https://www.sec.gov/Archives/edgar/data/1080340/000114420412026756/0001144204-12-026756-index.htm,https://www.sec.gov/Archives/edgar/data/1080340/000114420412016174/v306435_10k.htm
0,2011-12-31,LOAN,2012-03-20,2012-03-20 17:03:36,Q4,370000.0,0.0,370000.0,1.0,0.0,300000.0,0.0,10000.0,350000.0,350000.0,0.0,9099.0,20000.0,0.054054,20000.0,0.054054,10000.0,30000.0,0.081081,30000.0,-10000.0,-0.027027,-0.00231,-0.00231,4330000.0,4330000.0,https://www.sec.gov/Archives/edgar/data/1080340/000114420412016174/0001144204-12-016174-index.htm,https://www.sec.gov/Archives/edgar/data/1080340/000114420412016174/v306435_10k.htm
0,2011-09-30,LOAN,2011-11-14,2011-11-14 14:40:38,Q3,350000.0,0.0,350000.0,1.0,0.0,200000.0,0.0,39481.0,240000.0,240000.0,0.0,9099.0,140000.0,0.4,110000.0,0.314286,30000.0,140000.0,0.4,40000.0,100000.0,0.285714,0.02809,0.02809,3560000.0,3560000.0,https://www.sec.gov/Archives/edgar/data/1080340/000114420411064102/0001144204-11-064102-index.htm,https://www.sec.gov/Archives/edgar/data/1080340/000114420411064102/v239375_10q.htm
0,2011-06-30,LOAN,2011-08-10,2011-08-10 12:48:55,Q2,340000.0,0.0,340000.0,1.0,0.0,190000.0,0.0,28289.0,230000.0,230000.0,0.0,9098.0,140000.0,0.411765,110000.0,0.323529,30000.0,140000.0,0.411765,50000.0,90000.0,0.264706,0.02647,0.02647,3400000.0,3400000.0,https://www.sec.gov/Archives/edgar/data/1080340/000114420411045220/0001144204-11-045220-index.htm,https://www.sec.gov/Archives/edgar/data/1080340/000114420411045220/v230908_10q.htm
0,2011-03-31,LOAN,2011-05-12,2011-05-12 11:21:39,Q1,340000.0,0.0,340000.0,1.0,0.0,180000.0,0.0,16676.0,200000.0,200000.0,-16676000,9099.0,-16536000,-48.635294,140000.0,0.411765,10000.0,140000.0,0.411765,60000.0,80000.0,0.235294,0.02353,0.02353,3400000.0,3400000.0,https://www.sec.gov/Archives/edgar/data/1080340/000114420411028426/0001144204-11-028426-index.htm,https://www.sec.gov/Archives/edgar/data/1080340/000114420411015167/v214862_10k.htm
0,2010-12-31,LOAN,2011-03-16,2011-03-16 14:43:27,Q4,300000.0,0.0,300000.0,1.0,0.0,280000.0,0.0,10000.0,290000.0,290000.0,-6900000.0,759.0,-6890000.0,-22.966667,2264.0,0.007623049623898126,630.0,2894.0,0.009744304598746102,40000.0,-30000.0,-0.1,-0.00904,-0.00904,3320000.0,3320000.0,https://www.sec.gov/Archives/edgar/data/1080340/000114420411015167/0001144204-11-015167-index.htm,https://www.sec.gov/Archives/edgar/data/1080340/000114420411015167/v214862_10k.htm
0,2010-09-30,LOAN,2010-10-27,2010-10-27 17:00:31,Q3,310000.0,0.0,310000.0,1.0,0.0,180000.0,0.0,6900000.0,190000.0,190000.0,-6900000.0,758.0,-6780000.0,-21.870968,120000.0,0.387097,175.0,120000.0,0.387097,60000.0,60000.0,0.193548,0.01775,0.01775,3380000.0,3380000.0,https://www.sec.gov/Archives/edgar/data/1080340/000114420410055839/0001144204-10-055839-index.htm,https://www.sec.gov/Archives/edgar/data/1080340/000114420410055839/v199966_10q.htm
0,2010-06-30,LOAN,2010-08-03,2010-08-03 06:02:13,Q2,320000.0,0.0,320000.0,1.0,0.0,180000.0,0.0,9593000.0,190000.0,190000.0,-9593000.0,758.0,-9373000.0,-29.290625,120000.0,0.375,96956.0,220000.0,0.6875,70000.0,150000.0,0.46875,0.04451,0.04451,3370000.0,3370000.0,https://www.sec.gov/Archives/edgar/data/1080340/000114420410040760/0001144204-10-040760-index.htm,https://www.sec.gov/Archives/edgar/data/1080340/000114420410040760/v192117_10q.htm
0,2010-03-31,LOAN,2010-05-05,2010-05-05 11:42:39,Q1,290000.0,0.0,290000.0,1.0,0.0,140000.0,0.0,5134000.0,150000.0,150000.0,-5134000.0,758.0,-4934000.0,-17.013793,140000.0,0.482759,58630.0,200000.0,0.689655,60000.0,140000.0,0.482759,0.04154,0.04154,3370000.0,3370000.0,https://www.sec.gov/Archives/edgar/data/1080340/000114420410024496/0001144204-10-024496-index.htm,https://www.sec.gov/Archives/edgar/data/1080340/000114420410013737/v177525_10k.htm
0,2009-12-31,LOAN,2010-03-16,2010-03-16 13:56:07,Q4,270000.0,0.0,270000.0,1.0,0.0,220000.0,0.0,-24133.0,220000.0,220000.0,0.0,758.0,60000.0,0.222222,50000.0,0.185185,20000.0,70000.0,0.259259,60000.0,6544.0,0.024358196510792574,0.07,0.07,3330000.0,3330000.0,https://www.sec.gov/Archives/edgar/data/1080340/000114420410013737/0001144204-10-013737-index.htm,https://www.sec.gov/Archives/edgar/data/1080340/000114420410013737/v177525_10k.htm
0,2009-09-30,LOAN,2009-11-02,2009-11-02 07:30:26,Q3,290000.0,0.0,290000.0,1.0,0.0,150000.0,0.0,24133.0,150000.0,150000.0,0.0,760.0,130000.0,0.448276,140000.0,0.482759,-4423.0,140000.0,0.482759,50000.0,80000.0,0.275862,0.02402,0.02402,3330000.0,3330000.0,https://www.sec.gov/Archives/edgar/data/1080340/000114420409055765/0001144204-09-055765-index.htm,https://www.sec.gov/Archives/edgar/data/1080340/000114420409055765/v164259_10q.htm
0,2009-06-30,LOAN,2009-08-03,2009-08-03 08:32:13,Q2,250000.0,0.0,250000.0,1.0,0.0,170000.0,0.0,0.0,170000.0,170000.0,20000.0,1223.0,120000.0,0.48,80000.0,0.32,19332.0,100000.0,0.4,40000.0,60000.0,0.24,0.01802,0.01802,3330000.0,3330000.0,https://www.sec.gov/Archives/edgar/data/1080340/000114420409039932/0001144204-09-039932-index.htm,https://www.sec.gov/Archives/edgar/data/1080340/000114420409039932/v155954_10q.htm
0,2009-03-31,LOAN,2009-05-12,2009-05-12 12:00:34,Q1,230000.0,0.0,230000.0,1.0,0.0,130000.0,0.0,0.0,130000.0,130000.0,10000.0,1222.0,120000.0,0.521739,100000.0,0.434783,9224.0,110000.0,0.478261,20000.0,90000.0,0.391304,0.02703,0.02703,3330000.0,3330000.0,https://www.sec.gov/Archives/edgar/data/1080340/000114420409025637/0001144204-09-025637-index.htm,https://www.sec.gov/Archives/edgar/data/1080340/000116923209001603/d76514_10-k.htm
0,2008-12-31,LOAN,2009-03-18,2009-03-18 16:00:55,Q4,210000.0,0.0,210000.0,1.0,0.0,230000.0,0.0,40000.0,360000.0,360000.0,-610000.0,40000.0,-1330000.0,-6.333333,-150000.0,-0.714286,0.0,-760000.0,-3.619048,-1817.0,-760000.0,-3.619048,-0.23171,-0.23171,3280000.0,3280000.0,https://www.sec.gov/Archives/edgar/data/1080340/000116923209001603/0001169232-09-001603-index.htm,https://www.sec.gov/Archives/edgar/data/1080340/000116923209001603/d76514_10-k.htm
0,2008-09-30,LOAN,2008-10-30,2008-10-30 08:42:16,Q3,200000.0,0.0,200000.0,1.0,0.0,140000.0,0.0,10000.0,160000.0,160000.0,20000.0,10000.000000000002,90000.0,0.45,40000.0,0.2,4507.0,60000.0,0.3,10000.0,50000.0,0.25,0.01543,0.01543,3240000.0,3240000.0,https://www.sec.gov/Archives/edgar/data/1080340/000116923208003811/0001169232-08-003811-index.htm,https://www.sec.gov/Archives/edgar/data/1080340/000116923208003811/d75165_10-q.htm
0,2008-06-30,LOAN,2008-08-05,2008-08-05 11:43:12,Q2,180000.0,0.0,180000.0,1.0,0.0,150000.0,0.0,10000.0,160000.0,160000.0,30000.0,19999.999999999996,100000.0,0.555556,20000.0,0.111111,34493.0,50000.0,0.277778,0.0,50000.0,0.277778,0.01543,0.01543,3240000.0,3240000.0,https://www.sec.gov/Archives/edgar/data/1080340/000116923208002871/0001169232-08-002871-index.htm,https://www.sec.gov/Archives/edgar/data/1080340/000116923208002871/d74677_10-q.htm
0,2008-03-31,LOAN,2008-05-12,2008-05-12 08:26:16,Q1,170000.0,0.0,170000.0,1.0,0.0,160000.0,0.0,10000.0,170000.0,170000.0,30000.0,10000.0,170000.0,1.0,-10000.0,-0.058824,40000.0,60000.0,0.352941,-10000.0,140000.0,0.823529,0.04321,0.04321,3240000.0,3240000.0,https://www.sec.gov/Archives/edgar/data/1080340/000116923208001973/0001169232-08-001973-index.htm,https://www.sec.gov/Archives/edgar/data/1080340/000116923208001360/d73902_10ksb-a.htm
0,2007-12-31,LOAN,2008-03-18,2008-03-17 17:50:55,Q4,150000.0,0.0,150000.0,1.0,0.0,220000.0,4754000.0,10000.0,260000.0,260000.0,170000.0,10000.000000000002,320000.0,2.133333,-100000.0,-0.666667,-88390.0,60000.0,0.4,-180000.0,320000.0,2.133333,0.09877,0.09877,3240000.0,3240000.0,https://www.sec.gov/Archives/edgar/data/1080340/000116923208001360/0001169232-08-001360-index.htm,https://www.sec.gov/Archives/edgar/data/1080340/000116923208001360/d73902_10ksb-a.htm
0,2007-09-30,LOAN,2007-11-13,2007-11-13 08:04:16,Q3,60000.0,0.0,60000.0,1.0,0.0,160000.0,4034000.0,10000.0,170000.0,170000.0,90000.0,10000.000000000002,270000.0,4.5,-110000.0,-1.833333,87990.0,-20000.0,-0.333333,0.0,170000.0,2.833333,0.05247,0.05247,3240000.0,3240000.0,https://www.sec.gov/Archives/edgar/data/1080340/000116923207004223/0001169232-07-004223-index.htm,https://www.sec.gov/Archives/edgar/data/1080340/000116923207004223/d72978_10qsb.htm
0,2007-06-30,LOAN,2007-08-10,2007-08-10 16:01:06,Q2,10000.0,34000.0,-24000.0,-2.4,0.0,190000.0,8958000.0,10000.0,200000.0,200000.0,110000.0,19999.999999999996,-230000.0,-23.0,-190000.0,-19.0,111584.0,-80000.0,-8.0,0.0,-360000.0,-36.0,-0.11111,-0.11111,3240000.0,3240000.0,https://www.sec.gov/Archives/edgar/data/1080340/000116923207003224/0001169232-07-003224-index.htm,https://www.sec.gov/Archives/edgar/data/1080340/000116923207003224/d72472_10-qsb.htm
0,2007-03-31,LOAN,2007-05-09,2007-05-09 17:01:36,Q1,25024.0,18013.0,7011.0,0.2801710358056266,0.0,200000.0,4833000.0,10000.0,210000.0,210000.0,30000.0,10000.0,-120000.0,-8.931345907928389,-210000.0,-9.685461956521738,24807.0,-190000.0,-8.694133631713555,0.0,-160000.0,-6.236612851662404,-0.04938,-0.04938,3240000.0,3240000.0,https://www.sec.gov/Archives/edgar/data/1080340/000116923207002234/0001169232-07-002234-index.htm,https://www.sec.gov/Archives/edgar/data/1080340/000116923207001565/d71386_10ksb.htm
0,2006-12-31,LOAN,2007-03-26,2007-03-26 14:59:02,Q4,220000.0,190000.0,30000.0,0.13636363636363635,0.0,370000.0,-20268000,10000.0,379999.99999999994,570000.0,0.0,9999.999999999998,-120000.0,-0.545455,-350000.0,-1.590909,120000.0,-230000.0,-1.045455,0.0,-130000.0,-0.590909,-0.04025,-0.04025,3230000.0,3230000.0,https://www.sec.gov/Archives/edgar/data/1080340/000116923207001565/0001169232-07-001565-index.htm,https://www.sec.gov/Archives/edgar/data/1080340/000116923207001565/d71386_10ksb.htm
0,2006-09-30,LOAN,2006-11-07,2006-11-07 15:29:25,Q3,10000.0,0.0,10000.0,1.0,0.0,250000.0,41303000,10000.0,260000.0,260000.0,0.0,10000.0,-110000.0,-11.0,-250000.0,-25.0,60000.0,-190000.0,-19.0,0.0,-120000.0,-12.0,-0.03774,-0.03774,3180000.0,3180000.0,https://www.sec.gov/Archives/edgar/data/1080340/000116923206004307/0001169232-06-004307-index.htm,https://www.sec.gov/Archives/edgar/data/1080340/000116923206004307/d69763_10-qsb.htm
0,2006-06-30,LOAN,2006-08-14,2006-08-14 13:55:40,Q2,0.0,0.0,0.0,0.0,0.0,190000.0,15529000,110000.0,300000.0,300000.0,0.0,10000.0,450000.0,0.0,-300000.0,0.0,90000.0,-210000.0,0.0,0.0,440000.0,0.0,0.13924,0.13924,3160000.0,3160000.0,https://www.sec.gov/Archives/edgar/data/1080340/000116923206003459/0001169232-06-003459-index.htm,https://www.sec.gov/Archives/edgar/data/1080340/000116923206003459/d68937_10-qsb.htm
0,2006-03-31,LOAN,2006-05-15,2006-05-15 14:13:13,Q1,0.0,0.0,0.0,0.0,0.0,210000.0,0.0,-42629.0,210000.0,210000.0,0.0,3714.0,-370000.0,0.0,-210000.0,0.0,-40000.0,-250000.0,0.0,0.0,-370000.0,0.0,-0.11783,-0.11783,3140000.0,3140000.0,https://www.sec.gov/Archives/edgar/data/1080340/000116923206002420/0001169232-06-002420-index.htm,https://www.sec.gov/Archives/edgar/data/1080340/000116923206002215/d67811_10ksb-a.htm
0,2005-12-31,LOAN,2006-05-05,2006-05-05 12:57:46,Q4,609616.0,126728.0,482888.0,0.792118317104538,0.0,160000.0,201546000,0.0,160000.0,160000.0,0.0,10000.0,-200000.0,-0.6155678328652792,-160000.0,-0.6477848350436997,180000.0,30000.0,-0.3485210361932758,0.0,-210000.0,-0.3485210361932758,-0.06709,-0.06709,3130000.0,3130000.0,https://www.sec.gov/Archives/edgar/data/1080340/000116923206002215/0001169232-06-002215-index.htm,https://www.sec.gov/Archives/edgar/data/1080340/000116923206002215/d67811_10ksb-a.htm
0,2005-09-30,LOAN,2005-10-28,2005-10-28 16:12:44,Q3,2157740.0,326058.0,1831682.0,0.8488891154634015,0.0,160000.0,1098615000,27435.0,160000.0,160000.0,0.0,43045.0,-100000.0,-0.17264498966511257,-160000.0,-0.1925941030893435,110000.0,-60000.0,-0.02668718195890144,0.0,-100000.0,-0.02668718195890144,-0.03205,-0.03205,3120000.0,3120000.0,https://www.sec.gov/Archives/edgar/data/1080340/000114420405033148/0001144204-05-033148-index.htm,https://www.sec.gov/Archives/edgar/data/1080340/000114420405033148/v027958.htm
0,2005-06-30,LOAN,,,Q2,0.0,0.0,0.0,0.0,0.0,170000.0,0.0,0.0,170000.0,170000.0,0.0,10000.0,-10000.0,0.0,-170000.0,0.0,250000.0,80000.0,0.0,0.0,-20000.0,0.0,-0.00641,-0.00641,3120000.0,3120000.0,,
0,2005-03-31,LOAN,,,Q1,0.0,0.0,0.0,0.0,0.0,160000.0,0.0,0.0,160000.0,160000.0,0.0,0.0,-190000.0,0.0,-160000.0,0.0,-30000.0,-190000.0,0.0,0.0,-190000.0,0.0,-0.06109,-0.06109,3110000.0,3110000.0,,
0,2004-12-31,LOAN,,,Q4,920000.0,130000.0,790000.0,0.858696,0.0,1160000.0,0.0,0.0,1160000.0,1290000.0,400000.0,30000.0,270000.0,0.293478,-370000.0,-0.402174,-140000.0,-110000.0,-0.119565,-60000.0,-100000.0,-0.108696,-0.03378,-0.03378,2960000.0,2960000.0,,
0,2004-09-30,LOAN,,,Q3,1990000.0,230000.0,1760000.0,0.884422,0.0,1710000.0,0.0,0.0,1700000.0,1930000.0,0.0,50000.0,1370000.0,0.688442,50000.0,0.025126,90000.0,140000.0,0.070352,130000.0,1190000.0,0.59799,0.36728,0.36728,3240000.0,3240000.0,,
0,2004-06-30,LOAN,,,Q2,600000.0,150000.0,450000.0,0.75,0.0,900000.0,0.0,0.0,900000.0,1050000.0,0.0,20000.000000000004,-380000.0,-0.633333,-450000.0,-0.75,130000.0,-320000.0,-0.533333,-140000.0,-260000.0,-0.433333,-0.08442,-0.08442,3080000.0,3080000.0,,
0,2004-03-31,LOAN,,,Q1,2440000.0,400000.0,2040000.0,0.836066,0.0,1690000.0,0.0,0.0,1680000.0000000002,2080000.0000000002,0.0,30000.0,380000.0,0.155738,350000.0,0.143443,120000.0,470000.0,0.192623,140000.0,210000.0,0.086066,0.06709,0.06709,3130000.0,3130000.0,,
0,2003-12-31,LOAN,,,Q4,1340000.0,350000.0,990000.0,0.738806,0.0,990000.0,0.0,0.0,990000.0000000001,1340000.0,40000.0,30000.0,590000.0,0.440299,0.0,0.0,20000.0,50000.0,0.037313,70000.0,450000.0,0.335821,0.15306,0.15306,2940000.0,2940000.0,,
0,2003-09-30,LOAN,,,Q3,2040000.0,230000.0,1820000.0,0.892157,0.0,1650000.0,0.0,0.0,1650000.0,1880000.0,0.0,9999.999999999995,1340000.0,0.656863,160000.0,0.078431,100000.0,1470000.0,0.720588,190000.0,1140000.0,0.558824,0.37874,0.37874,3010000.0,3010000.0,,
0,2003-06-30,LOAN,,,Q2,1380000.0,370000.0,1010000.0,0.731884,0.0,870000.0,0.0,0.0,870000.0,1240000.0,0.0,40000.0,-60000.0,-0.043478,140000.0,0.101449,50000.0,190000.0,0.137681,-50000.0,-50000.0,-0.036232,-0.01701,-0.01701,2940000.0,2940000.0,,
0,2003-03-31,LOAN,,,Q1,2160000.0,340000.0,1820000.0,0.842593,0.0,1750000.0,0.0,0.0,1740000.0,2080000.0,0.0,40000.0,180000.0,0.083333,80000.0,0.037037,60000.0,130000.0,0.060185,70000.0,70000.0,0.032407,0.02373,0.02373,2950000.0,2950000.0,,
0,2002-12-31,LOAN,,,Q4,1720000.0,700000.0,1030000.0,0.598837,0.0,1470000.0,0.0,0.0,1470000.0,2170000.0,-10000.0,39999.99999999999,-340000.0,-0.197674,-440000.0,-0.255814,80000.0,-370000.0,-0.215116,-160000.0,-210000.0,-0.122093,-0.07216,-0.07216,2910000.0,2910000.0,,
0,2002-09-30,LOAN,,,Q3,1850000.0,300000.0,1560000.0,0.843243,0.0,1780000.0,0.0,0.0,1769999.9999999998,2069999.9999999998,0.0,30000.000000000007,-150000.0,-0.081081,-220000.0,-0.118919,50000.0,-170000.0,-0.091892,-90000.0,-90000.0,-0.048649,-0.03072,-0.03072,2930000.0,2930000.0,,
0,2002-06-30,LOAN,,,Q2,1380000.0,520000.0,860000.0,0.623188,0.0,1040000.0,0.0,0.0,1050000.0,1570000.0,0.0,20000.0,-110000.0,-0.07971,-180000.0,-0.130435,50000.0,-130000.0,-0.094203,-60000.0,-70000.0,-0.050725,-0.02389,-0.02389,2930000.0,2930000.0,,
0,2002-03-31,LOAN,,,Q1,1580000.0,220000.0,1360000.0,0.860759,0.0,1110000.0,0.0,0.0,1100000.0,1320000.0,0.0,20000.0,-550000.0,-0.348101,250000.0,0.158228,70000.0,320000.0,0.202532,160000.0,-730000.0,-0.462025,-0.25086,-0.25086,2910000.0,2910000.0,,
0,2001-12-31,LOAN,,,Q4,1190000.0,500000.0,690000.0,0.579832,0.0,1320000.0,0.0,0.0,1320000.0,1820000.0,90000.0,39999.99999999999,-420000.0,-0.352941,-640000.0,-0.537815,-10000.0,-550000.0,-0.462185,-250000.0,-300000.0,-0.252101,-0.10309,-0.10309,2910000.0,2910000.0,,
0,2001-09-30,LOAN,,,Q3,1460000.0,210000.0,1250000.0,0.856164,0.0,1100000.0,0.0,0.0,1110000.0,1320000.0,0.0,20000.000000000004,240000.0,0.164384,150000.0,0.10274,70000.0,220000.0,0.150685,100000.0,120000.0,0.082192,0.04124,0.04124,2910000.0,2910000.0,,
0,2001-06-30,LOAN,,,Q2,1430000.0,600000.0,830000.0,0.58042,0.0,1000000.0,0.0,0.0,1000000.0,1600000.0,0.0,20000.000000000004,10000.000000000004,0.006993,-170000.0,-0.118881,160000.0,-10000.0,-0.006993,0.0,-10000.0,-0.006993,-0.00341,-0.00341,2930000.0,2930000.0,,
0,2001-03-31,LOAN,,,Q1,1500000.0,190000.0,1310000.0,0.873333,0.0,1260000.0,0.0,0.0,1260000.0,1450000.0,0.0,30000.0,170000.0,0.113333,50000.0,0.033333,80000.0,140000.0,0.093333,70000.0,70000.0,0.046667,0.02405,0.02405,2910000.0,2910000.0,,
0,2000-12-31,LOAN,,,Q4,1750000.0,550000.0,1200000.0,0.685714,0.0,1560000.0,0.0,0.0,1559999.9999999998,2110000.0,0.0,19999.99999999999,-210000.0,-0.12,-360000.0,-0.205714,130000.0,-230000.0,-0.131429,-120000.0,-110000.0,-0.062857,-0.0378,-0.0378,2910000.0,2910000.0,,
0,2000-09-30,LOAN,,,Q3,1720000.0,310000.0,1410000.0,0.819767,0.0,1320000.0,0.0,0.0,1319999.9999999998,1629999.9999999998,0.0,20000.000000000004,220000.0,0.127907,90000.0,0.052326,110000.0,200000.0,0.116279,110000.0,90000.0,0.052326,0.03093,0.03093,2910000.0,2910000.0,,
0,2000-06-30,LOAN,2000-08-04 00:00:00,2000-08-04 00:00:00,Q2,140000.0,60000.0,70000.0,0.5,0.0,650000.0,0.0,0.0,649999.9999999999,709999.9999999999,0.0,30000.000000000004,-450000.0,-3.214286,-580000.0,-4.142857,110000.0,-470000.0,-3.357143,-220000.0,-260000.0,-1.857143,-0.08935,-0.08935,2910000.0,2910000.0,https://www.sec.gov/Archives/edgar/data/1080340/000100547700005471/0001005477-00-005471-index.html,https://www.sec.gov/Archives/edgar/data/1080340/000100547700005471/0001005477-00-005471-0001.txt
0,2000-03-31,LOAN,,,Q1,2630000.0,500000.0,2130000.0,0.809886,0.0,1540000.0,0.0,0.0,1540000.0,2040000.0,0.0,20000.0,180000.0,0.068441,590000.0,0.224335,80000.0,670000.0,0.254753,310000.0,-150000.0,-0.057034,-0.05155,-0.05155,2910000.0,2910000.0,,
0,1999-12-31,LOAN,,,Q4,500000.0,40000.0,460000.0,0.92,0.0,840000.0,0.0,0.0,840000.0,880000.0,0.0,19999.999999999996,-260000.0,-0.52,-380000.0,-0.76,90000.0,-290000.0,-0.58,-120000.0,-160000.0,-0.32,-0.08205,-0.08205,1950000.0,1950000.0,,
0,1999-09-30,LOAN,,,Q3,1590000.0,70000.0,1530000.0,0.962264,0.0,1360000.0,0.0,0.0,1360000.0,1430000.0,0.0,20000.0,280000.0,0.176101,170000.0,0.106918,90000.0,260000.0,0.163522,110000.0,150000.0,0.09434,0.05051,0.05051,2970000.0,2970000.0,,
0,1999-06-30,LOAN,,,Q2,280000.0,40000.0,250000.0,0.892857,0.0,230000.0,0.0,0.0,230000.0,270000.0,0.0,10000.0,70000.0,0.25,20000.0,0.071429,40000.0,60000.0,0.214286,10000.0,50000.0,0.178571,0.01678,0.01678,2980000.0,2980000.0,,
