,date,symbol,fillingDate,acceptedDate,period,revenue,costOfRevenue,grossProfit,grossProfitRatio,researchAndDevelopmentExpenses,generalAndAdministrativeExpenses,sellingAndMarketingExpenses,otherExpenses,operatingExpenses,costAndExpenses,interestExpense,depreciationAndAmortization,ebitda,ebitdaratio,operatingIncome,operatingIncomeRatio,totalOtherIncomeExpensesNet,incomeBeforeTax,incomeBeforeTaxRatio,incomeTaxExpense,netIncome,netIncomeRatio,eps,epsdiluted,weightedAverageShsOut,weightedAverageShsOutDil,link,finalLink
0,2020-09-30,CLI,2020-11-04,2020-11-04 16:36:43,Q3,77650000,0,77650000,1,0,28945000,0,-18889000,28945000,28945000,20265000,30753000,-45631000,-0.5876497102382485,-76384000,-0.9836960721184803,3999000,-41118000,-0.5295299420476497,0,-41118000,-0.5295299420476497,-0.84,-0.84,90629000,90629000,https://www.sec.gov/Archives/edgar/data/924901/000156276220000381/0001562762-20-000381-index.htm,https://www.sec.gov/Archives/edgar/data/924901/000156276220000381/cli-20200930x10q.htm
0,2020-06-30,CLI,2020-08-03,2020-07-31 19:38:41,Q2,72650000,32404000,40246000,0.5539710942876807,0,17242000,0,-21551000,61428999.99999999,93833000,20612000,26540999.999999996,12265999.999999996,0.168837,-21183000,-0.291576,1297000,-42734000,-0.588217,0,-34887000,-0.480206,-0.38494,-0.38494,90629000,90629000,https://www.sec.gov/Archives/edgar/data/924901/000156276220000265/0001562762-20-000265-index.htm,https://www.sec.gov/Archives/edgar/data/924901/000156276220000265/cli-20200630x10q.htm
0,2020-03-31,CLI,2020-05-11,2020-05-11 09:32:16,Q1,82057000,34575000,47482000,0.578647,0,15818000,0,-24696000,54876999.99999999,89452000,20918000,32904000,13898000,0.16937,-7395000,-0.09012,0,-32091000,-0.391082,0,-39924000,-0.48654,-0.44058,-0.44058,90616000,90616000,https://www.sec.gov/Archives/edgar/data/924901/000156276220000075/cli-20191231x10k.htm,https://www.sec.gov/Archives/edgar/data/924901/000156276220000075/cli-20191231x10k.htm
0,2019-12-31,CLI,2020-02-26 00:00:00,2020-02-26 17:24:37,Q4,350935000,147438000,203497000,0.579871,0,57535000,0,2261000,222608000,370046000,18830000,-16014999.999999985,114676000.00000001,0.326773,-19111000,-0.054457,0,252554000,0.71966,0,111861000,0.318751,1.11096,1.11096,100689000,100689000,https://www.sec.gov/Archives/edgar/data/1067063/000156276220000075/0001562762-20-000075-index.html,https://www.sec.gov/Archives/edgar/data/924901/000156276220000075/cli-20191231x10k.htm
0,2019-09-30,CLI,2019-10-30,2019-10-30 17:21:55,Q3,131884000,55285000,76599000,0.580806,0,12054000,0,534000,74463000,129748000,23450000,48336000,15858000,0.120242,2136000,0.016196,0,-56021000,-0.424775,0,-55928000,-0.42407,-0.61742,-0.61742,90584000,90584000,https://www.sec.gov/Archives/edgar/data/924901/000092490119000008/cli-20190930x10q.htm,https://www.sec.gov/Archives/edgar/data/924901/000092490119000008/cli-20190930x10q.htm
0,2019-06-30,CLI,2019-08-07,2019-08-07 16:56:19,Q2,86605000,37001000,49604000,0.572761,0,16946000,0,-21975000,50827999.99999999,87829000,23515000,48530000,49991000,0.57723,-1224000,-0.014133,0,-22479000,-0.259558,0,-22054000,-0.25465,-0.2436,-0.2436,90533000,90533000,https://www.sec.gov/Archives/edgar/data/924901/000156276219000183/cli-20190630x10q.htm,https://www.sec.gov/Archives/edgar/data/924901/000156276219000183/cli-20190630x10q.htm
0,2019-03-31,CLI,2019-05-01,2019-05-01 16:39:25,Q1,90266000,38821000,51445000,0.569927,0,13319000,0,259482000,43542000,82363000,24774000,47294000,316563000,3.507002,7903000,0.087552,0,267366000,2.961979,0,244495000,2.708606,2.42211,2.42211,100943000,100943000,https://www.sec.gov/Archives/edgar/data/924901/000110465919009587/a19-30121_110k.htm,https://www.sec.gov/Archives/edgar/data/924901/000110465919009587/a19-30121_110k.htm
0,2018-12-31,CLI,2019-02-20,2019-02-20 17:06:11,Q4,365714000,156181000,209533000,0.572942,0,53865000,0,0,199604000,355785000,23586000,45389999.999999985,153087000,0.418598,9929000,0.02715,0,80267000,0.21948,0,84111000,0.229991,0.83506,0.83506,100724000,100724000,https://www.sec.gov/Archives/edgar/data/924901/000110465919009587/a19-30121_110k.htm,https://www.sec.gov/Archives/edgar/data/924901/000110465919009587/a19-30121_110k.htm
0,2018-09-30,CLI,2018-10-31,2018-10-31 16:41:25,Q3,132114000,57177000,74937000,0.567215,0,11620000,0,0,57433000,114610000,21094000,45094000.00000001,64710000.00000001,0.489804,17504000,0.132492,0,1689000,0.012784,0,-1478000,-0.011187,-0.01634,-0.01634,90468000,90468000,https://www.sec.gov/Archives/edgar/data/924901/000110465918065099/a18-18980_110q.htm,https://www.sec.gov/Archives/edgar/data/924901/000110465918065099/a18-18980_110q.htm
0,2018-06-30,CLI,2018-08-01,2018-08-01 16:39:16,Q2,126600000,52800000,73800000,0.582938,0,13500000,0,-17400000,54900000.00000001,107700000,18999000,40300000,57999000,0.458128,18900000,0.149289,0,1500000,0.011848,0,-1300000,-0.010269,-0.0144,-0.0144,90300000,90300000,https://www.sec.gov/Archives/edgar/data/924901/000110465918048776/a18-14034_110q.htm,https://www.sec.gov/Archives/edgar/data/924901/000110465918048776/a18-14034_110q.htm
0,2018-03-31,CLI,2018-05-02,2018-05-02 16:52:58,Q1,139000000,61400000,77500000,0.557554,0,16100000,0,30522000,67699999.99999999,129099999.99999999,20075000,39500000,102575000,0.73795,9900000,0.071223,0,50700000,0.364748,0,43000000,0.309353,0.42744,0.42744,100600000,100600000,https://www.sec.gov/Archives/edgar/data/924901/000110465918011118/a18-1127_110k.htm,https://www.sec.gov/Archives/edgar/data/924901/000110465918011118/a18-1127_110k.htm
0,2017-12-31,CLI,2018-02-21,2018-02-21 17:09:37,Q4,143500000,59000000,84500000,0.58885,0,13700000,0,-17987000,61300000,120300000,22490000,45599999.99999999,70690000,0.492613,23200000,0.161672,0,5400000,0.037631,0,2600000,0.018118,0.02889,0.02889,90000000,90000000,https://www.sec.gov/Archives/edgar/data/924901/000110465918011118/a18-1127_110k.htm,https://www.sec.gov/Archives/edgar/data/924901/000110465918011118/a18-1127_110k.htm
0,2017-09-30,CLI,2017-11-07,2017-11-07 16:52:18,Q3,160000000,65300000,94700000,0.591875,0,13100000,0,15499000,65500000.00000001,130800000.00000001,25634000,50699999.99999999,114433999.99999999,0.715212,29200000,0.1825,0,44700000,0.279375,0,38100000,0.238125,0.37835,0.37835,100700000,100700000,https://www.sec.gov/Archives/edgar/data/924901/000110465917066667/a17-20217_110q.htm,https://www.sec.gov/Archives/edgar/data/924901/000110465917066667/a17-20217_110q.htm
0,2017-06-30,CLI,2017-08-02,2017-08-02 17:06:42,Q2,162800000,64600000,98200000,0.603194,0,12500000,0,-67073000,70200000.00000001,134800000.00000003,24943000,56100000.00000001,43743000.00000001,0.268692,27900000,0.171376,0,-39100000,-0.240172,0,-37300000,-0.229115,-0.41444,-0.41444,90000000,90000000,https://www.sec.gov/Archives/edgar/data/924901/000110465917048931/a17-13391_110q.htm,https://www.sec.gov/Archives/edgar/data/924901/000110465917048931/a17-13391_110q.htm
0,2017-03-31,CLI,2017-05-09,2017-05-09 16:50:50,Q1,149900000,65900000,84000000,0.560374,0,11600000,0,-2068000,59399999.99999999,125299999.99999999,20321000,46300000,86521000,0.577191,24600000,0.164109,0,22700000,0.151434,0,19900000,0.132755,0.19781,0.19781,100600000,100600000,https://www.sec.gov/Archives/edgar/data/924901/000110465917012551/a17-7164_110k.htm,https://www.sec.gov/Archives/edgar/data/924901/000110465917012551/a17-7164_110k.htm
0,2016-12-31,CLI,2017-02-28,2017-02-28 16:47:22,Q4,153700000,66600000,87100000,0.566688,0,13000000,0,-5346000,88700000.00000001,155300000.00000003,22731000,51699999.99999999,89630999.99999999,0.583155,-1500000,-0.009759,0,16800000,0.109304,0,15200000,0.098894,0.15124,0.15124,100500000,100500000,https://www.sec.gov/Archives/edgar/data/924901/000110465917012551/a17-7164_110k.htm,https://www.sec.gov/Archives/edgar/data/924901/000110465917012551/a17-7164_110k.htm
0,2016-09-30,CLI,2016-10-25,2016-10-25 17:06:42,Q3,157500000,66600000,90900000,0.577143,0,14000000,0,-37536000,82300000.00000001,148900000,24233000,47600000.00000001,63333000.00000001,0.402114,8600000,0.054603,0,-9600000,-0.060952,0,-8500000,-0.053968,-0.09465,-0.09465,89800000,89800000,https://www.sec.gov/Archives/edgar/data/924901/000110465916151966/a16-17254_110q.htm,https://www.sec.gov/Archives/edgar/data/924901/000110465916151966/a16-17254_110q.htm
0,2016-06-30,CLI,2016-08-02 00:00:00,2016-08-02 17:21:05,Q2,149200000,63600000,85600000,0.573727,0,12800000,0,26998000,45800000.00000001,109400000,22932000,43800000.00000001,115132000,0.771662,39800000,0.266756,0,54400000,0.364611,0,48400000,0.324397,0.48207,0.48207,100400000,100400000,https://www.sec.gov/Archives/edgar/data/924901/000110465916136209/0001104659-16-136209-index.html,https://www.sec.gov/Archives/edgar/data/924901/000110465916136209/a16-15760_110q.htm
0,2016-03-31,CLI,2016-04-27 00:00:00,2016-04-27 16:56:36,Q1,152900000,70400000,82500000,0.539568,0,12200000,0,41540000,55300000,125700000,24993000,43400000,130593000,0.854107,27200000,0.177894,0,68800000,0.449967,0,62200000,0.406802,0.62014,0.62014,100300000,100300000,https://www.sec.gov/Archives/edgar/data/924901/000092490116000030/0000924901-16-000030-index.html,https://www.sec.gov/Archives/edgar/data/924901/000092490116000030/form10qcorp.htm
0,2015-12-31,CLI,2016-02-24 00:00:00,2016-02-24 17:11:05,Q4,146400000,66900000,79500000,0.543033,0,12500000,0,-24592000,90900000,157800000,24374000,43699999.99999999,36373999.99999999,0.248456,-11400000,-0.077869,0,-36000000,-0.245902,0,-31700000,-0.21653,-0.35419,-0.35419,89500000,89500000,https://www.sec.gov/Archives/edgar/data/924901/000092490116000027/0000924901-16-000027-index.html,https://www.sec.gov/Archives/edgar/data/924901/000092490116000027/form10kcorp.htm
0,2015-09-30,CLI,2015-10-28 00:00:00,2015-10-28 16:57:55,Q3,146200000,63500000,82600000,0.564979,0,13700000,0,-2831000,222000000,285500000,24689000,44500000,-57711000,-0.39474,-139300000,-0.952804,0,-142100000,-0.971956,0,-126900000,-0.867989,-1.42265,-1.42265,89200000,89200000,https://www.sec.gov/Archives/edgar/data/924901/000092490115000025/0000924901-15-000025-index.html,https://www.sec.gov/Archives/edgar/data/924901/000092490115000025/form10qcorp.htm
0,2015-06-30,CLI,2015-07-22 00:00:00,2015-07-21 20:33:13,Q2,148600000,66900000,81700000,0.549798,0,12000000,0,12036000,54300000,121200000,26773000,42700000,104873000,0.70574,27400000,0.184388,0,39400000,0.265141,0,35400000,0.238223,0.35294,0.35294,100300000,100300000,https://www.sec.gov/Archives/edgar/data/924901/000092490115000020/0000924901-15-000020-index.html,https://www.sec.gov/Archives/edgar/data/924901/000092490115000020/form10qcorp.htm
0,2015-03-31,CLI,2015-04-23 00:00:00,2015-04-22 18:51:12,Q1,153700000,74900000,78800000,0.512687,0,11000000,0,-30333000,51800000,126700000,27215000,41200000,65915000,0.428855,27000000,0.175667,0,-3300000,-0.02147,0,-2500000,-0.016265,-0.02803,-0.02803,89200000,89200000,https://www.sec.gov/Archives/edgar/data/924901/000092490115000012/0000924901-15-000012-index.html,https://www.sec.gov/Archives/edgar/data/924901/000092490115000012/form10qcorp.htm
0,2014-12-31,CLI,2015-02-19,2015-02-18 20:25:04,Q4,151400000,70100000,81300000,0.536988,0,21800000,0,-26966000,65300000.00000001,135400000,27420000,41100000.00000002,59320000.00000002,0.39181,16000000,0.10568,0,-10400000,-0.068692,0,-9200000,-0.060766,-0.10337,-0.10337,89000000,89000000,https://www.sec.gov/Archives/edgar/data/924901/000092490115000006/form10kcorp.htm,https://www.sec.gov/Archives/edgar/data/924901/000092490115000006/form10kcorp.htm
0,2014-09-30,CLI,2014-10-23 00:00:00,2014-10-22 21:39:29,Q3,155500000,71300000,84200000,0.541479,0,12700000,0,-27449000,54700000,126000000,27353000,42199999.99999999,71552999.99999999,0.460148,29500000,0.189711,0,2100000,0.013505,0,2000000,0.012862,0.01998,0.01998,100100000,100100000,https://www.sec.gov/Archives/edgar/data/924901/000092490114000024/0000924901-14-000024-index.html,https://www.sec.gov/Archives/edgar/data/924901/000092490114000024/form10qcorp.htm
0,2014-06-30,CLI,2014-07-24 00:00:00,2014-07-23 20:24:44,Q2,160300000,72400000,87900000,0.548347,0,13700000,0,27790000,58299999.99999998,130699999.99999999,28159000,45000000,124259000,0.775165,29600000,0.184654,0,57300000,0.357455,0,51100000,0.318777,0.511,0.511,100000000,100000000,https://www.sec.gov/Archives/edgar/data/924901/000092490114000019/0000924901-14-000019-index.html,https://www.sec.gov/Archives/edgar/data/924901/000092490114000019/form10qcorp.htm
0,2014-03-31,CLI,2014-04-24 00:00:00,2014-04-23 21:07:52,Q1,169600000,88600000,81000000,0.477594,0,22900000,0,-30795000,67800000.00000001,156400000,29946000,45500000,60146000,0.354634,13200000,0.07783,0,-17600000,-0.103774,0,-15300000,-0.090212,-0.17327,-0.17327,88300000,88300000,https://www.sec.gov/Archives/edgar/data/924901/000092490114000014/0000924901-14-000014-index.html,https://www.sec.gov/Archives/edgar/data/924901/000092490114000014/form10qcorp.htm
0,2013-12-31,CLI,2014-03-03,2014-03-03 06:06:07,Q4,165300000,74800000,90500000,0.547489,0,10400000,0,-30434000,120399999.99999999,195200000,31626000,48200000.00000002,25626000.00000002,0.155027,-29900000,-0.180883,0,-60200000,-0.364186,0,-54200000,-0.327889,-0.61661,-0.61661,87900000,87900000,https://www.sec.gov/Archives/edgar/data/924901/000092490114000004/form10kcorp.htm,https://www.sec.gov/Archives/edgar/data/924901/000092490114000004/form10kcorp.htm
0,2013-09-30,CLI,2013-10-24 00:00:00,2013-10-23 20:11:35,Q3,162500000,70600000,91900000,0.565538,0,12200000,0,-30977000,107000000,177600000,30935000,46099999.99999999,81635000,0.502369,-15100000,-0.092923,0,-46000000,-0.283077,0,4600000,0.028308,0.05239,0.05239,87800000,87800000,https://www.sec.gov/Archives/edgar/data/924901/000092490113000027/0000924901-13-000027-index.html,https://www.sec.gov/Archives/edgar/data/924901/000092490113000027/form10qcorp.htm
0,2013-06-30,CLI,2013-07-25 00:00:00,2013-07-24 18:41:58,Q2,168300000,70700000,97600000,0.579917,0,13100000,0,-30257000,58800000,129500000,31271000,45600000,99971000,0.594005,38900000,0.231135,0,8600000,0.051099,0,23100000,0.137255,0.23123,0.23123,99900000,99900000,https://www.sec.gov/Archives/edgar/data/924901/000092490113000021/0000924901-13-000021-index.html,https://www.sec.gov/Archives/edgar/data/924901/000092490113000021/form10qcorp.htm
0,2013-03-31,CLI,2013-04-25 00:00:00,2013-04-24 19:52:33,Q1,170900000,76000000,94900000,0.555295,0,12000000,0,-31613000,55300000.00000001,131300000.00000001,29869000,43400000,84869000,0.4966,39600000,0.231714,0,8000000,0.046811,0,11600000,0.067876,0.11623,0.11623,99800000,99800000,https://www.sec.gov/Archives/edgar/data/924901/000092490113000014/0000924901-13-000014-index.html,https://www.sec.gov/Archives/edgar/data/924901/000092490113000014/form10qcorp.htm
0,2012-12-31,CLI,2013-02-07 00:00:00,2013-02-07 06:08:04,Q4,164300000,67100000,97200000,0.591601,0,12500000,0,-30783000,66500000,133600000,29584000,45500000,65884000,0.400998,30700000,0.186853,0,500000,0.003043,0,-9200000,-0.055995,-0.1811,-0.1811,50800000,50800000,https://www.sec.gov/Archives/edgar/data/924901/000092490113000008/0000924901-13-000008-index.html,https://www.sec.gov/Archives/edgar/data/924901/000092490113000008/form10kcorp.htm
0,2012-09-30,CLI,2012-10-25 00:00:00,2012-10-24 19:01:49,Q3,156800000,62900000,93900000,0.598852,0,12600000,0,-28085000,56100000,119000000,30510000,47899999.99999999,92709999.99999999,0.591263,37800000,0.241071,0,9800000,0.0625,0,14300000,0.091199,0.14286,0.14286,100100000,100100000,https://www.sec.gov/Archives/edgar/data/924901/000092490112000032/0000924901-12-000032-index.html,https://www.sec.gov/Archives/edgar/data/924901/000092490112000032/form10qcorp.htm
0,2012-06-30,CLI,2012-07-26 00:00:00,2012-07-25 18:14:05,Q2,152800000,61700000,91100000,0.596204,0,11800000,0,-34320000,57200000,118900000,31645000,49300000.00000001,91045000,0.595844,33800000,0.221204,0,4000000,0.026178,0,10100000,0.066099,0.0998,0.0998,101200000,101200000,https://www.sec.gov/Archives/edgar/data/924901/000092490112000027/0000924901-12-000027-index.html,https://www.sec.gov/Archives/edgar/data/924901/000092490112000027/form10qcorp.htm
0,2012-03-31,CLI,2012-04-26,2012-04-25 18:39:05,Q1,176700000,66600000,110100000,0.62309,0,10800000,0,-30016000,57000000,123600000,30629000,46400000,102829000,0.581941,53100000,0.300509,0,23200000,0.131296,0,25800000,0.14601,0.25774,0.25774,100100000,100100000,https://www.sec.gov/Archives/edgar/data/924901/000092490112000006/form10kcorp.htm,https://www.sec.gov/Archives/edgar/data/924901/000092490112000006/form10kcorp.htm
0,2011-12-31,CLI,2012-02-09 00:00:00,2012-02-08 21:10:28,Q4,170300000,69400000,100900000,0.592484,0,8900000,0,-30927000,55300000,124700000,31784000,46300000.00000001,94284000.00000001,0.553635,45600000,0.267763,0,15100000,0.088667,0,16200000,0.095126,0.14336,0.14336,113000000,113000000,https://www.sec.gov/Archives/edgar/data/924901/000092490112000006/0000924901-12-000006-index.html,https://www.sec.gov/Archives/edgar/data/924901/000092490112000006/form10kcorp.htm
0,2011-09-30,CLI,2011-10-27 00:00:00,2011-10-26 18:34:17,Q3,175400000,64000000,111400000,0.63512,0,8700000,0,-30940000,56800000,120800000,31489000,47899999.99999999,100588999.99999999,0.573483,54700000,0.311859,0,24200000,0.13797,0,21200000,0.120867,0.21221,0.21221,99900000,99900000,https://www.sec.gov/Archives/edgar/data/924901/000092490111000027/0000924901-11-000027-index.html,https://www.sec.gov/Archives/edgar/data/924901/000092490111000027/form10qcorp.htm
0,2011-06-30,CLI,2011-07-28 00:00:00,2011-07-27 17:43:37,Q2,179200000,71800000,107300000,0.598772,0,9200000,0,-30617000,57100000.00000001,128900000.00000001,31363000,47699999.99999999,96863000,0.54053,50300000,0.280692,0,20100000,0.112165,0,17800000,0.09933,0.20483,0.20483,86900000,86900000,https://www.sec.gov/Archives/edgar/data/924901/000092490111000020/0000924901-11-000020-index.html,https://www.sec.gov/Archives/edgar/data/924901/000092490111000020/form10qcorp.htm
0,2011-03-31,CLI,2011-04-28 00:00:00,2011-04-27 18:01:40,Q1,184200000,78500000,105700000,0.573833,0,8600000,0,-31430000,56300000.00000001,134800000,31339000,47600000,95139000,0.516498,49400000,0.268187,0,18400000,0.099891,0,16200000,0.087948,0.16875,0.16875,96000000,96000000,https://www.sec.gov/Archives/edgar/data/924901/000092490111000012/0000924901-11-000012-index.html,https://www.sec.gov/Archives/edgar/data/924901/000092490111000012/form10qcorp.htm
0,2010-12-31,CLI,2011-02-10,2011-02-09 20:32:39,Q4,192200000,80600000,111600000,0.580645,0,8900000,0,-37658000,69400000,150000000,-33900000,43599999.99999999,16799999.999999993,0.087409,42100000,0.219043,0,8200000,0.042664,0,7100000,0.036941,0.07676,0.07676,92500000,92500000,https://www.sec.gov/Archives/edgar/data/924901/000092490111000004/form10kcorp.htm,https://www.sec.gov/Archives/edgar/data/924901/000092490111000004/form10kcorp.htm
0,2010-09-30,CLI,2010-10-28 00:00:00,2010-10-27 18:00:07,Q3,198000000,89000000,109000000,0.550505,0,9000000,0,-36432000,56900000.00000001,145900000,-76406000,47800000,-15106000,-0.076293,52000000,0.262626,0,15600000,0.078788,0,13500000,0.068182,0.14595,0.14595,92500000,92500000,https://www.sec.gov/Archives/edgar/data/924901/000092490110000026/0000924901-10-000026-index.html,https://www.sec.gov/Archives/edgar/data/924901/000092490110000026/form10qcorp.htm
0,2010-06-30,CLI,2010-07-29 00:00:00,2010-07-28 19:41:36,Q2,202800000,91800000,111000000,0.547337,0,8700000,0,-36759000,56100000.00000001,147900000,76406000,47000000,142606000,0.703185,54800000,0.270217,0,17800000,0.087771,0,19200000,0.094675,0.20757,0.20757,92500000,92500000,https://www.sec.gov/Archives/edgar/data/924901/000092490110000019/0000924901-10-000019-index.html,https://www.sec.gov/Archives/edgar/data/924901/000092490110000019/form10qcorp.htm
0,2010-03-31,CLI,2010-04-29 00:00:00,2010-04-28 19:21:38,Q1,194600000,81000000,113600000,0.583762,0,8400000,0,-39870000,56900000.00000001,137900000,39369000,48300000,102669000,0.52759,56700000,0.291367,0,17100000,0.087873,0,15000000,0.077081,0.16216,0.16216,92500000,92500000,https://www.sec.gov/Archives/edgar/data/924901/000092490110000011/0000924901-10-000011-index.html,https://www.sec.gov/Archives/edgar/data/924901/000092490110000011/form10qcorp.htm
0,2009-12-31,CLI,2010-02-11 00:00:00,2010-02-10 17:51:04,Q4,193700000,75900000,117700000,0.607641,0,9300000,0,-38062000,61599999.99999999,137500000,38923000,50000000,90423000,0.46682,56200000,0.290139,0,18500000,0.095509,0,1500000,0.007744,0.01625,0.01625,92300000,92300000,https://www.sec.gov/Archives/edgar/data/924901/000092490110000007/0000924901-10-000007-index.html,https://www.sec.gov/Archives/edgar/data/924901/000092490110000007/form10kcorp.htm
0,2009-09-30,CLI,2009-10-29 00:00:00,2009-10-28 19:20:33,Q3,192100000,73300000,118800000,0.618428,0,9800000,0,-35246000,61200000,134500000,36048000,50500000.000000015,106148000.00000001,0.552566,57600000,0.299844,0,22700000,0.118168,0,19600000,0.10203,0.21258,0.21258,92200000,92200000,https://www.sec.gov/Archives/edgar/data/924901/000092490109000014/0000924901-09-000014-index.html,https://www.sec.gov/Archives/edgar/data/924901/000092490109000014/form10qcorp.htm
0,2009-06-30,CLI,2009-07-30 00:00:00,2009-07-29 19:31:48,Q2,187800000,70200000,117700000,0.626731,0,10700000,0,-33550000,58200000,128400000,33508000,47599999.99999999,102008000,0.543174,59500000,0.316826,0,24500000,0.130458,0,20900000,0.111289,0.2375,0.2375,88000000,88000000,https://www.sec.gov/Archives/edgar/data/924901/000092490109000008/0000924901-09-000008-index.html,https://www.sec.gov/Archives/edgar/data/924901/000092490109000008/form10qcorp.htm
0,2009-03-31,CLI,2009-04-30 00:00:00,2009-04-29 20:57:21,Q1,185300000,75300000,110000000,0.593632,0,10100000,0,-37711000,57899999.99999999,133199999.99999999,32794000,46700000,92094000,0.496999,52100000,0.281166,0,14600000,0.078791,0,12600000,0.067998,0.15556,0.15556,81000000,81000000,https://www.sec.gov/Archives/edgar/data/924901/000092490109000003/0000924901-09-000003-index.html,https://www.sec.gov/Archives/edgar/data/924901/000092490109000003/form10qcorp.htm
0,2008-12-31,CLI,2009-02-12 00:00:00,2009-02-11 21:16:47,Q4,186100000,67000000,119100000,0.639979,0,10900000,0,-62690000,51900000.00000001,118900000,33182000,46900000.00000001,76482000,0.410973,67200000,0.361096,0,-4900000,-0.02633,0,-3600000,-0.019344,-0.05488,-0.05488,65600000,65600000,https://www.sec.gov/Archives/edgar/data/924901/000104746909000973/0001047469-09-000973-index.html,https://www.sec.gov/Archives/edgar/data/924901/000104746909000973/a2190550z10-k.htm
0,2008-09-30,CLI,2008-10-30 00:00:00,2008-10-29 20:37:37,Q3,204400000,85100000,119200000,0.58317,0,10800000,0,-31028000,60000000,145100000,31163000,47999999.999999985,102262999.99999999,0.500308,59200000,0.289628,0,28100000,0.137476,0,23100000,0.113014,0.2866,0.2866,80600000,80600000,https://www.sec.gov/Archives/edgar/data/924901/000092490108000024/0000924901-08-000024-index.html,https://www.sec.gov/Archives/edgar/data/924901/000092490108000024/form10qcorp.htm
0,2008-06-30,CLI,2008-07-31 00:00:00,2008-07-30 18:58:42,Q2,192800000,81300000,111500000,0.57832,0,11200000,0,-29667000,58800000,140100000,31340000,46000000,96140000,0.498651,52700000,0.27334,0,23000000,0.119295,0,18800000,0.09751,0.23325,0.23325,80600000,80600000,https://www.sec.gov/Archives/edgar/data/924901/000092490108000018/0000924901-08-000018-index.html,https://www.sec.gov/Archives/edgar/data/924901/000092490108000018/form10qcorp.htm
0,2008-03-31,CLI,2008-05-01 00:00:00,2008-04-30 19:18:04,Q1,194700000,84100000,110600000,0.568053,0,11100000,0,-32929000,58800000.00000001,142900000,32460000,46200000,94060000,0.483102,51800000,0.26605,0,18800000,0.096559,0,15400000,0.079096,0.1913,0.1913,80500000,80500000,https://www.sec.gov/Archives/edgar/data/924901/000092490108000012/0000924901-08-000012-index.html,https://www.sec.gov/Archives/edgar/data/924901/000092490108000012/form10qcorp.htm
0,2007-12-31,CLI,2008-02-14 00:00:00,2008-02-13 18:16:53,Q4,201700000,86400000,115200000,0.571145,0,14800000,0,-32024000,63299999.99999998,149699999.99999997,32240000,44599999.99999999,93140000,0.461775,51900000,0.257313,0,19900000,0.098661,0,16300000,0.080813,0.19854,0.19854,82100000,82100000,https://www.sec.gov/Archives/edgar/data/924901/000092490108000008/0000924901-08-000008-index.html,https://www.sec.gov/Archives/edgar/data/924901/000092490108000008/form10kcorp.htm
0,2007-09-30,CLI,2007-11-01 00:00:00,2007-10-31 19:16:26,Q3,212900000,93900000,118900000,0.558478,0,13400000,0,-32686000,63199999.99999999,157100000,32163000,49800000,105463000,0.495364,55700000,0.261625,0,23100000,0.108502,0,23500000,0.11038,0.28279,0.28279,83100000,83100000,https://www.sec.gov/Archives/edgar/data/924901/000092490107000024/0000924901-07-000024-index.html,https://www.sec.gov/Archives/edgar/data/924901/000092490107000024/form10qcorp.htm
0,2007-06-30,CLI,2007-08-02 00:00:00,2007-08-01 19:05:20,Q2,200500000,89200000,111400000,0.555611,0,12900000,0,-31244000,56700000,145900000,31333000,43800000,126733000,0.632085,54700000,0.272818,0,23400000,0.116708,0,51600000,0.257357,0.62019,0.62019,83200000,83200000,https://www.sec.gov/Archives/edgar/data/924901/000110465907057999/0001104659-07-057999-index.html,https://www.sec.gov/Archives/edgar/data/924901/000110465907057999/a07-11289_110q.htm
0,2007-03-31,CLI,2007-05-03 00:00:00,2007-05-02 17:59:30,Q1,193300000,86600000,106700000,0.551992,0,11100000,0,-31323000,52500000,139100000,30936000,41500000,91536000,0.473544,54200000,0.280393,0,22900000,0.118469,0,19100000,0.09881,0.23522,0.23522,81200000,81200000,https://www.sec.gov/Archives/edgar/data/924901/000092490107000018/0000924901-07-000018-index.html,https://www.sec.gov/Archives/edgar/data/924901/000092490107000018/form10qcorp.htm
0,2006-12-31,CLI,2007-02-22,2007-02-21 21:26:38,Q4,196100000,85600000,110500000,0.563488,0,16300000,0,-24752000,59700000.00000002,145300000.00000003,35737000,41300000,144937000,0.739097,50800000,0.259052,0,26400000,0.134625,0,67900000,0.346252,0.86387,0.86387,78600000,78600000,https://www.sec.gov/Archives/edgar/data/924901/000092490107000012/form10kcorp.htm,https://www.sec.gov/Archives/edgar/data/924901/000092490107000012/form10kcorp.htm
0,2006-09-30,CLI,2006-11-02,2006-11-01 20:01:18,Q3,201300000,93500000,107800000,0.535519,0,12200000,0,-39945000,51900000.00000001,145400000,35815000,39700000,92015000,0.457104,55900000,0.277695,0,16300000,0.080974,0,16500000,0.081967,0.21073,0.21073,78300000,78300000,https://www.sec.gov/Archives/edgar/data/924901/000110465906070373/a06-22986_110q.htm,https://www.sec.gov/Archives/edgar/data/924901/000110465906070373/a06-22986_110q.htm
0,2006-06-30,CLI,2006-08-03,2006-08-02 18:17:43,Q2,182800000,72800000,110000000,0.601751,0,11800000,0,-48469000,51400000.00000001,124200000,96228000,39400000,162728000,0.890197,58600000,0.320569,0,25200000,0.137856,0,27100000,0.148249,0.34699,0.34699,78100000,78100000,https://www.sec.gov/Archives/edgar/data/924901/000092490106000022/form10qcorp.htm,https://www.sec.gov/Archives/edgar/data/924901/000092490106000022/form10qcorp.htm
0,2006-03-31,CLI,2006-05-04,2006-05-03 20:22:56,Q1,151900000,55400000,96500000,0.635286,0,8800000,0,0,45199999.99999999,100600000,-31423000,36600000,38277000,0.251988,51300000,0.337722,0,36900000,0.242923,0,33100000,0.217907,0.43155,0.43155,76700000,76700000,https://www.sec.gov/Archives/edgar/data/924901/000110465906011266/a06-5430_110k.htm,https://www.sec.gov/Archives/edgar/data/924901/000110465906011266/a06-5430_110k.htm
0,2005-12-31,CLI,2006-02-23,2006-02-22 20:57:01,Q4,144900000,52200000,92700000,0.639752,0,9000000,0,0,44700000,96900000,-30418000,31900000.000000007,16382000.000000006,0.113057,48000000,0.331263,0,17900000,0.123533,0,14900000,0.10283,0.19452,0.19452,76600000,76600000,https://www.sec.gov/Archives/edgar/data/924901/000110465906011266/a06-5430_110k.htm,https://www.sec.gov/Archives/edgar/data/924901/000110465906011266/a06-5430_110k.htm
0,2005-09-30,CLI,2005-11-01,2005-10-31 18:10:57,Q3,154200000,55400000,98800000,0.640726,0,8000000,0,0,45800000.00000001,101200000,-30158000,32199999.99999999,23141999.99999999,0.150078,53000000,0.343709,0,23500000,0.152399,0,21100000,0.136835,0.27836,0.27836,75800000,75800000,https://www.sec.gov/Archives/edgar/data/924901/000092490105000036/form10qcorp.htm,https://www.sec.gov/Archives/edgar/data/924901/000092490105000036/form10qcorp.htm
0,2005-06-30,CLI,2005-08-04,2005-08-03 19:28:58,Q2,150100000,51400000,98700000,0.657562,0,8200000,0,0,43400000,94800000,-30363000,37700000,43837000,0.292052,55300000,0.368421,0,25600000,0.170553,0,36500000,0.243171,0.4828,0.4828,75600000,75600000,https://www.sec.gov/Archives/edgar/data/924901/000092490105000028/form10qcorp.htm,https://www.sec.gov/Archives/edgar/data/924901/000092490105000028/form10qcorp.htm
0,2005-03-31,CLI,2005-05-05,2005-05-04 19:40:27,Q1,142800000,48500000,94300000,0.660364,0,7300000,0,0,40400000.00000001,88900000,-28398000,36200000,30702000,0.215,53900000,0.377451,0,25200000,0.176471,0,22900000,0.160364,0.33045,0.33045,69300000,69300000,https://www.sec.gov/Archives/edgar/data/924901/000092490105000019/form10qcorp.htm,https://www.sec.gov/Archives/edgar/data/924901/000092490105000019/form10qcorp.htm
0,2004-12-31,CLI,,,Q4,148000000,49500000,98500000,0.665541,0,9100000,0,0,69700000,119200000,-10600000,19699999.99999999,39899999.99999999,0.269595,28800000,0.194595,0,18200000,0.122973,0,30800000,0.208108,0.44509,0.44509,69200000,69200000,,
0,2004-09-30,CLI,,,Q3,148000000,47200000,100800000,0.681081,0,7600000,0,0,67100000,114300000,-7900000,33200000,53900000,0.364189,33700000,0.227703,0,25800000,0.174324,0,28600000,0.193243,0.4157,0.4157,68800000,68800000,,
0,2004-06-30,CLI,,,Q2,142000000,45100000,97000000,0.683099,0,8700000,0,0,66500000,111600000,-5900000,33100000,43500000,0.306338,30400000,0.214085,0,24500000,0.172535,0,16300000,0.114789,0.23761,0.23761,68600000,68600000,,
0,2004-03-31,CLI,,,Q1,139700000,44700000,95000000,0.680029,0,6400000,0,0,64500000,109200000,-6100000,31100000,51800000,0.370795,30600000,0.219041,0,24400000,0.17466,0,26800000,0.19184,0.39239,0.39239,68300000,68300000,,
0,2003-12-31,CLI,,,Q4,131900000,42600000,89300000,0.677028,0,9100000,0,0,65699999.99999999,108299999.99999999,-4800000,25100000.00000001,48200000.00000001,0.365428,23600000,0.178923,0,18800000,0.142532,0,27900000,0.211524,0.48021,0.48021,58100000,58100000,,
0,2003-09-30,CLI,,,Q3,142900000,43900000,99100000,0.693492,0,8600000,0,0,65699999.99999999,109599999.99999999,16200000,29499999.999999993,96600000,0.675997,33400000,0.23373,0,49500000,0.346396,0,50900000,0.356193,0.70207,0.70207,72500000,72500000,,
0,2003-06-30,CLI,,,Q2,139600000,41900000,97700000,0.699857,0,6900000,0,0,63900000,105800000,-1400000,29300000,62200000,0.445559,33800000,0.24212,0,32400000,0.232092,0,34300000,0.245702,0.43694,0.43694,78500000,78500000,,
0,2003-03-31,CLI,2003-05-08 00:00:00,2003-05-07 21:17:25,Q1,144500000,45400000,99100000,0.685813,0,6700000,0,0,65900000,111300000,-5300000,29300000,54000000,0.373702,33200000,0.229758,0,27800000,0.192388,0,30000000,0.207612,0.46083,0.46083,65100000,65100000,https://www.sec.gov/Archives/edgar/data/924901/000104746903017452/0001047469-03-017452-index.html,https://www.sec.gov/Archives/edgar/data/924901/000104746903017452/a2110320z10-q.htm
0,2002-12-31,CLI,,,Q4,139900000,42700000,97200000,0.694782,0,6900000,0,0,64500000,107200000,-3400000,24000000,50400000,0.360257,32700000,0.233738,0,29300000,0.209435,0,29800000,0.213009,0.50508,0.50508,59000000,59000000,,
0,2002-09-30,CLI,,,Q3,141700000,41400000,100300000,0.707833,0,5500000,0,0,58699999.99999999,100100000,-6500000,28900000.000000007,56600000.00000001,0.399435,41500000,0.292872,0,35000000,0.247001,0,34200000,0.241355,0.52055,0.52055,65700000,65700000,,
0,2002-06-30,CLI,,,Q2,140100000,40600000,99500000,0.710207,0,7900000,0,0,60499999.99999999,101099999.99999999,100000,27500000,62600000,0.446824,39000000,0.278373,0,39100000,0.279086,0,35000000,0.249822,0.53354,0.53354,65600000,65600000,,
0,2002-03-31,CLI,2002-05-07 00:00:00,2002-05-06 19:12:39,Q1,142000000,41100000,100900000,0.710563,0,6700000,0,0,56600000,97700000,-10000000,24000000,54600000,0.384507,44200000,0.311268,0,34200000,0.240845,0,40600000,0.285915,0.56783,0.56783,71500000,71500000,https://www.sec.gov/Archives/edgar/data/924901/000091205702018690/0000912057-02-018690-index.html,https://www.sec.gov/Archives/edgar/data/924901/000091205702018690/a2078697z10-q.txt
0,2001-12-31,CLI,,,Q4,141800000,41800000,99600000,0.702398,0,6900000,0,0,57700000,99500000,1700000,23500000,58400000,0.411848,42400000,0.299013,0,41800000,0.294781,0,33200000,0.234133,0.56559,0.56559,58700000,58700000,,
0,2001-09-30,CLI,2001-11-08 00:00:00,2001-11-08 00:00:00,Q3,144000000,43900000,99500000,0.690972,0,8800000,0,0,59000000.00000001,102900000.00000001,1900000,22600000,48500000,0.336806,41100000,0.285417,0,31400000,0.218056,0,24000000,0.166667,0.37267,0.37267,64400000,64400000,https://www.sec.gov/Archives/edgar/data/924901/000091205701538109/0000912057-01-538109-index.html,https://www.sec.gov/Archives/edgar/data/924901/000091205701538109/a2062467z10-q.txt
0,2001-06-30,CLI,2001-08-09 00:00:00,2001-08-09 00:00:00,Q2,146400000,43900000,102000000,0.696721,0,6900000,0,0,57400000,101300000,2000000,21900000,81600000,0.557377,45100000,0.30806,0,69700000,0.476093,0,57700000,0.394126,0.81268,0.81268,71000000,71000000,https://www.sec.gov/Archives/edgar/data/924901/000091205701527148/0000912057-01-527148-index.html,https://www.sec.gov/Archives/edgar/data/924901/000091205701527148/a2055924z10-q.txt
0,2001-03-31,CLI,,,Q1,143100000,45100000,97400000,0.680643,0,6000000,0,0,57900000,103000000,3400000,23500000,43600000,0.304682,40100000,0.280224,0,23000000,0.160727,0,16700000,0.116702,0.25692,0.25692,65000000,65000000,,
0,2000-12-31,CLI,,,Q4,140300000,43600000,96100000,0.684961,0,6500000,0,0,56400000,100000000,3700000,23699999.99999999,61799999.99999999,0.440485,40200000,0.286529,0,43000000,0.306486,0,34400000,0.245189,0.43216,0.43216,79600000,79600000,,
0,2000-09-30,CLI,2000-11-07 00:00:00,2000-11-07 00:00:00,Q3,141200000,44200000,96700000,0.684844,0,5500000,0,0,82500000,126700000,2200000,23300000.000000004,45500000.00000001,0.322238,14400000,0.101983,0,26700000,0.189093,0,20000000,0.141643,0.29895,0.29895,66900000,66900000,https://www.sec.gov/Archives/edgar/data/924901/000091205700047507/0000912057-00-047507-index.html,https://www.sec.gov/Archives/edgar/data/924901/000091205700047507/a2029368z10-q.txt
0,2000-06-30,CLI,2000-08-10 00:00:00,2000-08-10 00:00:00,Q2,144800000,41600000,101300000,0.699586,0,5200000,0,0,64100000,105700000,1100000,22900000.000000004,118300000,0.816989,39100000,0.270028,0,114100000,0.787983,0,94300000,0.651243,1.28649,1.28649,73300000,73300000,https://www.sec.gov/Archives/edgar/data/924901/000091205700035806/0000912057-00-035806-index.html,https://www.sec.gov/Archives/edgar/data/924901/000091205700035806/a10-q.txt
0,2000-03-31,CLI,2000-05-04 00:00:00,2000-05-04 00:00:00,Q1,141900000,42800000,98800000,0.696265,0,6100000,0,0,54700000,97500000,1100000,22200000,59900000,0.422128,44300000,0.312192,0,47700000,0.336152,0,36600000,0.257928,0.5,0.5,73200000,73200000,https://www.sec.gov/Archives/edgar/data/924901/000091205700021586/0000912057-00-021586-index.html,https://www.sec.gov/Archives/edgar/data/924901/0000912057-00-021586.txt
0,1999-12-31,CLI,,,Q4,139500000,43700000,95400000,0.683871,0,6300000,0,0,53200000,96900000,1100000,19799999.999999996,57400000,0.41147,42500000,0.304659,0,45600000,0.326882,0,36500000,0.261649,0.54315,0.54315,67200000,67200000,,
0,1999-09-30,CLI,,,Q3,138200000,42900000,95100000,0.688133,0,5700000,0,0,55199999.99999999,98100000,800000,23000000.000000007,56300000.00000001,0.407381,40100000,0.290159,0,40900000,0.295948,0,32500000,0.235166,0.48435,0.48435,67100000,67100000,,
0,1999-06-30,CLI,,,Q2,136100000,41500000,94500000,0.694342,0,5600000,0,0,70200000,111700000,800000,22400000,41900000,0.307862,24500000,0.180015,0,25300000,0.185893,0,18700000,0.137399,0.27704,0.27704,67500000,67500000,,
0,1999-03-31,CLI,,,Q1,135100000,40500000,94300000,0.698001,0,8000000,0,0,53599999.99999999,94100000,-200000,22000000,53900000,0.398964,41000000,0.303479,0,40800000,0.301999,0,32100000,0.237602,0.47697,0.47697,67300000,67300000,,
0,1998-12-31,CLI,,,Q4,133900000,41400000,92200000,0.688574,0,6900000,0,0,53199999.99999999,94600000,1100000,22400000.000000007,54800000.00000001,0.409261,39300000,0.293503,0,40400000,0.301718,0,31300000,0.233757,0.47139,0.47139,66400000,66400000,,
0,1998-09-30,CLI,,,Q3,130900000,40600000,89600000,0.684492,0,6100000,0,0,51199999.99999999,91800000,0,21200000.000000004,51900000,0.396486,39100000,0.298701,0,39100000,0.298701,0,30700000,0.23453,0.46586,0.46586,65900000,65900000,,
0,1998-06-30,CLI,,,Q2,122000000,36600000,84500000,0.692623,0,6400000,0,0,47300000.00000001,83900000,100000,19099999.999999996,47200000,0.386885,38100000,0.312295,0,38200000,0.313115,0,28000000,0.229508,0.43344,0.43344,64600000,64600000,,
0,1998-03-31,CLI,,,Q1,105800000,31100000,74200000,0.701323,0,6200000,0,0,40900000,72000000,0,16200000,42700000,0.403592,33800000,0.319471,0,33800000,0.319471,0,26500000,0.250473,0.45145,0.45145,58700000,58700000,,
0,1997-12-31,CLI,,,Q4,74500000,22600000,48600000,0.652349,0,5300000,0,0,73600000,96200000,0,11199999.999999996,-36300000.00000001,-0.487248,-21700000,-0.291275,0,-21700000,-0.291275,0,-47500000,-0.637584,-0.99581,-0.99581,47700000,47700000,,
0,1997-09-30,CLI,,,Q3,62600000,18900000,43100000,0.688498,0,3700000,0,0,23700000.000000004,42600000,0,9300000,23700000,0.378594,20000000,0.319489,0,20000000,0.319489,0,14400000,0.230032,0.34783,0.34783,41400000,41400000,,
0,1997-06-30,CLI,,,Q2,60500000,18100000,42000000,0.694215,0,3800000,0,0,22400000,40500000,0,8800000,26800000,0.442975,20000000,0.330579,0,20000000,0.330579,0,18000000,0.297521,0.43689,0.43689,41200000,41200000,,
0,1997-03-31,CLI,,,Q1,52100000,15600000,35400000,0.679463,0,3200000,0,0,18500000,34100000,0,7500000,24000000,0.460653,18100000,0.347409,0,18100000,0.347409,0,16500000,0.316699,0.40441,0.40441,40800000,40800000,,
0,1996-12-31,CLI,,,Q4,32300000,9400000,21300000,0.659443,0,2400000,0,0,11900000,21300000,0,4799999.999999999,14999999.999999998,0.464396,11100000,0.343653,0,11100000,0.343653,0,10200000,0.315789,0.34114,0.34114,29900000,29900000,,
0,1996-09-30,CLI,,,Q3,22500000,7000000,15400000,0.684444,0,1400000,0,0,7900000,14900000,0,3000000,9600000,0.426667,7600000,0.337778,0,7600000,0.337778,0,6600000,0.293333,0.38824,0.38824,17000000,17000000,,
0,1996-06-30,CLI,,,Q2,21000000,6600000,14300000,0.680952,0,1100000,0,0,7700000.000000001,14300000.000000002,0,3600000.0000000005,9300000,0.442857,6700000,0.319048,0,6700000,0.319048,0,5700000,0.271429,0.375,0.375,15200000,15200000,,
