,date,symbol,fillingDate,acceptedDate,period,revenue,costOfRevenue,grossProfit,grossProfitRatio,researchAndDevelopmentExpenses,generalAndAdministrativeExpenses,sellingAndMarketingExpenses,otherExpenses,operatingExpenses,costAndExpenses,interestExpense,depreciationAndAmortization,ebitda,ebitdaratio,operatingIncome,operatingIncomeRatio,totalOtherIncomeExpensesNet,incomeBeforeTax,incomeBeforeTaxRatio,incomeTaxExpense,netIncome,netIncomeRatio,eps,epsdiluted,weightedAverageShsOut,weightedAverageShsOutDil,link,finalLink
0,2018-09-30,LHO,2018-11-01 00:00:00,2018-11-01 16:27:58,Q3,297998000,37574000,260424000,0.8739119054490299,0.0,6313000.0,0.0,189717000,196030000,256469000,10587000,46861000,88390000,0.296612728944,41529000,0.139359995705,12895000,-80388000,-0.269760199733,2850000.0,-83293000,-0.279508587306,-0.75178,-0.75178,110793969,110793969,https://www.sec.gov/Archives/edgar/data/1053532/000105353218000081/0001053532-18-000081-index.html,https://www.sec.gov/Archives/edgar/data/1053532/000105353218000081/lho-q32018.htm
0,2018-06-30,LHO,2018-08-09 00:00:00,2018-08-09 08:16:09,Q2,304609000,39265000,265344000,0.8710970457209077,0.0,6667000.0,0.0,76887000,83554000,253988000,10458000,47526000,98147000,0.322206500793,50621000,0.166183533645,0.0,40732000,0.133718964312,4993000.0,35670000,0.117100939237,0.31976,0.31976,111134064,111552469,https://www.sec.gov/Archives/edgar/data/1053532/000105353218000047/0001053532-18-000047-index.html,https://www.sec.gov/Archives/edgar/data/1053532/000105353218000047/lho-q22018.htm
0,2018-03-31,LHO,2018-05-10 00:00:00,2018-05-10 07:19:05,Q1,223023000,34816000,188207000,0.8438905404375333,0.0,6516000.0,0.0,67243000,73759000,224688000,10160000,45987000,44322000,0.198732866117,-1665000.0,-0.00746559771862,0.0,-10991000,-0.0492819126278,-4027000.0,-6962000.0,-0.0312165113015,-0.06207,-0.06207,112163674,112163674,https://www.sec.gov/Archives/edgar/data/1053532/000105353218000024/0001053532-18-000024-index.html,https://www.sec.gov/Archives/edgar/data/1053532/000105353218000024/lho-q12018.htm
0,2017-12-31,LHO,2018-02-20 00:00:00,2018-02-20 16:24:46,Q4,257510000,37463000,220047000,0.8545182711351016,0.0,6805000.0,0.0,75652000,82457000,233045000,10090000,44363000,68828000,0.267282823968,24465000,0.0950060191837,0.0,15535000,0.060327754262,-509000.0,16012000,0.0621801095103,0.14124,0.14124,112975329,113364092,https://www.sec.gov/Archives/edgar/data/1053532/000105353218000006/0001053532-18-000006-index.html,https://www.sec.gov/Archives/edgar/data/1053532/000105353218000006/lho-10k2017.htm
0,2017-09-30,LHO,2017-10-19 00:00:00,2017-10-19 16:24:48,Q3,285856000,37628000,248228000,0.8683672898242472,0.0,6475000.0,0.0,77174000,83649000,239562000,10026000,44024000,90318000,0.315956285682,46294000,0.161948673458,0.0,37219000,0.130201919848,1978000.0,35223000,0.123219383186,0.31076,0.31076,112961365,113343711,https://www.sec.gov/Archives/edgar/data/1053532/000105353217000036/0001053532-17-000036-index.html,https://www.sec.gov/Archives/edgar/data/1053532/000105353217000036/lho-q32017.htm
0,2017-06-30,LHO,2017-07-19 00:00:00,2017-07-19 16:24:01,Q2,307044000,40132000,266912000,0.8692956058415081,0.0,6917000.0,0.0,78559000,85476000,241688000,9423000.0,44730000,110086000,0.358534933104,65356000,0.21285548651,0.0,56248000,0.183191985513,5003000.0,62310000,0.202935084222,0.54973,0.54973,112937794,113347580,https://www.sec.gov/Archives/edgar/data/1053532/000105353217000029/0001053532-17-000029-index.html,https://www.sec.gov/Archives/edgar/data/1053532/000105353217000029/lho-q22017.htm
0,2017-03-31,LHO,2017-04-19 00:00:00,2017-04-19 16:24:58,Q1,254405000,39148000,215257000,0.8461193765845797,0.0,6554000.0,0.0,74959000,81513000,240546000,9827000.0,48028000,61887000,0.243261728347,13859000,0.0544761305792,0.0,2468000.0,0.00970106719601,-4773000.0,81489000,0.320312100784,0.71919,0.71919,112923719,113306209,https://www.sec.gov/Archives/edgar/data/1053532/000105353217000022/0001053532-17-000022-index.html,https://www.sec.gov/Archives/edgar/data/1053532/000105353217000022/lho-q12017.htm
0,2016-12-31,LHO,2017-02-22 00:00:00,2017-02-22 16:36:16,Q4,289492000,42428000,247064000,0.8534398187169249,0.0,6980000.0,0.0,78800000,85780000,251935000,10094000,48636000,86193000,0.297738797618,37557000,0.129734155003,0.0,27519000,0.0950596216821,685000.0,26716000,0.0922857971896,0.23608,0.23608,112791839,113164599,https://www.sec.gov/Archives/edgar/data/1053532/000105353217000011/0001053532-17-000011-index.html,https://www.sec.gov/Archives/edgar/data/1053532/000105353217000011/lho-10k2016.htm
0,2016-09-30,LHO,2016-10-19 00:00:00,2016-10-19 16:23:59,Q3,326936000,44307000,282629000,0.8644780629848043,0.0,6076000.0,0.0,84311000,90387000,260533000,10332000,48863000,115266000,0.352564416277,66403000,0.203107030122,0.0,56238000,0.172015317983,3109000.0,157475000,0.481669195194,1.39187,1.39187,112781732,113138897,https://www.sec.gov/Archives/edgar/data/1053532/000105353216000079/0001053532-16-000079-index.html,https://www.sec.gov/Archives/edgar/data/1053532/000105353216000079/lho-q32016.htm
0,2016-06-30,LHO,,,Q2,351087000,49994000,301093000,0.8576022467365638,0.0,7643000.0,0.0,86718000,94361000,274051000,11482000,49676000,126712000,0.360913391837,77036000,0.219421396976,0.0,67230000,0.191490997958,7610000.0,59531000,0.169561960426,0.52627,0.52627,112766734,113119556,,processing...
0,2016-03-31,LHO,2016-04-21 00:00:00,2016-04-21 16:21:22,Q1,260104000,42908000,217196000,0.8350352166825578,0.0,5830000.0,0.0,77906000,83736000,246437000,11867000,48506000,62173000,0.239031310553,13667000,0.0525443668686,0.0,3454000.0,0.0132793036632,-5620000.0,9059000.0,0.0348283763418,0.08009,0.08009,112748492,113108158,https://www.sec.gov/Archives/edgar/data/1053532/000105353216000057/0001053532-16-000057-index.html,https://www.sec.gov/Archives/edgar/data/1053532/000105353216000057/lho-q12016.htm
0,2015-12-31,LHO,2016-02-18 00:00:00,2016-02-18 16:23:58,Q4,294685000,47614000,247071000,0.8384240799497769,0.0,6256000.0,0.0,82439000,88695000,256918000,13543000,46685000,84452000,0.286583979504,37767000,0.128160578245,0.0,25030000,0.0849381543004,-1508000.0,26498000,0.0899197448123,0.2343,0.2343,112685235,113096420,https://www.sec.gov/Archives/edgar/data/1053532/000105353216000045/0001053532-16-000045-index.html,https://www.sec.gov/Archives/edgar/data/1053532/000105353216000045/lho-10k2015.htm
0,2015-09-30,LHO,2015-10-22 00:00:00,2015-10-22 16:36:01,Q3,329710000,48268000,281442000,0.8536046829031573,0.0,6173000.0,0.0,91710000,97883000,270702000,13250000,46911000,105919000,0.321248976373,59008000,0.178969397349,0.0,47052000,0.142707227564,-490000.0,47467000,0.143965909436,0.41964,0.41964,112702693,113113859,https://www.sec.gov/Archives/edgar/data/1053532/000105353215000034/0001053532-15-000034-index.html,https://www.sec.gov/Archives/edgar/data/1053532/000105353215000034/lho-q32015.htm
0,2015-06-30,LHO,2015-07-22 00:00:00,2015-07-22 16:16:11,Q2,341386000,49069000,292317000,0.8562653418710785,0.0,6501000.0,0.0,84147000,90648000,262907000,13895000,46465000,124944000,0.365990403824,78479000,0.229883475011,0.0,64585000,0.189184676583,5574000.0,58864000,0.172426520127,0.52048,0.52048,112688122,113094640,https://www.sec.gov/Archives/edgar/data/1053532/000105353215000030/0001053532-15-000030-index.html,https://www.sec.gov/Archives/edgar/data/1053532/000105353215000030/lho-q22015.htm
0,2015-03-31,LHO,2015-04-22 00:00:00,2015-04-22 16:12:48,Q1,250803000,45118000,205685000,0.8201058201058201,0.0,6267000.0,0.0,76009000,82276000,239294000,13645000,43425000,54934000,0.219032467714,11509000,0.0458886057982,0.0,-2130000.0,-0.00849272137893,-4868000.0,2723000.0,0.0108571269084,0.02417,0.02417,112647715,112647715,https://www.sec.gov/Archives/edgar/data/1053532/000105353215000021/0001053532-15-000021-index.html,https://www.sec.gov/Archives/edgar/data/1053532/000105353215000021/lho-q12015.htm
0,2014-12-31,LHO,,,Q4,269807000,45700000,224107000,0.8306196651680646,0.0,6028000.0,0.0,68771000,74799000,229527000,13585000,39691000,79971000,0.296400760544,40280000,0.149291901248,0.0,-63587000,-0.235675872012,818000.0,25801000,0.0956276152954,0.24679,0.24679,104188785,104545895,,
0,2014-09-30,LHO,2014-10-22 00:00:00,2014-10-22 16:13:14,Q3,308002000,45986000,262016000,0.8506957747027617,0.0,6278000.0,0.0,74574000,80852000,238653000,14499000,39366000,108715000,0.352968487218,69349000,0.225157628847,0.0,104176000,0.338231569925,2997000.0,101215000,0.328617995987,0.97267,0.97267,103730007,104059030,https://www.sec.gov/Archives/edgar/data/1053532/000105353214000051/0001053532-14-000051-index.html,https://www.sec.gov/Archives/edgar/data/1053532/000105353214000051/lho-q32014.htm
0,2014-06-30,LHO,2014-07-23 00:00:00,2014-07-23 16:12:36,Q2,313105000,50144000,262961000,0.8398492518484214,0.0,6034000.0,0.0,76636000,82670000,246256000,14556000,39836000,106685000,0.340732342186,66849000,0.213503457307,0.0,87852000,0.280583190942,4883000.0,90694000,0.289660018205,0.87175,0.87175,103695013,104036397,https://www.sec.gov/Archives/edgar/data/1053532/000105353214000042/0001053532-14-000042-index.html,https://www.sec.gov/Archives/edgar/data/1053532/000105353214000042/lho-q22014.htm
0,2014-03-31,LHO,2014-04-23 00:00:00,2014-04-23 16:12:00,Q1,218864000,41700000,177164000,0.8094707215439725,0.0,5492000.0,0.0,66563000,72055000,215441000,13988000,37284000,40707000,0.185992214343,3423000.0,0.0156398494042,0.0,-5843000.0,-0.0266969442211,-6392000.0,-4865000.0,-0.0222284158199,-0.04692,-0.04692,103691657,103691657,https://www.sec.gov/Archives/edgar/data/1053532/000105353214000027/0001053532-14-000027-index.html,https://www.sec.gov/Archives/edgar/data/1053532/000105353214000027/lho-q12014.htm
0,2013-12-31,LHO,,,Q4,252043000,43984000,208059000,0.8254900949441166,0.0,5777000.0,0.0,70366000,76143000,222691000,14999000,36676000,66028000,0.261971171586,29352000,0.116456318961,0.0,16820000,0.0667346444853,-2011000.0,18762000,0.0744396789437,0.18078,0.18078,103594955,103782142,,
0,2013-09-30,LHO,2013-10-16 00:00:00,2013-10-16 16:06:37,Q3,269986000,41886000,228100000,0.844858622298934,0.0,5513000.0,0.0,67119000,72632000,222385000,14737000,40523000,88124000,0.326402109739,47601000,0.176309141956,0.0,35312000,0.130791966991,2564000.0,32640000,0.120895157527,0.34113,0.34113,95889692,95681763,https://www.sec.gov/Archives/edgar/data/1053532/000105353213000052/0001053532-13-000052-index.html,https://www.sec.gov/Archives/edgar/data/1053532/000105353213000052/lho-q32013.htm
0,2013-06-30,LHO,2013-07-17 00:00:00,2013-07-17 16:12:58,Q2,263560000,42681000,220879000,0.8380596448626498,0.0,5564000.0,0.0,63508000,69072000,206252000,13763000,33367000,90675000,0.344039307937,57308000,0.2174381545,0.0,45940000,0.17430566095,4934000.0,40863000,0.155042495068,0.428,0.428,95316742,95473859,https://www.sec.gov/Archives/edgar/data/1053532/000105353213000043/0001053532-13-000043-index.html,https://www.sec.gov/Archives/edgar/data/1053532/000105353213000043/lho-q22013.htm
0,2013-03-31,LHO,2013-04-17 00:00:00,2013-04-17 16:07:36,Q1,191704000,37304000,154400000,0.8054083378541919,0.0,5147000.0,0.0,56871000,62018000,187403000,14017000,33077000,37378000,0.194977673914,4301000.0,0.0224356299295,0.0,-7347000.0,-0.0383247089263,-5017000.0,-2330000.0,-0.0121541543212,-0.02448,-0.02448,95166029,95166029,https://www.sec.gov/Archives/edgar/data/1053532/000105353213000035/0001053532-13-000035-index.html,https://www.sec.gov/Archives/edgar/data/1053532/000105353213000035/lho-q12013.htm
0,2012-12-31,LHO,2013-02-20 00:00:00,2013-02-20 16:10:00,Q4,215664000,38406000,177258000,0.821917427108836,0.0,5134000.0,0.0,56877000,62011000,187227000,14505000,31410000,59847000,0.277501112842,28437000,0.131857890051,0.0,16329000,0.0757150011128,2142000.0,14130000,0.0655185844647,0.14842,0.14842,95061533,95200837,https://www.sec.gov/Archives/edgar/data/1053532/000105353213000013/0001053532-13-000013-index.html,https://www.sec.gov/Archives/edgar/data/1053532/000105353213000013/lho-2012x1231x10k.htm
0,2012-09-30,LHO,2012-10-17 00:00:00,2012-10-17 16:13:42,Q3,236997000,37751000,199246000,0.840711063853129,0.0,5172000.0,0.0,58081000,63253000,189215000,14110000,31495000,79277000,0.334506343962,47782000,0.201614366427,0.0,35732000,0.150769840968,4943000.0,30673000,0.129423579201,0.35896,0.35896,85278331,85449543,https://www.sec.gov/Archives/edgar/data/1053532/000105353212000011/0001053532-12-000011-index.html,https://www.sec.gov/Archives/edgar/data/1053532/000105353212000011/lho-2012930x10q.htm
0,2012-06-30,LHO,2012-07-18 00:00:00,2012-07-18 16:19:44,Q2,242095000,39475000,202620000,0.8369441748074103,0.0,4849000.0,0.0,58280000,63129000,189301000,12503000,31692000,84486000,0.348978706706,52794000,0.218071418245,0.0,40307000,0.166492492617,4969000.0,35208000,0.145430512815,0.41354,0.41354,84975917,85137833,https://www.sec.gov/Archives/edgar/data/1053532/000144530512002188/0001445305-12-002188-index.html,https://www.sec.gov/Archives/edgar/data/1053532/000144530512002188/lho-2012630x10q.htm
0,2012-03-31,LHO,,Not found...,Q1,172319000,34262000,138057000,0.8011710838619073,0.0,4614000.0,0.0,50368000,54982000,172280000,11778000,30530000,30569000,0.177397733274,39000.0,0.000226324433173,0.0,-11729000,-0.0680656224792,-2992000.0,-8715000.0,-0.0505748060284,-0.10314,-0.10314,84499856,84499856,updating...,
0,2011-12-31,LHO,2012-02-22 00:00:00,2012-02-22 16:42:30,Q4,178979000,34589000,144390000,0.8067426904832411,0.0,4201000.0,0.0,48943000,53144000,159994000,10138000,28088000,47073000,0.263008509378,18985000,0.106073896938,0.0,8873000.0,0.0495756485398,1378000.0,31242000,0.174556791579,0.36958,0.36958,84363466,84534542,https://www.sec.gov/Archives/edgar/data/1053532/000119312512072876/0001193125-12-072876-index.html,https://www.sec.gov/Archives/edgar/data/1053532/000119312512072876/d254320d10k.htm
0,2011-09-30,LHO,2011-10-19 00:00:00,2011-10-19 16:19:25,Q3,199128000,34669000,164459000,0.8258959061508175,0.0,4185000.0,0.0,51564000,55749000,164350000,9856000.0,27914000,62692000,0.314832670443,34778000,0.174651480455,0.0,24930000,0.125195853923,3125000.0,14919000,0.0749216584308,0.18519,0.18519,80392686,80559299,https://www.sec.gov/Archives/edgar/data/1053532/000119312511274900/0001193125-11-274900-index.html,https://www.sec.gov/Archives/edgar/data/1053532/000119312511274900/d220088d10q.htm
0,2011-06-30,LHO,2011-07-20 00:00:00,2011-07-20 17:06:03,Q2,202550000,35746000,166804000,0.8235201184892619,0.0,3928000.0,0.0,50646000,54574000,163447000,9928000.0,28150000,67253000,0.332031597137,39103000,0.19305356702,0.0,29180000,0.144063194273,5069000.0,8258000.0,0.0407701802024,0.10556,0.10556,78233731,78233731,https://www.sec.gov/Archives/edgar/data/1053532/000119312511192524/0001193125-11-192524-index.html,https://www.sec.gov/Archives/edgar/data/1053532/000119312511192524/d10q.htm
0,2011-03-31,LHO,2011-04-20 00:00:00,2011-04-20 16:24:27,Q1,138350000,28834000,109516000,0.7915865558366462,0.0,4806000.0,0.0,41865000,46671000,141692000,9782000.0,28023000,24681000,0.178395374051,-3342000.0,-0.024156125768,0.0,-13115000,-0.094795807734,-2524000.0,-10802000,-0.0780773400795,-0.14557,-0.14557,74202756,74202756,https://www.sec.gov/Archives/edgar/data/1053532/000119312511103719/0001193125-11-103719-index.html,https://www.sec.gov/Archives/edgar/data/1053532/000119312511103719/d10q.htm
0,2010-12-31,LHO,,Not found...,Q4,145461000,26921000,118540000,0.8149263376437671,0.0,7018000.0,0.0,-2044000.0,4974000.0,140077000,10131000,27979000,33363000,0.22936044713,5384000.0,0.0370133575323,0.0,-4699000.0,-0.0323041915015,790000.0,-10355000,-0.0711874660562,-0.14889,-0.14889,69549441,69549441,updating...,
0,2010-09-30,LHO,2010-10-20 00:00:00,2010-10-20 16:47:43,Q3,152442000,25901000,126541000,0.8300927565893914,0.0,4114000.0,0.0,55459000,59573000,128682000,8868000.0,27782000,51542000,0.338108920114,23760000,0.155862557563,0.0,14918000,0.0978601697695,2319000.0,16786000,0.110114010575,0.24494,0.24494,68531224,68531224,https://www.sec.gov/Archives/edgar/data/1053532/000119312510232644/0001193125-10-232644-index.html,https://www.sec.gov/Archives/edgar/data/1053532/000119312510232644/d10q.htm
0,2010-06-30,LHO,2010-07-21 00:00:00,2010-07-21 16:37:53,Q2,302454000,59935000,242519000,0.801837634813889,0.0,3121130.0,0.0,109375000,112496130,282979130,17501000,55749000,75223870,0.248711771046,19474870,0.0643895270025,0.0,-1248891.0,-0.00412919319963,1966000.0,-3195891.0,-0.0105665357377,-0.04759,-0.04759,67151207,67151207,https://www.sec.gov/Archives/edgar/data/1053532/000119312510162841/0001193125-10-162841-index.html,https://www.sec.gov/Archives/edgar/data/1053532/000119312510162841/d10q.htm
