,date,symbol,fillingDate,acceptedDate,period,revenue,costOfRevenue,grossProfit,grossProfitRatio,researchAndDevelopmentExpenses,generalAndAdministrativeExpenses,sellingAndMarketingExpenses,otherExpenses,operatingExpenses,costAndExpenses,interestExpense,depreciationAndAmortization,ebitda,ebitdaratio,operatingIncome,operatingIncomeRatio,totalOtherIncomeExpensesNet,incomeBeforeTax,incomeBeforeTaxRatio,incomeTaxExpense,netIncome,netIncomeRatio,eps,epsdiluted,weightedAverageShsOut,weightedAverageShsOutDil,link,finalLink
0,2020-09-30,AKR,2020-11-06,2020-11-05 20:35:01,Q3,51281000,0.0,51281000,1.0,0.0,8625000.0,0.0,56705000,65330000,65330000,17752000,34457000,20432000,0.39843216785944113,-14025000,-0.2734931066086855,2132000.0,-38215000,-0.7452077767594236,-74000.0,-38141000,-0.7437647471773171,-0.1,-0.1,86179950,86179950,https://www.sec.gov/Archives/edgar/data/899629/000156459020051599/0001564590-20-051599-index.htm,https://www.sec.gov/Archives/edgar/data/899629/000156459020051599/akr-10q_20200930.htm
0,2020-06-30,AKR,2020-08-07,2020-08-07 19:34:29,Q2,63773000,27016000,36757000,0.5763724460194753,0.0,8720000.0,0.0,61296000,42515000.00000001,69531000.00000001,5014000.0,33793000,58354000,0.915027,-5758000.0,-0.090289,0.0,65043000,1.019914,137000.0,19410000,0.304361,0.22523,0.22523,86179950,86179950,https://www.sec.gov/Archives/edgar/data/899629/000156459020038427/0001564590-20-038427-index.htm,https://www.sec.gov/Archives/edgar/data/899629/000156459020038427/akr-10q_20200630.htm
0,2020-03-31,AKR,2020-05-07,2020-05-06 18:59:02,Q1,71420000,23767000,47653000,0.6672220666479978,0.0,9070000.0,0.0,108693000,93996000.00000001,117763000.00000001,5489000.0,33377000,29500000,0.41305,-46343000,-0.64888,0.0,-60991000,-0.853976,-952000.0,-8414000.0,-0.11781,-0.09741,-0.09741,86378000,86378000,https://www.sec.gov/Archives/edgar/data/899629/000156459020022153/0001564590-20-022153-index.htm,https://www.sec.gov/Archives/edgar/data/899629/000156459020005641/akr-10k_20191231.htm
0,2019-12-31,AKR,2020-02-21,2020-02-20 21:53:21,Q4,77784000,23521000,54263000,0.6976113339504268,0.0,9837000.0,0.0,56157000,26219000,49740000,5571000.0,32635999.999999996,59362999.99999999,0.763178,28044000,0.360537,0.0,14511000,0.186555,-154000.0,21310000,0.273964,0.2447,0.2447,87086760,87086760,https://www.sec.gov/Archives/edgar/data/899629/000156459020005641/0001564590-20-005641-index.htm,https://www.sec.gov/Archives/edgar/data/899629/000156459020005641/akr-10k_20191231.htm
0,2019-09-30,AKR,2019-10-25,2019-10-24 21:04:35,Q3,73327000,23405000,49922000,0.6808133429705293,0.0,8222000.0,0.0,54250000,28656999.999999996,52061999.99999999,5888000.0,32170000,49919000,0.680772,21265000,0.290002,5034000.0,10243000,0.139689,1403000.0,10458000,0.142621,0.1232,0.1232,84888450,84888450,https://www.sec.gov/Archives/edgar/data/899629/000156459019037806/0001564590-19-037806-index.htm,https://www.sec.gov/Archives/edgar/data/899629/000156459019037806/akr-10q_20190930.htm
0,2019-06-30,AKR,2019-07-25,2019-07-25 08:07:07,Q2,144216000,43542000,100674000,0.6980778831752371,0.0,17357000,0.0,54942000,77380000,120922000,5639000.0,30304000.000000004,57439000,0.398285,23294000,0.161522,1913000.0,-2082000.0,-0.014437,219000.0,21277000,0.147536,0.25264,0.25264,84220310,84220310,https://www.sec.gov/Archives/edgar/data/899629/000156459019025979/0001564590-19-025979-index.htm,https://www.sec.gov/Archives/edgar/data/899629/000156459019025979/akr-10q_20190630.htm
0,2019-03-31,AKR,2019-04-25,2019-04-25 17:32:08,Q1,74800000,21950000,52850000,0.7065508021390374,0.0,8323000.0,0.0,52283000,36641999.99999999,58591999.99999999,4776000.0,30333000,47260000,0.631818,16208000,0.216684,0.0,2890000.0,0.038636,-46000.0,12197000,0.163061,0.14644,0.14644,83288430,83288430,https://www.sec.gov/Archives/edgar/data/899629/000156459019013113/0001564590-19-013113-index.htm,https://www.sec.gov/Archives/edgar/data/899629/000156459019003257/akr-10k_20181231.htm
0,2018-12-31,AKR,2019-02-19,2019-02-19 15:04:59,Q4,69727000,21154000,48573000,0.6966168055416123,0.0,9984000.0,0.0,202000.0,40980000.00000001,62134000.00000001,4589000.0,30749000.00000001,42551000.00000001,0.610251,7593000.0,0.108896,0.0,-6588000.0,-0.094483,83000.0,7130000.0,0.102256,0.08739,0.08739,81585580,81585580,https://www.sec.gov/Archives/edgar/data/899629/000156459019003257/0001564590-19-003257-index.htm,https://www.sec.gov/Archives/edgar/data/899629/000156459019003257/akr-10k_20181231.htm
0,2018-09-30,AKR,2018-10-29,2018-10-29 17:23:33,Q3,65530000,21650000,43880000,0.6696169693270257,0.0,7980000.0,0.0,270000.0,31820000,53470000,5240000.0,28699999.999999996,43629999.99999999,0.665802,12060000,0.184038,0.0,-2130000.0,-0.032504,460000.0,9230000.0,0.140852,0.11315,0.11315,81570000,81570000,https://www.sec.gov/Archives/edgar/data/899629/000156459018025435/0001564590-18-025435-index.htm,https://www.sec.gov/Archives/edgar/data/899629/000156459018025435/akr-10q_20180930.htm
0,2018-06-30,AKR,2018-07-27,2018-07-27 16:05:55,Q2,61300000,17290000,44010000,0.7179445350734095,0.0,7910000.0,0.0,310000.0,37680000,54970000,5251000.0,29500000,42411000,0.69186,6330000.0,0.103263,0.0,-2280000.0,-0.037194,-10000.0,7670000.0,0.125122,0.09438,0.09438,81270000,81270000,https://www.sec.gov/Archives/edgar/data/899629/000089962918000064/0000899629-18-000064-index.htm,https://www.sec.gov/Archives/edgar/data/899629/000089962918000064/a2018-06x30form10xq.htm
0,2018-03-31,AKR,2018-05-03,2018-05-03 17:30:25,Q1,63120000,19300000,43820000,0.694233206590621,0.0,8470000.0,0.0,80000.0,37120000.00000001,56420000.00000001,4874000.0,28600000,41284000,0.654056,6700000.0,0.106147,0.0,-3770000.0,-0.059728,390000.0,7420000.0,0.117554,0.08893,0.08893,83440000,83440000,https://www.sec.gov/Archives/edgar/data/899629/000089962918000032/0000899629-18-000032-index.htm,https://www.sec.gov/Archives/edgar/data/899629/000089962918000008/a2017-12x31form10xk.htm
0,2017-12-31,AKR,2018-02-27,2018-02-27 17:10:23,Q4,66080000,23170000,42910000,0.649364406779661,0.0,8470000.0,0.0,1200000.0,42399999.99999999,65569999.99999999,4766000.0,27700000.000000004,51376000,0.777482,510000.0,0.007718,0.0,24930000,0.37727,-2000000.0,20910000,0.316435,0.24973,0.24973,83730000,83730000,https://www.sec.gov/Archives/edgar/data/899629/000089962918000008/0000899629-18-000008-index.htm,https://www.sec.gov/Archives/edgar/data/899629/000089962918000008/a2017-12x31form10xk.htm
0,2017-09-30,AKR,2017-11-06,2017-11-03 17:35:06,Q3,62680000,18240000,44440000,0.7089980855137205,0.0,7950000.0,0.0,250000.0,38690000,56930000,4788000.0,26600000,44728000,0.713593,5740000.0,0.091576,0.0,13750000,0.219368,470000.0,12870000,0.205329,0.15376,0.15376,83700000,83700000,https://www.sec.gov/Archives/edgar/data/899629/000089962917000083/0000899629-17-000083-index.htm,https://www.sec.gov/Archives/edgar/data/899629/000089962917000083/a2017-09x30form10xq.htm
0,2017-06-30,AKR,2017-07-28,2017-07-28 16:53:46,Q2,59500000,17400000,42100000,0.7075630252100841,0.0,8860000.0,0.0,440000.0,35360000,52760000,4641000.0,26100000,43231000,0.726571,6740000.0,0.113277,0.0,6540000.0,0.109916,430000.0,12060000,0.202689,0.1425,0.1425,84630000,84630000,https://www.sec.gov/Archives/edgar/data/899629/000089962917000075/0000899629-17-000075-index.htm,https://www.sec.gov/Archives/edgar/data/899629/000089962917000075/akr2017-06x3010xq.htm
0,2017-03-31,AKR,2017-04-28,2017-04-28 16:34:29,Q1,62000000,18800000,43200000,0.6967741935483871,0.0,8470000.0,0.0,290000.0,33300000,52100000,4538000.0,24500000,44798000,0.722548,9900000.0,0.159677,0.0,20100000,0.324194,130000.0,15630000,0.252097,0.18683,0.18683,83660000,83660000,https://www.sec.gov/Archives/edgar/data/899629/000089962917000049/0000899629-17-000049-index.htm,https://www.sec.gov/Archives/edgar/data/899629/000089962917000009/akr2016123110k.htm
0,2016-12-31,AKR,2017-02-24,2017-02-24 16:51:51,Q4,34820000,16180000,18640000,0.5353245261344055,0.0,9910000.0,0.0,3420000.0,36580000,52760000,4945000.0,23299999.999999996,47835000,1.373779,-17940000,-0.515221,0.0,34010000,0.976738,-230000.0,19820000,0.569213,0.23946,0.23946,82770000,82770000,https://www.sec.gov/Archives/edgar/data/899629/000089962917000009/0000899629-17-000009-index.htm,https://www.sec.gov/Archives/edgar/data/899629/000089962917000009/akr2016123110k.htm
0,2016-09-30,AKR,2016-10-28,2016-10-28 16:13:08,Q3,51100000,11250000,39850000,0.7798434442270059,0.0,12870000,0.0,3270000.0,31350000,42600000,5242000.0,15200000.000000004,26642000.000000004,0.52137,8500000.0,0.166341,0.0,420000.0,0.008219,90000.0,6110000.0,0.119569,0.07772,0.07772,78620000,78620000,https://www.sec.gov/Archives/edgar/data/899629/000089962916000073/0000899629-16-000073-index.htm,https://www.sec.gov/Archives/edgar/data/899629/000089962916000073/akr10-q09302016.htm
0,2016-06-30,AKR,2016-07-27,2016-07-27 16:34:55,Q2,55970000,10750000,45220000,0.8079328211541897,0.0,8520000.0,0.0,540000.0,23750000,34500000,-1925000.0,14700000,30805000,0.550384,21470000,0.383598,0.0,91660000,1.637663,110000.0,17920000,0.320172,0.21632,0.21632,82840000,82840000,https://www.sec.gov/Archives/edgar/data/899629/000089962916000061/0000899629-16-000061-index.htm,https://www.sec.gov/Archives/edgar/data/899629/000089962916000061/akr10-q06302016.htm
0,2016-03-31,AKR,2016-04-29,2016-04-29 16:07:54,Q1,48050000,11700000,36350000,0.7565036420395421,0.0,9350000.0,0.0,290000.0,26490000,38190000,8038000.0,16800000,53688000,1.117336,9850000.0,0.204995,0.0,8410000.0,0.175026,-80000.0,28930000,0.602081,0.40885,0.40885,70760000,70760000,https://www.sec.gov/Archives/edgar/data/899629/000089962916000052/0000899629-16-000052-index.htm,https://www.sec.gov/Archives/edgar/data/899629/000089962916000040/akr2015123110k.htm
0,2015-12-31,AKR,2016-02-19,2016-02-19 16:34:15,Q4,36570000,14710000,21860000,0.5977577249111293,0.0,7230000.0,0.0,1560000.0,24390000,39100000,2098000.0,15799999.999999996,26517999.999999996,0.72513,-2530000.0,-0.069182,1600000.0,7600000.0,0.207821,-270000.0,8890000.0,0.243095,0.12823,0.12823,69330000,69330000,https://www.sec.gov/Archives/edgar/data/899629/000089962916000040/0000899629-16-000040-index.htm,https://www.sec.gov/Archives/edgar/data/899629/000089962916000040/akr2015123110k.htm
0,2015-09-30,AKR,2015-11-06,2015-11-06 16:37:18,Q3,56850000,12460000,44390000,0.7808267370272647,0.0,7600000.0,0.0,400000.0,25460000,37920000,2183000.0,17400000,34063000,0.599173,18940000,0.333157,0.0,18800000,0.330695,700000.0,13780000,0.242392,0.19983,0.19983,68960000,68960000,https://www.sec.gov/Archives/edgar/data/899629/000089962915000033/0000899629-15-000033-index.htm,https://www.sec.gov/Archives/edgar/data/899629/000089962915000033/akr10-q09302015.htm
0,2015-06-30,AKR,2015-07-31,2015-07-31 16:07:24,Q2,53160000,12620000,40540000,0.7626034612490594,0.0,8010000.0,0.0,600000.0,27530000,40150000,-3924000.0,13900000.000000002,36416000,0.685026,13010000,0.244733,0.0,85400000,1.606471,-60000.0,26500000,0.498495,0.38478,0.38478,68870000,68870000,https://www.sec.gov/Archives/edgar/data/899629/000089962915000025/0000899629-15-000025-index.htm,https://www.sec.gov/Archives/edgar/data/899629/000089962915000025/akr10-q06302015.htm
0,2015-03-31,AKR,2015-05-01,2015-05-01 16:15:11,Q1,52480000,14020000,38460000,0.7328506097560976,0.0,7530000.0,0.0,2120000.0,23419999.999999996,37440000,8821000.0,13700000,40491000,0.771551,15040000,0.286585,0.0,39950000,0.761242,1420000.0,16550000,0.315358,0.2421,0.2421,68360000,68360000,https://www.sec.gov/Archives/edgar/data/899629/000089962915000016/0000899629-15-000016-index.htm,https://www.sec.gov/Archives/edgar/data/899629/000089962915000006/akr2014123110k.htm
0,2014-12-31,AKR,2015-02-20,2015-02-20 14:24:52,Q4,51160000,12960000,38200000,0.746677091477717,0.0,6540000.0,0.0,590000.0,20780000,33740000,2055000.0,13500000,25555000,0.499511,17410000,0.340305,0.0,9990000.0,0.19527,560000.0,9440000.0,0.184519,0.14782,0.14782,63860000,63860000,https://www.sec.gov/Archives/edgar/data/899629/000089962915000006/0000899629-15-000006-index.htm,https://www.sec.gov/Archives/edgar/data/899629/000089962915000006/akr2014123110k.htm
0,2014-09-30,AKR,2014-11-05,2014-11-05 16:26:19,Q3,47660000,10840000,36820000,0.7725556021821234,0.0,7120000.0,0.0,1590000.0,21590000,32430000,1808000.0,12900000.000000002,43248000,0.907428,15230000,0.319555,0.0,111060000,2.330256,-20000.0,28560000,0.599245,0.47815,0.47815,59730000,59730000,https://www.sec.gov/Archives/edgar/data/899629/000089962914000029/0000899629-14-000029-index.htm,https://www.sec.gov/Archives/edgar/data/899629/000089962914000029/akr10-q09302014.htm
0,2014-06-30,AKR,2014-08-01,2014-08-01 14:14:24,Q2,49510000,11310000,38200000,0.7715613007473238,0.0,6880000.0,0.0,910000.0,19430000,30740000,-5151000.0,11600000,17829000,0.360109,18770000,0.379115,0.0,11230000,0.226823,-80000.0,11460000,0.231468,0.18392,0.18392,62310000,62310000,https://www.sec.gov/Archives/edgar/data/899629/000089962914000026/0000899629-14-000026-index.htm,https://www.sec.gov/Archives/edgar/data/899629/000089962914000026/akr10-q06302014.htm
0,2014-03-31,AKR,2014-05-02,2014-05-02 11:24:35,Q1,46690000,12790000,33900000,0.7260655386592418,0.0,6900000.0,0.0,690000.0,19380000.000000004,32170000.000000004,10651000,11600000,44021000,0.942836,14520000,0.310987,0.0,19280000,0.412936,170000.0,21600000,0.462626,0.38558,0.38558,56020000,56020000,https://www.sec.gov/Archives/edgar/data/899629/000089962914000017/0000899629-14-000017-index.htm,https://www.sec.gov/Archives/edgar/data/899629/000089962914000008/akr2013123110k.htm
0,2013-12-31,AKR,2014-02-26,2014-02-26 17:14:21,Q4,46400000,12820000,33580000,0.7237068965517242,0.0,8290000.0,0.0,1860000.0,21939999.999999996,34760000,2497000.0,11000000,34177000,0.736573,11630000,0.250647,0.0,6830000.0,0.147198,-30000.0,20710000,0.446336,0.37235,0.37235,55620000,55620000,https://www.sec.gov/Archives/edgar/data/899629/000089962914000008/0000899629-14-000008-index.htm,https://www.sec.gov/Archives/edgar/data/899629/000089962914000008/akr2013123110k.htm
0,2013-09-30,AKR,2013-11-05,2013-11-05 16:58:03,Q3,41090000,11330000,29760000,0.7242638111462643,0.0,5340000.0,0.0,840000.0,16630000.000000004,27960000.000000004,2359000.0,10500000,22539000,0.548528,13130000,0.319542,0.0,6740000.0,0.16403,190000.0,9490000.0,0.230956,0.17102,0.17102,55490000,55490000,https://www.sec.gov/Archives/edgar/data/899629/000089962913000032/0000899629-13-000032-index.htm,https://www.sec.gov/Archives/edgar/data/899629/000089962913000032/akr10-q09302013.htm
0,2013-06-30,AKR,2013-08-07,2013-08-07 15:07:57,Q2,40810000,9660000.0,31150000,0.7632933104631218,0.0,6300000.0,0.0,390000.0,17790000,27450000,2056000.0,11000000.000000002,21826000.000000004,0.53482,13360000,0.327371,-29000.0,4250000.0,0.104141,10000.0,8760000.0,0.214653,0.15629,0.15629,56050000,56050000,https://www.sec.gov/Archives/edgar/data/899629/000089962913000023/0000899629-13-000023-index.htm,https://www.sec.gov/Archives/edgar/data/899629/000089962913000023/akr10-q06302013.htm
0,2013-03-31,AKR,2013-05-09,2013-05-09 14:12:48,Q1,42290000,9470000.0,32820000,0.7760699929061243,0.0,5630000.0,0.0,1510000.0,16369999.999999996,25839999.999999996,2031000.0,10600000,22111000,0.522842,16450000,0.388981,29000.0,9420000.0,0.222748,-140000.0,9620000.0,0.227477,0.17561,0.17561,54780000,54780000,https://www.sec.gov/Archives/edgar/data/899629/000089962913000016/0000899629-13-000016-index.htm,https://www.sec.gov/Archives/edgar/data/899629/000089962913000007/akr2012123110k.htm
0,2012-12-31,AKR,2013-02-27,2013-02-27 17:10:13,Q4,37140000,13400000,23740000,0.6392030156165859,0.0,4610000.0,0.0,410000.0,14330000,27730000,4693000.0,9099999.999999998,33372999.999999996,0.898573,9410000.0,0.253366,2370000.0,4010000.0,0.10797,-1700000.0,21280000,0.572967,0.42072,0.42072,50580000,50580000,https://www.sec.gov/Archives/edgar/data/899629/000089962913000007/0000899629-13-000007-index.htm,https://www.sec.gov/Archives/edgar/data/899629/000089962913000007/akr2012123110k.htm
0,2012-09-30,AKR,2012-11-08,2012-11-08 14:22:59,Q3,28830000,8230000.0,20600000,0.7145334720776968,0.0,5520000.0,0.0,610000.0,13500000,21730000,4603000.0,10399999.999999998,22483000,0.779847,7100000.0,0.246271,55000.0,-1530000.0,-0.05307,-100000.0,7580000.0,0.262921,0.16193,0.16193,46810000,46810000,https://www.sec.gov/Archives/edgar/data/899629/000089962912000006/0000899629-12-000006-index.htm,https://www.sec.gov/Archives/edgar/data/899629/000089962912000006/akr10-q09302012.htm
0,2012-06-30,AKR,2012-08-08,2012-08-08 12:13:21,Q2,22240000,5300000.0,16940000,0.7616906474820144,0.0,5190000.0,0.0,1280000.0,12620000.000000002,17920000,4613000.0,10200000.000000002,22693000,1.020369,4320000.0,0.194245,22000.0,5000000.0,0.22482,1040000.0,6840000.0,0.307554,0.13829,0.13829,49460000,49460000,https://www.sec.gov/Archives/edgar/data/899629/000144530512002535/0001445305-12-002535-index.htm,https://www.sec.gov/Archives/edgar/data/899629/000144530512002535/akr10-q06302012.htm
0,2012-03-31,AKR,2012-05-09,2012-05-09 14:11:26,Q1,29970000,8560000.0,21410000,0.714381047714381,0.0,5930000.0,0.0,1040000.0,14110000.000000002,22670000,4638000.0,9100000.0,17938000,0.598532,7300000.0,0.243577,54000.0,680000.0,0.022689,190000.0,4010000.0,0.1338,0.09382,0.09382,42740000,42740000,https://www.sec.gov/Archives/edgar/data/899629/000144530512001603/0001445305-12-001603-index.htm,https://www.sec.gov/Archives/edgar/data/899629/000144530512000495/akr2011123110k.htm
0,2011-12-31,AKR,2012-02-28,2012-02-28 14:40:11,Q4,28780000,8770000.0,20010000,0.6952744961779013,0.0,5940000.0,0.0,20060000,12600000.000000002,21370000,-10499000,8600000.000000002,6461000.000000001,0.224496,7420000.0,0.257818,57000.0,-1250000.0,-0.043433,470000.0,7890000.0,0.274149,0.18754,0.18754,42070000,42070000,https://www.sec.gov/Archives/edgar/data/899629/000144530512000495/0001445305-12-000495-index.htm,https://www.sec.gov/Archives/edgar/data/899629/000144530512000495/akr2011123110k.htm
0,2011-09-30,AKR,2011-11-02,2011-11-02 11:56:11,Q3,11860000,2250000.0,9610000.0,0.8102866779089376,0.0,5740000.0,0.0,-100000.0,9180000.0,11430000,27598000,8400000.000000002,39518000,3.33204,440000.0,0.037099,105000.0,-960000.0,-0.080944,-490000.0,4010000.0,0.338111,0.10421,0.10421,38480000,38480000,https://www.sec.gov/Archives/edgar/data/899629/000144530511003166/0001445305-11-003166-index.htm,https://www.sec.gov/Archives/edgar/data/899629/000144530511003166/akr10-q09302011.htm
0,2011-06-30,AKR,2011-08-05,2011-08-05 10:14:22,Q2,37170000,11730000,25440000,0.6844229217110573,0.0,5700000.0,0.0,80000.0,14090000,25820000,9848000.0,8500000.0,48798000,1.312833,11350000,0.305354,80000.0,2640000.0,0.071025,220000.0,30230000,0.81329,0.73178,0.73178,41310000,41310000,https://www.sec.gov/Archives/edgar/data/899629/000093041311005141/0000930413-11-005141-index.htm,https://www.sec.gov/Archives/edgar/data/899629/000093041311005141/c66476_10-q.htm
0,2011-03-31,AKR,2011-05-05,2011-05-05 14:21:13,Q1,37270000,11550000,25720000,0.6900992755567481,0.0,5690000.0,0.0,20000.0,11599999.999999998,23149999.999999996,8008000.0,8200000.0,25888000,0.694607,14110000,0.378589,34000.0,5100000.0,0.136839,260000.0,9420000.0,0.25275,0.2334,0.2334,40360000,40360000,https://www.sec.gov/Archives/edgar/data/899629/000115752311002807/0001157523-11-002807-index.htm,https://www.sec.gov/Archives/edgar/data/899629/000093041311001472/c64396_10-k.htm
0,2010-12-31,AKR,2011-02-28,2011-02-28 16:58:39,Q4,36040000,13250000,22790000,0.6323529411764706,0.0,4370000.0,0.0,45630000,12149999.999999998,25400000,8544000.0,9100000.000000002,25674000,0.712375,10650000,0.295505,-50000.0,9520000.0,0.264151,1020000.0,7010000.0,0.194506,0.1727,0.1727,40590000,40590000,https://www.sec.gov/Archives/edgar/data/899629/000093041311001472/0000930413-11-001472-index.htm,https://www.sec.gov/Archives/edgar/data/899629/000093041311001472/c64396_10-k.htm
0,2010-09-30,AKR,2010-11-08,2010-11-08 10:40:57,Q3,33730000,11420000,22310000,0.6614289949599763,0.0,5320000.0,0.0,22370000000,11370000,22790000,8829000000,7199999.999999999,8842110000,262.143789,10940000,0.32434,175000000,1350000.0,0.040024,790000.0,5120000.0,0.151794,0.12743,0.12743,40180000,40180000,https://www.sec.gov/Archives/edgar/data/899629/000115752310006703/0001157523-10-006703-index.htm,https://www.sec.gov/Archives/edgar/data/899629/000115752310006703/a6488986.htm
0,2010-06-30,AKR,2010-08-05,2010-08-05 15:08:04,Q2,35100000,10220000,24880000,0.7088319088319088,0.0,5420000.0,0.0,18778000000,11780000,22000000,8631000000,7899999.999999999,8652350000,246.505698,13110000,0.373504,33810000,37640000,1.072365,650000.0,12800000,0.364672,0.31419,0.31419,40740000,40740000,https://www.sec.gov/Archives/edgar/data/899629/000115752310004807/0001157523-10-004807-index.htm,https://www.sec.gov/Archives/edgar/data/899629/000115752310004807/a6386434.htm
0,2010-03-31,AKR,2010-05-05,2010-05-05 17:30:32,Q1,36170000,11600000,24570000,0.6792922311307713,0.0,5120000.0,0.0,22716000,13720000,25320000,8467000.0,10300000,24337000,0.67285,10850000,0.299972,431000.0,1720000.0,0.047553,440000.0,5130000.0,0.14183,0.12768,0.12768,40180000,40180000,https://www.sec.gov/Archives/edgar/data/899629/000115752310002828/0001157523-10-002828-index.htm,https://www.sec.gov/Archives/edgar/data/899629/000093041310001152/c60427_10k.htm
0,2009-12-31,AKR,2010-03-01,2010-03-01 13:58:55,Q4,37530000,13330000,24200000,0.6448174793498535,0.0,5440000.0,0.0,45193000,15209999.999999998,28540000,8372000.0,9800000.000000004,24822000.000000004,0.661391,8990000.0,0.239542,1345000.0,2810000.0,0.074873,190000.0,6460000.0,0.172129,0.16134,0.16134,40040000,40040000,https://www.sec.gov/Archives/edgar/data/899629/000093041310001152/0000930413-10-001152-index.htm,https://www.sec.gov/Archives/edgar/data/899629/000093041310001152/c60427_10k.htm
0,2009-09-30,AKR,2009-11-06,2009-11-06 11:20:56,Q3,38150000,8410000.0,29740000,0.7795543905635649,0.0,5230000.0,0.0,21229000,21290000,29700000,8330000.0,10299999.999999996,35690000,0.935518,8450000.0,0.221494,136000.0,80000.0,0.002097,-270000.0,17330000,0.45426,0.447,0.447,38770000,38770000,https://www.sec.gov/Archives/edgar/data/899629/000115752309007823/0001157523-09-007823-index.htm,https://www.sec.gov/Archives/edgar/data/899629/000115752309007823/a6090622.htm
0,2009-06-30,AKR,2009-08-06,2009-08-06 14:10:15,Q2,35130000,15490000,19640000,0.5590663250782807,0.0,5210000.0,0.0,24007000,9749999.999999998,25239999.999999996,7631000.0,8500000.000000002,24371000.000000004,0.693738,9890000.0,0.281526,908000.0,2400000.0,0.068318,1100000.0,7140000.0,0.203245,0.19355,0.19355,36890000,36890000,https://www.sec.gov/Archives/edgar/data/899629/000115752309005738/0001157523-09-005738-index.htm,https://www.sec.gov/Archives/edgar/data/899629/000115752309005738/a6023210.htm
0,2009-03-31,AKR,2009-05-07,2009-05-07 13:44:04,Q1,34910000,10970000,23940000,0.6857633915783443,0.0,6140000.0,0.0,20000.0,11589999.999999998,22559999.999999996,7821000.0,8600000.0,27251000,0.780607,12340000,0.35348,506000.0,1330000.0,0.038098,530000.0,10300000,0.295044,0.30223,0.30223,34080000,34080000,https://www.sec.gov/Archives/edgar/data/899629/000093041309002522/0000930413-09-002522-index.htm,https://www.sec.gov/Archives/edgar/data/899629/000093041309001102/c56781_10k.htm
0,2008-12-31,AKR,2009-02-27,2009-02-27 15:44:47,Q4,30370000,16440000,13930000,0.4586763253210405,0.0,5410000.0,0.0,31711000,15959999.999999996,32399999.999999996,6435000.0,12500000,14875000,0.489793,-2030000.0,-0.066842,350000.0,-4190000.0,-0.137965,970000.0,-5030000.0,-0.165624,-0.14864,-0.14864,33840000,33840000,https://www.sec.gov/Archives/edgar/data/899629/000093041309001102/0000930413-09-001102-index.htm,https://www.sec.gov/Archives/edgar/data/899629/000093041309001102/c56781_10k.htm
0,2008-09-30,AKR,2008-11-06,2008-11-06 15:15:41,Q3,28090000,8530000.0,19560000,0.6963332146671414,0.0,6820000.0,0.0,16232000,14810000,23340000,7563000.0,8299999.999999999,20523000,0.730616,4750000.0,0.169099,386000.0,4610000.0,0.164115,190000.0,4470000.0,0.159131,0.13006,0.13006,34370000,34370000,https://www.sec.gov/Archives/edgar/data/899629/000089322008002909/0000893220-08-002909-index.htm,https://www.sec.gov/Archives/edgar/data/899629/000089322008002909/w71503e10vq.htm
0,2008-06-30,AKR,2008-08-07,2008-08-07 15:00:20,Q2,51460000,8440000.0,43020000,0.8359891177613681,0.0,6260000.0,0.0,15314000,12549999.999999998,20990000,6804000.0,7500000.0,32044000,0.622697,30470000,0.59211,167000.0,10530000,0.204625,340000.0,17400000,0.338127,0.50072,0.50072,34750000,34750000,https://www.sec.gov/Archives/edgar/data/899629/000089322008002308/0000893220-08-002308-index.htm,https://www.sec.gov/Archives/edgar/data/899629/000089322008002308/w65091e10vq.htm
0,2008-03-31,AKR,2008-05-08,2008-05-08 12:38:43,Q1,28020000,7830000.0,20190000,0.7205567451820128,0.0,6050000.0,0.0,13195000,12270000.000000002,20100000,6088000.0,6600000.0,22788000,0.813276,7920000.0,0.282655,288000.0,9550000.0,0.340828,1860000.0,8240000.0,0.294076,0.24065,0.24065,34240000,34240000,https://www.sec.gov/Archives/edgar/data/899629/000089322008001388/0000893220-08-001388-index.htm,https://www.sec.gov/Archives/edgar/data/899629/000089322008000567/w50363e10vk.htm
0,2007-12-31,AKR,2008-02-29,2008-02-29 14:04:01,Q4,25880000,6760000.0,19120000,0.7387944358578052,0.0,6730000.0,0.0,12596000,14729999.999999998,21490000,5219000.0,8099999.999999998,22398999.999999996,0.865495,4390000.0,0.169629,22000.0,3060000.0,0.118238,50000.0,9030000.0,0.348918,0.26319,0.26319,34310000,34310000,https://www.sec.gov/Archives/edgar/data/899629/000089322008000567/0000893220-08-000567-index.htm,https://www.sec.gov/Archives/edgar/data/899629/000089322008000567/w50363e10vk.htm
0,2007-09-30,AKR,2007-11-08,2007-11-08 13:39:54,Q3,28360000,6770000.0,21590000,0.7612834978843441,0.0,5340000.0,0.0,13458000,12620000.000000002,19390000,5509000.0,6900000.0,20709000,0.730219,8970000.0,0.316291,456000.0,8780000.0,0.309591,-190000.0,8490000.0,0.299365,0.22804,0.22804,37230000,37230000,https://www.sec.gov/Archives/edgar/data/899629/000089322007003591/0000893220-07-003591-index.htm,https://www.sec.gov/Archives/edgar/data/899629/000089322007003591/w41985e10vq.htm
0,2007-06-30,AKR,2007-08-09,2007-08-09 10:29:51,Q2,21150000,4500000.0,16650000,0.7872340425531915,0.0,5540000.0,0.0,13370000,11520000,16020000,5900000.0,6900000.0,16220000,0.766903,5140000.0,0.243026,289000.0,2750000.0,0.130024,390000.0,3030000.0,0.143262,0.09201,0.09201,32930000,32930000,https://www.sec.gov/Archives/edgar/data/899629/000089322007002760/0000893220-07-002760-index.htm,https://www.sec.gov/Archives/edgar/data/899629/000089322007002760/w38196e10vq.htm
0,2007-03-31,AKR,2007-05-09,2007-05-09 12:37:19,Q1,22630000,5530000.0,17100000,0.755634114007954,0.0,5450000.0,0.0,13641000,11079999.999999998,16609999.999999998,6147000.0,6500000.0,19407000,0.857578,6020000.0,0.266019,264000.0,2860000.0,0.126381,40000.0,6720000.0,0.296951,0.20339,0.20339,33040000,33040000,https://www.sec.gov/Archives/edgar/data/899629/000089322007001749/0000893220-07-001749-index.htm,https://www.sec.gov/Archives/edgar/data/899629/000089322007000543/w31201e10vk.htm
0,2006-12-31,AKR,2007-03-01,2007-03-01 16:32:16,Q4,25330000,6610000.0,18720000,0.7390446111330439,0.0,3910000.0,0.0,15017000,11219999.999999998,17830000,6028000.0,6800000.000000001,37838000,1.493802,7500000.0,0.296092,383000.0,3190000.0,0.125938,-680000.0,25690000,1.014212,0.77403,0.77403,33190000,33190000,https://www.sec.gov/Archives/edgar/data/899629/000089322007000543/0000893220-07-000543-index.htm,https://www.sec.gov/Archives/edgar/data/899629/000089322007000543/w31201e10vk.htm
0,2006-09-30,AKR,2006-11-09,2006-11-09 11:37:50,Q3,22110000,4320000.0,17790000,0.8046132971506106,0.0,5790000.0,0.0,12124000,11490000,15810000,5584000.0,6899999.999999999,15963999.999999998,0.722026,6300000.0,0.284939,361000.0,2430000.0,0.109905,-640000.0,4120000.0,0.186341,0.12186,0.12186,33810000,33810000,https://www.sec.gov/Archives/edgar/data/899629/000112528206006901/0001125282-06-006901-index.htm,https://www.sec.gov/Archives/edgar/data/899629/000112528206006901/b415593_10q.htm
0,2006-06-30,AKR,2006-08-09,2006-08-09 13:47:39,Q2,22720000,5460000.0,17260000,0.7596830985915493,0.0,4780000.0,0.0,12568000,10899999.999999998,16359999.999999998,5654000.0,6800000.0,17664000,0.777465,6360000.0,0.27993,251000.0,4170000.0,0.183539,360000.0,4850000.0,0.213468,0.14635,0.14635,33140000,33140000,https://www.sec.gov/Archives/edgar/data/899629/000112528206004759/0001125282-06-004759-index.htm,https://www.sec.gov/Archives/edgar/data/899629/000112528206004759/p414388_10q.htm
0,2006-03-31,AKR,2006-05-10,2006-05-10 17:27:58,Q1,25650000,6570000.0,19080000,0.743859649122807,0.0,5310000.0,0.0,13247000,11530000.000000002,18100000,5185000.0,6700000.0,16685000,0.650487,7540000.0,0.293957,211000.0,5330000.0,0.207797,450000.0,4350000.0,0.169591,0.13274,0.13274,32770000,32770000,https://www.sec.gov/Archives/edgar/data/899629/000112528206002673/0001125282-06-002673-index.htm,https://www.sec.gov/Archives/edgar/data/899629/000095011606000805/ten-k.htm
0,2005-12-31,AKR,2006-03-16,2006-03-16 13:25:12,Q4,24910000,5070000.0,19840000,0.7964672822159775,0.0,5630000.0,0.0,11035000,12419999.999999998,17489999.999999996,3310000.0,9099999.999999998,17529999.999999996,0.703733,7430000.0,0.298274,83000.0,4420000.0,0.177439,510000.0,4610000.0,0.185066,0.14277,0.14277,32290000,32290000,https://www.sec.gov/Archives/edgar/data/899629/000095011606000805/0000950116-06-000805-index.htm,https://www.sec.gov/Archives/edgar/data/899629/000095011606000805/ten-k.htm
0,2005-09-30,AKR,2005-11-09,2005-11-09 13:39:08,Q3,27820000,6600000.0,21220000,0.7627606038820992,0.0,3580000.0,0.0,10085000,10530000,17130000,3084000.0,6300000.000000001,18244000,0.655787,10690000,0.384256,234000.0,24080000,0.865564,1630000.0,7230000.0,0.259885,0.22103,0.22103,32710000,32710000,https://www.sec.gov/Archives/edgar/data/899629/000095011605003473/0000950116-05-003473-index.htm,https://www.sec.gov/Archives/edgar/data/899629/000095011605003473/b409679_10q.htm
0,2005-06-30,AKR,2005-08-09,2005-08-09 17:06:49,Q2,23680000,6430000.0,17250000,0.7284628378378378,0.0,3820000.0,0.0,8863000.0,9740000.000000002,16170000.000000002,2670000.0,6000000.000000001,13020000.000000002,0.549831,7510000.0,0.317145,135000.0,3280000.0,0.138514,0.0,4350000.0,0.183699,0.12229,0.12229,35570000,35570000,https://www.sec.gov/Archives/edgar/data/899629/000095011605002702/0000950116-05-002702-index.htm,https://www.sec.gov/Archives/edgar/data/899629/000095011605002702/tenq.htm
0,2005-03-31,AKR,2005-05-09,2005-05-09 14:38:17,Q1,24400000,7380000.0,17020000,0.6975409836065574,0.0,3120000.0,0.0,10356000,9390000.0,16770000,2359000.0,6300000.0,13109000,0.537254,7630000.0,0.312705,328000.0,3960000.0,0.162295,0.0,4450000.0,0.182377,0.13846,0.13846,32140000,32140000,https://www.sec.gov/Archives/edgar/data/899629/000095011605001773/0000950116-05-001773-index.htm,https://www.sec.gov/Archives/edgar/data/899629/000095011605001036/ten-k.htm
0,2004-12-31,AKR,2005-03-16,2005-03-16 14:59:10,Q4,18880000,5740000.0,13140000,0.6959745762711864,0.0,2880000.0,0.0,8918000.0,6949999.999999999,12689999.999999998,1982000.0,13100000,25162000,1.332733,6190000.0,0.32786,144000.0,3530000.0,0.18697,0.0,10080000,0.533898,0.31848,0.31848,31650000,31650000,https://www.sec.gov/Archives/edgar/data/899629/000095011605001036/0000950116-05-001036-index.htm,https://www.sec.gov/Archives/edgar/data/899629/000095011605001036/ten-k.htm
0,2004-09-30,AKR,2004-11-09,2004-11-09 15:57:34,Q3,18090000,6430000.0,11660000,0.6445550027639579,0.0,2670000.0,0.0,20470000,6439999.999999999,12870000,5719000.0,3900000.0000000005,12519000,0.69204,5220000.0,0.288557,371000.0,3480000.0,0.192371,0.0,2900000.0,0.16031,0.10981,0.10981,26410000,26410000,https://www.sec.gov/Archives/edgar/data/899629/000095011604003322/0000950116-04-003322-index.htm,https://www.sec.gov/Archives/edgar/data/899629/000095011604003322/ten-q.htm
0,2004-06-30,AKR,,,Q2,17470000,5300000.0,12170000,0.696623,0.0,2420000.0,0.0,0.0,6380000.0,11680000,-1940000.0,4100000.0,5920000.0,0.338867,5790000.0,0.331425,0.0,4360000.0,0.249571,0.0,3760000.0,0.215226,0.12588,0.12588,29870000,29870000,,
0,2004-03-31,AKR,2004-05-07,2004-05-07 12:16:21,Q1,17230000,5840000.0,11390000,0.661056297156123,0.0,2490000.0,0.0,10195000,6180000.0,12020000,2745000.0,3900000.0,9495000.0,0.551074,5210000.0,0.30238,128000.0,3340000.0,0.193848,0.0,2850000.0,0.165409,0.09979,0.09979,28560000,28560000,https://www.sec.gov/Archives/edgar/data/899629/000095011604001420/0000950116-04-001420-index.htm,https://www.sec.gov/Archives/edgar/data/899629/000095011604000843/b330630-10k.htm
0,2003-12-31,AKR,2004-03-15,2004-03-15 17:03:01,Q4,17710000,6750000.0,10960000,0.6188594014680971,0.0,2800000.0,0.0,13604000,9309999.999999998,16059999.999999998,2818000.0,6599999.999999998,8937999.999999998,0.504687,1660000.0,0.093732,268000.0,-210000.0,-0.011858,0.0,-480000.0,-0.027103,-0.01696,-0.01696,28310000,28310000,https://www.sec.gov/Archives/edgar/data/899629/000095011604000843/0000950116-04-000843-index.htm,https://www.sec.gov/Archives/edgar/data/899629/000095011604000843/b330630-10k.htm
0,2003-09-30,AKR,2003-11-12,2003-11-12 16:56:03,Q3,15550000,4690000.0,10860000,0.6983922829581993,0.0,2790000.0,0.0,9033000.0,6169999.999999999,10859999.999999998,2882000.0,3800000.000000001,9102000.0,0.585338,4690000.0,0.301608,169000.0,3370000.0,0.21672,0.0,2420000.0,0.155627,0.09333,0.09333,25930000,25930000,https://www.sec.gov/Archives/edgar/data/899629/000095011603004446/0000950116-03-004446-index.htm,https://www.sec.gov/Archives/edgar/data/899629/000095011603004446/ten-q.htm
0,2003-06-30,AKR,2003-08-14,2003-08-14 08:43:45,Q2,16470000,5200000.0,11270000,0.684274438372799,0.0,2450000.0,0.0,9089000.0,6339999.999999999,11539999.999999998,2805000.0,3900000.0,9145000.0,0.555252,4930000.0,0.299332,161000.0,2720000.0,0.165149,0.0,2440000.0,0.148148,0.09077,0.09077,26880000,26880000,https://www.sec.gov/Archives/edgar/data/899629/000095011603003532/0000950116-03-003532-index.htm,https://www.sec.gov/Archives/edgar/data/899629/000095011603003532/ten-q.htm
0,2003-03-31,AKR,2003-05-14,2003-05-14 16:21:49,Q1,18130000,6550000.0,11580000,0.6387203530060673,0.0,2700000.0,0.0,10152000,6300000.0,12850000,2726000.0,3600000.0,9786000.0,0.539768,5280000.0,0.29123,151000.0,4320000.0,0.238279,0.0,3460000.0,0.190844,0.13344,0.13344,25930000,25930000,https://www.sec.gov/Archives/edgar/data/899629/000095011603002649/0000950116-03-002649-index.htm,https://www.sec.gov/Archives/edgar/data/899629/000095011603002125/ten-k.htm
0,2002-12-31,AKR,2003-03-28,2003-03-28 14:09:28,Q4,15300000,5560000.0,9740000.0,0.6366013071895424,0.0,2890000.0,0.0,342000.0,6150000.000000001,11710000.000000002,-350000.0,5399999.999999999,12279999.999999998,0.802614,3590000.0,0.234641,0.0,2380000.0,0.155556,0.0,7230000.0,0.472549,0.27129,0.27129,26650000,26650000,https://www.sec.gov/Archives/edgar/data/899629/000095011603002125/0000950116-03-002125-index.htm,https://www.sec.gov/Archives/edgar/data/899629/000095011603002125/ten-k.htm
0,2002-09-30,AKR,2002-11-14,2002-11-14 12:15:19,Q3,16210000,5020000.0,11190000,0.690314620604565,0.0,2160000.0,0.0,8236000.0,6140000.000000001,11160000.000000002,2555000.0,3700000.0,8135000.0,0.501851,5050000.0,0.311536,116000.0,2370000.0,0.146206,0.0,1880000.0,0.115978,0.07367,0.07367,25520000,25520000,https://www.sec.gov/Archives/edgar/data/899629/000095011602002606/0000950116-02-002606-index.htm,https://www.sec.gov/Archives/edgar/data/899629/000095011602002606/ten-q.htm
0,2002-06-30,AKR,,,Q2,16030000,4840000.0,11040000,0.688709,0.0,2800000.0,0.0,0.0,6470000.000000001,11310000.000000002,-2560000.0,3699999.9999999995,4960000.0,0.30942,4710000.0,0.293824,0.0,2150000.0,0.134124,0.0,3820000.0,0.238303,0.15917,0.15917,24000000,24000000,,
0,2002-03-31,AKR,,,Q1,19530000,4640000.0,11090000,0.567844,0.0,2330000.0,0.0,0.0,5910000.000000001,10550000.000000002,-2640000.0,3600000.0,7430000.0,0.38044,8980000.0,0.459805,0.0,7870000.0,0.40297,0.0,6470000.0,0.331285,0.24151,0.24151,26790000,26790000,,
0,2001-12-31,AKR,,,Q4,15860000,4870000.0,10990000,0.692938,0.0,2540000.0,0.0,0.0,5989999.999999999,10859999.999999998,-2620000.0,3500000.0,10570000,0.666456,4990000.0,0.314628,0.0,2370000.0,0.149433,0.0,9690000.0,0.610971,0.33905,0.33905,28580000,28580000,,
0,2001-09-30,AKR,2001-11-13 00:00:00,2001-11-13 00:00:00,Q3,14920000,4900000.0,10030000,0.672252,0.0,1960000.0,0.0,0.0,5350000.0,10250000,-2810000.0,3099999.9999999995,-8980000.0,-0.601877,4670000.0,0.313003,0.0,1860000.0,0.124665,0.0,-9270000.0,-0.621314,-0.32538,-0.32538,28490000,28490000,https://www.sec.gov/Archives/edgar/data/899629/000095011601501118/0000950116-01-501118-index.html,https://www.sec.gov/Archives/edgar/data/899629/000095011601501118/ten-q.txt
0,2001-06-30,AKR,2001-08-13 00:00:00,2001-08-13 00:00:00,Q2,14070000,3380000.0,10690000,0.759773,0.0,3340000.0,0.0,0.0,6569999.999999999,9949999.999999998,-2890000.0,3599999.9999999995,8510000.0,0.604833,4120000.0,0.292822,0.0,1240000.0,0.088131,0.0,7800000.0,0.554371,0.27768,0.27768,28090000,28090000,https://www.sec.gov/Archives/edgar/data/899629/000095011601500642/0000950116-01-500642-index.html,https://www.sec.gov/Archives/edgar/data/899629/000095011601500642/ten-q.txt
0,2001-03-31,AKR,,,Q1,16430000,6880000.0,9560000.0,0.581862,0.0,1190000.0,0.0,0.0,4710000.0,11590000,-3550000.0,3500000.0,1530000.0,0.093122,4850000.0,0.295192,0.0,1300000.0,0.079124,0.0,1580000.0,0.096166,0.05625,0.05625,28090000,28090000,,
0,2000-12-31,AKR,,,Q4,24440000,9160000.0,15280000,0.625205,0.0,1310000.0,0.0,0.0,6500000.0,15660000,-6020000.0,-2200000.000000001,5739999.999999999,0.234861,8770000.0,0.358838,0.0,17330000,0.709083,0.0,13960000,0.571195,0.49433,0.49433,28240000,28240000,,
0,2000-09-30,AKR,2000-11-14 00:00:00,2000-11-14 00:00:00,Q3,23490000,8560000.0,14930000,0.63559,0.0,1170000.0,0.0,0.0,6330000.0,14890000,-6230000.0,5200000.000000001,80000.000000001,0.003406,8600000.0,0.366113,0.0,1530000.0,0.065134,0.0,1110000.0,0.047254,0.04143,0.04143,26790000,26790000,https://www.sec.gov/Archives/edgar/data/899629/000095011600002708/0000950116-00-002708-index.html,https://www.sec.gov/Archives/edgar/data/899629/000095011600002708/0000950116-00-002708-0001.txt
0,2000-06-30,AKR,2000-08-09 00:00:00,2000-08-09 00:00:00,Q2,24970000,8250000.0,16720000,0.669604,0.0,1290000.0,0.0,0.0,6369999.999999999,14619999.999999998,-6110000.0,5100000.0,1950000.0,0.078094,10350000,0.414497,0.0,4240000.0,0.169804,0.0,2960000.0,0.118542,0.11727,0.11727,25240000,25240000,https://www.sec.gov/Archives/edgar/data/899629/000095011600001797/0000950116-00-001797-index.html,https://www.sec.gov/Archives/edgar/data/899629/000095011600001797/0000950116-00-001797-0001.txt
0,2000-03-31,AKR,2000-05-10 00:00:00,2000-05-10 00:00:00,Q1,23860000,8700000.0,15160000,0.635373,0.0,1290000.0,0.0,0.0,6310000.000000001,15010000,-6160000.0,5000000.0,710000.0,0.029757,8860000.0,0.371333,0.0,2700000.0,0.11316,0.0,1870000.0,0.078374,0.07339,0.07339,25480000,25480000,https://www.sec.gov/Archives/edgar/data/899629/000095011600001118/0000950116-00-001118-index.html,https://www.sec.gov/Archives/edgar/data/899629/0000950116-00-001118.txt
0,1999-12-31,AKR,,,Q4,24130000,7970000.0,16160000,0.669706,0.0,1800000.0,0.0,0.0,7050000.0,15020000,-6170000.0,5299999.999999999,1189999.999999999,0.049316,9100000.0,0.377124,0.0,2940000.0,0.12184,0.0,2060000.0,0.085371,0.07951,0.07951,25910000,25910000,,
0,1999-09-30,AKR,,,Q3,24430000,7760000.0,16670000,0.682358,0.0,1440000.0,0.0,0.0,6410000.0,14170000,-5900000.0,4900000.0,2080000.0,0.085141,10260000,0.419975,0.0,4360000.0,0.178469,0.0,3080000.0,0.126074,0.11851,0.11851,25990000,25990000,,
0,1999-06-30,AKR,,,Q2,21900000,7990000.0,13910000,0.63516,0.0,1640000.0,0.0,0.0,6600000.0,14590000,-5420000.0,4999999.999999999,869999.999999999,0.039726,7310000.0,0.33379,0.0,1890000.0,0.086301,0.0,1290000.0,0.058904,0.05057,0.05057,25510000,25510000,,
0,1999-03-31,AKR,,,Q1,22250000,8430000.0,13820000,0.621124,0.0,1470000.0,0.0,0.0,6160000.0,14590000,-5240000.0,4700000.0,230000.0,0.010337,7670000.0,0.344719,-1280000.0,1140000.0,0.051236,0.0,770000.0,0.034607,0.03029,0.03029,25420000,25420000,,
0,1998-12-31,AKR,,,Q4,21920000,7960000.0,13960000,0.636861,0.0,2210000.0,0.0,0.0,9960000.0,17920000,-5420000.0,4600000.000000001,-1819999.999999999,-0.083029,4000000.0,0.182482,-10000.0,-1430000.0,-0.065237,0.0,-1000000.0,-0.04562,-0.03934,-0.03934,25420000,25420000,,
0,1998-09-30,AKR,,,Q3,16150000,6370000.0,9780000.0,0.605573,0.0,1160000.0,0.0,0.0,6270000.000000001,12640000,-4870000.0,4199999.999999999,-11470000.000000002,-0.710217,3510000.0,0.217337,-11560000,-12920000,-0.8,0.0,-10800000,-0.668731,-0.59735,-0.59735,18080000,18080000,,
0,1998-06-30,AKR,,,Q2,10750000,3670000.0,7080000.0,0.658605,0.0,590000.0,0.0,0.0,4650000.0,8320000.0,-4000000.0,3500000.0,-2060000.0,-0.191628,2430000.0,0.226047,0.0,-1570000.0,-0.146047,0.0,-1560000.0,-0.145116,-0.18224,-0.18224,8560000.0,8560000.0,,
0,1998-03-31,AKR,,,Q1,10950000,3720000.0,7230000.0,0.660274,0.0,460000.0,0.0,0.0,3930000.0,7650000.0,-3920000.0,3500000.0,-950000.0,-0.086758,3300000.0,0.30137,0.0,-620000.0,-0.056621,0.0,-530000.0,-0.048402,-0.06206,-0.06206,8540000.0,8540000.0,,
0,1997-12-31,AKR,,,Q4,11370000,3710000.0,7660000.0,0.673703,0.0,710000.0,0.0,0.0,4240000.0,7950000.0,-3910000.0,4000000.0,-340000.0,-0.029903,3420000.0,0.300792,0.0,-490000.0,-0.043096,0.0,-430000.0,-0.037819,-0.05029,-0.05029,8550000.0,8550000.0,,
0,1997-09-30,AKR,,,Q3,10870000,3450000.0,7430000.0,0.683533,0.0,540000.0,0.0,0.0,4080000.0,7530000.0,-3890000.0,3500000.0000000005,-859999.9999999997,-0.079117,3340000.0,0.307268,0.0,-540000.0,-0.049678,0.0,-470000.0,-0.043238,-0.05497,-0.05497,8550000.0,8550000.0,,
0,1997-06-30,AKR,,,Q2,11130000,3540000.0,7590000.0,0.681941,0.0,570000.0,0.0,0.0,3940000.0000000005,7480000.0,-3910000.0,3400000.0000000005,-749999.9999999997,-0.067385,3650000.0,0.327942,0.0,-260000.0,-0.02336,0.0,-240000.0,-0.021563,-0.02807,-0.02807,8550000.0,8550000.0,,
0,1997-03-31,AKR,,,Q1,11120000,4000000.0,7120000.0,0.640288,0.0,540000.0,0.0,0.0,3860000.0000000005,7860000.0,-3740000.0,3300000.0000000005,-859999.9999999997,-0.077338,3260000.0,0.293165,-10000.0,-490000.0,-0.044065,0.0,-420000.0,-0.03777,-0.04912,-0.04912,8550000.0,8550000.0,,
0,1996-12-31,AKR,,,Q4,11350000,3750000.0,7600000.0,0.669604,0.0,700000.0,0.0,0.0,4130000.0,7880000.0,-3670000.0,3500000.000000001,-849999.999999999,-0.07489,3460000.0,0.304846,-390000.0,-600000.0,-0.052863,0.0,-680000.0,-0.059912,-0.07953,-0.07953,8550000.0,8550000.0,,
0,1996-09-30,AKR,,,Q3,10500000,3560000.0,6940000.0,0.660952,0.0,640000.0,0.0,0.0,4119999.999999999,7679999.999999999,-3020000.0,3399999.9999999995,199999.9999999995,0.019048,2810000.0,0.267619,20000.0,-180000.0,-0.017143,0.0,-180000.0,-0.017143,-0.02105,-0.02105,8550000.0,8550000.0,,
0,1996-06-30,AKR,,,Q2,10720000,3640000.0,7080000.0,0.660448,0.0,710000.0,0.0,0.0,3990000.0,7630000.0,-3080000.0,3300000.0,220000.0,0.020522,3090000.0,0.288246,0.0,20000.0,0.001866,0.0,0.0,0.0,0.0,0.0,8540000.0,8540000.0,,
