,date,symbol,fillingDate,acceptedDate,period,revenue,costOfRevenue,grossProfit,grossProfitRatio,researchAndDevelopmentExpenses,generalAndAdministrativeExpenses,sellingAndMarketingExpenses,otherExpenses,operatingExpenses,costAndExpenses,interestExpense,depreciationAndAmortization,ebitda,ebitdaratio,operatingIncome,operatingIncomeRatio,totalOtherIncomeExpensesNet,incomeBeforeTax,incomeBeforeTaxRatio,incomeTaxExpense,netIncome,netIncomeRatio,eps,epsdiluted,weightedAverageShsOut,weightedAverageShsOutDil,link,finalLink
0,2020-09-30,KRC,2020-10-29,2020-10-29 16:44:07,Q3,228314000,0.0,228314000,1.0,0.0,18572000,0.0,-17599000,18572000,18572000,19468000,70422000,69637000,0.3050053873174663,-785000.0,-0.003438247326050965,1192000.0,54071000,0.23682735180497036,0.0,54071000,0.23682735180497036,0.95,0.95,112405817,112405817,https://www.sec.gov/Archives/edgar/data/1025996/000102599620000167/0001025996-20-000167-index.htm,https://www.sec.gov/Archives/edgar/data/1025996/000102599620000167/a93020krckrlp10-q.htm
0,2020-06-30,KRC,2020-07-30,2020-07-30 19:15:17,Q2,219423000,62013000,157410000,0.7173814960145473,0.0,25827000,0.0,143428000,120012000,182025000,15884000,80085000.00000001,115587000.00000001,0.526777,37398000,0.170438,1067000.0,24352000,0.110982,0.0,19618000,0.089407,0.16979,0.16979,115539730,115539730,https://www.sec.gov/Archives/edgar/data/1025996/000102599620000137/0001025996-20-000137-index.htm,https://www.sec.gov/Archives/edgar/data/1025996/000102599620000137/a63020krckrlp10-q.htm
0,2020-03-31,KRC,2020-04-30 00:00:00,2020-04-30 16:47:35,Q1,221328000,63502000,157826000,0.713086,0.0,20466000,0.0,139328000,94835999.99999999,158337999.99999997,14444000,74370000,128631000,0.581178,62990000,0.2846,0.0,45418000,0.205207,0.0,39817000,0.1799,0.37077,0.37077,107389580,107389580,https://www.sec.gov/Archives/edgar/data/1025996/000102599620000088/0001025996-20-000088-index.html,https://www.sec.gov/Archives/edgar/data/1025996/000102599620000088/a33120krckrlp10-q.htm
0,2019-12-31,KRC,2020-02-13 00:00:00,2020-02-13 17:17:39,Q4,220235000,65556000,154679000,0.702336,0.0,24381000,0.0,137085000,93893999.99999999,159450000,13932000,69513000,155945000,0.708085,60785000,0.276001,0.0,77922000,0.353813,0.0,72500000,0.329194,0.67897,0.67897,106779360,106779360,https://www.sec.gov/Archives/edgar/data/1025996/000102599620000050/0001025996-20-000050-index.html,https://www.sec.gov/Archives/edgar/data/1025996/000102599620000050/a123119krckrlp10-k.htm
0,2019-09-30,KRC,2019-10-25 00:00:00,2019-10-24 19:20:56,Q3,215525000,63355000,152170000,0.706043,0.0,23768000,0.0,133777000,92998000.00000001,156353000.00000003,11635000,69229999.99999999,124710999.99999999,0.578638,59172000,0.274548,0.0,48298000,0.224095,0.0,43846000,0.203438,0.41615,0.41615,105359900,105359900,https://www.sec.gov/Archives/edgar/data/1493976/000102599619000200/0001025996-19-000200-index.html,https://www.sec.gov/Archives/edgar/data/1025996/000102599619000200/a93019krckrlp10-q.htm
0,2019-06-30,KRC,2019-07-25 00:00:00,2019-07-25 17:18:34,Q2,200492000,58576000,141916000,0.707839,0.0,22507000,0.0,129478000,90759000.00000001,149335000,11727000,68252000,122173000,0.609366,51157000,0.255157,0.0,47215000,0.235496,0.0,42194000,0.210452,0.41444,0.41444,101809540,101809540,https://www.sec.gov/Archives/edgar/data/1493976/000102599619000155/0001025996-19-000155-index.html,https://www.sec.gov/Archives/edgar/data/1025996/000102599619000155/a63019krckrlp10-q.htm
0,2019-03-31,KRC,2019-05-07 00:00:00,2019-05-07 16:57:34,Q1,201202000,58760000,142442000,0.707955,0.0,25098000,0.0,126652000,91233000,149993000,11243000,66135000,114281000,0.567991,51209000,0.254515,0.0,41794000,0.207722,0.0,36903000,0.183413,0.36378,0.36378,101443180,101443180,https://www.sec.gov/Archives/edgar/data/1025996/000102599619000101/0001025996-19-000101-index.html,https://www.sec.gov/Archives/edgar/data/1025996/000102599619000101/form10-q.htm
0,2018-12-31,KRC,2019-02-15 00:00:00,2019-02-14 18:50:05,Q4,190842000,54235000,136607000,0.715812,0.0,32843000,0.0,118066000,110326000.00000001,164561000,12436000,64882000,237538000,1.244684,26281000,0.137711,0.0,166890000,0.874493,0.0,160220000,0.839543,1.58158,1.58158,101303530,101303530,https://www.sec.gov/Archives/edgar/data/1025996/000102599619000051/0001025996-19-000051-index.html,https://www.sec.gov/Archives/edgar/data/1025996/000102599619000051/form10-k.htm
0,2018-09-30,KRC,2018-10-25 00:00:00,2018-10-25 17:21:38,Q3,186600000,54200000,132400000,0.709539,0.0,20600000,0.0,118242000,83300000,137500000,11075000,62700000,108175000,0.579716,49000000,0.262594,0.0,38300000,0.205252,0.0,34400000,0.184352,0.33992,0.33992,101200000,101200000,https://www.sec.gov/Archives/edgar/data/1493976/000102599618000246/0001025996-18-000246-index.html,https://www.sec.gov/Archives/edgar/data/1025996/000102599618000246/form10-q.htm
0,2018-06-30,KRC,2018-07-26 00:00:00,2018-07-26 17:15:25,Q2,187100000,52000000,135100000,0.722074,0.0,27400000,0.0,121613000,91400000,143400000,12712000,64000000,104212000,0.556986,43700000,0.233565,0.0,31800000,0.169963,0.0,27500000,0.14698,0.27445,0.27445,100200000,100200000,https://www.sec.gov/Archives/edgar/data/1493976/000102599618000216/0001025996-18-000216-index.html,https://www.sec.gov/Archives/edgar/data/1025996/000102599618000216/form10-q.htm
0,2018-03-31,KRC,2018-04-27 00:00:00,2018-04-26 17:57:33,Q1,182800000,50400000,132400000,0.724289,0.0,15300000,0.0,112828000,78000000,128400000,13498000,62700000,112398000,0.614869,54400000,0.297593,0.0,41000000,0.224289,0.0,36200000,0.198031,0.36492,0.36492,99200000,99200000,https://www.sec.gov/Archives/edgar/data/1025996/000102599618000160/0001025996-18-000160-index.html,https://www.sec.gov/Archives/edgar/data/1025996/000102599618000160/form10-q.htm
0,2017-12-31,KRC,2018-02-13 00:00:00,2018-02-12 19:36:12,Q4,177600000,49500000,128000000,0.720721,0.0,17400000,0.0,110188000,82800000.00000001,132300000.00000001,14564000,60200000.00000002,103264000.00000001,0.581441,45200000,0.254505,0.0,32500000,0.182995,0.0,28500000,0.160473,0.28759,0.28759,99100000,99100000,https://www.sec.gov/Archives/edgar/data/1025996/000102599618000107/0001025996-18-000107-index.html,https://www.sec.gov/Archives/edgar/data/1025996/000102599618000107/form10-k.htm
0,2017-09-30,KRC,2017-10-26 00:00:00,2017-10-26 17:18:09,Q3,181500000,51000000,130500000,0.719008,0.0,15600000,0.0,114606000,78100000,129100000,16151000,62499999.999999985,149751000,0.825074,52400000,0.288705,0.0,75500000,0.415978,0.0,71100000,0.391736,0.71891,0.71891,98900000,98900000,https://www.sec.gov/Archives/edgar/data/1025996/000102599617000194/0001025996-17-000194-index.html,https://www.sec.gov/Archives/edgar/data/1025996/000102599617000194/form10-q.htm
0,2017-06-30,KRC,2017-07-27 00:00:00,2017-07-27 17:29:54,Q2,180600000,51400000,129200000,0.715393,0.0,14700000,0.0,114054000,77000000,128400000,17973000,62300000.00000001,111673000,0.618344,52200000,0.289037,0.0,35300000,0.19546,0.0,31400000,0.173865,0.31781,0.31781,98800000,98800000,https://www.sec.gov/Archives/edgar/data/1493976/000102599617000157/0001025996-17-000157-index.html,https://www.sec.gov/Archives/edgar/data/1025996/000102599617000157/form10-q.htm
0,2017-03-31,KRC,2017-04-28 00:00:00,2017-04-28 17:06:59,Q1,179300000,50800000,128500000,0.716676,0.0,16200000,0.0,113064000,77200000,128000000,17352000,60900000,111752000,0.623268,51300000,0.286113,0.0,37300000,0.208031,0.0,33500000,0.186838,0.34184,0.34184,98000000,98000000,https://www.sec.gov/Archives/edgar/data/1025996/000102599617000101/0001025996-17-000101-index.html,https://www.sec.gov/Archives/edgar/data/1025996/000102599617000101/form10-q.htm
0,2016-12-31,KRC,2017-02-15 00:00:00,2017-02-14 21:14:22,Q4,168600000,45500000,123200000,0.730724,0.0,16100000,0.0,103177000,73800000,119300000,14614000,56699999.99999999,104013999.99999999,0.616928,49400000,0.293001,0.0,35400000,0.209964,0.0,32700000,0.19395,0.34936,0.34936,93600000,93600000,https://www.sec.gov/Archives/edgar/data/1025996/000102599617000049/0001025996-17-000049-index.html,https://www.sec.gov/Archives/edgar/data/1025996/000102599617000049/form10k.htm
0,2016-09-30,KRC,2016-10-28 00:00:00,2016-10-28 17:29:45,Q3,168300000,45500000,122900000,0.730244,0.0,13500000,0.0,102314000,70300000,115800000,14976000,56700000,125576000,0.746144,52500000,0.311943,0.0,56400000,0.335116,0.0,53900000,0.320261,0.58019,0.58019,92900000,92900000,https://www.sec.gov/Archives/edgar/data/1025996/000102599616000417/0001025996-16-000417-index.html,https://www.sec.gov/Archives/edgar/data/1025996/000102599616000417/form10-q.htm
0,2016-06-30,KRC,2016-07-27,2016-07-27 17:00:02,Q2,160100000,43800000,116300000,0.726421,0.0,14000000,0.0,97894000,68100000.00000001,111900000.00000001,14384000,53400000,100584000,0.628257,48300000,0.301686,0.0,33900000,0.211743,0.0,32800000,0.204872,0.35345,0.35345,92800000,92800000,https://www.sec.gov/Archives/edgar/data/1025996/000102599616000377/form10-q.htm,https://www.sec.gov/Archives/edgar/data/1025996/000102599616000377/form10-q.htm
0,2016-03-31,KRC,2016-04-28 00:00:00,2016-04-28 17:29:50,Q1,145400000,37800000,107600000,0.740028,0.0,13400000,0.0,88328000,64000000,101800000,11829000,50400000,236529000,1.626747,43700000,0.30055,0.0,178100000,1.224897,0.0,174300000,1.198762,1.88026,1.88026,92700000,92700000,https://www.sec.gov/Archives/edgar/data/1025996/000102599616000329/0001025996-16-000329-index.html,https://www.sec.gov/Archives/edgar/data/1025996/000102599616000329/form10-q.htm
0,2015-12-31,KRC,2016-02-12 00:00:00,2016-02-12 17:19:44,Q4,147400000,40800000,106700000,0.723881,0.0,12300000,0.0,92833000,64100000.00000001,104900000.00000001,13121000,51700000.00000002,93421000.00000001,0.633792,42500000,0.288331,0.0,29300000,0.198779,0.0,28600000,0.19403,0.30819,0.30819,92800000,92800000,https://www.sec.gov/Archives/edgar/data/1025996/000102599616000298/0001025996-16-000298-index.html,https://www.sec.gov/Archives/edgar/data/1025996/000102599616000298/form10k.htm
0,2015-09-30,KRC,2015-10-29 00:00:00,2015-10-29 17:27:14,Q3,141600000,39600000,101900000,0.719633,0.0,10800000,0.0,89059000,60300000.00000001,99900000,12819000,49500000,167119000,1.180219,41700000,0.294492,0.0,106700000,0.753531,0.0,104800000,0.740113,1.13175,1.13175,92600000,92600000,https://www.sec.gov/Archives/edgar/data/1025996/000102599615000226/0001025996-15-000226-index.html,https://www.sec.gov/Archives/edgar/data/1025996/000102599615000226/form10-q.htm
0,2015-06-30,KRC,2015-07-30 00:00:00,2015-07-30 16:50:05,Q2,146200000,40100000,106100000,0.725718,0.0,12700000,0.0,92079000,64600000,104700000,14864000,51599999.99999999,123964000,0.847907,41500000,0.283858,0.0,58600000,0.400821,0.0,57500000,0.393297,0.64898,0.64898,88600000,88600000,https://www.sec.gov/Archives/edgar/data/1025996/000102599615000184/0001025996-15-000184-index.html,https://www.sec.gov/Archives/edgar/data/1025996/000102599615000184/form10-q.htm
0,2015-03-31,KRC,2015-04-30 00:00:00,2015-04-30 17:07:10,Q1,146100000,38200000,107900000,0.738535,0.0,13000000,0.0,90062000,64600000,102800000,16878000,51500000,111578000,0.76371,43300000,0.296372,0.0,44000000,0.301164,0.0,43200000,0.295688,0.49428,0.49428,87400000,87400000,https://www.sec.gov/Archives/edgar/data/1025996/000102599615000122/0001025996-15-000122-index.html,https://www.sec.gov/Archives/edgar/data/1025996/000102599615000122/form10q.htm
0,2014-12-31,KRC,2015-02-10,2015-02-10 17:24:00,Q4,141800000,38300000,103500000,0.729901,0.0,12300000,0.0,92285000,66300000,104600000,17691000,53900000.00000001,102491000,0.722786,37100000,0.261636,0.0,19400000,0.136812,0.0,30900000,0.217913,0.3593,0.3593,86000000,86000000,https://www.sec.gov/Archives/edgar/data/1025996/000102599615000075/form10k.htm,https://www.sec.gov/Archives/edgar/data/1025996/000102599615000075/form10k.htm
0,2014-09-30,KRC,2014-10-30 00:00:00,2014-10-29 18:53:49,Q3,129000000,37600000,91400000,0.708527,0.0,11200000,0.0,85224000,61600000,99200000,16608000,50599999.99999999,86208000,0.668279,29800000,0.231008,0.0,13200000,0.102326,0.0,19000000,0.147287,0.22327,0.22327,85100000,85100000,https://www.sec.gov/Archives/edgar/data/1025996/000102599614000295/0001025996-14-000295-index.html,https://www.sec.gov/Archives/edgar/data/1025996/000102599614000295/form10q.htm
0,2014-06-30,KRC,2014-07-29 00:00:00,2014-07-29 16:27:58,Q2,127200000,36700000,90500000,0.711478,0.0,11900000,0.0,88772000,62500000,99200000,16020000,50800000,97320000,0.765094,28000000,0.220126,0.0,15900000,0.125,0.0,30500000,0.23978,0.36052,0.36052,84600000,84600000,https://www.sec.gov/Archives/edgar/data/1025996/000102599614000252/0001025996-14-000252-index.html,https://www.sec.gov/Archives/edgar/data/1025996/000102599614000252/form10-q.htm
0,2014-03-31,KRC,2014-05-01 00:00:00,2014-05-01 16:59:06,Q1,123800000,36200000,87500000,0.706785,0.0,10800000,0.0,86459000,59599999.99999999,95800000,17252000,49200000,166252000,1.342908,27900000,0.225363,0.0,10900000,0.088045,0.0,99800000,0.806139,1.18668,1.18668,84100000,84100000,https://www.sec.gov/Archives/edgar/data/1025996/000102599614000151/0001025996-14-000151-index.html,https://www.sec.gov/Archives/edgar/data/1025996/000102599614000151/form10-q.htm
0,2013-12-31,KRC,2014-02-14,2014-02-13 21:08:44,Q4,118600000,35300000,83300000,0.702361,0.0,10100000,0.0,87846000,61000000,96300000,17849000,51199999.99999999,91648999.99999999,0.772757,22300000,0.188027,0.0,5000000.0,0.042159,0.0,22600000,0.190556,0.27527,0.27527,82100000,82100000,https://www.sec.gov/Archives/edgar/data/1025996/000102599614000069/krc10k12312013.htm,https://www.sec.gov/Archives/edgar/data/1025996/000102599614000069/krc10k12312013.htm
0,2013-09-30,KRC,2013-10-30 00:00:00,2013-10-29 19:01:36,Q3,113500000,35500000,78100000,0.688106,0.0,10300000,0.0,75894000,56700000,92200000,18853000,50600000.00000001,78353000.00000001,0.690335,21400000,0.188546,0.0,3200000.0,0.028194,0.0,8900000.0,0.078414,0.11589,0.11589,76800000,76800000,https://www.sec.gov/Archives/edgar/data/1025996/000102599613000118/0001025996-13-000118-index.html,https://www.sec.gov/Archives/edgar/data/1025996/000102599613000118/krc930201310q.htm
0,2013-06-30,KRC,2013-07-31 00:00:00,2013-07-31 09:20:28,Q2,114000000,32900000,81100000,0.711404,0.0,9900000.0,0.0,85528000,55199999.99999999,88100000,19434000,49300000.00000001,78634000,0.689772,25900000,0.227193,0.0,6500000.0,0.057018,0.0,9900000.0,0.086842,0.12692,0.12692,78000000,78000000,https://www.sec.gov/Archives/edgar/data/1025996/000102599613000098/0001025996-13-000098-index.html,https://www.sec.gov/Archives/edgar/data/1025996/000102599613000098/krc630201310q.htm
0,2013-03-31,KRC,2013-05-01 00:00:00,2013-05-01 16:35:56,Q1,111000000,33300000,77600000,0.699099,0.0,9800000.0,0.0,86098000,58100000.00000001,91400000.00000001,19734000,50400000,72534000,0.653459,19500000,0.175676,0.0,200000.0,0.001802,0.0,2400000.0,0.021622,0.03183,0.03183,75400000,75400000,https://www.sec.gov/Archives/edgar/data/1025996/000102599613000067/0001025996-13-000067-index.html,https://www.sec.gov/Archives/edgar/data/1025996/000102599613000067/krc331201310q.htm
0,2012-12-31,KRC,2013-02-12 00:00:00,2013-02-11 20:49:48,Q4,96900000,27300000,69600000,0.718266,0.0,9600000.0,0.0,78960000,51300000,78600000,18942000,46200000,254342000,2.624788,18300000,0.188854,0.0,-500000.0,-0.00516,0.0,189200000,1.952528,2.53619,2.53619,74600000,74600000,https://www.sec.gov/Archives/edgar/data/1025996/000102599613000036/0001025996-13-000036-index.html,https://www.sec.gov/Archives/edgar/data/1025996/000102599613000036/krc10k12312012.htm
0,2012-09-30,KRC,2012-10-31 00:00:00,2012-10-31 16:18:05,Q3,99000000,30600000,68400000,0.690909,0.0,8700000.0,0.0,206051000,50999999.99999999,81599999.99999999,60172000,46300000,109072000,1.101737,17400000,0.175758,0.0,-2200000.0,-0.022222,0.0,2600000.0,0.026263,0.03616,0.03616,71900000,71900000,https://www.sec.gov/Archives/edgar/data/1025996/000102599612000128/0001025996-12-000128-index.html,https://www.sec.gov/Archives/edgar/data/1025996/000102599612000128/krc930201210q.htm
0,2012-06-30,KRC,2012-08-03 00:00:00,2012-08-02 18:35:42,Q2,85000000,26300000,58800000,0.691765,0.0,9300000.0,0.0,-19265000,44400000.00000001,70700000,-19300000,40600000.00000001,23600000.00000001,0.277647,14300000,0.168235,0.0,-4900000.0,-0.057647,0.0,2300000.0,0.027059,0.02987,0.02987,77000000,77000000,https://www.sec.gov/Archives/edgar/data/1025996/000102599612000109/0001025996-12-000109-index.html,https://www.sec.gov/Archives/edgar/data/1025996/000102599612000109/krc630201210q.htm
0,2012-03-31,KRC,2012-05-02,2012-05-01 20:03:47,Q1,92400000,24600000,67800000,0.733766,0.0,8800000.0,0.0,-20679000,44999999.99999999,69599999.99999999,-89409000,36800000,24291000,0.26289,22800000,0.246753,0.0,2200000.0,0.02381,0.0,76900000,0.832251,1.20912,1.20912,63600000,63600000,https://www.sec.gov/Archives/edgar/data/1025996/000102599612000038/krc10k12312011.htm,https://www.sec.gov/Archives/edgar/data/1025996/000102599612000038/krc10k12312011.htm
0,2011-12-31,KRC,2012-02-08 00:00:00,2012-02-08 14:31:10,Q4,94300000,25900000,68300000,0.724284,0.0,8300000.0,0.0,63911000,45500000.00000001,71400000.00000001,23254000,38800000,105754000,1.121463,22800000,0.241782,0.0,0.0,0.0,0.0,43700000,0.463415,0.74829,0.74829,58400000,58400000,https://www.sec.gov/Archives/edgar/data/1025996/000102599612000038/0001025996-12-000038-index.html,https://www.sec.gov/Archives/edgar/data/1025996/000102599612000038/krc10k12312011.htm
0,2011-09-30,KRC,2011-11-02 00:00:00,2011-11-02 17:25:04,Q3,86400000,26000000,60400000,0.699074,0.0,6500000.0,0.0,181175000,40900000.00000001,66900000.00000001,66155000,36199999.99999999,116355000,1.346701,19500000,0.225694,0.0,-3400000.0,-0.039352,0.0,14000000,0.162037,0.23973,0.23973,58400000,58400000,https://www.sec.gov/Archives/edgar/data/1025996/000131176111000027/0001311761-11-000027-index.html,https://www.sec.gov/Archives/edgar/data/1025996/000131176111000027/krc930201110q.htm
0,2011-06-30,KRC,2011-07-27 00:00:00,2011-07-26 19:02:54,Q2,73200000,20600000,52600000,0.718579,0.0,7500000.0,0.0,-21170000,36000000,56600000,-18800000,32300000,17000000,0.23224,16600000,0.226776,0.0,-2200000.0,-0.030055,0.0,3500000.0,0.047814,0.06239,0.06239,56100000,56100000,https://www.sec.gov/Archives/edgar/data/1025996/000095012311068508/0000950123-11-068508-index.html,https://www.sec.gov/Archives/edgar/data/1025996/000095012311068508/v59412e10vq.htm
0,2011-03-31,KRC,2011-05-03 00:00:00,2011-05-03 17:13:42,Q1,83800000,25700000,58000000,0.692124,0.0,6600000.0,0.0,-20692000,35500000,61200000,-20700000,29300000,13400000,0.159905,22500000,0.268496,0.0,1800000.0,0.02148,0.0,4800000.0,0.057279,0.09178,0.09178,52300000,52300000,https://www.sec.gov/Archives/edgar/data/1025996/000095012311043934/0000950123-11-043934-index.html,https://www.sec.gov/Archives/edgar/data/1025996/000095012311043934/v58708ae10vq.htm
0,2010-12-31,KRC,2011-02-11,2011-02-10 19:22:52,Q4,37500000,12700000,24800000,0.661333,0.0,7800000.0,0.0,-58700000,-19900000,-7200000.0,0.0,29099999.999999993,93100000,2.482667,44800000,1.194667,0.0,44800000,1.194667,0.0,64000000,1.706667,1.14286,1.14286,56000000,56000000,https://www.sec.gov/Archives/edgar/data/1025996/000095012311012065/v57730e10vk.htm,https://www.sec.gov/Archives/edgar/data/1025996/000095012311012065/v57730e10vk.htm
0,2010-09-30,KRC,2010-10-26 00:00:00,2010-10-26 16:17:43,Q3,79300000,23700000,55600000,0.701135,0.0,6400000.0,0.0,-15516000,52300000,76000000,-25044000,30000000,8656000.0,0.109155,3300000.0,0.041614,0.0,3300000.0,0.041614,0.0,3700000.0,0.046658,0.07075,0.07075,52300000,52300000,https://www.sec.gov/Archives/edgar/data/1025996/000095012310096126/0000950123-10-096126-index.html,https://www.sec.gov/Archives/edgar/data/1025996/000095012310096126/v57254e10vq.htm
0,2010-06-30,KRC,2010-08-04 00:00:00,2010-08-04 15:04:00,Q2,71400000,21200000,50200000,0.703081,0.0,6700000.0,0.0,85337000,48899999.99999999,70099999.99999999,25044000,23800000.000000004,50844000.00000001,0.712101,1300000.0,0.018207,0.0,1300000.0,0.018207,0.0,2000000.0,0.028011,0.04237,0.04237,47200000,47200000,https://www.sec.gov/Archives/edgar/data/1025996/000119312510177037/0001193125-10-177037-index.html,https://www.sec.gov/Archives/edgar/data/1025996/000119312510177037/d10q.htm
0,2010-03-31,KRC,2010-04-30 00:00:00,2010-04-29 18:06:55,Q1,66800000,18000000,48800000,0.730539,0.0,7100000.0,0.0,0.0,39900000,57900000,-11956000,20900000,17644000,0.264132,8900000.0,0.133234,0.0,8900000.0,0.133234,0.0,8700000.0,0.13024,0.20233,0.20233,43000000,43000000,https://www.sec.gov/Archives/edgar/data/1025996/000119312510099716/0001193125-10-099716-index.html,https://www.sec.gov/Archives/edgar/data/1025996/000119312510099716/d10q.htm
0,2009-12-31,KRC,2010-02-11 00:00:00,2010-02-11 17:30:26,Q4,67400000,18500000,48800000,0.724036,0.0,18100000,0.0,0.0,48200000,66700000,-11078000,21100000.00000001,10822000.00000001,0.160564,700000.0,0.010386,0.0,700000.0,0.010386,0.0,800000.0,0.011869,0.01865,0.01865,42900000,42900000,https://www.sec.gov/Archives/edgar/data/1025996/000119312510028880/0001193125-10-028880-index.html,https://www.sec.gov/Archives/edgar/data/1025996/000119312510028880/d10k.htm
0,2009-09-30,KRC,2009-10-28 00:00:00,2009-10-27 19:35:25,Q3,68500000,19100000,49400000,0.721168,0.0,7900000.0,0.0,0.0,37199999.99999999,56299999.99999999,-10926000,21899999.99999999,22873999.99999999,0.333927,12200000,0.178102,0.0,12200000,0.178102,0.0,11900000,0.173723,0.27739,0.27739,42900000,42900000,https://www.sec.gov/Archives/edgar/data/1025996/000119312509215084/0001193125-09-215084-index.html,https://www.sec.gov/Archives/edgar/data/1025996/000119312509215084/d10q.htm
0,2009-06-30,KRC,2009-07-29 00:00:00,2009-07-28 17:51:22,Q2,71100000,19200000,51900000,0.729958,0.0,6000000.0,0.0,0.0,40900000.00000001,60100000.00000001,-11897000,23500000.000000004,24503000.000000004,0.344627,11000000,0.154712,0.0,11000000,0.154712,0.0,12900000,0.181435,0.41883,0.41883,30800000,30800000,https://www.sec.gov/Archives/edgar/data/1025996/000119312509157100/0001193125-09-157100-index.html,https://www.sec.gov/Archives/edgar/data/1025996/000119312509157100/d10q.htm
0,2009-03-31,KRC,2009-05-06 00:00:00,2009-05-06 17:19:36,Q1,72500000,18900000,53700000,0.74069,0.0,8500000.0,0.0,0.0,41800000.00000001,60700000.00000001,-12218000,21200000,20382000,0.281131,11900000,0.164138,0.0,11900000,0.164138,0.0,11400000,0.157241,0.3465,0.3465,32900000,32900000,https://www.sec.gov/Archives/edgar/data/1025996/000119312509101731/0001193125-09-101731-index.html,https://www.sec.gov/Archives/edgar/data/1025996/000119312509101731/d10q.htm
0,2008-12-31,KRC,2009-02-12 00:00:00,2009-02-12 16:51:57,Q4,72300000,19000000,53300000,0.737206,0.0,10600000,0.0,0.0,45000000,64000000,-11478000,21199999.999999996,18021999.999999996,0.249267,8300000.0,0.114799,0.0,8300000.0,0.114799,0.0,8300000.0,0.114799,0.25228,0.25228,32900000,32900000,https://www.sec.gov/Archives/edgar/data/1025996/000119312509027247/0001193125-09-027247-index.html,https://www.sec.gov/Archives/edgar/data/1025996/000119312509027247/d10k.htm
0,2008-09-30,KRC,2008-10-29 00:00:00,2008-10-28 18:24:26,Q3,76900000,19100000,57900000,0.752926,0.0,9600000.0,0.0,0.0,41300000,60400000,-9727000.0,20700000.000000004,26773000.000000004,0.348153,16500000,0.214564,0.0,16500000,0.214564,0.0,15800000,0.205462,0.48765,0.48765,32400000,32400000,https://www.sec.gov/Archives/edgar/data/1025996/000119312508218111/0001193125-08-218111-index.html,https://www.sec.gov/Archives/edgar/data/1025996/000119312508218111/d10q.htm
0,2008-06-30,KRC,2008-07-30 00:00:00,2008-07-29 18:37:22,Q2,69500000,17100000,52400000,0.753957,0.0,12400000,0.0,0.0,44300000,61400000,-9448000.0,21500000,20352000,0.292835,8000000.0,0.115108,0.0,8000000.0,0.115108,0.0,8300000.0,0.119424,0.25305,0.25305,32800000,32800000,https://www.sec.gov/Archives/edgar/data/1025996/000119312508160405/0001193125-08-160405-index.html,https://www.sec.gov/Archives/edgar/data/1025996/000119312508160405/d10q.htm
0,2008-03-31,KRC,2008-04-23 00:00:00,2008-04-22 21:24:58,Q1,70600000,17300000,53300000,0.754958,0.0,9700000.0,0.0,0.0,40300000,57600000,-9713000.0,19900000,22787000,0.322762,13100000,0.185552,0.0,13100000,0.185552,0.0,12600000,0.17847,0.38769,0.38769,32500000,32500000,https://www.sec.gov/Archives/edgar/data/1025996/000119312508087115/0001193125-08-087115-index.html,https://www.sec.gov/Archives/edgar/data/1025996/000119312508087115/d10q.htm
0,2007-12-31,KRC,2008-02-26,2008-02-26 13:18:39,Q4,69700000,16800000,53000000,0.760402,0.0,10100000,0.0,311000.0,40800000,57600000,-10765000,20700000.000000004,77935000,1.118149,12100000,0.173601,0.0,12100000,0.173601,0.0,68000000,0.97561,2.08589,2.08589,32600000,32600000,https://www.sec.gov/Archives/edgar/data/1025996/000119312508038438/d10k.htm,https://www.sec.gov/Archives/edgar/data/1025996/000119312508038438/d10k.htm
0,2007-09-30,KRC,2007-10-24 00:00:00,2007-10-24 14:57:45,Q3,65100000,17100000,48100000,0.738863,0.0,8600000.0,0.0,1295000.0,35600000,52700000,-9009000.0,18799999.999999996,21190999.999999996,0.325515,12400000,0.190476,0.0,12400000,0.190476,0.0,11400000,0.175115,0.34969,0.34969,32600000,32600000,https://www.sec.gov/Archives/edgar/data/1025996/000119312507224651/0001193125-07-224651-index.html,https://www.sec.gov/Archives/edgar/data/1025996/000119312507224651/d10q.htm
0,2007-06-30,KRC,2007-07-27 00:00:00,2007-07-27 17:09:43,Q2,62200000,15700000,46500000,0.747588,0.0,9400000.0,0.0,0.0,34500000,50200000,-8072000.0,17800000,25228000,0.405595,12000000,0.192926,0.0,12000000,0.192926,0.0,15500000,0.249196,0.47692,0.47692,32500000,32500000,https://www.sec.gov/Archives/edgar/data/1025996/000119312507164244/0001193125-07-164244-index.html,https://www.sec.gov/Archives/edgar/data/1025996/000119312507164244/d10q.htm
0,2007-03-31,KRC,2007-04-27 00:00:00,2007-04-27 17:22:51,Q1,61400000,14900000,46500000,0.757329,0.0,8900000.0,0.0,0.0,34800000.00000001,49700000.00000001,-9656000.0,17200000,26444000,0.430684,11800000,0.192182,0.0,11800000,0.192182,0.0,18900000,0.307818,0.58154,0.58154,32500000,32500000,https://www.sec.gov/Archives/edgar/data/1025996/000119312507093881/0001193125-07-093881-index.html,https://www.sec.gov/Archives/edgar/data/1025996/000119312507093881/d10q.htm
0,2006-12-31,KRC,2007-02-28,2007-02-28 17:29:04,Q4,61500000,15100000,46400000,0.754472,0.0,7600000.0,0.0,1826000.0,34100000,49200000,-10050000,17899999.99999999,19449999.99999999,0.31626,12300000,0.2,200000.0,12300000,0.2,0.0,11600000,0.188618,0.35802,0.35802,32400000,32400000,https://www.sec.gov/Archives/edgar/data/1025996/000119312507042889/d10k.htm,https://www.sec.gov/Archives/edgar/data/1025996/000119312507042889/d10k.htm
0,2006-09-30,KRC,2006-11-02,2006-11-02 13:19:51,Q3,55400000,13200000,42200000,0.761733,0.0,5700000.0,0.0,-676000.0,32099999.999999993,45299999.99999999,-10312000,18200000.000000004,41888000,0.756101,10100000,0.18231,300000.0,10000000,0.180505,0.0,34000000,0.613718,1.07595,1.07595,31600000,31600000,https://www.sec.gov/Archives/edgar/data/1025996/000119312506221817/d10q.htm,https://www.sec.gov/Archives/edgar/data/1025996/000119312506221817/d10q.htm
0,2006-06-30,KRC,2006-07-27,2006-07-26 20:04:19,Q2,62600000,15900000,46700000,0.746006,0.0,4800000.0,0.0,676000.0,33400000,49300000,-11208000,18300000,27492000,0.439169,13300000,0.21246,300000.0,13300000,0.21246,0.0,20400000,0.325879,0.6755,0.6755,30200000,30200000,https://www.sec.gov/Archives/edgar/data/1025996/000119312506153962/d10q.htm,https://www.sec.gov/Archives/edgar/data/1025996/000119312506153962/d10q.htm
0,2006-03-31,KRC,2006-04-26,2006-04-26 17:00:11,Q1,62000000,15300000,46800000,0.754839,0.0,5400000.0,0.0,0.0,34500000,49800000,-11971000,17700000,21629000,0.348855,12200000,0.196774,200000.0,12300000,0.198387,0.0,15900000,0.256452,0.53716,0.53716,29600000,29600000,https://www.sec.gov/Archives/edgar/data/1025996/000119312506041778/d10k.htm,https://www.sec.gov/Archives/edgar/data/1025996/000119312506041778/d10k.htm
0,2005-12-31,KRC,2006-03-01,2006-02-28 21:47:07,Q4,59600000,14300000,45300000,0.760067,0.0,23800000,0.0,390000.0,51500000,65800000,-10453000,17799999.999999996,8146999.999999997,0.136695,-6200000.0,-0.104027,200000.0,-6000000.0,-0.100671,0.0,800000.0,0.013423,0.02778,0.02778,28800000,28800000,https://www.sec.gov/Archives/edgar/data/1025996/000119312506041778/d10k.htm,https://www.sec.gov/Archives/edgar/data/1025996/000119312506041778/d10k.htm
0,2005-09-30,KRC,2005-11-08,2005-11-07 20:54:39,Q3,58700000,14900000,43800000,0.746167,0.0,17800000,0.0,956000.0,42800000.00000001,57700000.00000001,-9510000.0,16200000.000000004,23190000.000000004,0.39506,1000000.0,0.017036,200000.0,1300000.0,0.022147,0.0,16500000,0.28109,0.58719,0.58719,28100000,28100000,https://www.sec.gov/Archives/edgar/data/1025996/000119312505218568/d10q.htm,https://www.sec.gov/Archives/edgar/data/1025996/000119312505218568/d10q.htm
0,2005-06-30,KRC,2005-08-15,2005-08-15 15:11:11,Q2,58600000,14700000,44000000,0.750853,0.0,17100000,0.0,0.0,43000000,57700000,-9568000.0,16799999.999999996,8031999.999999997,0.137065,1000000.0,0.017065,100000.0,800000.0,0.013652,0.0,800000.0,0.013652,0.02721,0.02721,29400000,29400000,https://www.sec.gov/Archives/edgar/data/1025996/000119312505168395/d10q.htm,https://www.sec.gov/Archives/edgar/data/1025996/000119312505168395/d10q.htm
0,2005-03-31,KRC,2005-04-27,2005-04-27 17:29:05,Q1,59400000,14100000,45300000,0.762626,0.0,7200000.0,0.0,0.0,33100000,47200000,-9622000.0,17000000,23178000,0.390202,12200000,0.205387,-100000.0,12800000,0.215488,0.0,15800000,0.265993,0.55052,0.55052,28700000,28700000,https://www.sec.gov/Archives/edgar/data/1025996/000119312505040236/d10k.htm,https://www.sec.gov/Archives/edgar/data/1025996/000119312505040236/d10k.htm
0,2004-12-31,KRC,2005-03-02 00:00:00,2005-03-02 06:13:15,Q4,57200000,13200000,44000000,0.769231,0.0,12500000,0.0,0.0,36599999.99999999,49799999.99999999,-9749000.0,15500000,10251000,0.179213,7500000.0,0.131119,-500000.0,7900000.0,0.138112,0.0,4500000.0,0.078671,0.15734,0.15734,28600000,28600000,https://www.sec.gov/Archives/edgar/data/1025996/000119312505040236/0001193125-05-040236-index.html,https://www.sec.gov/Archives/edgar/data/1025996/000119312505040236/d10k.htm
0,2004-09-30,KRC,2004-10-28 00:00:00,2004-10-27 21:00:14,Q3,54100000,12900000,41200000,0.761553,0.0,8900000.0,0.0,0.0,32300000.000000004,45200000.00000001,-9540000.0,15299999.999999996,16959999.999999996,0.313494,8900000.0,0.16451,-700000.0,8000000.0,0.147874,0.0,11200000,0.207024,0.39716,0.39716,28200000,28200000,https://www.sec.gov/Archives/edgar/data/1025996/000119312504179651/0001193125-04-179651-index.html,https://www.sec.gov/Archives/edgar/data/1025996/000119312504179651/d10q.htm
0,2004-06-30,KRC,2004-07-29 00:00:00,2004-07-28 18:41:24,Q2,53600000,12800000,40800000,0.761194,0.0,5600000.0,0.0,0.0,28300000,41100000,-9148000.0,15000000.000000002,17052000.000000004,0.318134,12500000,0.233209,-800000.0,14500000,0.270522,0.0,11200000,0.208955,0.39161,0.39161,28600000,28600000,https://www.sec.gov/Archives/edgar/data/1025996/000119312504126442/0001193125-04-126442-index.html,https://www.sec.gov/Archives/edgar/data/1025996/000119312504126442/d10q.htm
0,2004-03-31,KRC,2004-05-07 00:00:00,2004-05-06 19:33:02,Q1,53200000,12600000,40600000,0.763158,0.0,7900000.0,0.0,0.0,29900000,42500000,-9210000.0,14600000,11990000,0.225376,10800000,0.203008,-800000.0,9400000.0,0.176692,0.0,6600000.0,0.12406,0.23322,0.23322,28300000,28300000,https://www.sec.gov/Archives/edgar/data/1025996/000119312504080862/0001193125-04-080862-index.html,https://www.sec.gov/Archives/edgar/data/1025996/000119312504080862/d10q.htm
0,2003-12-31,KRC,2004-03-12 00:00:00,2004-03-12 16:47:31,Q4,53700000,12900000,40800000,0.759777,0.0,6800000.0,0.0,0.0,28500000,41400000,-9242000.0,16100000,12658000,0.235717,12300000,0.22905,-3200000.0,9800000.0,0.182495,0.0,5800000.0,0.108007,0.20714,0.20714,28000000,28000000,https://www.sec.gov/Archives/edgar/data/1025996/000119312504040609/0001193125-04-040609-index.html,https://www.sec.gov/Archives/edgar/data/1025996/000119312504040609/d10k.htm
0,2003-09-30,KRC,2003-11-05 00:00:00,2003-11-04 19:34:39,Q3,67900000,11700000,56200000,0.827688,0.0,7800000.0,0.0,0.0,30700000,42400000,-8869000.0,14500000,25631000,0.377482,25500000,0.375552,0.0,25500000,0.375552,0.0,20000000,0.294551,0.71942,0.71942,27800000,27800000,https://www.sec.gov/Archives/edgar/data/1025996/000119312503072698/0001193125-03-072698-index.html,https://www.sec.gov/Archives/edgar/data/1025996/000119312503072698/d10q.htm
0,2003-06-30,KRC,2003-08-11 00:00:00,2003-08-11 15:03:44,Q2,46400000,10200000,36200000,0.780172,0.0,2700000.0,0.0,0.0,22700000,32900000,-7530000.0,13499999.999999998,19369999.999999996,0.417457,13500000,0.290948,0.0,13500000,0.290948,0.0,13400000,0.288793,0.48551,0.48551,27600000,27600000,https://www.sec.gov/Archives/edgar/data/1025996/000119312503032931/0001193125-03-032931-index.html,https://www.sec.gov/Archives/edgar/data/1025996/000119312503032931/d10q.htm
0,2003-03-31,KRC,2003-05-14 00:00:00,2003-05-14 08:06:55,Q1,53000000,12500000,40500000,0.764151,0.0,4300000.0,0.0,0.0,25400000,37900000,-7744000.0,13900000,17056000,0.321811,15100000,0.284906,0.0,15100000,0.284906,0.0,10900000,0.20566,0.39781,0.39781,27400000,27400000,https://www.sec.gov/Archives/edgar/data/1025996/000089843003002909/0000898430-03-002909-index.html,https://www.sec.gov/Archives/edgar/data/1025996/000089843003002909/d10q.htm
0,2002-12-31,KRC,2003-03-05 00:00:00,2003-03-04 18:02:35,Q4,46100000,9600000.0,36500000,0.791757,0.0,5500000.0,0.0,0.0,22400000,32000000,-35640000,15799999.999999996,-7740000.000000003,-0.167896,14100000,0.305857,-6800000.0,7000000.0,0.151844,0.0,12100000,0.262473,0.43682,0.43682,27700000,27700000,https://www.sec.gov/Archives/edgar/data/1025996/000089843003001782/0000898430-03-001782-index.html,https://www.sec.gov/Archives/edgar/data/1025996/000089843003001782/d10k.htm
0,2002-09-30,KRC,2002-10-31 00:00:00,2002-10-31 17:14:47,Q3,50000000,11600000,38400000,0.768,0.0,4400000.0,0.0,0.0,27400000,39000000,-8898000.0,14700000.000000004,13702000.000000004,0.27404,11000000,0.22,0.0,11000000,0.22,0.0,7900000.0,0.158,0.28417,0.28417,27800000,27800000,https://www.sec.gov/Archives/edgar/data/1025996/000089843002003892/0000898430-02-003892-index.html,https://www.sec.gov/Archives/edgar/data/1025996/000089843002003892/d10q.htm
0,2002-06-30,KRC,2002-08-13 00:00:00,2002-08-12 20:48:59,Q2,50200000,11300000,38900000,0.7749,0.0,5600000.0,0.0,0.0,32099999.999999993,43399999.99999999,-8768000.0,18500000,14732000,0.293466,6900000.0,0.13745,0.0,7800000.0,0.155378,0.0,5000000.0,0.099602,0.17857,0.17857,28000000,28000000,https://www.sec.gov/Archives/edgar/data/1025996/000089843002002974/0000898430-02-002974-index.html,https://www.sec.gov/Archives/edgar/data/1025996/000089843002002974/d10q.htm
0,2002-03-31,KRC,2002-05-13 00:00:00,2002-05-13 13:10:08,Q1,51100000,11300000,39800000,0.778865,0.0,4200000.0,0.0,0.0,25499999.999999996,36799999.99999999,-9359000.0,12900000,17041000,0.333483,14300000,0.279843,0.0,14300000,0.279843,0.0,13500000,0.264188,0.48913,0.48913,27600000,27600000,https://www.sec.gov/Archives/edgar/data/1025996/000089843002001874/0000898430-02-001874-index.html,https://www.sec.gov/Archives/edgar/data/1025996/000089843002001874/d10q.htm
0,2001-12-31,KRC,2002-03-13 00:00:00,2002-03-13 00:00:00,Q4,49600000,11000000,38500000,0.77621,0.0,3400000.0,0.0,0.0,25900000,36900000,-9619000.0,14000000,11981000,0.241552,12700000,0.256048,0.0,13400000,0.270161,0.0,7600000.0,0.153226,0.27636,0.27636,27500000,27500000,https://www.sec.gov/Archives/edgar/data/1025996/000089843002000867/0000898430-02-000867-index.html,https://www.sec.gov/Archives/edgar/data/1025996/000089843002000867/d10k.htm
0,2001-09-30,KRC,2001-11-14 00:00:00,2001-11-14 00:00:00,Q3,51300000,12300000,38700000,0.754386,0.0,2800000.0,0.0,0.0,26300000,38600000,-10657000,12600000.000000002,11243000.000000002,0.219162,12700000,0.247563,0.0,15100000,0.294347,0.0,9300000.0,0.181287,0.33696,0.33696,27600000,27600000,https://www.sec.gov/Archives/edgar/data/1025996/000089843001503514/0000898430-01-503514-index.html,https://www.sec.gov/Archives/edgar/data/1025996/000089843001503514/d10q.htm
0,2001-06-30,KRC,2001-08-14 00:00:00,2001-08-14 00:00:00,Q2,57900000,12400000,45200000,0.780656,0.0,3000000.0,0.0,0.0,26100000,38500000,0.0,12600000,27700000,0.478411,19400000,0.33506,0.0,20600000,0.355786,0.0,15100000,0.260794,0.55109,0.55109,27400000,27400000,https://www.sec.gov/Archives/edgar/data/1025996/000089843001501864/0000898430-01-501864-index.html,https://www.sec.gov/Archives/edgar/data/1025996/000089843001501864/d10q.htm
0,2001-03-31,KRC,2001-05-15 00:00:00,2001-05-15 00:00:00,Q1,50300000,11000000,38900000,0.77336,0.0,3100000.0,0.0,0.0,27500000,38500000,0.0,13400000,19800000,0.393638,11900000,0.236581,0.0,12200000,0.242545,0.0,6400000.0,0.127237,0.23704,0.23704,27000000,27000000,https://www.sec.gov/Archives/edgar/data/1025996/000089843001500592/0000898430-01-500592-index.html,https://www.sec.gov/Archives/edgar/data/1025996/000089843001500592/d10q.txt
0,2000-12-31,KRC,2001-03-28 00:00:00,2001-03-28 00:00:00,Q4,50800000,10700000,38500000,0.757874,0.0,3000000.0,0.0,0.0,26500000.000000004,37200000.00000001,0.0,12800000.000000004,21600000.000000004,0.425197,13500000,0.265748,0.0,13500000,0.265748,0.0,8800000.0,0.173228,0.32959,0.32959,26700000,26700000,https://www.sec.gov/Archives/edgar/data/1025996/000089843001001074/0000898430-01-001074-index.html,https://www.sec.gov/Archives/edgar/data/1025996/000089843001001074/0000898430-01-001074-0001.txt
0,2000-09-30,KRC,2000-11-14 00:00:00,2000-11-14 00:00:00,Q3,47200000,10200000,35400000,0.75,0.0,2900000.0,0.0,0.0,22800000,33000000,0.0,9899999.999999998,25600000,0.542373,14200000,0.300847,0.0,21500000,0.455508,0.0,15700000,0.332627,0.58801,0.58801,26700000,26700000,https://www.sec.gov/Archives/edgar/data/1025996/000089843000003432/0000898430-00-003432-index.html,https://www.sec.gov/Archives/edgar/data/1025996/000089843000003432/0000898430-00-003432-0001.txt
0,2000-06-30,KRC,2000-08-14 00:00:00,2000-08-14 00:00:00,Q2,45300000,9500000.0,34800000,0.768212,0.0,2600000.0,0.0,0.0,22200000,31700000,0.0,9700000.0,22500000,0.496689,13700000,0.302428,0.0,17900000,0.395143,0.0,12800000,0.282561,0.48669,0.48669,26300000,26300000,https://www.sec.gov/Archives/edgar/data/1025996/000089843000002364/0000898430-00-002364-index.html,https://www.sec.gov/Archives/edgar/data/1025996/000089843000002364/0000898430-00-002364-0001.txt
0,2000-03-31,KRC,2000-05-15 00:00:00,2000-05-15 00:00:00,Q1,43800000,9200000.0,34200000,0.780822,0.0,2600000.0,0.0,0.0,19800000,29000000,0.0,9300000.0,18900000,0.431507,14800000,0.3379,0.0,14400000,0.328767,0.0,9600000.0,0.219178,0.35294,0.35294,27200000,27200000,https://www.sec.gov/Archives/edgar/data/1025996/000089843000001614/0000898430-00-001614-index.html,https://www.sec.gov/Archives/edgar/data/1025996/0000898430-00-001614.txt
0,1999-12-31,KRC,2000-03-21 00:00:00,2000-03-21 00:00:00,Q4,42600000,8900000.0,33400000,0.784038,0.0,2300000.0,0.0,0.0,21500000,30400000,0.0,11199999.999999996,19499999.999999996,0.457746,12300000,0.288732,0.0,12300000,0.288732,0.0,8300000.0,0.194836,0.29749,0.29749,27900000,27900000,https://www.sec.gov/Archives/edgar/data/1025996/000089843000000845/0000898430-00-000845-index.html,https://www.sec.gov/Archives/edgar/data/1025996/0000898430-00-000845.txt
0,1999-09-30,KRC,1999-11-15 00:00:00,1999-11-15 00:00:00,Q3,40200000,8500000.0,31500000,0.783582,0.0,2300000.0,0.0,0.0,16700000,25200000,0.0,7900000.000000002,18800000.000000004,0.467662,15000000,0.373134,0.0,15100000,0.375622,0.0,10900000,0.271144,0.3935,0.3935,27700000,27700000,https://www.sec.gov/Archives/edgar/data/1025996/000089843099004266/0000898430-99-004266-index.html,https://www.sec.gov/Archives/edgar/data/1025996/0000898430-99-004266.txt
0,1999-06-30,KRC,1999-08-16 00:00:00,1999-08-16 00:00:00,Q2,39300000,8500000.0,30600000,0.778626,0.0,2200000.0,0.0,0.0,15800000,24300000,0.0,7499999.999999999,18300000,0.465649,15000000,0.381679,0.0,15000000,0.381679,0.0,10800000,0.274809,0.38989,0.38989,27700000,27700000,https://www.sec.gov/Archives/edgar/data/1025996/000089843099003301/0000898430-99-003301-index.html,https://www.sec.gov/Archives/edgar/data/1025996/0000898430-99-003301.txt
0,1999-03-31,KRC,1999-05-17 00:00:00,1999-05-17 00:00:00,Q1,37600000,8500000.0,28700000,0.763298,0.0,2300000.0,0.0,0.0,15300000,23800000,0.0,7200000.0,17100000,0.454787,13800000,0.367021,0.0,13800000,0.367021,0.0,9900000.0,0.263298,0.3587,0.3587,27600000,27600000,https://www.sec.gov/Archives/edgar/data/1025996/000089843099002136/0000898430-99-002136-index.html,https://www.sec.gov/Archives/edgar/data/1025996/0000898430-99-002136.txt
0,1998-12-31,KRC,1999-03-26 00:00:00,1999-03-26 00:00:00,Q4,38500000,8100000.0,27800000,0.722078,0.0,2200000.0,0.0,1700000.0,16900000,25000000,0.0,7000000.0,17200000,0.446753,13500000,0.350649,0.0,13500000,0.350649,0.0,10200000,0.264935,0.36823,0.36823,27700000,27700000,https://www.sec.gov/Archives/edgar/data/1025996/000089843099001171/0000898430-99-001171-index.html,https://www.sec.gov/Archives/edgar/data/1025996/0000898430-99-001171.txt
0,1998-09-30,KRC,1998-11-16 00:00:00,1998-11-16 00:00:00,Q3,34500000,7800000.0,26400000,0.765217,0.0,1800000.0,0.0,0.0,13800000,21600000,0.0,6799999.999999999,16800000,0.486957,12900000,0.373913,0.0,12900000,0.373913,0.0,10000000,0.289855,0.36232,0.36232,27600000,27600000,https://www.sec.gov/Archives/edgar/data/1025996/000089843098004077/0000898430-98-004077-index.html,https://www.sec.gov/Archives/edgar/data/1025996/0000898430-98-004077.txt
0,1998-06-30,KRC,1998-08-14 00:00:00,1998-08-14 00:00:00,Q2,33900000,7800000.0,25700000,0.758112,0.0,2100000.0,0.0,0.0,13300000,21100000,0.0,6500000.0,16300000,0.480826,12800000,0.377581,0.0,12800000,0.377581,0.0,9800000.0,0.289086,0.35636,0.35636,27500000,27500000,https://www.sec.gov/Archives/edgar/data/1025996/000089843098002981/0000898430-98-002981-index.html,https://www.sec.gov/Archives/edgar/data/1025996/0000898430-98-002981.txt
0,1998-03-31,KRC,1998-05-14 00:00:00,1998-05-14 00:00:00,Q1,29400000,6400000.0,22500000,0.765306,0.0,1600000.0,0.0,0.0,12200000.000000002,18600000,0.0,5900000.0,14800000,0.503401,10800000,0.367347,0.0,10800000,0.367347,0.0,8900000.0,0.302721,0.35039,0.35039,25400000,25400000,https://www.sec.gov/Archives/edgar/data/1025996/000089843098001903/0000898430-98-001903-index.html,https://www.sec.gov/Archives/edgar/data/1025996/0000898430-98-001903.txt
0,1997-12-31,KRC,1998-03-20 00:00:00,1998-03-20 00:00:00,Q4,23500000,4200000.0,18200000,0.774468,0.0,1300000.0,0.0,0.0,9100000.000000002,13300000.000000002,0.0,4800000.000000001,13600000.000000002,0.578723,10200000,0.434043,0.0,10200000,0.434043,0.0,8800000.0,0.374468,0.35918,0.35918,24500000,24500000,https://www.sec.gov/Archives/edgar/data/1025996/000089843098000999/0000898430-98-000999-index.html,https://www.sec.gov/Archives/edgar/data/1025996/0000898430-98-000999.txt
0,1997-09-30,KRC,1997-11-14 00:00:00,1997-11-14 00:00:00,Q3,19100000,3900000.0,14100000,0.73822,0.0,1500000.0,0.0,0.0,7799999.999999999,11699999.999999998,0.0,3699999.999999999,10200000,0.534031,7400000.0,0.387435,0.0,7400000.0,0.387435,0.0,6500000.0,0.340314,0.34211,0.34211,19000000,19000000,https://www.sec.gov/Archives/edgar/data/1025996/000089843097004914/0000898430-97-004914-index.html,https://www.sec.gov/Archives/edgar/data/1025996/0000898430-97-004914.txt
0,1997-06-30,KRC,1997-08-14 00:00:00,1997-08-14 00:00:00,Q2,14600000,2900000.0,10600000,0.726027,0.0,1500000.0,0.0,0.0,7000000.0,9900000.0,0.0,3000000.0,7100000.0,0.486301,4700000.0,0.321918,0.0,4700000.0,0.321918,0.0,4100000.0,0.280822,0.28276,0.28276,14500000,14500000,https://www.sec.gov/Archives/edgar/data/1025996/000089843097003438/0000898430-97-003438-index.html,https://www.sec.gov/Archives/edgar/data/1025996/0000898430-97-003438.txt
0,1997-03-31,KRC,1997-05-14 00:00:00,1997-05-14 00:00:00,Q1,12100000,2500000.0,8300000.0,0.68595,0.0,800000.0,0.0,0.0,6800000.000000001,9300000.000000002,0.0,2500000.0,7900000.0,0.652893,2700000.0,0.22314,0.0,2700000.0,0.22314,0.0,5400000.0,0.446281,0.37241,0.37241,14500000,14500000,https://www.sec.gov/Archives/edgar/data/1025996/000089843097002113/0000898430-97-002113-index.html,https://www.sec.gov/Archives/edgar/data/1025996/0000898430-97-002113.txt
