,date,symbol,fillingDate,acceptedDate,period,revenue,costOfRevenue,grossProfit,grossProfitRatio,researchAndDevelopmentExpenses,generalAndAdministrativeExpenses,sellingAndMarketingExpenses,otherExpenses,operatingExpenses,costAndExpenses,interestExpense,depreciationAndAmortization,ebitda,ebitdaratio,operatingIncome,operatingIncomeRatio,totalOtherIncomeExpensesNet,incomeBeforeTax,incomeBeforeTaxRatio,incomeTaxExpense,netIncome,netIncomeRatio,eps,epsdiluted,weightedAverageShsOut,weightedAverageShsOutDil,link,finalLink
0,2020-06-30,ASC.BR,2020-06-30,2020-06-30,Q2,5994000.0,-2650000.0,8644000.0,1.4421087754421087,0.0,894000.0,0.0,0.0,202000.0,-1554000.0,1513000.0,0.0,-60000.0,-0.01001001001001001,7548000.0,-0.5937604270937604,0.0,-3559000.0,-0.5937604270937604,-376000.0,-3183000.0,-0.531031031031031,-0.4825662884315231,-0.4825662884315231,6595985.0,6595985.0,,
0,2020-03-31,ASC.BR,2020-03-31,2020-03-31,Q1,16497000,6472000.0,10025000,0.6076862459841184,0.0,1053000.0,0.0,0.0,28000.0,7554000.0,1238000.0,0.0,-3127000.0,-0.18954961508152998,8943000.0,-0.4228647632902952,0.0,-6976000.0,-0.4228647632902952,194000.0,-7171000.0,-0.43468509425956237,-1.0871765172297996,-1.0871765172297996,6595985.0,6595985.0,,
0,2019-12-31,ASC.BR,2019-12-31,2019-12-31,Q4,10435000,857000.0,9578000.0,0.9178725443219933,0.0,1044000.0,0.0,0.0,113000.0,2013000.0,1072000.0,0.0,8635000.0,0.8275035936751318,8422000.0,1.2047915668423574,0.0,12572000,1.2047915668423574,47000.0,12526000,1.2003833253473886,1.9,1.9,6595985.0,6595985.0,,
0,2019-09-30,ASC.BR,2019-09-30,2019-09-30,Q3,16681000,7578000.0,9103000.0,0.5457106888076254,0.0,-1387000.0,0.0,0.0,53000.0,8352000.0,-832000.0,0.0,3905000.0,0.23409867513938012,8329000.0,0.2839757808284875,0.0,4737000.0,0.2839757808284875,732000.0,4006000.0,0.24015346801750495,0.607339161626353,0.607339161626353,6595985.0,6595985.0,,
0,2019-06-30,ASC.BR,2019-06-30,2019-06-30,Q2,5262000.0,-4277000.0,9539000.0,1.8128088179399469,0.0,873000.0,0.0,0.0,245000.0,-3159000.0,1076000.0,0.0,9106000.0,1.7305207145572026,8421000.0,1.0501710376282782,0.0,5526000.0,1.0501710376282782,-181000.0,5707000.0,1.0845686050931205,0.8652233138795797,0.8652233138795797,6595985.0,6595985.0,,
0,2019-03-31,ASC.BR,2019-03-31,2019-03-31,Q1,15588000,5958000.0,9630000.0,0.6177829099307159,0.0,900000.0,0.0,0.0,-23000.0,6835000.0,1113000.0,0.0,7239000.0,0.46439568899153194,8753000.0,0.2979214780600462,0.0,4644000.0,0.2979214780600462,327000.0,4316000.0,0.2768796510136002,0.6543374492210033,0.6543374492210033,6595985.0,6595985.0,,
0,2018-12-31,ASC.BR,2018-12-31,2018-12-31,Q4,10312000,869000.0,9443000.0,0.9157292474786657,0.0,976000.0,0.0,0.0,92000.0,1937000.0,1141000.0,0.0,8653000.0,0.8391194724592708,8375000.0,0.6014352211016292,0.0,6202000.0,0.6014352211016292,-1117000.0,7319000.0,0.709755624515128,1.11,1.11,6593694.0,6593694.0,,
0,2018-09-30,ASC.BR,2018-09-30,2018-09-30,Q3,16816000,7160000.0,9656000.0,0.5742150333016175,0.0,-1491000.0,0.0,0.0,-77000.0,7766000.0,-2587000.0,0.0,6324000.0,0.37607040913415796,9050000.0,0.5299119885823026,0.0,8911000.0,0.5299119885823026,391000.0,8520000.0,0.5066603235014272,1.2916948719561976,1.2916948719561976,6595985.0,6595985.0,,
0,2018-06-30,ASC.BR,2018-06-30,2018-06-30,Q2,10115000,651000.0,9464000.0,0.9356401384083045,0.0,1693000.0,0.0,0.0,116000.0,2460000.0,1738000.0,0.0,9573000.0,0.9464162135442412,7655000.0,0.767375185368265,0.0,7762000.0,0.767375185368265,55000.0,7707000.0,0.7619377162629758,1.17,1.17,6595985.0,6595985.0,,
0,2018-03-31,ASC.BR,2018-03-31,2018-03-31,Q1,15492000,5804000.0,9688000.0,0.6253550219468113,0.0,858000.0,0.0,0.0,-72000.0,6590000.0,1700000.0,0.0,8224000.0,0.530854634650142,8902000.0,0.4868319132455461,0.0,7542000.0,0.4868319132455461,277000.0,7265000.0,0.4689517170152337,1.1014276108875323,1.1014276108875323,6595985.0,6595985.0,,
0,2017-12-31,ASC.BR,2017-12-31,2017-12-31,Q4,10274000,557000.0,9717000.0,0.9457854779053922,0.0,956000.0,0.0,0.0,184000.0,1697000.0,1741000.0,0.0,11095000,1.0799104535721238,8577000.0,1.032314580494452,0.0,10606000,1.032314580494452,73000.0,10533000,1.0252092661086236,1.62,1.62,6497594.0,6497594.0,,
0,2017-09-30,ASC.BR,2017-09-30,2017-09-30,Q3,16416000,7125000.0,9291000.0,0.5659722222222222,0.0,-1198000.0,0.0,0.0,-2570000.0,7805000.0,-2535000.0,0.0,3891000.0,0.23702485380116958,8611000.0,0.39144736842105265,0.0,6426000.0,0.39144736842105265,478000.0,5948000.0,0.3623294346978557,0.901760692299937,0.901760692299937,6595985.0,6595985.0,,
0,2017-06-30,ASC.BR,2017-06-30,2017-06-30,Q2,10299000,695000.0,9604000.0,0.9325177201670065,0.0,782000.0,0.0,0.0,1016000.0,1711000.0,1782000.0,0.0,9010000.0,0.874842217691038,8588000.0,0.8429944654820857,0.0,8682000.0,0.8429944654820857,4000.0,8678000.0,0.8426060782600252,1.34,1.34,6497594.0,6497594.0,,
0,2017-03-31,ASC.BR,2017-03-31,2017-03-31,Q1,15296000,5703000.0,9593000.0,0.6271574267782427,0.0,823000.0,0.0,0.0,-112000.0,6414000.0,1813000.0,0.0,14984000,0.979602510460251,8882000.0,0.9753530334728033,0.0,14919000,0.9753530334728033,340000.0,14578000,0.9530596234309623,2.2101323759832687,2.2101323759832687,6595985.0,6595985.0,,
0,2016-12-31,ASC.BR,2016-12-31,2016-12-31,Q4,9900000.0,607000.0,9293000.0,0.9386868686868687,0.0,811000.0,0.0,0.0,128000.0,1546000.0,1789000.0,0.0,11007000,1.1118181818181818,8354000.0,1.2153535353535354,0.0,12032000,1.2153535353535354,40000.0,11993000,1.2114141414141415,1.85,1.85,6497594.0,6497594.0,,
0,2016-09-30,ASC.BR,2016-09-30,2016-09-30,Q3,15983000,6778000.0,9205000.0,0.5759244196959269,0.0,-1138000.0,0.0,0.0,76000.0,7524000.0,-2306000.0,0.0,3773000.0,0.23606331727460428,8459000.0,0.380341612963774,0.0,6079000.0,0.380341612963774,200000.0,5877000.0,0.3677031846336733,0.8909965683669687,0.8909965683669687,6595985.0,6595985.0,,
0,2016-06-30,ASC.BR,2016-06-30,2016-06-30,Q2,9875000.0,641000.0,9234000.0,0.9350886075949367,0.0,786000.0,0.0,-232000.0,132000.0,1559000.0,1884000.0,0.0,7506000.0,0.7601012658227848,8316000.0,0.5693164556962025,0.0,5622000.0,0.5693164556962025,0.0,5624000.0,0.5695189873417722,0.88,0.88,6364686.0,6364686.0,,
0,2016-03-31,ASC.BR,,,Q1,0.0,0.0,0.0,0.0,0.0,0.0,0.0,0.0,0.0,0.0,1810000.0,0.0,24574000,0.0,8143000.0,0.0,0.0,0.0,0.0,0.0,7304000.0,0.0,1.107340298681698,1.107340298681698,6595985.0,6595985.0,,
0,2015-12-31,ASC.BR,,,Q4,0.0,0.0,0.0,0.0,0.0,0.0,0.0,0.0,0.0,0.0,1770000.0,0.0,8027000.0,0.0,8027000.0,0.0,0.0,0.0,0.0,0.0,21432000,0.0,3.47,3.47,6182768.0,6182768.0,,
0,2015-09-30,ASC.BR,2015-09-30,2015-09-30,Q3,15522000,6646000.0,8876000.0,0.571833526607396,0.0,-863000.0,0.0,0.0,-128000.0,7268000.0,-2100000.0,0.0,1922000.0,0.12382424945239015,8254000.0,0.25911609328694757,0.0,4022000.0,0.25911609328694757,351000.0,3673000.0,0.23663187733539492,0.5568539043069383,0.5568539043069383,6595985.0,6595985.0,,
0,2015-06-30,ASC.BR,2015-06-30,2015-06-30,Q2,9249000.0,592000.0,8657000.0,0.935993080333009,0.0,646000.0,0.0,2202000.0,3000.0,1241000.0,1786000.0,0.0,10878000,1.1761271488809601,8008000.0,0.9830251919126392,0.0,9092000.0,0.9830251919126392,41000.0,9049000.0,0.9783760406530436,1.46,1.46,6182768.0,6182768.0,,
0,2015-03-31,ASC.BR,,,Q1,0.0,0.0,0.0,0.0,0.0,0.0,0.0,0.0,0.0,0.0,1650000.0,0.0,6591000.0,0.0,7309000.0,0.0,0.0,0.0,0.0,0.0,5008000.0,0.0,0.75924975572261,0.75924975572261,6595985.0,6595985.0,,
0,2014-12-31,ASC.BR,,,Q4,0.0,0.0,0.0,0.0,0.0,0.0,0.0,0.0,0.0,0.0,1638000.0,0.0,7113000.0,0.0,7113000.0,0.0,0.0,0.0,0.0,0.0,4817000.0,0.0,0.8,0.8,6037230.0,6037230.0,,
0,2014-03-31,ASC.BR,,,Q1,0.0,0.0,0.0,0.0,0.0,0.0,0.0,0.0,0.0,0.0,0.0,0.0,0.0,0.0,0.0,0.0,0.0,0.0,0.0,0.0,0.0,0.0,0.0,0.0,6595985.0,6595985.0,,
0,2013-03-31,ASC.BR,,,Q1,0.0,0.0,0.0,0.0,0.0,0.0,0.0,0.0,0.0,0.0,0.0,0.0,0.0,0.0,0.0,0.0,0.0,0.0,0.0,0.0,0.0,0.0,0.0,0.0,6595985.0,6595985.0,,
0,2010-03-31,ASC.BR,,,Q1,0.0,0.0,0.0,0.0,0.0,0.0,0.0,0.0,0.0,0.0,0.0,0.0,0.0,0.0,0.0,0.0,0.0,0.0,0.0,0.0,0.0,0.0,0.0,0.0,6595985.0,6595985.0,,
0,2009-03-31,ASC.BR,,,Q1,0.0,0.0,0.0,0.0,0.0,0.0,0.0,0.0,0.0,0.0,0.0,0.0,0.0,0.0,0.0,0.0,0.0,0.0,0.0,0.0,0.0,0.0,0.0,0.0,6595985.0,6595985.0,,
