,date,symbol,fillingDate,acceptedDate,period,revenue,costOfRevenue,grossProfit,grossProfitRatio,researchAndDevelopmentExpenses,generalAndAdministrativeExpenses,sellingAndMarketingExpenses,otherExpenses,operatingExpenses,costAndExpenses,interestExpense,depreciationAndAmortization,ebitda,ebitdaratio,operatingIncome,operatingIncomeRatio,totalOtherIncomeExpensesNet,incomeBeforeTax,incomeBeforeTaxRatio,incomeTaxExpense,netIncome,netIncomeRatio,eps,epsdiluted,weightedAverageShsOut,weightedAverageShsOutDil,link,finalLink
0,2020-09-30,WDP.BR,2020-09-30,2020-09-30,Q3,77126000,14571000,62555000,0.8110753831392786,0.0,3925000.0,0.0,0.0,-3106000.0,20213000,9570000.0,0.0,85265000,1.1055286155122785,56913000,0.8685008946399398,0.0,66984000,0.8685008946399398,1633000.0,64072000,0.8307444960195005,0.371455129612314,0.371455129612314,172489205,172489205,,
0,2020-06-30,WDP.BR,2020-06-30,2020-06-30,Q2,59845000,-1956000.0,61801000,1.0326844347898738,0.0,3791000.0,0.0,0.0,3451000.0,4111000.0,9419000.0,0.0,106572000,1.7808004010360097,55734000,1.3862812265017963,0.0,82962000,1.3862812265017963,1835000.0,80312000,1.3420001670983375,0.46560594907953806,0.46560594907953806,172489205,172489205,,
0,2020-03-31,WDP.BR,2020-03-31,2020-03-31,Q1,65020000,12844000,52176000,0.8024607812980621,0.0,3738000.0,0.0,0.0,168000.0,17925000,8832000.0,1175000.0,83414000,1.2828975699784682,47095000,0.8830975084589358,0.0,57419000,0.8830975084589358,2092000.0,53742000,0.8265456782528453,0.31,0.31,172489205,172489205,,
0,2019-12-31,WDP.BR,2019-12-31,2019-12-31,Q4,71851000,18272000,53579000,0.7456959541272912,0.0,4021000.0,0.0,0.0,0.0,23105000,-6591000.0,1323000.0,124093000,1.7270880015587813,48746000,2.3381442151118286,0.0,167998000,2.3381442151118286,4385000.0,161131000,2.2425714325479116,0.9341512125353004,0.9341512125353004,172489205,172489205,,
0,2019-09-30,WDP.BR,2019-09-30,2019-09-30,Q3,53825000,-2228000.0,56053000,1.0413934045517883,0.0,3397000.0,0.0,0.0,-3770000.0,2602000.0,10075000,0.0,94653000,1.758532280538783,51223000,1.1514909428704134,0.0,61979000,1.1514909428704134,2774000.0,57720000,1.0723641430562008,0.3346296366778431,0.3346296366778431,172489205,172489205,,
0,2019-06-30,WDP.BR,2019-06-30,2019-06-30,Q2,52670000,-1661000.0,54331000,1.0315359787355232,0.0,3084000.0,0.0,0.0,4107000.0,4320000.0,9913000.0,0.0,178442000,3.387924814885134,48350000,2.630947408391874,0.0,138572000,2.630947408391874,1559000.0,136239000,2.586652743497247,0.7898407323519173,0.7898407323519173,172489205,172489205,,
0,2019-03-31,WDP.BR,2019-03-31,2019-03-31,Q1,59275000,11159000,48116000,0.8117418810628427,0.0,3225000.0,0.0,0.0,174000.0,15768000,9634000.0,1210000.0,68401000,1.153960354280894,43507000,0.7016954871362294,0.0,41593000,0.7016954871362294,1954000.0,38642000,0.6519105862505272,0.24,0.24,161429730,161429730,,
0,2018-12-31,WDP.BR,2018-12-31,2018-12-31,Q4,64104000,17197000,46907000,0.7317328091850742,0.0,4495000.0,0.0,0.0,0.0,21753000,-5989000.0,701000.0,149887000,2.3381848246599275,42351000,2.1924216897541493,0.0,140543000,2.1924216897541493,3369000.0,134505000,2.0982309996256086,0.7797879293373751,0.7797879293373751,172489205,172489205,,
0,2018-09-30,WDP.BR,2018-09-30,2018-09-30,Q3,46489000,-2130000.0,48619000,1.0458172901116394,0.0,2672000.0,0.0,0.0,182000.0,2251000.0,8299000.0,1527000.0,102185000,2.198046849792424,44238000,2.182150616274818,0.0,101446000,2.182150616274818,512000.0,100087000,2.1529178945557015,0.5802508046807915,0.5802508046807915,172489205,172489205,,
0,2018-06-30,WDP.BR,2018-06-30,2018-06-30,Q2,44313000,-3362000.0,47675000,1.0758693837022995,0.0,2593000.0,0.0,0.0,243000.0,1109000.0,7965000.0,1635000.0,69129000,1.5600162480536186,43204000,1.1864689820143073,0.0,52576000,1.1864689820143073,1030000.0,50764000,1.145578047074222,0.29430247533461584,0.29430247533461584,172489205,172489205,,
0,2018-03-31,WDP.BR,2018-03-31,2018-03-31,Q1,47955000,7542000.0,40413000,0.842727557084767,0.0,2550000.0,0.0,2000.0,215000.0,11381000,7455000.0,1074000.0,50135000,1.0454592847461162,36574000,0.9399854029819622,0.0,45077000,0.9399854029819622,885000.0,43428000,0.9055989990616202,0.281429,0.281429,154064939,154064939,,
0,2017-12-31,WDP.BR,2017-12-31,2017-12-31,Q4,51865000,14604000,37261000,0.7184228284970596,0.0,2692000.0,0.0,0.0,0.0,17729000,-5481000.0,933000.0,45465000,0.876602718596356,34136000,0.9780005784247566,0.0,50724000,0.9780005784247566,342000.0,50383000,0.9714258170249687,0.292093641454258,0.292093641454258,172489205,172489205,,
0,2017-09-30,WDP.BR,2017-09-30,2017-09-30,Q3,37795000,-2805000.0,40600000,1.0742161661595448,0.0,1933000.0,0.0,0.0,206000.0,302000.0,7126000.0,968000.0,55815000,1.4767826432067734,37493000,1.2658288133350972,0.0,47842000,1.2658288133350972,52000.0,47788000,1.2644000529170525,0.277049221717962,0.277049221717962,172489205,172489205,,
0,2017-06-30,WDP.BR,2017-06-30,2017-06-30,Q2,36669000,-2213000.0,38882000,1.0603507049551393,0.0,1738000.0,0.0,0.0,156000.0,813000.0,6900000.0,1132000.0,86699000,2.3643677220540513,35856000,2.366222149499577,0.0,86767000,2.366222149499577,406000.0,86362000,2.355177397801958,0.5006806078096308,0.5006806078096308,172489205,172489205,,
0,2017-03-31,WDP.BR,2017-03-31,2017-03-31,Q1,41084000,6925000.0,34159000,0.8314428974783371,0.0,1945000.0,0.0,0.0,138000.0,9879000.0,7067000.0,871000.0,51233000,1.247030474150521,31205000,1.2372943238243599,0.0,50833000,1.2372943238243599,210000.0,50623000,1.2321828449031254,0.338571,0.338571,149282301,149282301,,
0,2016-12-31,WDP.BR,2016-12-31,2016-12-31,Q4,54184000,12125000,42059000,0.7762254540085635,0.0,2748000.0,0.0,0.0,0.0,21213000,0.0,460000.0,31585000,0.5829211575372804,32971000,1.1333973128598849,0.0,61412000,1.1333973128598849,1249000.0,58848000,1.0860770707219844,0.3411691763551232,0.3411691763551232,172489205,172489205,,
0,2016-09-30,WDP.BR,2016-09-30,2016-09-30,Q3,33003000,1048000.0,31955000,0.9682453110323304,0.0,1357000.0,0.0,0.0,851000.0,569000.0,0.0,871000.0,35396000,1.0725085598278945,32434000,0.8394085386177014,0.0,27703000,0.8394085386177014,194000.0,28131000,0.8523770566312153,0.209851,0.209851,133693117,133693117,,
0,2016-06-30,WDP.BR,2016-06-30,2016-06-30,Q2,40980000,4762000.0,36218000,0.8837969741337238,0.0,478000.0,0.0,0.0,0.0,6122000.0,0.0,669000.0,36337000,0.8867008296730112,34858000,0.8212054660810151,0.0,33653000,0.8212054660810151,334000.0,31936000,0.7793069790141532,0.18514781838086622,0.18514781838086622,172489205,172489205,,
0,2016-03-31,WDP.BR,2016-03-31,2016-03-31,Q1,31149000,664000.0,30485000,0.978683103791454,0.0,1060000.0,0.0,0.0,0.0,2569000.0,0.0,845000.0,45261000,1.4530482519503034,28580000,0.36058942502167,0.0,11232000,0.36058942502167,121000.0,11317000,0.36331824456643874,0.086493,0.086493,130524912,130524912,,
0,2015-12-31,WDP.BR,2015-12-31,2015-12-31,Q4,48712000,12228000,36484000,0.7489735588766628,0.0,2862000.0,0.0,0.0,0.0,15493000,0.0,403000.0,75182000,1.5433979306946954,33219000,1.2434718344555755,0.0,60572000,1.2434718344555755,516000.0,59504000,1.2215470520610938,0.3449723129050308,0.3449723129050308,172489205,172489205,,
0,2015-09-30,WDP.BR,2015-09-30,2015-09-30,Q3,33945000,906000.0,33039000,0.9733097657976137,0.0,1607000.0,0.0,0.0,0.0,3415000.0,0.0,902000.0,38673000,1.1392841361025188,30530000,0.6307261746943585,0.0,21410000,0.6307261746943585,233000.0,21441000,0.6316394167034909,0.164478,0.164478,130524912,130524912,,
0,2015-06-30,WDP.BR,2015-06-30,2015-06-30,Q2,33937000,2567000.0,31370000,0.9243598432389427,0.0,354000.0,0.0,0.0,0.0,3882000.0,0.0,753000.0,35978000,1.0601408492206146,30055000,1.4413472021687244,0.0,48915000,1.4413472021687244,245000.0,47108000,1.3881014821581166,0.2731069460259846,0.2731069460259846,172489205,172489205,,
0,2015-03-31,WDP.BR,2015-03-31,2015-03-31,Q1,26844000,832000.0,26012000,0.9690061093726717,0.0,1401000.0,0.0,0.0,0.0,2973000.0,0.0,740000.0,27531000,1.025592311130979,23871000,0.5523394427060051,0.0,14827000,0.5523394427060051,175000.0,14645000,0.545559529131277,0.119104,0.119104,122988356,122988356,,
0,2014-12-31,WDP.BR,2014-12-31,2014-12-31,Q4,33842000,8512000.0,25330000,0.7484782223272857,0.0,2414000.0,0.0,0.0,0.0,13482000,0.0,0.0,10893000,0.3218781395898588,20360000,0.478606465338928,0.0,16197000,0.478606465338928,188000.0,16068000,0.47479463388688614,0.09315365561572389,0.09315365561572389,172489205,172489205,,
0,2014-09-30,WDP.BR,2014-09-30,2014-09-30,Q3,27570000,758000.0,26812000,0.972506347479144,0.0,1411000.0,0.0,0.0,1411000.0,2169000.0,0.0,0.0,28258000,1.0249546608632571,25401000,0.921436343852013,0.0,25404000,0.921436343852013,153000.0,25236000,0.9153427638737759,0.21694,0.21694,116647474,116647474,,
0,2014-06-30,WDP.BR,2014-06-30,2014-06-30,Q2,25705000,-86000.0,25791000,1.003345652596771,0.0,1791000.0,0.0,0.0,-1187000.0,1873000.0,0.0,0.0,20471000,0.7963820268430266,23832000,0.5142968294106205,0.0,13220000,0.5142968294106205,142000.0,12805000,0.49815211048434155,0.07423652975848546,0.07423652975848546,172489205,172489205,,
0,2014-03-31,WDP.BR,2014-03-31,2014-03-31,Q1,23355000,700000.0,22655000,0.9700278312995076,0.0,1355000.0,0.0,0.0,1355000.0,2055000.0,0.0,0.0,27175000,1.1635624063369727,21300000,0.46444016270605865,0.0,10847000,0.46444016270605865,148000.0,10640000,0.4555769642474845,0.093582,0.093582,113401028,113401028,,
0,2013-12-31,WDP.BR,2013-12-31,2013-12-31,Q4,30691000,8128000.0,22563000,0.735166661236193,0.0,2505000.0,0.0,0.0,0.0,10830000,0.0,0.0,22301000,0.7266299566648203,19861000,0.5504545306441628,0.0,16894000,0.5504545306441628,-150000.0,17046000,0.555407122609234,0.0988235756550678,0.0988235756550678,172489205,172489205,,
0,2013-09-30,WDP.BR,2013-09-30,2013-09-30,Q3,23928000,693000.0,23235000,0.9710381143430291,0.0,1153000.0,0.0,0.0,1080000.0,1773000.0,0.0,0.0,19222000,0.8033266466064861,22155000,0.6182714811099966,0.0,14794000,0.6182714811099966,43000.0,14752000,0.6165162153126045,0.133284,0.133284,110411000,110411000,,
0,2013-06-30,WDP.BR,2013-06-30,2013-06-30,Q2,23536000,666000.0,22870000,0.9717029231815092,0.0,1603000.0,0.0,0.0,-926000.0,2487000.0,0.0,0.0,30967000,1.3157290958531611,21049000,1.2172416723317472,0.0,28649000,1.2172416723317472,-12000.0,28785000,1.2230200543847722,0.16688000851995347,0.16688000851995347,172489205,172489205,,
0,2013-03-31,WDP.BR,2013-03-31,2013-03-31,Q1,20693000,621000.0,20072000,0.9699898516406514,0.0,1144000.0,0.0,0.0,1144000.0,1765000.0,0.0,0.0,13872000,0.6703716232542406,18928000,0.9341323152756971,0.0,19330000,0.9341323152756971,113000.0,19093000,0.922679166868023,0.180075,0.180075,106365638,106365638,,
0,2012-12-31,WDP.BR,2012-12-31,2012-12-31,Q4,28917000,7461000.0,21456000,0.7419856831621537,0.0,2104000.0,0.0,0.0,0.0,9492000.0,0.0,0.0,-9661000.0,-0.3340941314797524,19425000,0.4390151122177266,0.0,12695000,0.4390151122177266,490000.0,12203000,0.42200089912508215,0.07074645627823492,0.07074645627823492,172489205,172489205,,
0,2012-09-30,WDP.BR,2012-09-30,2012-09-30,Q3,21396000,599000.0,20797000,0.9720041129183025,0.0,1128000.0,0.0,0.0,1212000.0,1811000.0,0.0,0.0,24600000,1.149747616376893,19585000,0.4549915872125631,0.0,9735000.0,0.4549915872125631,341000.0,9394000.0,0.4390540287904281,0.093582,0.093582,100632447,100632447,,
0,2010-06-30,WDP.BR,2010-06-30,2010-06-30,Q2,13898810,2854720.0,11044090,0.7946068764160384,0.0,0.0,0.0,0.0,0.0,2102020.0,0.0,0.0,5861790.0,0.4217476172420517,11796790,0.03847163893887318,0.0,534710.0,0.03847163893887318,998730.0,-464020.0,-0.03338559200391976,-0.002690139362634317,-0.002690139362634317,172489205,172489205,,
0,2010-03-31,WDP.BR,2010-03-31,2010-03-31,Q1,14753190,259280.0,14493910,0.9824254957741343,0.0,0.0,0.0,0.0,0.0,1083980.0,0.0,0.0,13669210,0.9265257208779931,13669210,0.6301884541580499,0.0,9297290.0,0.6301884541580499,297270.0,9000020.0,0.610038913618004,0.10209,0.10209,88397264,88397264,,
0,2009-06-30,WDP.BR,2009-06-30,2009-06-30,Q2,14621200,495580.0,14125620,0.9661053812272591,0.0,0.0,0.0,0.0,0.0,1428500.0,0.0,0.0,-14296300,-0.9777788416819413,13192700,-1.3130139797007085,0.0,-19197840,-1.3130139797007085,-2366720.0,-16831120,-1.151144912866249,-0.09757781653640296,-0.09757781653640296,172489205,172489205,,
0,2009-03-31,WDP.BR,2009-03-31,2009-03-31,Q1,13194800,298420.0,12896380,0.9773835147179192,0.0,0.0,0.0,0.0,0.0,996500.0,0.0,0.0,12198300,0.9244778245975688,12198300,0.5944644860096402,0.0,7843840.0,0.5944644860096402,211720.0,7632120.0,0.5784187710310122,0.114851,0.114851,66297952,66297952,,
0,2008-06-30,WDP.BR,2008-06-30,2008-06-30,Q2,11507820,383960.0,11123860,0.9666348622067429,0.0,0.0,0.0,0.0,0.0,1330800.0,0.0,0.0,17008020,1.477953252657758,10177020,1.133183348366589,0.0,13040470,1.133183348366589,-1475810.0,14516280,1.2614274467275297,0.08415761438520167,0.08415761438520167,172489205,172489205,,
0,2008-03-31,WDP.BR,2008-03-31,2008-03-31,Q1,10679180,254040.0,10425140,0.9762116567002336,0.0,0.0,0.0,0.0,0.0,1131200.0,0.0,0.0,9547980.0,0.8940742641288938,9547980.0,0.6411100852312631,0.0,6846530.0,0.6411100852312631,160810.0,6685720.0,0.6260518129669131,0.110597,0.110597,60601307,60601307,,
