,date,symbol,fillingDate,acceptedDate,period,revenue,costOfRevenue,grossProfit,grossProfitRatio,researchAndDevelopmentExpenses,generalAndAdministrativeExpenses,sellingAndMarketingExpenses,otherExpenses,operatingExpenses,costAndExpenses,interestExpense,depreciationAndAmortization,ebitda,ebitdaratio,operatingIncome,operatingIncomeRatio,totalOtherIncomeExpensesNet,incomeBeforeTax,incomeBeforeTaxRatio,incomeTaxExpense,netIncome,netIncomeRatio,eps,epsdiluted,weightedAverageShsOut,weightedAverageShsOutDil,link,finalLink
0,2020-09-30,VASTB.BR,2020-09-30,2020-09-30,Q3,3039000.0,-1470000.0,4509000.0,1.4837117472852912,0.0,506000.0,0.0,0.0,27000.0,-939000.0,435000.0,0.0,1233000.0,0.40572556762092793,3978000.0,0.29318854886475815,0.0,891000.0,0.29318854886475815,-9000.0,900000.0,0.29615004935834155,0.17721680999896625,0.17721680999896625,5078525.0,5078525.0,,
0,2020-06-30,VASTB.BR,2020-06-30,2020-06-30,Q2,4060000.0,-299000.0,4359000.0,1.0736453201970444,0.0,425000.0,0.0,0.0,25000.0,149000.0,426000.0,0.0,-6443000.0,-1.5869458128078817,3911000.0,-1.6763546798029556,0.0,-6806000.0,-1.6763546798029556,10000.0,-6816000.0,-1.6788177339901478,-1.3421219743921708,-1.3421219743921708,5078525.0,5078525.0,,
0,2020-03-31,VASTB.BR,2020-03-31,2020-03-31,Q1,5752000.0,2564000.0,3188000.0,0.5542420027816412,0.0,703000.0,0.0,0.0,51000.0,3316000.0,411000.0,0.0,-1757000.0,-0.30545897079276774,2436000.0,-0.36543810848400554,0.0,-2102000.0,-0.36543810848400554,-4000.0,-2098000.0,-0.3647426981919332,-0.41,-0.41,5078525.0,5078525.0,,
0,2019-12-31,VASTB.BR,2019-12-31,2019-12-31,Q4,5887000.0,1241000.0,4646000.0,0.7891965347375574,0.0,-665000.0,0.0,0.0,168000.0,1756000.0,427000.0,0.0,2939000.0,0.49923560387294036,4131000.0,0.4774927807032444,0.0,2811000.0,0.4774927807032444,10000.0,2801000.0,0.47579412264311194,0.551538094230116,0.551538094230116,5078525.0,5078525.0,,
0,2019-09-30,VASTB.BR,2019-09-30,2019-09-30,Q3,3651000.0,-1170000.0,4821000.0,1.3204601479046836,0.0,482000.0,163000.0,0.0,159000.0,-524000.0,469000.0,0.0,3662000.0,1.0030128731854286,4175000.0,0.8460695699808272,0.0,3089000.0,0.8460695699808272,10000.0,3079000.0,0.8433305943577102,0.6062783977631301,0.6062783977631301,5078525.0,5078525.0,,
0,2019-06-30,VASTB.BR,2019-06-30,2019-06-30,Q2,4901000.0,76000.0,4825000.0,0.9844929606202816,0.0,400000.0,0.0,0.0,30000.0,505000.0,447000.0,0.0,3684000.0,0.7516833299326668,4396000.0,0.640685574372577,0.0,3140000.0,0.640685574372577,10000.0,3130000.0,0.638645174454193,0.6163206836630715,0.6163206836630715,5078525.0,5078525.0,,
0,2019-03-31,VASTB.BR,2019-03-31,2019-03-31,Q1,5965000.0,1362000.0,4603000.0,0.7716680637049456,0.0,733000.0,0.0,0.0,33000.0,2124000.0,423000.0,0.0,-3873000.0,-0.6492875104777871,3841000.0,-0.7850796311818944,0.0,-4683000.0,-0.7850796311818944,10000.0,-4693000.0,-0.786756077116513,-0.92,-0.92,5078525.0,5078525.0,,
0,2018-12-31,VASTB.BR,2018-12-31,2018-12-31,Q4,6059000.0,1454000.0,4605000.0,0.7600264069978544,0.0,-719000.0,0.0,0.0,191000.0,1925000.0,438000.0,0.0,815000.0,0.13451064532101006,4134000.0,-0.007757055619739231,0.0,-47000.0,-0.007757055619739231,-26000.0,-21000.0,-0.0034659184683941244,-0.004135058899975879,-0.004135058899975879,5078525.0,5078525.0,,
0,2018-09-30,VASTB.BR,2018-09-30,2018-09-30,Q3,3704000.0,-979000.0,4683000.0,1.2643088552915767,0.0,459000.0,31000.0,0.0,31000.0,-503000.0,447000.0,0.0,996000.0,0.2688984881209503,4207000.0,0.25107991360691145,0.0,930000.0,0.25107991360691145,16000.0,914000.0,0.24676025917926567,0.1799735159322835,0.1799735159322835,5078525.0,5078525.0,,
0,2018-06-30,VASTB.BR,2018-06-30,2018-06-30,Q2,4856000.0,79000.0,4777000.0,0.9837314662273476,0.0,588000.0,41000.0,0.0,41000.0,705000.0,440000.0,0.0,3393000.0,0.6987232289950577,4151000.0,0.5698105436573312,0.0,2767000.0,0.5698105436573312,15000.0,2752000.0,0.5667215815485996,0.5418896234635057,0.5418896234635057,5078525.0,5078525.0,,
0,2018-03-31,VASTB.BR,2018-03-31,2018-03-31,Q1,5926000.0,1353000.0,4573000.0,0.7716841039487007,0.0,760000.0,28000.0,0.0,28000.0,2138000.0,427000.0,0.0,3812000.0,0.6432669591630105,3788000.0,0.6091798852514344,0.0,3610000.0,0.6091798852514344,15000.0,3595000.0,0.6066486668916639,0.71,0.71,5078525.0,5078525.0,,
0,2017-12-31,VASTB.BR,2017-12-31,2017-12-31,Q4,5811000.0,1138000.0,4673000.0,0.8041645155739116,0.0,-491000.0,0.0,0.0,78000.0,1638000.0,-150000.0,0.0,7257000.0,1.2488384099122354,4173000.0,1.1522973670624677,0.0,6696000.0,1.1522973670624677,16000.0,6680000.0,1.1495439683359145,1.3153425453256604,1.3153425453256604,5078525.0,5078525.0,,
0,2017-09-30,VASTB.BR,2017-09-30,2017-09-30,Q3,3623000.0,-1040000.0,4663000.0,1.2870549268561966,0.0,403000.0,47000.0,0.0,47000.0,-592000.0,1276000.0,0.0,8361000.0,2.3077560033121722,4215000.0,2.0521667126690586,0.0,7435000.0,2.0521667126690586,174000.0,7261000.0,2.004140215291195,1.4297458415583264,1.4297458415583264,5078525.0,5078525.0,,
0,2017-06-30,VASTB.BR,2017-06-30,2017-06-30,Q2,4802000.0,169000.0,4633000.0,0.9648063306955436,0.0,452000.0,66000.0,0.0,66000.0,676000.0,745000.0,0.0,18038000,3.756351520199917,4126000.0,3.67201166180758,0.0,17633000,3.67201166180758,48000.0,17585000,3.662015826738859,3.4626195598131346,3.4626195598131346,5078525.0,5078525.0,,
0,2017-03-31,VASTB.BR,2017-03-31,2017-03-31,Q1,5798000.0,1282000.0,4516000.0,0.7788892721628148,0.0,710000.0,112000.0,0.0,112000.0,2099000.0,723000.0,0.0,3473000.0,0.5989996550534668,3699000.0,0.5443256295274232,0.0,3156000.0,0.5443256295274232,13000.0,3143000.0,0.5420834770610555,0.62,0.62,5078525.0,5078525.0,,
0,2016-12-31,VASTB.BR,2016-12-31,2016-12-31,Q4,6009000.0,1542000.0,4467000.0,0.7433849226160759,0.0,-692000.0,0.0,0.0,131000.0,2106000.0,743000.0,0.0,5615000.0,0.9344316858046264,3903000.0,0.9299384256947911,0.0,5588000.0,0.9299384256947911,20000.0,5568000.0,0.9266100848726909,1.0963813311936044,1.0963813311936044,5078525.0,5078525.0,,
0,2016-09-30,VASTB.BR,2016-09-30,2016-09-30,Q3,3443000.0,-1180000.0,4623000.0,1.3427243682834737,0.0,496000.0,33000.0,0.0,33000.0,-675000.0,734000.0,0.0,7481000.0,2.172814406041243,4118000.0,2.088585535869881,0.0,7191000.0,2.088585535869881,11000.0,7180000.0,2.0853906476909674,1.4137963286584194,1.4137963286584194,5078525.0,5078525.0,,
0,2016-06-30,VASTB.BR,2016-06-30,2016-06-30,Q2,4670000.0,181000.0,4489000.0,0.9612419700214133,0.0,579000.0,40000.0,0.0,40000.0,795000.0,731000.0,0.0,4976000.0,1.065524625267666,3875000.0,0.9269807280513919,0.0,4329000.0,0.9269807280513919,8000.0,4324000.0,0.9259100642398287,0.8514283182617,0.8514283182617,5078525.0,5078525.0,,
0,2016-03-31,VASTB.BR,2016-03-31,2016-03-31,Q1,5676000.0,1409000.0,4267000.0,0.7517618040873855,0.0,584000.0,64000.0,0.0,64000.0,2053000.0,746000.0,0.0,4523000.0,0.7968639887244539,3623000.0,0.6127554615926709,0.0,3478000.0,0.6127554615926709,14000.0,3461000.0,0.6097603946441156,0.68,0.68,5078525.0,5078525.0,,
0,2015-12-31,VASTB.BR,2015-12-31,2015-12-31,Q4,6326000.0,1529000.0,4797000.0,0.7582990831489093,0.0,-850000.0,-104000.0,0.0,187000.0,2199000.0,807000.0,0.0,2963000.0,0.46838444514701233,4127000.0,0.35093265886816316,0.0,2220000.0,0.35093265886816316,12000.0,2208000.0,0.34903572557698387,0.43477190719746384,0.43477190719746384,5078525.0,5078525.0,,
0,2015-09-30,VASTB.BR,2015-09-30,2015-09-30,Q3,3469000.0,-1271000.0,4740000.0,1.3663880080714903,0.0,567000.0,19000.0,0.0,19000.0,-693000.0,801000.0,0.0,3288000.0,0.9478235802825021,4162000.0,0.6488901700778322,0.0,2251000.0,0.6488901700778322,63000.0,2191000.0,0.6315941193427501,0.43142447856415,0.43142447856415,5078525.0,5078525.0,,
0,2015-06-30,VASTB.BR,2015-06-30,2015-06-30,Q2,6313000.0,1640000.0,4673000.0,0.7402185965468082,0.0,576000.0,40000.0,0.0,40000.0,2211000.0,1108000.0,0.0,4502000.0,0.7131316331379692,4102000.0,0.581656898463488,0.0,3672000.0,0.581656898463488,73000.0,3597000.0,0.5697766513543482,0.7082765172958684,0.7082765172958684,5078525.0,5078525.0,,
0,2015-03-31,VASTB.BR,2015-03-31,2015-03-31,Q1,4971000.0,158000.0,4813000.0,0.968215650774492,0.0,641000.0,45000.0,0.0,45000.0,827000.0,820000.0,0.0,8108000.0,1.6310601488634078,4144000.0,1.484409575538121,0.0,7379000.0,1.484409575538121,72000.0,7306000.0,1.4697244015288675,1.44,1.44,5078525.0,5078525.0,,
0,2014-12-31,VASTB.BR,2014-12-31,2014-12-31,Q4,7047000.0,1673000.0,5374000.0,0.7625940116361573,0.0,-698000.0,-172000.0,0.0,193000.0,2360000.0,968000.0,0.0,14714000,2.087980701007521,4687000.0,1.961827728111253,0.0,13825000,1.961827728111253,227000.0,13597000,1.9294735348375196,2.6773521839510486,2.6773521839510486,5078525.0,5078525.0,,
0,2014-09-30,VASTB.BR,2014-09-30,2014-09-30,Q3,5280000.0,-57000.0,5337000.0,1.0107954545454545,0.0,678000.0,26000.0,0.0,26000.0,662000.0,1121000.0,0.0,1749000.0,0.33125,4618000.0,0.05435606060606061,0.0,287000.0,0.05435606060606061,48000.0,246000.0,0.04659090909090909,0.04843926139971744,0.04843926139971744,5078525.0,5078525.0,,
0,2014-06-30,VASTB.BR,2014-06-30,2014-06-30,Q2,5722000.0,583000.0,5139000.0,0.8981125480601189,0.0,587000.0,51000.0,0.0,51000.0,1193000.0,1061000.0,0.0,4755000.0,0.8310031457532331,4529000.0,0.5538273331003146,0.0,3169000.0,0.5538273331003146,7000.0,3162000.0,0.552603984620762,0.622621725796368,0.622621725796368,5078525.0,5078525.0,,
0,2014-03-31,VASTB.BR,2014-03-31,2014-03-31,Q1,5468000.0,283000.0,5185000.0,0.9482443306510607,0.0,599000.0,146000.0,0.0,146000.0,1022000.0,1037000.0,0.0,4987000.0,0.912033650329188,4446000.0,0.6395391367959035,0.0,3497000.0,0.6395391367959035,8000.0,3489000.0,0.6380760790051208,0.687011,0.687011,5078525.0,5078525.0,,
0,2013-12-31,VASTB.BR,2013-12-31,2013-12-31,Q4,6994000.0,1693000.0,5301000.0,0.7579353731770089,0.0,-688000.0,-123000.0,0.0,207000.0,2347000.0,1146000.0,0.0,3368000.0,0.4815556191020875,4647000.0,0.32127537889619673,0.0,2247000.0,0.32127537889619673,9000.0,2238000.0,0.3199885616242494,0.4406791341974294,0.4406791341974294,5078525.0,5078525.0,,
0,2013-09-30,VASTB.BR,2013-09-30,2013-09-30,Q3,5091000.0,-95000.0,5186000.0,1.0186603810646238,0.0,574000.0,72000.0,0.0,72000.0,543000.0,1252000.0,0.0,2688000.0,0.5279905715969357,4548000.0,0.3054409742683166,0.0,1555000.0,0.3054409742683166,6000.0,1549000.0,0.30426242388528774,0.3050098207648874,0.3050098207648874,5078525.0,5078525.0,,
0,2013-06-30,VASTB.BR,2013-06-30,2013-06-30,Q2,5687000.0,495000.0,5192000.0,0.9129593810444874,0.0,571000.0,39000.0,0.0,39000.0,1051000.0,1241000.0,0.0,4018000.0,0.7065236504308071,4636000.0,0.6490240900298927,0.0,3691000.0,0.6490240900298927,9000.0,3682000.0,0.6474415333216107,0.7250136604624374,0.7250136604624374,5078525.0,5078525.0,,
0,2013-03-31,VASTB.BR,2013-03-31,2013-03-31,Q1,5519000.0,290000.0,5229000.0,0.9474542489581446,0.0,586000.0,47000.0,0.0,47000.0,915000.0,1244000.0,0.0,5450000.0,0.9874977350969378,4604000.0,0.8577640876970466,0.0,4734000.0,0.8577640876970466,9000.0,4725000.0,0.8561333574922994,0.93,0.93,5078525.0,5078525.0,,
0,2012-12-31,VASTB.BR,2012-12-31,2012-12-31,Q4,7115000.0,706000.0,6409000.0,0.9007730147575544,0.0,194000.0,0.0,0.0,-10277000,-8193000.0,0.0,0.0,24943000,3.5056921995783554,15308000,0.6039353478566409,0.0,4297000.0,0.6039353478566409,6000.0,4291000.0,0.6030920590302179,0.8449303685617379,0.8449303685617379,5078525.0,5078525.0,,
0,2012-09-30,VASTB.BR,2012-09-30,2012-09-30,Q3,-3749000.0,-2810000.0,-939000.0,0.25046679114430515,0.0,-1067000.0,0.0,0.0,9584000.0,5673000.0,0.0,0.0,-12609000,3.363296879167778,-9422000.0,-1.0712189917311283,0.0,4016000.0,-1.0712189917311283,17000.0,3998000.0,-1.066417711389704,0.7872364515287411,0.7872364515287411,5078525.0,5078525.0,,
0,2012-06-30,VASTB.BR,2012-06-30,2012-06-30,Q2,14849000,4687000.0,10162000,0.6843558488787124,0.0,948000.0,0.0,0.0,4406000.0,10014000,0.0,0.0,9495000.0,0.6394369991245201,4835000.0,0.29200619570341435,0.0,4336000.0,0.29200619570341435,-1000.0,4338000.0,0.2921408849080746,0.8541850241950173,0.8541850241950173,5078525.0,5078525.0,,
0,2012-03-31,VASTB.BR,2012-03-31,2012-03-31,Q1,5489000.0,48000.0,5441000.0,0.9912552377482238,0.0,926000.0,0.0,0.0,-3318000.0,-2344000.0,0.0,0.0,8305000.0,1.5130260521042085,7833000.0,1.1016578611768992,0.0,6047000.0,1.1016578611768992,10000.0,6037000.0,1.0998360357077792,1.19,1.19,5078525.0,5078525.0,,
0,2011-12-31,VASTB.BR,2011-12-31,2011-12-31,Q4,5344000.0,0.0,0.0,0.0,0.0,2336000.0,0.0,0.0,-5775000.0,-5027000.0,1357000.0,0.0,9789000.0,1.8317739520958083,10371000,1.5778443113772456,0.0,8432000.0,1.5778443113772456,9000.0,8423000.0,1.5761601796407185,1.6585524340236584,1.6585524340236584,5078525.0,5078525.0,,
0,2011-09-30,VASTB.BR,2011-09-30,2011-09-30,Q3,5328000.0,1515000.0,3813000.0,0.7156531531531531,0.0,-839000.0,0.0,0.0,-4259000.0,-3583000.0,1346000.0,0.0,8607000.0,1.615427927927928,8911000.0,1.3628003003003002,0.0,7261000.0,1.3628003003003002,9000.0,7252000.0,1.3611111111111112,1.4279736734583368,1.4279736734583368,5078525.0,5078525.0,,
0,2011-06-30,VASTB.BR,2011-06-30,2011-06-30,Q2,5320000.0,-475000.0,5795000.0,1.0892857142857142,0.0,1342000.0,0.0,0.0,0.0,-1000000.0,1313000.0,0.0,6288000.0,1.1819548872180452,6320000.0,0.9351503759398496,0.0,4975000.0,0.9351503759398496,8000.0,4967000.0,0.9336466165413534,0.9780398836276281,0.9780398836276281,5078525.0,5078525.0,,
0,2011-03-31,VASTB.BR,2011-03-31,2011-03-31,Q1,5254000.0,548000.0,4706000.0,0.8956985154168253,0.0,290000.0,0.0,0.0,0.0,-10837000,1236000.0,0.0,16909000,3.2183098591549295,16091000,2.9830605253140465,0.0,15673000,2.9830605253140465,7000.0,15666000,2.98172820708032,3.08,3.08,5086364.0,5086364.0,,
0,2010-12-31,VASTB.BR,2010-12-31,2010-12-31,Q4,5198000.0,0.0,0.0,0.0,0.0,2318000.0,0.0,0.0,-340000.0,325000.0,1264000.0,0.0,5246000.0,1.009234320892651,4873000.0,0.7660638707195075,0.0,3982000.0,0.7660638707195075,56000.0,3926000.0,0.755290496344748,0.7730591067288238,0.7730591067288238,5078525.0,5078525.0,,
0,2010-09-30,VASTB.BR,2010-09-30,2010-09-30,Q3,15780886,0.0,0.0,0.0,0.0,248000.0,0.0,0.0,-4689000.0,-2788000.0,3761487.0,0.0,17561589,1.1128392284184805,18568886,0.8744820791430848,0.0,13800102,0.8744820791430848,28000.0,13697177,0.8679599485098619,2.6970777932569003,2.6970777932569003,5078525.0,5078525.0,,
0,2010-06-30,VASTB.BR,,,Q2,0.0,0.0,0.0,0.0,0.0,-218000.0,0.0,0.0,-95000.0,-313000.0,-1288487.0,0.0,-5602589.0,0.0,334114.0,0.0,0.0,-4314102.0,0.0,75000.0,-4314177.0,0.0,-0.8494940952343446,-0.8494940952343446,5078525.0,5078525.0,,
0,2010-03-31,VASTB.BR,,,Q1,0.0,0.0,0.0,0.0,0.0,743000.0,0.0,0.0,84000.0,827000.0,1291000.0,0.0,5614000.0,0.0,-827000.0,0.0,0.0,4323000.0,0.0,0.0,4323000.0,0.0,0.851231,0.851231,5078525.0,5078525.0,,
0,2009-06-30,VASTB.BR,,,Q2,0.0,0.0,0.0,0.0,0.0,-209000.0,0.0,0.0,-63000.0,-272000.0,-1307494.0,0.0,-5994794.0,0.0,292709.0,0.0,0.0,-4687300.0,0.0,-6000.0,-4687294.0,0.0,-0.9229636557858827,-0.9229636557858827,5078525.0,5078525.0,,
0,2009-03-31,VASTB.BR,,,Q1,0.0,0.0,0.0,0.0,0.0,762000.0,0.0,0.0,29000.0,791000.0,1310000.0,0.0,6002000.0,0.0,-791000.0,0.0,0.0,4692000.0,0.0,0.0,4692000.0,0.0,0.92389,0.92389,5078525.0,5078525.0,,
