,date,symbol,fillingDate,acceptedDate,period,revenue,costOfRevenue,grossProfit,grossProfitRatio,researchAndDevelopmentExpenses,generalAndAdministrativeExpenses,sellingAndMarketingExpenses,otherExpenses,operatingExpenses,costAndExpenses,interestExpense,depreciationAndAmortization,ebitda,ebitdaratio,operatingIncome,operatingIncomeRatio,totalOtherIncomeExpensesNet,incomeBeforeTax,incomeBeforeTaxRatio,incomeTaxExpense,netIncome,netIncomeRatio,eps,epsdiluted,weightedAverageShsOut,weightedAverageShsOutDil,link,finalLink
0,2019-09-31,ALDV.PA,,2019-09-31,Q3,227500.0,91500.0,136000.0,1.6727941176470589,0.0,166500.0,0.0,0.0,5500.0,335500.0,41750.0,29000.0,2615750.0,0.08697314345789926,-108000.0,-2.1064814814814814,0.0,2508750.0,0.09068261086198307,0.0,2453000.0,0.0927435792906645,0.018,0.018,135928119,135928119,https://www.infogreffe.com/recherche-entreprise-dirigeants/resultats-entreprise-dirigeants.html?ga_cat=globale&ga_q=A.L.D.V#phrase=A.L.D.V,https://www.infogreffe.com/recherche-entreprise-dirigeants/resultats-entreprise-dirigeants.html?ga_cat=globale&ga_q=A.L.D.V#phrase=A.L.D.V
0,2019-06-31,ALDV.PA,,2019-06-31,Q2,227500.0,91500.0,136000.0,1.6727941176470589,0.0,166500.0,0.0,0.0,5500.0,335500.0,41750.0,29000.0,2615750.0,0.08697314345789926,-108000.0,-2.1064814814814814,0.0,2508750.0,0.09068261086198307,0.0,2453000.0,0.0927435792906645,0.018,0.018,135928119,135928119,https://www.infogreffe.com/recherche-entreprise-dirigeants/resultats-entreprise-dirigeants.html?ga_cat=globale&ga_q=A.L.D.V#phrase=A.L.D.V,https://www.infogreffe.com/recherche-entreprise-dirigeants/resultats-entreprise-dirigeants.html?ga_cat=globale&ga_q=A.L.D.V#phrase=A.L.D.V
0,2019-03-31,ALDV.PA,,2019-03-31,Q1,227500.0,91500.0,136000.0,1.6727941176470589,0.0,166500.0,0.0,0.0,5500.0,335500.0,41750.0,29000.0,2615750.0,0.08697314345789926,-108000.0,-2.1064814814814814,0.0,2508750.0,0.09068261086198307,0.0,2453000.0,0.0927435792906645,0.018,0.018,135928119,135928119,https://www.infogreffe.com/recherche-entreprise-dirigeants/resultats-entreprise-dirigeants.html?ga_cat=globale&ga_q=A.L.D.V#phrase=A.L.D.V,https://www.infogreffe.com/recherche-entreprise-dirigeants/resultats-entreprise-dirigeants.html?ga_cat=globale&ga_q=A.L.D.V#phrase=A.L.D.V
0,2019-01-31,ALDV.PA,,2019-01-31,Q1,227500.0,91500.0,136000.0,1.6727941176470589,0.0,166500.0,0.0,0.0,5500.0,335500.0,41750.0,29000.0,2615750.0,0.08697314345789926,-108000.0,-2.1064814814814814,0.0,2508750.0,0.09068261086198307,0.0,2453000.0,0.0927435792906645,0.018,0.018,135928119,135928119,https://www.infogreffe.com/recherche-entreprise-dirigeants/resultats-entreprise-dirigeants.html?ga_cat=globale&ga_q=A.L.D.V#phrase=A.L.D.V,https://www.infogreffe.com/recherche-entreprise-dirigeants/resultats-entreprise-dirigeants.html?ga_cat=globale&ga_q=A.L.D.V#phrase=A.L.D.V
0,2018-09-31,ALDV.PA,,2018-09-31,Q3,225750.0,82500.0,143250.0,1.5759162303664922,0.0,136750.0,0.0,0.0,-281250.0,92250.0,39250.0,83000.0,244500.0,0.9233128834355828,133500.0,1.6910112359550562,0.0,44500.0,5.073033707865169,0.0,31250.0,7.224,0.00025,0.00025,135928119,135928119,https://www.infogreffe.com/recherche-entreprise-dirigeants/resultats-entreprise-dirigeants.html?ga_cat=globale&ga_q=A.L.D.V#phrase=A.L.D.V,https://www.infogreffe.com/recherche-entreprise-dirigeants/resultats-entreprise-dirigeants.html?ga_cat=globale&ga_q=A.L.D.V#phrase=A.L.D.V
0,2018-06-31,ALDV.PA,,2018-06-31,Q2,225750.0,82500.0,143250.0,1.5759162303664922,0.0,136750.0,0.0,0.0,-281250.0,92250.0,39250.0,83000.0,244500.0,0.9233128834355828,133500.0,1.6910112359550562,0.0,44500.0,5.073033707865169,0.0,31250.0,7.224,0.00025,0.00025,135928119,135928119,https://www.infogreffe.com/recherche-entreprise-dirigeants/resultats-entreprise-dirigeants.html?ga_cat=globale&ga_q=A.L.D.V#phrase=A.L.D.V,https://www.infogreffe.com/recherche-entreprise-dirigeants/resultats-entreprise-dirigeants.html?ga_cat=globale&ga_q=A.L.D.V#phrase=A.L.D.V
0,2018-03-31,ALDV.PA,,2018-03-31,Q1,225750.0,82500.0,143250.0,1.5759162303664922,0.0,136750.0,0.0,0.0,-281250.0,92250.0,39250.0,83000.0,244500.0,0.9233128834355828,133500.0,1.6910112359550562,0.0,44500.0,5.073033707865169,0.0,31250.0,7.224,0.00025,0.00025,135928119,135928119,https://www.infogreffe.com/recherche-entreprise-dirigeants/resultats-entreprise-dirigeants.html?ga_cat=globale&ga_q=A.L.D.V#phrase=A.L.D.V,https://www.infogreffe.com/recherche-entreprise-dirigeants/resultats-entreprise-dirigeants.html?ga_cat=globale&ga_q=A.L.D.V#phrase=A.L.D.V
0,2018-01-31,ALDV.PA,,2018-01-31,Q1,225750.0,82500.0,143250.0,1.5759162303664922,0.0,136750.0,0.0,0.0,-281250.0,92250.0,39250.0,83000.0,244500.0,0.9233128834355828,133500.0,1.6910112359550562,0.0,44500.0,5.073033707865169,0.0,31250.0,7.224,0.00025,0.00025,135928119,135928119,https://www.infogreffe.com/recherche-entreprise-dirigeants/resultats-entreprise-dirigeants.html?ga_cat=globale&ga_q=A.L.D.V#phrase=A.L.D.V,https://www.infogreffe.com/recherche-entreprise-dirigeants/resultats-entreprise-dirigeants.html?ga_cat=globale&ga_q=A.L.D.V#phrase=A.L.D.V
0,2017-09-31,ALDV.PA,,2017-09-31,Q3,216000.0,89000.0,127000.0,1.7007874015748032,0.0,160750.0,0.0,0.0,25250.0,725750.0,39750.0,373500.0,395250.0,0.5464895635673624,-509750.0,-0.42373712604217756,0.0,-18000.0,-12.0,0.0,-16500.0,-13.090909090909092,-0.000125,-0.000125,135928119,135928119,https://www.infogreffe.com/recherche-entreprise-dirigeants/resultats-entreprise-dirigeants.html?ga_cat=globale&ga_q=A.L.D.V#phrase=A.L.D.V,https://www.infogreffe.com/recherche-entreprise-dirigeants/resultats-entreprise-dirigeants.html?ga_cat=globale&ga_q=A.L.D.V#phrase=A.L.D.V
0,2017-06-31,ALDV.PA,,2017-06-31,Q2,216000.0,89000.0,127000.0,1.7007874015748032,0.0,160750.0,0.0,0.0,25250.0,725750.0,39750.0,373500.0,395250.0,0.5464895635673624,-509750.0,-0.42373712604217756,0.0,-18000.0,-12.0,0.0,-16500.0,-13.090909090909092,-0.000125,-0.000125,135928119,135928119,https://www.infogreffe.com/recherche-entreprise-dirigeants/resultats-entreprise-dirigeants.html?ga_cat=globale&ga_q=A.L.D.V#phrase=A.L.D.V,https://www.infogreffe.com/recherche-entreprise-dirigeants/resultats-entreprise-dirigeants.html?ga_cat=globale&ga_q=A.L.D.V#phrase=A.L.D.V
0,2017-03-31,ALDV.PA,,2017-03-31,Q1,216000.0,89000.0,127000.0,1.7007874015748032,0.0,160750.0,0.0,0.0,25250.0,725750.0,39750.0,373500.0,395250.0,0.5464895635673624,-509750.0,-0.42373712604217756,0.0,-18000.0,-12.0,0.0,-16500.0,-13.090909090909092,-0.000125,-0.000125,135928119,135928119,https://www.infogreffe.com/recherche-entreprise-dirigeants/resultats-entreprise-dirigeants.html?ga_cat=globale&ga_q=A.L.D.V#phrase=A.L.D.V,https://www.infogreffe.com/recherche-entreprise-dirigeants/resultats-entreprise-dirigeants.html?ga_cat=globale&ga_q=A.L.D.V#phrase=A.L.D.V
0,2017-01-31,ALDV.PA,,2017-01-31,Q1,216000.0,89000.0,127000.0,1.7007874015748032,0.0,160750.0,0.0,0.0,25250.0,725750.0,39750.0,373500.0,395250.0,0.5464895635673624,-509750.0,-0.42373712604217756,0.0,-18000.0,-12.0,0.0,-16500.0,-13.090909090909092,-0.000125,-0.000125,135928119,135928119,https://www.infogreffe.com/recherche-entreprise-dirigeants/resultats-entreprise-dirigeants.html?ga_cat=globale&ga_q=A.L.D.V#phrase=A.L.D.V,https://www.infogreffe.com/recherche-entreprise-dirigeants/resultats-entreprise-dirigeants.html?ga_cat=globale&ga_q=A.L.D.V#phrase=A.L.D.V
0,2016-09-31,ALDV.PA,,2016-09-31,Q3,212250.0,81000.0,131250.0,1.6171428571428572,0.0,0.0,0.0,0.0,181000.0,875500.0,7500.0,529750.0,74000.0,2.8682432432432434,-663250.0,-0.32001507727101397,0.0,-463250.0,-0.4581759309228278,0.0,-467750.0,-0.4537680384820951,-0.0035,-0.0035,135928119,135928119,https://www.infogreffe.com/recherche-entreprise-dirigeants/resultats-entreprise-dirigeants.html?ga_cat=globale&ga_q=A.L.D.V#phrase=A.L.D.V,https://www.infogreffe.com/recherche-entreprise-dirigeants/resultats-entreprise-dirigeants.html?ga_cat=globale&ga_q=A.L.D.V#phrase=A.L.D.V
0,2016-06-31,ALDV.PA,,2016-06-31,Q2,212250.0,81000.0,131250.0,1.6171428571428572,0.0,0.0,0.0,0.0,181000.0,875500.0,7500.0,529750.0,74000.0,2.8682432432432434,-663250.0,-0.32001507727101397,0.0,-463250.0,-0.4581759309228278,0.0,-467750.0,-0.4537680384820951,-0.0035,-0.0035,135928119,135928119,https://www.infogreffe.com/recherche-entreprise-dirigeants/resultats-entreprise-dirigeants.html?ga_cat=globale&ga_q=A.L.D.V#phrase=A.L.D.V,https://www.infogreffe.com/recherche-entreprise-dirigeants/resultats-entreprise-dirigeants.html?ga_cat=globale&ga_q=A.L.D.V#phrase=A.L.D.V
0,2016-03-31,ALDV.PA,,2016-03-31,Q1,212250.0,81000.0,131250.0,1.6171428571428572,0.0,0.0,0.0,0.0,181000.0,875500.0,7500.0,529750.0,74000.0,2.8682432432432434,-663250.0,-0.32001507727101397,0.0,-463250.0,-0.4581759309228278,0.0,-467750.0,-0.4537680384820951,-0.0035,-0.0035,135928119,135928119,https://www.infogreffe.com/recherche-entreprise-dirigeants/resultats-entreprise-dirigeants.html?ga_cat=globale&ga_q=A.L.D.V#phrase=A.L.D.V,https://www.infogreffe.com/recherche-entreprise-dirigeants/resultats-entreprise-dirigeants.html?ga_cat=globale&ga_q=A.L.D.V#phrase=A.L.D.V
0,2016-01-31,ALDV.PA,,2016-01-31,Q1,212250.0,81000.0,131250.0,1.6171428571428572,0.0,0.0,0.0,0.0,181000.0,875500.0,7500.0,529750.0,74000.0,2.8682432432432434,-663250.0,-0.32001507727101397,0.0,-463250.0,-0.4581759309228278,0.0,-467750.0,-0.4537680384820951,-0.0035,-0.0035,135928119,135928119,https://www.infogreffe.com/recherche-entreprise-dirigeants/resultats-entreprise-dirigeants.html?ga_cat=globale&ga_q=A.L.D.V#phrase=A.L.D.V,https://www.infogreffe.com/recherche-entreprise-dirigeants/resultats-entreprise-dirigeants.html?ga_cat=globale&ga_q=A.L.D.V#phrase=A.L.D.V
0,2015-09-31,ALDV.PA,,2015-09-31,Q3,231250.0,93250.0,138000.0,1.6757246376811594,0.0,173750.0,0.0,0.0,31250.0,646750.0,28250.0,436250.0,1505750.0,0.15357795118711606,-415500.0,-0.5565583634175691,0.0,1046500.0,0.22097467749641664,223500.0,859500.0,0.26905177428737637,0.00625,0.00625,135928119,135928119,https://www.infogreffe.com/recherche-entreprise-dirigeants/resultats-entreprise-dirigeants.html?ga_cat=globale&ga_q=A.L.D.V#phrase=A.L.D.V,https://www.infogreffe.com/recherche-entreprise-dirigeants/resultats-entreprise-dirigeants.html?ga_cat=globale&ga_q=A.L.D.V#phrase=A.L.D.V
0,2015-06-31,ALDV.PA,,2015-06-31,Q2,231250.0,93250.0,138000.0,1.6757246376811594,0.0,173750.0,0.0,0.0,31250.0,646750.0,28250.0,436250.0,1505750.0,0.15357795118711606,-415500.0,-0.5565583634175691,0.0,1046500.0,0.22097467749641664,223500.0,859500.0,0.26905177428737637,0.00625,0.00625,135928119,135928119,https://www.infogreffe.com/recherche-entreprise-dirigeants/resultats-entreprise-dirigeants.html?ga_cat=globale&ga_q=A.L.D.V#phrase=A.L.D.V,https://www.infogreffe.com/recherche-entreprise-dirigeants/resultats-entreprise-dirigeants.html?ga_cat=globale&ga_q=A.L.D.V#phrase=A.L.D.V
0,2015-03-31,ALDV.PA,,2015-03-31,Q1,231250.0,93250.0,138000.0,1.6757246376811594,0.0,173750.0,0.0,0.0,31250.0,646750.0,28250.0,436250.0,1505750.0,0.15357795118711606,-415500.0,-0.5565583634175691,0.0,1046500.0,0.22097467749641664,223500.0,859500.0,0.26905177428737637,0.00625,0.00625,135928119,135928119,https://www.infogreffe.com/recherche-entreprise-dirigeants/resultats-entreprise-dirigeants.html?ga_cat=globale&ga_q=A.L.D.V#phrase=A.L.D.V,https://www.infogreffe.com/recherche-entreprise-dirigeants/resultats-entreprise-dirigeants.html?ga_cat=globale&ga_q=A.L.D.V#phrase=A.L.D.V
0,2015-01-31,ALDV.PA,,2015-01-31,Q1,231250.0,93250.0,138000.0,1.6757246376811594,0.0,173750.0,0.0,0.0,31250.0,646750.0,28250.0,436250.0,1505750.0,0.15357795118711606,-415500.0,-0.5565583634175691,0.0,1046500.0,0.22097467749641664,223500.0,859500.0,0.26905177428737637,0.00625,0.00625,135928119,135928119,https://www.infogreffe.com/recherche-entreprise-dirigeants/resultats-entreprise-dirigeants.html?ga_cat=globale&ga_q=A.L.D.V#phrase=A.L.D.V,https://www.infogreffe.com/recherche-entreprise-dirigeants/resultats-entreprise-dirigeants.html?ga_cat=globale&ga_q=A.L.D.V#phrase=A.L.D.V
0,2014-09-31,ALDV.PA,,2014-09-31,Q3,313750.0,128250.0,185750.0,1.6890982503364738,0.0,0.0,0.0,0.0,262250.0,2126250.0,0.0,1654750.0,-253000.0,-1.2401185770750989,-1812500.0,-0.17310344827586208,0.0,267500.0,1.1728971962616823,114750.0,142000.0,2.209507042253521,0.001,0.001,135917884,135917884,https://www.infogreffe.com/recherche-entreprise-dirigeants/resultats-entreprise-dirigeants.html?ga_cat=globale&ga_q=A.L.D.V#phrase=A.L.D.V,https://www.infogreffe.com/recherche-entreprise-dirigeants/resultats-entreprise-dirigeants.html?ga_cat=globale&ga_q=A.L.D.V#phrase=A.L.D.V
0,2014-06-31,ALDV.PA,,2014-06-31,Q2,313750.0,128250.0,185750.0,1.6890982503364738,0.0,0.0,0.0,0.0,262250.0,2126250.0,0.0,1654750.0,-253000.0,-1.2401185770750989,-1812500.0,-0.17310344827586208,0.0,267500.0,1.1728971962616823,114750.0,142000.0,2.209507042253521,0.001,0.001,135917884,135917884,https://www.infogreffe.com/recherche-entreprise-dirigeants/resultats-entreprise-dirigeants.html?ga_cat=globale&ga_q=A.L.D.V#phrase=A.L.D.V,https://www.infogreffe.com/recherche-entreprise-dirigeants/resultats-entreprise-dirigeants.html?ga_cat=globale&ga_q=A.L.D.V#phrase=A.L.D.V
0,2014-03-31,ALDV.PA,,2014-03-31,Q1,313750.0,128250.0,185750.0,1.6890982503364738,0.0,0.0,0.0,0.0,262250.0,2126250.0,0.0,1654750.0,-253000.0,-1.2401185770750989,-1812500.0,-0.17310344827586208,0.0,267500.0,1.1728971962616823,114750.0,142000.0,2.209507042253521,0.001,0.001,135917884,135917884,https://www.infogreffe.com/recherche-entreprise-dirigeants/resultats-entreprise-dirigeants.html?ga_cat=globale&ga_q=A.L.D.V#phrase=A.L.D.V,https://www.infogreffe.com/recherche-entreprise-dirigeants/resultats-entreprise-dirigeants.html?ga_cat=globale&ga_q=A.L.D.V#phrase=A.L.D.V
0,2014-01-31,ALDV.PA,,2014-01-31,Q1,313750.0,128250.0,185750.0,1.6890982503364738,0.0,0.0,0.0,0.0,262250.0,2126250.0,0.0,1654750.0,-253000.0,-1.2401185770750989,-1812500.0,-0.17310344827586208,0.0,267500.0,1.1728971962616823,114750.0,142000.0,2.209507042253521,0.001,0.001,135917884,135917884,https://www.infogreffe.com/recherche-entreprise-dirigeants/resultats-entreprise-dirigeants.html?ga_cat=globale&ga_q=A.L.D.V#phrase=A.L.D.V,https://www.infogreffe.com/recherche-entreprise-dirigeants/resultats-entreprise-dirigeants.html?ga_cat=globale&ga_q=A.L.D.V#phrase=A.L.D.V
0,2013-09-31,ALDV.PA,,2013-09-31,Q3,308000.0,114250.0,193750.0,1.5896774193548386,0.0,0.0,0.0,0.0,237500.0,598000.0,40750.0,177500.0,-161250.0,-1.910077519379845,-290000.0,-1.0620689655172413,0.0,-379500.0,-0.8115942028985508,0.0,-396750.0,-0.7763074984247007,-0.003,-0.003,135916371,135916371,https://www.infogreffe.com/recherche-entreprise-dirigeants/resultats-entreprise-dirigeants.html?ga_cat=globale&ga_q=A.L.D.V#phrase=A.L.D.V,https://www.infogreffe.com/recherche-entreprise-dirigeants/resultats-entreprise-dirigeants.html?ga_cat=globale&ga_q=A.L.D.V#phrase=A.L.D.V
0,2013-06-31,ALDV.PA,,2013-06-31,Q2,308000.0,114250.0,193750.0,1.5896774193548386,0.0,0.0,0.0,0.0,237500.0,598000.0,40750.0,177500.0,-161250.0,-1.910077519379845,-290000.0,-1.0620689655172413,0.0,-379500.0,-0.8115942028985508,0.0,-396750.0,-0.7763074984247007,-0.003,-0.003,135916371,135916371,https://www.infogreffe.com/recherche-entreprise-dirigeants/resultats-entreprise-dirigeants.html?ga_cat=globale&ga_q=A.L.D.V#phrase=A.L.D.V,https://www.infogreffe.com/recherche-entreprise-dirigeants/resultats-entreprise-dirigeants.html?ga_cat=globale&ga_q=A.L.D.V#phrase=A.L.D.V
0,2013-03-31,ALDV.PA,,2013-03-31,Q1,308000.0,114250.0,193750.0,1.5896774193548386,0.0,0.0,0.0,0.0,237500.0,598000.0,40750.0,177500.0,-161250.0,-1.910077519379845,-290000.0,-1.0620689655172413,0.0,-379500.0,-0.8115942028985508,0.0,-396750.0,-0.7763074984247007,-0.003,-0.003,135916371,135916371,https://www.infogreffe.com/recherche-entreprise-dirigeants/resultats-entreprise-dirigeants.html?ga_cat=globale&ga_q=A.L.D.V#phrase=A.L.D.V,https://www.infogreffe.com/recherche-entreprise-dirigeants/resultats-entreprise-dirigeants.html?ga_cat=globale&ga_q=A.L.D.V#phrase=A.L.D.V
0,2013-01-31,ALDV.PA,,2013-01-31,Q1,308000.0,114250.0,193750.0,1.5896774193548386,0.0,0.0,0.0,0.0,237500.0,598000.0,40750.0,177500.0,-161250.0,-1.910077519379845,-290000.0,-1.0620689655172413,0.0,-379500.0,-0.8115942028985508,0.0,-396750.0,-0.7763074984247007,-0.003,-0.003,135916371,135916371,https://www.infogreffe.com/recherche-entreprise-dirigeants/resultats-entreprise-dirigeants.html?ga_cat=globale&ga_q=A.L.D.V#phrase=A.L.D.V,https://www.infogreffe.com/recherche-entreprise-dirigeants/resultats-entreprise-dirigeants.html?ga_cat=globale&ga_q=A.L.D.V#phrase=A.L.D.V
0,2012-09-31,ALDV.PA,,2012-09-31,Q3,306500.0,136750.0,169750.0,1.8055964653902798,0.0,0.0,0.0,0.0,215250.0,568750.0,0.0,151000.0,-111250.0,-2.755056179775281,-262250.0,-1.1687321258341277,0.0,-465750.0,-0.6580783682232958,0.0,-535000.0,-0.5728971962616822,-0.004,-0.004,135916170,135916170,https://www.infogreffe.com/recherche-entreprise-dirigeants/resultats-entreprise-dirigeants.html?ga_cat=globale&ga_q=A.L.D.V#phrase=A.L.D.V,https://www.infogreffe.com/recherche-entreprise-dirigeants/resultats-entreprise-dirigeants.html?ga_cat=globale&ga_q=A.L.D.V#phrase=A.L.D.V
0,2012-06-31,ALDV.PA,,2012-06-31,Q2,306500.0,136750.0,169750.0,1.8055964653902798,0.0,0.0,0.0,0.0,215250.0,568750.0,0.0,151000.0,-111250.0,-2.755056179775281,-262250.0,-1.1687321258341277,0.0,-465750.0,-0.6580783682232958,0.0,-535000.0,-0.5728971962616822,-0.004,-0.004,135916170,135916170,https://www.infogreffe.com/recherche-entreprise-dirigeants/resultats-entreprise-dirigeants.html?ga_cat=globale&ga_q=A.L.D.V#phrase=A.L.D.V,https://www.infogreffe.com/recherche-entreprise-dirigeants/resultats-entreprise-dirigeants.html?ga_cat=globale&ga_q=A.L.D.V#phrase=A.L.D.V
0,2012-03-31,ALDV.PA,,2012-03-31,Q1,306500.0,136750.0,169750.0,1.8055964653902798,0.0,0.0,0.0,0.0,215250.0,568750.0,0.0,151000.0,-111250.0,-2.755056179775281,-262250.0,-1.1687321258341277,0.0,-465750.0,-0.6580783682232958,0.0,-535000.0,-0.5728971962616822,-0.004,-0.004,135916170,135916170,https://www.infogreffe.com/recherche-entreprise-dirigeants/resultats-entreprise-dirigeants.html?ga_cat=globale&ga_q=A.L.D.V#phrase=A.L.D.V,https://www.infogreffe.com/recherche-entreprise-dirigeants/resultats-entreprise-dirigeants.html?ga_cat=globale&ga_q=A.L.D.V#phrase=A.L.D.V
0,2012-01-31,ALDV.PA,,2012-01-31,Q1,306500.0,136750.0,169750.0,1.8055964653902798,0.0,0.0,0.0,0.0,215250.0,568750.0,0.0,151000.0,-111250.0,-2.755056179775281,-262250.0,-1.1687321258341277,0.0,-465750.0,-0.6580783682232958,0.0,-535000.0,-0.5728971962616822,-0.004,-0.004,135916170,135916170,https://www.infogreffe.com/recherche-entreprise-dirigeants/resultats-entreprise-dirigeants.html?ga_cat=globale&ga_q=A.L.D.V#phrase=A.L.D.V,https://www.infogreffe.com/recherche-entreprise-dirigeants/resultats-entreprise-dirigeants.html?ga_cat=globale&ga_q=A.L.D.V#phrase=A.L.D.V
0,2011-09-31,ALDV.PA,,2011-09-31,Q3,212500.0,0.0,0.0,0.0,0.0,0.0,0.0,18250.0,-68250.0,119500.0,77250.0,113500.0,-83500.0,-2.5449101796407185,93000.0,2.28494623655914,0.0,-188500.0,-1.1273209549071619,0.0,-188500.0,-1.1273209549071619,-0.0025,-0.0025,108379531,108379531,https://www.infogreffe.com/recherche-entreprise-dirigeants/resultats-entreprise-dirigeants.html?ga_cat=globale&ga_q=A.L.D.V#phrase=A.L.D.V,https://www.infogreffe.com/recherche-entreprise-dirigeants/resultats-entreprise-dirigeants.html?ga_cat=globale&ga_q=A.L.D.V#phrase=A.L.D.V
0,2011-06-31,ALDV.PA,,2011-06-31,Q2,212500.0,0.0,0.0,0.0,0.0,0.0,0.0,18250.0,-68250.0,119500.0,77250.0,113500.0,-83500.0,-2.5449101796407185,93000.0,2.28494623655914,0.0,-188500.0,-1.1273209549071619,0.0,-188500.0,-1.1273209549071619,-0.0025,-0.0025,108379531,108379531,https://www.infogreffe.com/recherche-entreprise-dirigeants/resultats-entreprise-dirigeants.html?ga_cat=globale&ga_q=A.L.D.V#phrase=A.L.D.V,https://www.infogreffe.com/recherche-entreprise-dirigeants/resultats-entreprise-dirigeants.html?ga_cat=globale&ga_q=A.L.D.V#phrase=A.L.D.V
0,2011-03-31,ALDV.PA,,2011-03-31,Q1,212500.0,0.0,0.0,0.0,0.0,0.0,0.0,18250.0,-68250.0,119500.0,77250.0,113500.0,-83500.0,-2.5449101796407185,93000.0,2.28494623655914,0.0,-188500.0,-1.1273209549071619,0.0,-188500.0,-1.1273209549071619,-0.0025,-0.0025,108379531,108379531,https://www.infogreffe.com/recherche-entreprise-dirigeants/resultats-entreprise-dirigeants.html?ga_cat=globale&ga_q=A.L.D.V#phrase=A.L.D.V,https://www.infogreffe.com/recherche-entreprise-dirigeants/resultats-entreprise-dirigeants.html?ga_cat=globale&ga_q=A.L.D.V#phrase=A.L.D.V
0,2011-01-31,ALDV.PA,,2011-01-31,Q1,212500.0,0.0,0.0,0.0,0.0,0.0,0.0,18250.0,-68250.0,119500.0,77250.0,113500.0,-83500.0,-2.5449101796407185,93000.0,2.28494623655914,0.0,-188500.0,-1.1273209549071619,0.0,-188500.0,-1.1273209549071619,-0.0025,-0.0025,108379531,108379531,https://www.infogreffe.com/recherche-entreprise-dirigeants/resultats-entreprise-dirigeants.html?ga_cat=globale&ga_q=A.L.D.V#phrase=A.L.D.V,https://www.infogreffe.com/recherche-entreprise-dirigeants/resultats-entreprise-dirigeants.html?ga_cat=globale&ga_q=A.L.D.V#phrase=A.L.D.V
0,2010-09-31,ALDV.PA,,2010-09-31,Q3,-60250.0,0.0,0.0,0.0,0.0,0.0,0.0,-19750.0,347250.0,455250.0,69000.0,35000.0,-602000.0,0.10008305647840532,-515500.0,0.11687681862269642,0.0,-484500.0,0.12435500515995872,0.0,-484500.0,0.12435500515995872,-0.005,-0.005,85290570,85290570,https://www.infogreffe.com/recherche-entreprise-dirigeants/resultats-entreprise-dirigeants.html?ga_cat=globale&ga_q=A.L.D.V#phrase=A.L.D.V,https://www.infogreffe.com/recherche-entreprise-dirigeants/resultats-entreprise-dirigeants.html?ga_cat=globale&ga_q=A.L.D.V#phrase=A.L.D.V
0,2010-06-31,ALDV.PA,,2010-06-31,Q2,-60250.0,0.0,0.0,0.0,0.0,0.0,0.0,-19750.0,347250.0,455250.0,69000.0,35000.0,-602000.0,0.10008305647840532,-515500.0,0.11687681862269642,0.0,-484500.0,0.12435500515995872,0.0,-484500.0,0.12435500515995872,-0.005,-0.005,85290570,85290570,https://www.infogreffe.com/recherche-entreprise-dirigeants/resultats-entreprise-dirigeants.html?ga_cat=globale&ga_q=A.L.D.V#phrase=A.L.D.V,https://www.infogreffe.com/recherche-entreprise-dirigeants/resultats-entreprise-dirigeants.html?ga_cat=globale&ga_q=A.L.D.V#phrase=A.L.D.V
0,2010-03-31,ALDV.PA,,2010-03-31,Q1,-60250.0,0.0,0.0,0.0,0.0,0.0,0.0,-19750.0,347250.0,455250.0,69000.0,35000.0,-602000.0,0.10008305647840532,-515500.0,0.11687681862269642,0.0,-484500.0,0.12435500515995872,0.0,-484500.0,0.12435500515995872,-0.005,-0.005,85290570,85290570,https://www.infogreffe.com/recherche-entreprise-dirigeants/resultats-entreprise-dirigeants.html?ga_cat=globale&ga_q=A.L.D.V#phrase=A.L.D.V,https://www.infogreffe.com/recherche-entreprise-dirigeants/resultats-entreprise-dirigeants.html?ga_cat=globale&ga_q=A.L.D.V#phrase=A.L.D.V
0,2010-01-31,ALDV.PA,,2010-01-31,Q1,-60250.0,0.0,0.0,0.0,0.0,0.0,0.0,-19750.0,347250.0,455250.0,69000.0,35000.0,-602000.0,0.10008305647840532,-515500.0,0.11687681862269642,0.0,-484500.0,0.12435500515995872,0.0,-484500.0,0.12435500515995872,-0.005,-0.005,85290570,85290570,https://www.infogreffe.com/recherche-entreprise-dirigeants/resultats-entreprise-dirigeants.html?ga_cat=globale&ga_q=A.L.D.V#phrase=A.L.D.V,https://www.infogreffe.com/recherche-entreprise-dirigeants/resultats-entreprise-dirigeants.html?ga_cat=globale&ga_q=A.L.D.V#phrase=A.L.D.V
0,2009-09-31,ALDV.PA,,2009-09-31,Q3,528750.0,165250.0,363500.0,1.454607977991747,0.0,0.0,0.0,0.0,183750.0,1009000.0,130000.0,601500.0,713000.0,0.7415848527349228,-480250.0,-1.1009890681936492,0.0,-18500.0,-28.58108108108108,0.0,-18500.0,-28.58108108108108,-0.00025,-0.00025,66773446,66773446,https://www.infogreffe.com/recherche-entreprise-dirigeants/resultats-entreprise-dirigeants.html?ga_cat=globale&ga_q=A.L.D.V#phrase=A.L.D.V,https://www.infogreffe.com/recherche-entreprise-dirigeants/resultats-entreprise-dirigeants.html?ga_cat=globale&ga_q=A.L.D.V#phrase=A.L.D.V
0,2009-06-31,ALDV.PA,,2009-06-31,Q2,528750.0,165250.0,363500.0,1.454607977991747,0.0,0.0,0.0,0.0,183750.0,1009000.0,130000.0,601500.0,713000.0,0.7415848527349228,-480250.0,-1.1009890681936492,0.0,-18500.0,-28.58108108108108,0.0,-18500.0,-28.58108108108108,-0.00025,-0.00025,66773446,66773446,https://www.infogreffe.com/recherche-entreprise-dirigeants/resultats-entreprise-dirigeants.html?ga_cat=globale&ga_q=A.L.D.V#phrase=A.L.D.V,https://www.infogreffe.com/recherche-entreprise-dirigeants/resultats-entreprise-dirigeants.html?ga_cat=globale&ga_q=A.L.D.V#phrase=A.L.D.V
0,2009-03-31,ALDV.PA,,2009-03-31,Q1,528750.0,165250.0,363500.0,1.454607977991747,0.0,0.0,0.0,0.0,183750.0,1009000.0,130000.0,601500.0,713000.0,0.7415848527349228,-480250.0,-1.1009890681936492,0.0,-18500.0,-28.58108108108108,0.0,-18500.0,-28.58108108108108,-0.00025,-0.00025,66773446,66773446,https://www.infogreffe.com/recherche-entreprise-dirigeants/resultats-entreprise-dirigeants.html?ga_cat=globale&ga_q=A.L.D.V#phrase=A.L.D.V,https://www.infogreffe.com/recherche-entreprise-dirigeants/resultats-entreprise-dirigeants.html?ga_cat=globale&ga_q=A.L.D.V#phrase=A.L.D.V
0,2009-01-31,ALDV.PA,,2009-01-31,Q1,528750.0,165250.0,363500.0,1.454607977991747,0.0,0.0,0.0,0.0,183750.0,1009000.0,130000.0,601500.0,713000.0,0.7415848527349228,-480250.0,-1.1009890681936492,0.0,-18500.0,-28.58108108108108,0.0,-18500.0,-28.58108108108108,-0.00025,-0.00025,66773446,66773446,https://www.infogreffe.com/recherche-entreprise-dirigeants/resultats-entreprise-dirigeants.html?ga_cat=globale&ga_q=A.L.D.V#phrase=A.L.D.V,https://www.infogreffe.com/recherche-entreprise-dirigeants/resultats-entreprise-dirigeants.html?ga_cat=globale&ga_q=A.L.D.V#phrase=A.L.D.V
0,2008-09-31,ALDV.PA,,2008-09-31,Q3,619750.0,169250.0,450500.0,1.3756936736958933,0.0,0.0,0.0,0.0,156750.0,378750.0,344000.0,3250.0,327000.0,1.8952599388379205,241000.0,2.5715767634854774,0.0,-767500.0,-0.8074918566775244,-52250.0,-715250.0,-0.8664802516602587,-0.01075,-0.01075,65236444,65236444,https://www.infogreffe.com/recherche-entreprise-dirigeants/resultats-entreprise-dirigeants.html?ga_cat=globale&ga_q=A.L.D.V#phrase=A.L.D.V,https://www.infogreffe.com/recherche-entreprise-dirigeants/resultats-entreprise-dirigeants.html?ga_cat=globale&ga_q=A.L.D.V#phrase=A.L.D.V
0,2008-06-31,ALDV.PA,,2008-06-31,Q2,619750.0,169250.0,450500.0,1.3756936736958933,0.0,0.0,0.0,0.0,156750.0,378750.0,344000.0,3250.0,327000.0,1.8952599388379205,241000.0,2.5715767634854774,0.0,-767500.0,-0.8074918566775244,-52250.0,-715250.0,-0.8664802516602587,-0.01075,-0.01075,65236444,65236444,https://www.infogreffe.com/recherche-entreprise-dirigeants/resultats-entreprise-dirigeants.html?ga_cat=globale&ga_q=A.L.D.V#phrase=A.L.D.V,https://www.infogreffe.com/recherche-entreprise-dirigeants/resultats-entreprise-dirigeants.html?ga_cat=globale&ga_q=A.L.D.V#phrase=A.L.D.V
0,2008-03-31,ALDV.PA,,2008-03-31,Q1,619750.0,169250.0,450500.0,1.3756936736958933,0.0,0.0,0.0,0.0,156750.0,378750.0,344000.0,3250.0,327000.0,1.8952599388379205,241000.0,2.5715767634854774,0.0,-767500.0,-0.8074918566775244,-52250.0,-715250.0,-0.8664802516602587,-0.01075,-0.01075,65236444,65236444,https://www.infogreffe.com/recherche-entreprise-dirigeants/resultats-entreprise-dirigeants.html?ga_cat=globale&ga_q=A.L.D.V#phrase=A.L.D.V,https://www.infogreffe.com/recherche-entreprise-dirigeants/resultats-entreprise-dirigeants.html?ga_cat=globale&ga_q=A.L.D.V#phrase=A.L.D.V
0,2008-01-31,ALDV.PA,,2008-01-31,Q1,619750.0,169250.0,450500.0,1.3756936736958933,0.0,0.0,0.0,0.0,156750.0,378750.0,344000.0,3250.0,327000.0,1.8952599388379205,241000.0,2.5715767634854774,0.0,-767500.0,-0.8074918566775244,-52250.0,-715250.0,-0.8664802516602587,-0.01075,-0.01075,65236444,65236444,https://www.infogreffe.com/recherche-entreprise-dirigeants/resultats-entreprise-dirigeants.html?ga_cat=globale&ga_q=A.L.D.V#phrase=A.L.D.V,https://www.infogreffe.com/recherche-entreprise-dirigeants/resultats-entreprise-dirigeants.html?ga_cat=globale&ga_q=A.L.D.V#phrase=A.L.D.V
