,date,symbol,fillingDate,acceptedDate,period,revenue,costOfRevenue,grossProfit,grossProfitRatio,researchAndDevelopmentExpenses,generalAndAdministrativeExpenses,sellingAndMarketingExpenses,otherExpenses,operatingExpenses,costAndExpenses,interestExpense,depreciationAndAmortization,ebitda,ebitdaratio,operatingIncome,operatingIncomeRatio,totalOtherIncomeExpensesNet,incomeBeforeTax,incomeBeforeTaxRatio,incomeTaxExpense,netIncome,netIncomeRatio,eps,epsdiluted,weightedAverageShsOut,weightedAverageShsOutDil,link,finalLink
0,2019-09-31,COVH.PA,,2019-09-31,Q3,119432750,47110750,72322000,1.6514027543486076,156000.0,0.0,0.0,-3738750.0,-2658750.0,55179250,17003500,10571250,138618750,0.8615915956535461,64253500,1.8587742301975767,0.0,101762250,1.1736449420094386,3756750.0,88065500,1.356180910799348,0.7325,0.7325,120283966,120283966,https://www.infogreffe.com/recherche-entreprise-dirigeants/resultats-entreprise-dirigeants.html?ga_cat=globale&ga_q=C.O.V.H#phrase=C.O.V.H,https://www.infogreffe.com/recherche-entreprise-dirigeants/resultats-entreprise-dirigeants.html?ga_cat=globale&ga_q=C.O.V.H#phrase=C.O.V.H
0,2019-06-31,COVH.PA,,2019-06-31,Q2,119432750,47110750,72322000,1.6514027543486076,156000.0,0.0,0.0,-3738750.0,-2658750.0,55179250,17003500,10571250,138618750,0.8615915956535461,64253500,1.8587742301975767,0.0,101762250,1.1736449420094386,3756750.0,88065500,1.356180910799348,0.7325,0.7325,120283966,120283966,https://www.infogreffe.com/recherche-entreprise-dirigeants/resultats-entreprise-dirigeants.html?ga_cat=globale&ga_q=C.O.V.H#phrase=C.O.V.H,https://www.infogreffe.com/recherche-entreprise-dirigeants/resultats-entreprise-dirigeants.html?ga_cat=globale&ga_q=C.O.V.H#phrase=C.O.V.H
0,2019-03-31,COVH.PA,,2019-03-31,Q1,119432750,47110750,72322000,1.6514027543486076,156000.0,0.0,0.0,-3738750.0,-2658750.0,55179250,17003500,10571250,138618750,0.8615915956535461,64253500,1.8587742301975767,0.0,101762250,1.1736449420094386,3756750.0,88065500,1.356180910799348,0.7325,0.7325,120283966,120283966,https://www.infogreffe.com/recherche-entreprise-dirigeants/resultats-entreprise-dirigeants.html?ga_cat=globale&ga_q=C.O.V.H#phrase=C.O.V.H,https://www.infogreffe.com/recherche-entreprise-dirigeants/resultats-entreprise-dirigeants.html?ga_cat=globale&ga_q=C.O.V.H#phrase=C.O.V.H
0,2019-01-31,COVH.PA,,2019-01-31,Q1,119432750,47110750,72322000,1.6514027543486076,156000.0,0.0,0.0,-3738750.0,-2658750.0,55179250,17003500,10571250,138618750,0.8615915956535461,64253500,1.8587742301975767,0.0,101762250,1.1736449420094386,3756750.0,88065500,1.356180910799348,0.7325,0.7325,120283966,120283966,https://www.infogreffe.com/recherche-entreprise-dirigeants/resultats-entreprise-dirigeants.html?ga_cat=globale&ga_q=C.O.V.H#phrase=C.O.V.H,https://www.infogreffe.com/recherche-entreprise-dirigeants/resultats-entreprise-dirigeants.html?ga_cat=globale&ga_q=C.O.V.H#phrase=C.O.V.H
0,2018-09-31,COVH.PA,,2018-09-31,Q3,120856000,50952500,69903500,1.7288976946790933,23000.0,0.0,0.0,-37296750,-1516750.0,60542750,13282250,11084000,94523750,1.2785781351247703,60313250,2.003805134029421,0.0,60958750,1.9825865851908053,4163750.0,48500500,2.4918505994783557,0.435,0.435,111311529,111311529,https://www.infogreffe.com/recherche-entreprise-dirigeants/resultats-entreprise-dirigeants.html?ga_cat=globale&ga_q=C.O.V.H#phrase=C.O.V.H,https://www.infogreffe.com/recherche-entreprise-dirigeants/resultats-entreprise-dirigeants.html?ga_cat=globale&ga_q=C.O.V.H#phrase=C.O.V.H
0,2018-06-31,COVH.PA,,2018-06-31,Q2,120856000,50952500,69903500,1.7288976946790933,23000.0,0.0,0.0,-37296750,-1516750.0,60542750,13282250,11084000,94523750,1.2785781351247703,60313250,2.003805134029421,0.0,60958750,1.9825865851908053,4163750.0,48500500,2.4918505994783557,0.435,0.435,111311529,111311529,https://www.infogreffe.com/recherche-entreprise-dirigeants/resultats-entreprise-dirigeants.html?ga_cat=globale&ga_q=C.O.V.H#phrase=C.O.V.H,https://www.infogreffe.com/recherche-entreprise-dirigeants/resultats-entreprise-dirigeants.html?ga_cat=globale&ga_q=C.O.V.H#phrase=C.O.V.H
0,2018-03-31,COVH.PA,,2018-03-31,Q1,120856000,50952500,69903500,1.7288976946790933,23000.0,0.0,0.0,-37296750,-1516750.0,60542750,13282250,11084000,94523750,1.2785781351247703,60313250,2.003805134029421,0.0,60958750,1.9825865851908053,4163750.0,48500500,2.4918505994783557,0.435,0.435,111311529,111311529,https://www.infogreffe.com/recherche-entreprise-dirigeants/resultats-entreprise-dirigeants.html?ga_cat=globale&ga_q=C.O.V.H#phrase=C.O.V.H,https://www.infogreffe.com/recherche-entreprise-dirigeants/resultats-entreprise-dirigeants.html?ga_cat=globale&ga_q=C.O.V.H#phrase=C.O.V.H
0,2018-01-31,COVH.PA,,2018-01-31,Q1,120856000,50952500,69903500,1.7288976946790933,23000.0,0.0,0.0,-37296750,-1516750.0,60542750,13282250,11084000,94523750,1.2785781351247703,60313250,2.003805134029421,0.0,60958750,1.9825865851908053,4163750.0,48500500,2.4918505994783557,0.435,0.435,111311529,111311529,https://www.infogreffe.com/recherche-entreprise-dirigeants/resultats-entreprise-dirigeants.html?ga_cat=globale&ga_q=C.O.V.H#phrase=C.O.V.H,https://www.infogreffe.com/recherche-entreprise-dirigeants/resultats-entreprise-dirigeants.html?ga_cat=globale&ga_q=C.O.V.H#phrase=C.O.V.H
0,2017-09-31,COVH.PA,,2017-09-31,Q3,52220500,4451500.0,47769000,1.0931880508279428,2750.0,0.0,0.0,61750.0,1207000.0,5666000.0,5497000.0,4750.0,77085000,0.6774404877732373,46554500,1.1217068167416684,0.0,72005250,0.7252318407338354,1014250.0,63041250,0.8283544504590249,0.7175,0.7175,87813248,87813248,https://www.infogreffe.com/recherche-entreprise-dirigeants/resultats-entreprise-dirigeants.html?ga_cat=globale&ga_q=C.O.V.H#phrase=C.O.V.H,https://www.infogreffe.com/recherche-entreprise-dirigeants/resultats-entreprise-dirigeants.html?ga_cat=globale&ga_q=C.O.V.H#phrase=C.O.V.H
0,2017-06-31,COVH.PA,,2017-06-31,Q2,52220500,4451500.0,47769000,1.0931880508279428,2750.0,0.0,0.0,61750.0,1207000.0,5666000.0,5497000.0,4750.0,77085000,0.6774404877732373,46554500,1.1217068167416684,0.0,72005250,0.7252318407338354,1014250.0,63041250,0.8283544504590249,0.7175,0.7175,87813248,87813248,https://www.infogreffe.com/recherche-entreprise-dirigeants/resultats-entreprise-dirigeants.html?ga_cat=globale&ga_q=C.O.V.H#phrase=C.O.V.H,https://www.infogreffe.com/recherche-entreprise-dirigeants/resultats-entreprise-dirigeants.html?ga_cat=globale&ga_q=C.O.V.H#phrase=C.O.V.H
0,2017-03-31,COVH.PA,,2017-03-31,Q1,52220500,4451500.0,47769000,1.0931880508279428,2750.0,0.0,0.0,61750.0,1207000.0,5666000.0,5497000.0,4750.0,77085000,0.6774404877732373,46554500,1.1217068167416684,0.0,72005250,0.7252318407338354,1014250.0,63041250,0.8283544504590249,0.7175,0.7175,87813248,87813248,https://www.infogreffe.com/recherche-entreprise-dirigeants/resultats-entreprise-dirigeants.html?ga_cat=globale&ga_q=C.O.V.H#phrase=C.O.V.H,https://www.infogreffe.com/recherche-entreprise-dirigeants/resultats-entreprise-dirigeants.html?ga_cat=globale&ga_q=C.O.V.H#phrase=C.O.V.H
0,2017-01-31,COVH.PA,,2017-01-31,Q1,52220500,4451500.0,47769000,1.0931880508279428,2750.0,0.0,0.0,61750.0,1207000.0,5666000.0,5497000.0,4750.0,77085000,0.6774404877732373,46554500,1.1217068167416684,0.0,72005250,0.7252318407338354,1014250.0,63041250,0.8283544504590249,0.7175,0.7175,87813248,87813248,https://www.infogreffe.com/recherche-entreprise-dirigeants/resultats-entreprise-dirigeants.html?ga_cat=globale&ga_q=C.O.V.H#phrase=C.O.V.H,https://www.infogreffe.com/recherche-entreprise-dirigeants/resultats-entreprise-dirigeants.html?ga_cat=globale&ga_q=C.O.V.H#phrase=C.O.V.H
0,2016-09-31,COVH.PA,,2016-09-31,Q3,45213500,2731500.0,42482000,1.0642978202532838,39000.0,0.0,0.0,-38000.0,1491750.0,4266500.0,6990750.0,4250.0,52324000,0.8641063374359759,40947000,1.1041956675702738,0.0,37749250,1.197732405279575,5003500.0,47181000,0.9582988915029355,0.62096075,0.62096075,76076034,76076034,https://www.infogreffe.com/recherche-entreprise-dirigeants/resultats-entreprise-dirigeants.html?ga_cat=globale&ga_q=C.O.V.H#phrase=C.O.V.H,https://www.infogreffe.com/recherche-entreprise-dirigeants/resultats-entreprise-dirigeants.html?ga_cat=globale&ga_q=C.O.V.H#phrase=C.O.V.H
0,2016-06-31,COVH.PA,,2016-06-31,Q2,45213500,2731500.0,42482000,1.0642978202532838,39000.0,0.0,0.0,-38000.0,1491750.0,4266500.0,6990750.0,4250.0,52324000,0.8641063374359759,40947000,1.1041956675702738,0.0,37749250,1.197732405279575,5003500.0,47181000,0.9582988915029355,0.62096075,0.62096075,76076034,76076034,https://www.infogreffe.com/recherche-entreprise-dirigeants/resultats-entreprise-dirigeants.html?ga_cat=globale&ga_q=C.O.V.H#phrase=C.O.V.H,https://www.infogreffe.com/recherche-entreprise-dirigeants/resultats-entreprise-dirigeants.html?ga_cat=globale&ga_q=C.O.V.H#phrase=C.O.V.H
0,2016-03-31,COVH.PA,,2016-03-31,Q1,45213500,2731500.0,42482000,1.0642978202532838,39000.0,0.0,0.0,-38000.0,1491750.0,4266500.0,6990750.0,4250.0,52324000,0.8641063374359759,40947000,1.1041956675702738,0.0,37749250,1.197732405279575,5003500.0,47181000,0.9582988915029355,0.62096075,0.62096075,76076034,76076034,https://www.infogreffe.com/recherche-entreprise-dirigeants/resultats-entreprise-dirigeants.html?ga_cat=globale&ga_q=C.O.V.H#phrase=C.O.V.H,https://www.infogreffe.com/recherche-entreprise-dirigeants/resultats-entreprise-dirigeants.html?ga_cat=globale&ga_q=C.O.V.H#phrase=C.O.V.H
0,2016-01-31,COVH.PA,,2016-01-31,Q1,45213500,2731500.0,42482000,1.0642978202532838,39000.0,0.0,0.0,-38000.0,1491750.0,4266500.0,6990750.0,4250.0,52324000,0.8641063374359759,40947000,1.1041956675702738,0.0,37749250,1.197732405279575,5003500.0,47181000,0.9582988915029355,0.62096075,0.62096075,76076034,76076034,https://www.infogreffe.com/recherche-entreprise-dirigeants/resultats-entreprise-dirigeants.html?ga_cat=globale&ga_q=C.O.V.H#phrase=C.O.V.H,https://www.infogreffe.com/recherche-entreprise-dirigeants/resultats-entreprise-dirigeants.html?ga_cat=globale&ga_q=C.O.V.H#phrase=C.O.V.H
0,2015-09-31,COVH.PA,,2015-09-31,Q3,50891000,3076000.0,47815000,1.0643312767959845,126000.0,0.0,0.0,-495500.0,2140000.0,5313500.0,7848250.0,-28500.0,69751750,0.7296017662639288,45577500,1.1165816466458232,0.0,58668000,0.8674405127156201,2567250.0,51087000,0.9961634075205043,0.67209875,0.67209875,76075185,76075185,https://www.infogreffe.com/recherche-entreprise-dirigeants/resultats-entreprise-dirigeants.html?ga_cat=globale&ga_q=C.O.V.H#phrase=C.O.V.H,https://www.infogreffe.com/recherche-entreprise-dirigeants/resultats-entreprise-dirigeants.html?ga_cat=globale&ga_q=C.O.V.H#phrase=C.O.V.H
0,2015-06-31,COVH.PA,,2015-06-31,Q2,50891000,3076000.0,47815000,1.0643312767959845,126000.0,0.0,0.0,-495500.0,2140000.0,5313500.0,7848250.0,-28500.0,69751750,0.7296017662639288,45577500,1.1165816466458232,0.0,58668000,0.8674405127156201,2567250.0,51087000,0.9961634075205043,0.67209875,0.67209875,76075185,76075185,https://www.infogreffe.com/recherche-entreprise-dirigeants/resultats-entreprise-dirigeants.html?ga_cat=globale&ga_q=C.O.V.H#phrase=C.O.V.H,https://www.infogreffe.com/recherche-entreprise-dirigeants/resultats-entreprise-dirigeants.html?ga_cat=globale&ga_q=C.O.V.H#phrase=C.O.V.H
0,2015-03-31,COVH.PA,,2015-03-31,Q1,50891000,3076000.0,47815000,1.0643312767959845,126000.0,0.0,0.0,-495500.0,2140000.0,5313500.0,7848250.0,-28500.0,69751750,0.7296017662639288,45577500,1.1165816466458232,0.0,58668000,0.8674405127156201,2567250.0,51087000,0.9961634075205043,0.67209875,0.67209875,76075185,76075185,https://www.infogreffe.com/recherche-entreprise-dirigeants/resultats-entreprise-dirigeants.html?ga_cat=globale&ga_q=C.O.V.H#phrase=C.O.V.H,https://www.infogreffe.com/recherche-entreprise-dirigeants/resultats-entreprise-dirigeants.html?ga_cat=globale&ga_q=C.O.V.H#phrase=C.O.V.H
0,2015-01-31,COVH.PA,,2015-01-31,Q1,50891000,3076000.0,47815000,1.0643312767959845,126000.0,0.0,0.0,-495500.0,2140000.0,5313500.0,7848250.0,-28500.0,69751750,0.7296017662639288,45577500,1.1165816466458232,0.0,58668000,0.8674405127156201,2567250.0,51087000,0.9961634075205043,0.67209875,0.67209875,76075185,76075185,https://www.infogreffe.com/recherche-entreprise-dirigeants/resultats-entreprise-dirigeants.html?ga_cat=globale&ga_q=C.O.V.H#phrase=C.O.V.H,https://www.infogreffe.com/recherche-entreprise-dirigeants/resultats-entreprise-dirigeants.html?ga_cat=globale&ga_q=C.O.V.H#phrase=C.O.V.H
0,2014-09-31,COVH.PA,,2014-09-31,Q3,49014250,3075500.0,45938750,1.0669478381540638,27250.0,0.0,0.0,0.0,1571500.0,4679000.0,9068750.0,4750.0,58925000,0.8318073822655918,44335250,1.1055367907026576,0.0,29403500,1.666952913768769,2233500.0,24427250,2.0065398274468063,0.365271,0.365271,67073455,67073455,https://www.infogreffe.com/recherche-entreprise-dirigeants/resultats-entreprise-dirigeants.html?ga_cat=globale&ga_q=C.O.V.H#phrase=C.O.V.H,https://www.infogreffe.com/recherche-entreprise-dirigeants/resultats-entreprise-dirigeants.html?ga_cat=globale&ga_q=C.O.V.H#phrase=C.O.V.H
0,2014-06-31,COVH.PA,,2014-06-31,Q2,49014250,3075500.0,45938750,1.0669478381540638,27250.0,0.0,0.0,0.0,1571500.0,4679000.0,9068750.0,4750.0,58925000,0.8318073822655918,44335250,1.1055367907026576,0.0,29403500,1.666952913768769,2233500.0,24427250,2.0065398274468063,0.365271,0.365271,67073455,67073455,https://www.infogreffe.com/recherche-entreprise-dirigeants/resultats-entreprise-dirigeants.html?ga_cat=globale&ga_q=C.O.V.H#phrase=C.O.V.H,https://www.infogreffe.com/recherche-entreprise-dirigeants/resultats-entreprise-dirigeants.html?ga_cat=globale&ga_q=C.O.V.H#phrase=C.O.V.H
0,2014-03-31,COVH.PA,,2014-03-31,Q1,49014250,3075500.0,45938750,1.0669478381540638,27250.0,0.0,0.0,0.0,1571500.0,4679000.0,9068750.0,4750.0,58925000,0.8318073822655918,44335250,1.1055367907026576,0.0,29403500,1.666952913768769,2233500.0,24427250,2.0065398274468063,0.365271,0.365271,67073455,67073455,https://www.infogreffe.com/recherche-entreprise-dirigeants/resultats-entreprise-dirigeants.html?ga_cat=globale&ga_q=C.O.V.H#phrase=C.O.V.H,https://www.infogreffe.com/recherche-entreprise-dirigeants/resultats-entreprise-dirigeants.html?ga_cat=globale&ga_q=C.O.V.H#phrase=C.O.V.H
0,2014-01-31,COVH.PA,,2014-01-31,Q1,49014250,3075500.0,45938750,1.0669478381540638,27250.0,0.0,0.0,0.0,1571500.0,4679000.0,9068750.0,4750.0,58925000,0.8318073822655918,44335250,1.1055367907026576,0.0,29403500,1.666952913768769,2233500.0,24427250,2.0065398274468063,0.365271,0.365271,67073455,67073455,https://www.infogreffe.com/recherche-entreprise-dirigeants/resultats-entreprise-dirigeants.html?ga_cat=globale&ga_q=C.O.V.H#phrase=C.O.V.H,https://www.infogreffe.com/recherche-entreprise-dirigeants/resultats-entreprise-dirigeants.html?ga_cat=globale&ga_q=C.O.V.H#phrase=C.O.V.H
0,2013-09-31,COVH.PA,,2013-09-31,Q3,50993250,2901250.0,48092000,1.0603270814272645,46500.0,0.0,0.0,0.0,3635750.0,6583500.0,8541750.0,0.0,53543000,0.9523793959994771,44409750,1.1482444733420025,0.0,48392000,1.0537537196230782,1293750.0,43733250,1.1660064138841728,0.63557125,0.63557125,68707898,68707898,https://www.infogreffe.com/recherche-entreprise-dirigeants/resultats-entreprise-dirigeants.html?ga_cat=globale&ga_q=C.O.V.H#phrase=C.O.V.H,https://www.infogreffe.com/recherche-entreprise-dirigeants/resultats-entreprise-dirigeants.html?ga_cat=globale&ga_q=C.O.V.H#phrase=C.O.V.H
0,2013-06-31,COVH.PA,,2013-06-31,Q2,50993250,2901250.0,48092000,1.0603270814272645,46500.0,0.0,0.0,0.0,3635750.0,6583500.0,8541750.0,0.0,53543000,0.9523793959994771,44409750,1.1482444733420025,0.0,48392000,1.0537537196230782,1293750.0,43733250,1.1660064138841728,0.63557125,0.63557125,68707898,68707898,https://www.infogreffe.com/recherche-entreprise-dirigeants/resultats-entreprise-dirigeants.html?ga_cat=globale&ga_q=C.O.V.H#phrase=C.O.V.H,https://www.infogreffe.com/recherche-entreprise-dirigeants/resultats-entreprise-dirigeants.html?ga_cat=globale&ga_q=C.O.V.H#phrase=C.O.V.H
0,2013-03-31,COVH.PA,,2013-03-31,Q1,50993250,2901250.0,48092000,1.0603270814272645,46500.0,0.0,0.0,0.0,3635750.0,6583500.0,8541750.0,0.0,53543000,0.9523793959994771,44409750,1.1482444733420025,0.0,48392000,1.0537537196230782,1293750.0,43733250,1.1660064138841728,0.63557125,0.63557125,68707898,68707898,https://www.infogreffe.com/recherche-entreprise-dirigeants/resultats-entreprise-dirigeants.html?ga_cat=globale&ga_q=C.O.V.H#phrase=C.O.V.H,https://www.infogreffe.com/recherche-entreprise-dirigeants/resultats-entreprise-dirigeants.html?ga_cat=globale&ga_q=C.O.V.H#phrase=C.O.V.H
0,2013-01-31,COVH.PA,,2013-01-31,Q1,50993250,2901250.0,48092000,1.0603270814272645,46500.0,0.0,0.0,0.0,3635750.0,6583500.0,8541750.0,0.0,53543000,0.9523793959994771,44409750,1.1482444733420025,0.0,48392000,1.0537537196230782,1293750.0,43733250,1.1660064138841728,0.63557125,0.63557125,68707898,68707898,https://www.infogreffe.com/recherche-entreprise-dirigeants/resultats-entreprise-dirigeants.html?ga_cat=globale&ga_q=C.O.V.H#phrase=C.O.V.H,https://www.infogreffe.com/recherche-entreprise-dirigeants/resultats-entreprise-dirigeants.html?ga_cat=globale&ga_q=C.O.V.H#phrase=C.O.V.H
0,2012-09-31,COVH.PA,,2012-09-31,Q3,46188750,2251750.0,43937000,1.0512495163529598,52750.0,0.0,0.0,0.0,1522250.0,3826750.0,5672500.0,0.0,56730750,0.8141748522626617,42362000,1.0903344978990606,0.0,27066000,1.7065229439148748,1054500.0,24926000,1.8530349835513118,0.37620225,0.37620225,66278248,66278248,https://www.infogreffe.com/recherche-entreprise-dirigeants/resultats-entreprise-dirigeants.html?ga_cat=globale&ga_q=C.O.V.H#phrase=C.O.V.H,https://www.infogreffe.com/recherche-entreprise-dirigeants/resultats-entreprise-dirigeants.html?ga_cat=globale&ga_q=C.O.V.H#phrase=C.O.V.H
0,2012-06-31,COVH.PA,,2012-06-31,Q2,46188750,2251750.0,43937000,1.0512495163529598,52750.0,0.0,0.0,0.0,1522250.0,3826750.0,5672500.0,0.0,56730750,0.8141748522626617,42362000,1.0903344978990606,0.0,27066000,1.7065229439148748,1054500.0,24926000,1.8530349835513118,0.37620225,0.37620225,66278248,66278248,https://www.infogreffe.com/recherche-entreprise-dirigeants/resultats-entreprise-dirigeants.html?ga_cat=globale&ga_q=C.O.V.H#phrase=C.O.V.H,https://www.infogreffe.com/recherche-entreprise-dirigeants/resultats-entreprise-dirigeants.html?ga_cat=globale&ga_q=C.O.V.H#phrase=C.O.V.H
0,2012-03-31,COVH.PA,,2012-03-31,Q1,46188750,2251750.0,43937000,1.0512495163529598,52750.0,0.0,0.0,0.0,1522250.0,3826750.0,5672500.0,0.0,56730750,0.8141748522626617,42362000,1.0903344978990606,0.0,27066000,1.7065229439148748,1054500.0,24926000,1.8530349835513118,0.37620225,0.37620225,66278248,66278248,https://www.infogreffe.com/recherche-entreprise-dirigeants/resultats-entreprise-dirigeants.html?ga_cat=globale&ga_q=C.O.V.H#phrase=C.O.V.H,https://www.infogreffe.com/recherche-entreprise-dirigeants/resultats-entreprise-dirigeants.html?ga_cat=globale&ga_q=C.O.V.H#phrase=C.O.V.H
0,2012-01-31,COVH.PA,,2012-01-31,Q1,46188750,2251750.0,43937000,1.0512495163529598,52750.0,0.0,0.0,0.0,1522250.0,3826750.0,5672500.0,0.0,56730750,0.8141748522626617,42362000,1.0903344978990606,0.0,27066000,1.7065229439148748,1054500.0,24926000,1.8530349835513118,0.37620225,0.37620225,66278248,66278248,https://www.infogreffe.com/recherche-entreprise-dirigeants/resultats-entreprise-dirigeants.html?ga_cat=globale&ga_q=C.O.V.H#phrase=C.O.V.H,https://www.infogreffe.com/recherche-entreprise-dirigeants/resultats-entreprise-dirigeants.html?ga_cat=globale&ga_q=C.O.V.H#phrase=C.O.V.H
0,2011-09-31,COVH.PA,,2011-09-31,Q3,50906000,759000.0,50147000,1.015135501625222,0.0,2175750.0,0.0,-35030000,0.0,-17812000,0.0,0.0,68719250,0.7407822407840597,68718000,0.7407957158240926,0.0,37621500,1.353109259333094,2287500.0,35334000,1.4407086658742287,1.1683295,1.1683295,30190562,30190562,https://www.infogreffe.com/recherche-entreprise-dirigeants/resultats-entreprise-dirigeants.html?ga_cat=globale&ga_q=C.O.V.H#phrase=C.O.V.H,https://www.infogreffe.com/recherche-entreprise-dirigeants/resultats-entreprise-dirigeants.html?ga_cat=globale&ga_q=C.O.V.H#phrase=C.O.V.H
0,2011-06-31,COVH.PA,,2011-06-31,Q2,50906000,759000.0,50147000,1.015135501625222,0.0,2175750.0,0.0,-35030000,0.0,-17812000,0.0,0.0,68719250,0.7407822407840597,68718000,0.7407957158240926,0.0,37621500,1.353109259333094,2287500.0,35334000,1.4407086658742287,1.1683295,1.1683295,30190562,30190562,https://www.infogreffe.com/recherche-entreprise-dirigeants/resultats-entreprise-dirigeants.html?ga_cat=globale&ga_q=C.O.V.H#phrase=C.O.V.H,https://www.infogreffe.com/recherche-entreprise-dirigeants/resultats-entreprise-dirigeants.html?ga_cat=globale&ga_q=C.O.V.H#phrase=C.O.V.H
0,2011-03-31,COVH.PA,,2011-03-31,Q1,50906000,759000.0,50147000,1.015135501625222,0.0,2175750.0,0.0,-35030000,0.0,-17812000,0.0,0.0,68719250,0.7407822407840597,68718000,0.7407957158240926,0.0,37621500,1.353109259333094,2287500.0,35334000,1.4407086658742287,1.1683295,1.1683295,30190562,30190562,https://www.infogreffe.com/recherche-entreprise-dirigeants/resultats-entreprise-dirigeants.html?ga_cat=globale&ga_q=C.O.V.H#phrase=C.O.V.H,https://www.infogreffe.com/recherche-entreprise-dirigeants/resultats-entreprise-dirigeants.html?ga_cat=globale&ga_q=C.O.V.H#phrase=C.O.V.H
0,2011-01-31,COVH.PA,,2011-01-31,Q1,50906000,759000.0,50147000,1.015135501625222,0.0,2175750.0,0.0,-35030000,0.0,-17812000,0.0,0.0,68719250,0.7407822407840597,68718000,0.7407957158240926,0.0,37621500,1.353109259333094,2287500.0,35334000,1.4407086658742287,1.1683295,1.1683295,30190562,30190562,https://www.infogreffe.com/recherche-entreprise-dirigeants/resultats-entreprise-dirigeants.html?ga_cat=globale&ga_q=C.O.V.H#phrase=C.O.V.H,https://www.infogreffe.com/recherche-entreprise-dirigeants/resultats-entreprise-dirigeants.html?ga_cat=globale&ga_q=C.O.V.H#phrase=C.O.V.H
0,2010-09-31,COVH.PA,,2010-09-31,Q3,50011250,1988500.0,48022750,1.0414074579235884,0.0,0.0,0.0,-774000.0,0.0,-44902500,0.0,0.0,101503000,0.4927071121050609,94913750,0.5269125916950916,0.0,67267500,0.7434682424647862,2079000.0,65188500,0.7671790269756169,1.19403275,1.19403275,54591706,54591706,https://www.infogreffe.com/recherche-entreprise-dirigeants/resultats-entreprise-dirigeants.html?ga_cat=globale&ga_q=C.O.V.H#phrase=C.O.V.H,https://www.infogreffe.com/recherche-entreprise-dirigeants/resultats-entreprise-dirigeants.html?ga_cat=globale&ga_q=C.O.V.H#phrase=C.O.V.H
0,2010-06-31,COVH.PA,,2010-06-31,Q2,50011250,1988500.0,48022750,1.0414074579235884,0.0,0.0,0.0,-774000.0,0.0,-44902500,0.0,0.0,101503000,0.4927071121050609,94913750,0.5269125916950916,0.0,67267500,0.7434682424647862,2079000.0,65188500,0.7671790269756169,1.19403275,1.19403275,54591706,54591706,https://www.infogreffe.com/recherche-entreprise-dirigeants/resultats-entreprise-dirigeants.html?ga_cat=globale&ga_q=C.O.V.H#phrase=C.O.V.H,https://www.infogreffe.com/recherche-entreprise-dirigeants/resultats-entreprise-dirigeants.html?ga_cat=globale&ga_q=C.O.V.H#phrase=C.O.V.H
0,2010-03-31,COVH.PA,,2010-03-31,Q1,50011250,1988500.0,48022750,1.0414074579235884,0.0,0.0,0.0,-774000.0,0.0,-44902500,0.0,0.0,101503000,0.4927071121050609,94913750,0.5269125916950916,0.0,67267500,0.7434682424647862,2079000.0,65188500,0.7671790269756169,1.19403275,1.19403275,54591706,54591706,https://www.infogreffe.com/recherche-entreprise-dirigeants/resultats-entreprise-dirigeants.html?ga_cat=globale&ga_q=C.O.V.H#phrase=C.O.V.H,https://www.infogreffe.com/recherche-entreprise-dirigeants/resultats-entreprise-dirigeants.html?ga_cat=globale&ga_q=C.O.V.H#phrase=C.O.V.H
0,2010-01-31,COVH.PA,,2010-01-31,Q1,50011250,1988500.0,48022750,1.0414074579235884,0.0,0.0,0.0,-774000.0,0.0,-44902500,0.0,0.0,101503000,0.4927071121050609,94913750,0.5269125916950916,0.0,67267500,0.7434682424647862,2079000.0,65188500,0.7671790269756169,1.19403275,1.19403275,54591706,54591706,https://www.infogreffe.com/recherche-entreprise-dirigeants/resultats-entreprise-dirigeants.html?ga_cat=globale&ga_q=C.O.V.H#phrase=C.O.V.H,https://www.infogreffe.com/recherche-entreprise-dirigeants/resultats-entreprise-dirigeants.html?ga_cat=globale&ga_q=C.O.V.H#phrase=C.O.V.H
0,2009-09-31,COVH.PA,,2009-09-31,Q3,48406500,2389000.0,46017500,1.051915032324659,0.0,0.0,0.0,-847500.0,3170250.0,55623500,0.0,0.0,4533500.0,10.677511856181757,-7217000.0,-6.7072883469585705,0.0,-41484500,-1.1668575009943474,-1118750.0,-40365750,-1.199197339328515,-0.729978,-0.729978,54724236,54724236,https://www.infogreffe.com/recherche-entreprise-dirigeants/resultats-entreprise-dirigeants.html?ga_cat=globale&ga_q=C.O.V.H#phrase=C.O.V.H,https://www.infogreffe.com/recherche-entreprise-dirigeants/resultats-entreprise-dirigeants.html?ga_cat=globale&ga_q=C.O.V.H#phrase=C.O.V.H
0,2009-06-31,COVH.PA,,2009-06-31,Q2,48406500,2389000.0,46017500,1.051915032324659,0.0,0.0,0.0,-847500.0,3170250.0,55623500,0.0,0.0,4533500.0,10.677511856181757,-7217000.0,-6.7072883469585705,0.0,-41484500,-1.1668575009943474,-1118750.0,-40365750,-1.199197339328515,-0.729978,-0.729978,54724236,54724236,https://www.infogreffe.com/recherche-entreprise-dirigeants/resultats-entreprise-dirigeants.html?ga_cat=globale&ga_q=C.O.V.H#phrase=C.O.V.H,https://www.infogreffe.com/recherche-entreprise-dirigeants/resultats-entreprise-dirigeants.html?ga_cat=globale&ga_q=C.O.V.H#phrase=C.O.V.H
0,2009-03-31,COVH.PA,,2009-03-31,Q1,48406500,2389000.0,46017500,1.051915032324659,0.0,0.0,0.0,-847500.0,3170250.0,55623500,0.0,0.0,4533500.0,10.677511856181757,-7217000.0,-6.7072883469585705,0.0,-41484500,-1.1668575009943474,-1118750.0,-40365750,-1.199197339328515,-0.729978,-0.729978,54724236,54724236,https://www.infogreffe.com/recherche-entreprise-dirigeants/resultats-entreprise-dirigeants.html?ga_cat=globale&ga_q=C.O.V.H#phrase=C.O.V.H,https://www.infogreffe.com/recherche-entreprise-dirigeants/resultats-entreprise-dirigeants.html?ga_cat=globale&ga_q=C.O.V.H#phrase=C.O.V.H
0,2009-01-31,COVH.PA,,2009-01-31,Q1,48406500,2389000.0,46017500,1.051915032324659,0.0,0.0,0.0,-847500.0,3170250.0,55623500,0.0,0.0,4533500.0,10.677511856181757,-7217000.0,-6.7072883469585705,0.0,-41484500,-1.1668575009943474,-1118750.0,-40365750,-1.199197339328515,-0.729978,-0.729978,54724236,54724236,https://www.infogreffe.com/recherche-entreprise-dirigeants/resultats-entreprise-dirigeants.html?ga_cat=globale&ga_q=C.O.V.H#phrase=C.O.V.H,https://www.infogreffe.com/recherche-entreprise-dirigeants/resultats-entreprise-dirigeants.html?ga_cat=globale&ga_q=C.O.V.H#phrase=C.O.V.H
0,2008-09-31,COVH.PA,,2008-09-31,Q3,50067750,3291500.0,46776250,1.0703669062825687,0.0,0.0,0.0,0.0,3107750.0,6373250.0,25523750,3250.0,46782750,1.0702181893967329,43694500,1.1458593186785522,0.0,-28677250,-1.7459048548936875,615000.0,-29213000,-1.7138859411905658,-0.53379625,-0.53379625,54730588,54730588,https://www.infogreffe.com/recherche-entreprise-dirigeants/resultats-entreprise-dirigeants.html?ga_cat=globale&ga_q=C.O.V.H#phrase=C.O.V.H,https://www.infogreffe.com/recherche-entreprise-dirigeants/resultats-entreprise-dirigeants.html?ga_cat=globale&ga_q=C.O.V.H#phrase=C.O.V.H
0,2008-06-31,COVH.PA,,2008-06-31,Q2,50067750,3291500.0,46776250,1.0703669062825687,0.0,0.0,0.0,0.0,3107750.0,6373250.0,25523750,3250.0,46782750,1.0702181893967329,43694500,1.1458593186785522,0.0,-28677250,-1.7459048548936875,615000.0,-29213000,-1.7138859411905658,-0.53379625,-0.53379625,54730588,54730588,https://www.infogreffe.com/recherche-entreprise-dirigeants/resultats-entreprise-dirigeants.html?ga_cat=globale&ga_q=C.O.V.H#phrase=C.O.V.H,https://www.infogreffe.com/recherche-entreprise-dirigeants/resultats-entreprise-dirigeants.html?ga_cat=globale&ga_q=C.O.V.H#phrase=C.O.V.H
0,2008-03-31,COVH.PA,,2008-03-31,Q1,50067750,3291500.0,46776250,1.0703669062825687,0.0,0.0,0.0,0.0,3107750.0,6373250.0,25523750,3250.0,46782750,1.0702181893967329,43694500,1.1458593186785522,0.0,-28677250,-1.7459048548936875,615000.0,-29213000,-1.7138859411905658,-0.53379625,-0.53379625,54730588,54730588,https://www.infogreffe.com/recherche-entreprise-dirigeants/resultats-entreprise-dirigeants.html?ga_cat=globale&ga_q=C.O.V.H#phrase=C.O.V.H,https://www.infogreffe.com/recherche-entreprise-dirigeants/resultats-entreprise-dirigeants.html?ga_cat=globale&ga_q=C.O.V.H#phrase=C.O.V.H
0,2008-01-31,COVH.PA,,2008-01-31,Q1,50067750,3291500.0,46776250,1.0703669062825687,0.0,0.0,0.0,0.0,3107750.0,6373250.0,25523750,3250.0,46782750,1.0702181893967329,43694500,1.1458593186785522,0.0,-28677250,-1.7459048548936875,615000.0,-29213000,-1.7138859411905658,-0.53379625,-0.53379625,54730588,54730588,https://www.infogreffe.com/recherche-entreprise-dirigeants/resultats-entreprise-dirigeants.html?ga_cat=globale&ga_q=C.O.V.H#phrase=C.O.V.H,https://www.infogreffe.com/recherche-entreprise-dirigeants/resultats-entreprise-dirigeants.html?ga_cat=globale&ga_q=C.O.V.H#phrase=C.O.V.H
0,2007-09-31,COVH.PA,,2007-09-31,Q3,40967500,3112000.0,37855500,1.0822073410732918,0.0,0.0,0.0,0.0,13359500,16507250,17729750,11000.0,24061750,1.7025985225513522,24460250,1.6748602324179025,0.0,62192250,0.6587235547837552,1459250.0,60740500,0.6744676122191948,1.108654,1.108654,54734433,54734433,https://www.infogreffe.com/recherche-entreprise-dirigeants/resultats-entreprise-dirigeants.html?ga_cat=globale&ga_q=C.O.V.H#phrase=C.O.V.H,https://www.infogreffe.com/recherche-entreprise-dirigeants/resultats-entreprise-dirigeants.html?ga_cat=globale&ga_q=C.O.V.H#phrase=C.O.V.H
0,2007-06-31,COVH.PA,,2007-06-31,Q2,40967500,3112000.0,37855500,1.0822073410732918,0.0,0.0,0.0,0.0,13359500,16507250,17729750,11000.0,24061750,1.7025985225513522,24460250,1.6748602324179025,0.0,62192250,0.6587235547837552,1459250.0,60740500,0.6744676122191948,1.108654,1.108654,54734433,54734433,https://www.infogreffe.com/recherche-entreprise-dirigeants/resultats-entreprise-dirigeants.html?ga_cat=globale&ga_q=C.O.V.H#phrase=C.O.V.H,https://www.infogreffe.com/recherche-entreprise-dirigeants/resultats-entreprise-dirigeants.html?ga_cat=globale&ga_q=C.O.V.H#phrase=C.O.V.H
0,2007-03-31,COVH.PA,,2007-03-31,Q1,40967500,3112000.0,37855500,1.0822073410732918,0.0,0.0,0.0,0.0,13359500,16507250,17729750,11000.0,24061750,1.7025985225513522,24460250,1.6748602324179025,0.0,62192250,0.6587235547837552,1459250.0,60740500,0.6744676122191948,1.108654,1.108654,54734433,54734433,https://www.infogreffe.com/recherche-entreprise-dirigeants/resultats-entreprise-dirigeants.html?ga_cat=globale&ga_q=C.O.V.H#phrase=C.O.V.H,https://www.infogreffe.com/recherche-entreprise-dirigeants/resultats-entreprise-dirigeants.html?ga_cat=globale&ga_q=C.O.V.H#phrase=C.O.V.H
0,2007-01-31,COVH.PA,,2007-01-31,Q1,40967500,3112000.0,37855500,1.0822073410732918,0.0,0.0,0.0,0.0,13359500,16507250,17729750,11000.0,24061750,1.7025985225513522,24460250,1.6748602324179025,0.0,62192250,0.6587235547837552,1459250.0,60740500,0.6744676122191948,1.108654,1.108654,54734433,54734433,https://www.infogreffe.com/recherche-entreprise-dirigeants/resultats-entreprise-dirigeants.html?ga_cat=globale&ga_q=C.O.V.H#phrase=C.O.V.H,https://www.infogreffe.com/recherche-entreprise-dirigeants/resultats-entreprise-dirigeants.html?ga_cat=globale&ga_q=C.O.V.H#phrase=C.O.V.H
0,2006-09-31,COVH.PA,,2006-09-31,Q3,28976000,1598000.0,27378000,1.058368032727007,0.0,0.0,0.0,-129000.0,174000.0,1772000.0,12924750,0.0,27564250,1.0512167027943804,27204000,1.065137479782385,0.0,45635000,0.6349512435630547,448250.0,45171000,0.6414735117663988,0.9900325,0.9900325,45614142,45614142,https://www.infogreffe.com/recherche-entreprise-dirigeants/resultats-entreprise-dirigeants.html?ga_cat=globale&ga_q=C.O.V.H#phrase=C.O.V.H,https://www.infogreffe.com/recherche-entreprise-dirigeants/resultats-entreprise-dirigeants.html?ga_cat=globale&ga_q=C.O.V.H#phrase=C.O.V.H
0,2006-06-31,COVH.PA,,2006-06-31,Q2,28976000,1598000.0,27378000,1.058368032727007,0.0,0.0,0.0,-129000.0,174000.0,1772000.0,12924750,0.0,27564250,1.0512167027943804,27204000,1.065137479782385,0.0,45635000,0.6349512435630547,448250.0,45171000,0.6414735117663988,0.9900325,0.9900325,45614142,45614142,https://www.infogreffe.com/recherche-entreprise-dirigeants/resultats-entreprise-dirigeants.html?ga_cat=globale&ga_q=C.O.V.H#phrase=C.O.V.H,https://www.infogreffe.com/recherche-entreprise-dirigeants/resultats-entreprise-dirigeants.html?ga_cat=globale&ga_q=C.O.V.H#phrase=C.O.V.H
0,2006-03-31,COVH.PA,,2006-03-31,Q1,28976000,1598000.0,27378000,1.058368032727007,0.0,0.0,0.0,-129000.0,174000.0,1772000.0,12924750,0.0,27564250,1.0512167027943804,27204000,1.065137479782385,0.0,45635000,0.6349512435630547,448250.0,45171000,0.6414735117663988,0.9900325,0.9900325,45614142,45614142,https://www.infogreffe.com/recherche-entreprise-dirigeants/resultats-entreprise-dirigeants.html?ga_cat=globale&ga_q=C.O.V.H#phrase=C.O.V.H,https://www.infogreffe.com/recherche-entreprise-dirigeants/resultats-entreprise-dirigeants.html?ga_cat=globale&ga_q=C.O.V.H#phrase=C.O.V.H
0,2006-01-31,COVH.PA,,2006-01-31,Q1,28976000,1598000.0,27378000,1.058368032727007,0.0,0.0,0.0,-129000.0,174000.0,1772000.0,12924750,0.0,27564250,1.0512167027943804,27204000,1.065137479782385,0.0,45635000,0.6349512435630547,448250.0,45171000,0.6414735117663988,0.9900325,0.9900325,45614142,45614142,https://www.infogreffe.com/recherche-entreprise-dirigeants/resultats-entreprise-dirigeants.html?ga_cat=globale&ga_q=C.O.V.H#phrase=C.O.V.H,https://www.infogreffe.com/recherche-entreprise-dirigeants/resultats-entreprise-dirigeants.html?ga_cat=globale&ga_q=C.O.V.H#phrase=C.O.V.H
0,2005-09-31,COVH.PA,,2005-09-31,Q3,11157750,686250.0,10471500,1.0655350236355823,0.0,0.0,0.0,0.0,312250.0,999000.0,5035500.0,500.0,10563750,1.0562300319488818,10158750,1.0983388704318937,0.0,25046250,0.44548585117532563,122750.0,24911250,0.4479000451603191,0.20710366334279334,0.818944,120283966,30418749,https://www.infogreffe.com/recherche-entreprise-dirigeants/resultats-entreprise-dirigeants.html?ga_cat=globale&ga_q=C.O.V.H#phrase=C.O.V.H,https://www.infogreffe.com/recherche-entreprise-dirigeants/resultats-entreprise-dirigeants.html?ga_cat=globale&ga_q=C.O.V.H#phrase=C.O.V.H
0,2005-06-31,COVH.PA,,2005-06-31,Q2,11157750,686250.0,10471500,1.0655350236355823,0.0,0.0,0.0,0.0,312250.0,999000.0,5035500.0,500.0,10563750,1.0562300319488818,10158750,1.0983388704318937,0.0,25046250,0.44548585117532563,122750.0,24911250,0.4479000451603191,0.20710366334279334,0.818944,120283966,30418749,https://www.infogreffe.com/recherche-entreprise-dirigeants/resultats-entreprise-dirigeants.html?ga_cat=globale&ga_q=C.O.V.H#phrase=C.O.V.H,https://www.infogreffe.com/recherche-entreprise-dirigeants/resultats-entreprise-dirigeants.html?ga_cat=globale&ga_q=C.O.V.H#phrase=C.O.V.H
0,2005-03-31,COVH.PA,,2005-03-31,Q1,11157750,686250.0,10471500,1.0655350236355823,0.0,0.0,0.0,0.0,312250.0,999000.0,5035500.0,500.0,10563750,1.0562300319488818,10158750,1.0983388704318937,0.0,25046250,0.44548585117532563,122750.0,24911250,0.4479000451603191,0.20710366334279334,0.818944,120283966,30418749,https://www.infogreffe.com/recherche-entreprise-dirigeants/resultats-entreprise-dirigeants.html?ga_cat=globale&ga_q=C.O.V.H#phrase=C.O.V.H,https://www.infogreffe.com/recherche-entreprise-dirigeants/resultats-entreprise-dirigeants.html?ga_cat=globale&ga_q=C.O.V.H#phrase=C.O.V.H
0,2005-01-31,COVH.PA,,2005-01-31,Q1,11157750,686250.0,10471500,1.0655350236355823,0.0,0.0,0.0,0.0,312250.0,999000.0,5035500.0,500.0,10563750,1.0562300319488818,10158750,1.0983388704318937,0.0,25046250,0.44548585117532563,122750.0,24911250,0.4479000451603191,0.20710366334279334,0.818944,120283966,30418749,https://www.infogreffe.com/recherche-entreprise-dirigeants/resultats-entreprise-dirigeants.html?ga_cat=globale&ga_q=C.O.V.H#phrase=C.O.V.H,https://www.infogreffe.com/recherche-entreprise-dirigeants/resultats-entreprise-dirigeants.html?ga_cat=globale&ga_q=C.O.V.H#phrase=C.O.V.H
0,2004-09-31,COVH.PA,,2004-09-31,Q3,163750.0,100000.0,63750.0,2.5686274509803924,0.0,0.0,0.0,0.0,3500.0,159750.0,74500.0,46500.0,393250.0,0.41640178003814365,4000.0,40.9375,0.0,775000.0,0.21129032258064517,99000.0,675750.0,0.24232334443211248,0.16367475,0.16367475,4128615.0,4128615.0,https://www.infogreffe.com/recherche-entreprise-dirigeants/resultats-entreprise-dirigeants.html?ga_cat=globale&ga_q=C.O.V.H#phrase=C.O.V.H,https://www.infogreffe.com/recherche-entreprise-dirigeants/resultats-entreprise-dirigeants.html?ga_cat=globale&ga_q=C.O.V.H#phrase=C.O.V.H
0,2004-06-31,COVH.PA,,2004-06-31,Q2,163750.0,100000.0,63750.0,2.5686274509803924,0.0,0.0,0.0,0.0,3500.0,159750.0,74500.0,46500.0,393250.0,0.41640178003814365,4000.0,40.9375,0.0,775000.0,0.21129032258064517,99000.0,675750.0,0.24232334443211248,0.16367475,0.16367475,4128615.0,4128615.0,https://www.infogreffe.com/recherche-entreprise-dirigeants/resultats-entreprise-dirigeants.html?ga_cat=globale&ga_q=C.O.V.H#phrase=C.O.V.H,https://www.infogreffe.com/recherche-entreprise-dirigeants/resultats-entreprise-dirigeants.html?ga_cat=globale&ga_q=C.O.V.H#phrase=C.O.V.H
0,2004-03-31,COVH.PA,,2004-03-31,Q1,163750.0,100000.0,63750.0,2.5686274509803924,0.0,0.0,0.0,0.0,3500.0,159750.0,74500.0,46500.0,393250.0,0.41640178003814365,4000.0,40.9375,0.0,775000.0,0.21129032258064517,99000.0,675750.0,0.24232334443211248,0.16367475,0.16367475,4128615.0,4128615.0,https://www.infogreffe.com/recherche-entreprise-dirigeants/resultats-entreprise-dirigeants.html?ga_cat=globale&ga_q=C.O.V.H#phrase=C.O.V.H,https://www.infogreffe.com/recherche-entreprise-dirigeants/resultats-entreprise-dirigeants.html?ga_cat=globale&ga_q=C.O.V.H#phrase=C.O.V.H
0,2004-01-31,COVH.PA,,2004-01-31,Q1,163750.0,100000.0,63750.0,2.5686274509803924,0.0,0.0,0.0,0.0,3500.0,159750.0,74500.0,46500.0,393250.0,0.41640178003814365,4000.0,40.9375,0.0,775000.0,0.21129032258064517,99000.0,675750.0,0.24232334443211248,0.16367475,0.16367475,4128615.0,4128615.0,https://www.infogreffe.com/recherche-entreprise-dirigeants/resultats-entreprise-dirigeants.html?ga_cat=globale&ga_q=C.O.V.H#phrase=C.O.V.H,https://www.infogreffe.com/recherche-entreprise-dirigeants/resultats-entreprise-dirigeants.html?ga_cat=globale&ga_q=C.O.V.H#phrase=C.O.V.H
