,date,symbol,fillingDate,acceptedDate,period,revenue,costOfRevenue,grossProfit,grossProfitRatio,researchAndDevelopmentExpenses,generalAndAdministrativeExpenses,sellingAndMarketingExpenses,otherExpenses,operatingExpenses,costAndExpenses,interestExpense,depreciationAndAmortization,ebitda,ebitdaratio,operatingIncome,operatingIncomeRatio,totalOtherIncomeExpensesNet,incomeBeforeTax,incomeBeforeTaxRatio,incomeTaxExpense,netIncome,netIncomeRatio,eps,epsdiluted,weightedAverageShsOut,weightedAverageShsOutDil,link,finalLink
0,2019-09-31,ALSAS.PA,,2019-09-31,Q3,22188675.5,17788750,4399925.5,5.042966182041037,0.0,0.0,0.0,0.0,-102926.75,21226175.75,44000.0,544750.0,1520499.75,14.593014895267165,962499.75,23.0531753384871,0.0,924499.75,24.000737155418378,304353.75,656117.25,33.818155977456776,0.19,0.19,3439760.0,3439760.0,https://www.infogreffe.com/recherche-entreprise-dirigeants/resultats-entreprise-dirigeants.html?ga_cat=globale&ga_q=A.L.S.A.S#phrase=A.L.S.A.S,https://www.infogreffe.com/recherche-entreprise-dirigeants/resultats-entreprise-dirigeants.html?ga_cat=globale&ga_q=A.L.S.A.S#phrase=A.L.S.A.S
0,2019-06-31,ALSAS.PA,,2019-06-31,Q2,22188675.5,17788750,4399925.5,5.042966182041037,0.0,0.0,0.0,0.0,-102926.75,21226175.75,44000.0,544750.0,1520499.75,14.593014895267165,962499.75,23.0531753384871,0.0,924499.75,24.000737155418378,304353.75,656117.25,33.818155977456776,0.19,0.19,3439760.0,3439760.0,https://www.infogreffe.com/recherche-entreprise-dirigeants/resultats-entreprise-dirigeants.html?ga_cat=globale&ga_q=A.L.S.A.S#phrase=A.L.S.A.S,https://www.infogreffe.com/recherche-entreprise-dirigeants/resultats-entreprise-dirigeants.html?ga_cat=globale&ga_q=A.L.S.A.S#phrase=A.L.S.A.S
0,2019-03-31,ALSAS.PA,,2019-03-31,Q1,22188675.5,17788750,4399925.5,5.042966182041037,0.0,0.0,0.0,0.0,-102926.75,21226175.75,44000.0,544750.0,1520499.75,14.593014895267165,962499.75,23.0531753384871,0.0,924499.75,24.000737155418378,304353.75,656117.25,33.818155977456776,0.19,0.19,3439760.0,3439760.0,https://www.infogreffe.com/recherche-entreprise-dirigeants/resultats-entreprise-dirigeants.html?ga_cat=globale&ga_q=A.L.S.A.S#phrase=A.L.S.A.S,https://www.infogreffe.com/recherche-entreprise-dirigeants/resultats-entreprise-dirigeants.html?ga_cat=globale&ga_q=A.L.S.A.S#phrase=A.L.S.A.S
0,2019-01-31,ALSAS.PA,,2019-01-31,Q1,22188675.5,17788750,4399925.5,5.042966182041037,0.0,0.0,0.0,0.0,-102926.75,21226175.75,44000.0,544750.0,1520499.75,14.593014895267165,962499.75,23.0531753384871,0.0,924499.75,24.000737155418378,304353.75,656117.25,33.818155977456776,0.19,0.19,3439760.0,3439760.0,https://www.infogreffe.com/recherche-entreprise-dirigeants/resultats-entreprise-dirigeants.html?ga_cat=globale&ga_q=A.L.S.A.S#phrase=A.L.S.A.S,https://www.infogreffe.com/recherche-entreprise-dirigeants/resultats-entreprise-dirigeants.html?ga_cat=globale&ga_q=A.L.S.A.S#phrase=A.L.S.A.S
0,2018-09-31,ALSAS.PA,,2018-09-31,Q3,18811265.25,15299250,3512015.25,5.356259557813709,0.0,0.0,0.0,0.0,-352427.0,18175999.5,36250.0,456847.5,1068363.25,17.607555529451243,635265.75,29.6116471728564,0.0,525756.75,35.779407967658045,192184.75,601296.25,31.284521149100797,0.175,0.175,3439760.0,3439760.0,https://www.infogreffe.com/recherche-entreprise-dirigeants/resultats-entreprise-dirigeants.html?ga_cat=globale&ga_q=A.L.S.A.S#phrase=A.L.S.A.S,https://www.infogreffe.com/recherche-entreprise-dirigeants/resultats-entreprise-dirigeants.html?ga_cat=globale&ga_q=A.L.S.A.S#phrase=A.L.S.A.S
0,2018-06-31,ALSAS.PA,,2018-06-31,Q2,18811265.25,15299250,3512015.25,5.356259557813709,0.0,0.0,0.0,0.0,-352427.0,18175999.5,36250.0,456847.5,1068363.25,17.607555529451243,635265.75,29.6116471728564,0.0,525756.75,35.779407967658045,192184.75,601296.25,31.284521149100797,0.175,0.175,3439760.0,3439760.0,https://www.infogreffe.com/recherche-entreprise-dirigeants/resultats-entreprise-dirigeants.html?ga_cat=globale&ga_q=A.L.S.A.S#phrase=A.L.S.A.S,https://www.infogreffe.com/recherche-entreprise-dirigeants/resultats-entreprise-dirigeants.html?ga_cat=globale&ga_q=A.L.S.A.S#phrase=A.L.S.A.S
0,2018-03-31,ALSAS.PA,,2018-03-31,Q1,18811265.25,15299250,3512015.25,5.356259557813709,0.0,0.0,0.0,0.0,-352427.0,18175999.5,36250.0,456847.5,1068363.25,17.607555529451243,635265.75,29.6116471728564,0.0,525756.75,35.779407967658045,192184.75,601296.25,31.284521149100797,0.175,0.175,3439760.0,3439760.0,https://www.infogreffe.com/recherche-entreprise-dirigeants/resultats-entreprise-dirigeants.html?ga_cat=globale&ga_q=A.L.S.A.S#phrase=A.L.S.A.S,https://www.infogreffe.com/recherche-entreprise-dirigeants/resultats-entreprise-dirigeants.html?ga_cat=globale&ga_q=A.L.S.A.S#phrase=A.L.S.A.S
0,2018-01-31,ALSAS.PA,,2018-01-31,Q1,18811265.25,15299250,3512015.25,5.356259557813709,0.0,0.0,0.0,0.0,-352427.0,18175999.5,36250.0,456847.5,1068363.25,17.607555529451243,635265.75,29.6116471728564,0.0,525756.75,35.779407967658045,192184.75,601296.25,31.284521149100797,0.175,0.175,3439760.0,3439760.0,https://www.infogreffe.com/recherche-entreprise-dirigeants/resultats-entreprise-dirigeants.html?ga_cat=globale&ga_q=A.L.S.A.S#phrase=A.L.S.A.S,https://www.infogreffe.com/recherche-entreprise-dirigeants/resultats-entreprise-dirigeants.html?ga_cat=globale&ga_q=A.L.S.A.S#phrase=A.L.S.A.S
0,2017-09-31,ALSAS.PA,,2017-09-31,Q3,21466654.75,17690750,3775904.75,5.685168501668375,0.0,0.0,0.0,0.0,-159454.0,20936992.75,41000.0,836550.25,1423212.25,15.083241976029928,529662.0,40.52896894623363,0.0,546186.0,39.3028286151604,197924.75,677854.75,31.668517112257458,0.1975,0.1975,3439760.0,3439760.0,https://www.infogreffe.com/recherche-entreprise-dirigeants/resultats-entreprise-dirigeants.html?ga_cat=globale&ga_q=A.L.S.A.S#phrase=A.L.S.A.S,https://www.infogreffe.com/recherche-entreprise-dirigeants/resultats-entreprise-dirigeants.html?ga_cat=globale&ga_q=A.L.S.A.S#phrase=A.L.S.A.S
0,2017-06-31,ALSAS.PA,,2017-06-31,Q2,21466654.75,17690750,3775904.75,5.685168501668375,0.0,0.0,0.0,0.0,-159454.0,20936992.75,41000.0,836550.25,1423212.25,15.083241976029928,529662.0,40.52896894623363,0.0,546186.0,39.3028286151604,197924.75,677854.75,31.668517112257458,0.1975,0.1975,3439760.0,3439760.0,https://www.infogreffe.com/recherche-entreprise-dirigeants/resultats-entreprise-dirigeants.html?ga_cat=globale&ga_q=A.L.S.A.S#phrase=A.L.S.A.S,https://www.infogreffe.com/recherche-entreprise-dirigeants/resultats-entreprise-dirigeants.html?ga_cat=globale&ga_q=A.L.S.A.S#phrase=A.L.S.A.S
0,2017-03-31,ALSAS.PA,,2017-03-31,Q1,21466654.75,17690750,3775904.75,5.685168501668375,0.0,0.0,0.0,0.0,-159454.0,20936992.75,41000.0,836550.25,1423212.25,15.083241976029928,529662.0,40.52896894623363,0.0,546186.0,39.3028286151604,197924.75,677854.75,31.668517112257458,0.1975,0.1975,3439760.0,3439760.0,https://www.infogreffe.com/recherche-entreprise-dirigeants/resultats-entreprise-dirigeants.html?ga_cat=globale&ga_q=A.L.S.A.S#phrase=A.L.S.A.S,https://www.infogreffe.com/recherche-entreprise-dirigeants/resultats-entreprise-dirigeants.html?ga_cat=globale&ga_q=A.L.S.A.S#phrase=A.L.S.A.S
0,2017-01-31,ALSAS.PA,,2017-01-31,Q1,21466654.75,17690750,3775904.75,5.685168501668375,0.0,0.0,0.0,0.0,-159454.0,20936992.75,41000.0,836550.25,1423212.25,15.083241976029928,529662.0,40.52896894623363,0.0,546186.0,39.3028286151604,197924.75,677854.75,31.668517112257458,0.1975,0.1975,3439760.0,3439760.0,https://www.infogreffe.com/recherche-entreprise-dirigeants/resultats-entreprise-dirigeants.html?ga_cat=globale&ga_q=A.L.S.A.S#phrase=A.L.S.A.S,https://www.infogreffe.com/recherche-entreprise-dirigeants/resultats-entreprise-dirigeants.html?ga_cat=globale&ga_q=A.L.S.A.S#phrase=A.L.S.A.S
0,2016-09-31,ALSAS.PA,,2016-09-31,Q3,20290561.5,16560388.5,3730173.0,5.439576529024257,0.0,0.0,0.0,0.0,-186004.25,19404968,49250.0,396740.25,1331333.75,15.240777528549847,885593.5,22.9118229752138,0.0,915428.75,22.165090947820897,328377.75,650712.0,31.18209207760115,0.19,0.19,3439760.0,3439760.0,https://www.infogreffe.com/recherche-entreprise-dirigeants/resultats-entreprise-dirigeants.html?ga_cat=globale&ga_q=A.L.S.A.S#phrase=A.L.S.A.S,https://www.infogreffe.com/recherche-entreprise-dirigeants/resultats-entreprise-dirigeants.html?ga_cat=globale&ga_q=A.L.S.A.S#phrase=A.L.S.A.S
0,2016-06-31,ALSAS.PA,,2016-06-31,Q2,20290561.5,16560388.5,3730173.0,5.439576529024257,0.0,0.0,0.0,0.0,-186004.25,19404968,49250.0,396740.25,1331333.75,15.240777528549847,885593.5,22.9118229752138,0.0,915428.75,22.165090947820897,328377.75,650712.0,31.18209207760115,0.19,0.19,3439760.0,3439760.0,https://www.infogreffe.com/recherche-entreprise-dirigeants/resultats-entreprise-dirigeants.html?ga_cat=globale&ga_q=A.L.S.A.S#phrase=A.L.S.A.S,https://www.infogreffe.com/recherche-entreprise-dirigeants/resultats-entreprise-dirigeants.html?ga_cat=globale&ga_q=A.L.S.A.S#phrase=A.L.S.A.S
0,2016-03-31,ALSAS.PA,,2016-03-31,Q1,20290561.5,16560388.5,3730173.0,5.439576529024257,0.0,0.0,0.0,0.0,-186004.25,19404968,49250.0,396740.25,1331333.75,15.240777528549847,885593.5,22.9118229752138,0.0,915428.75,22.165090947820897,328377.75,650712.0,31.18209207760115,0.19,0.19,3439760.0,3439760.0,https://www.infogreffe.com/recherche-entreprise-dirigeants/resultats-entreprise-dirigeants.html?ga_cat=globale&ga_q=A.L.S.A.S#phrase=A.L.S.A.S,https://www.infogreffe.com/recherche-entreprise-dirigeants/resultats-entreprise-dirigeants.html?ga_cat=globale&ga_q=A.L.S.A.S#phrase=A.L.S.A.S
0,2016-01-31,ALSAS.PA,,2016-01-31,Q1,20290561.5,16560388.5,3730173.0,5.439576529024257,0.0,0.0,0.0,0.0,-186004.25,19404968,49250.0,396740.25,1331333.75,15.240777528549847,885593.5,22.9118229752138,0.0,915428.75,22.165090947820897,328377.75,650712.0,31.18209207760115,0.19,0.19,3439760.0,3439760.0,https://www.infogreffe.com/recherche-entreprise-dirigeants/resultats-entreprise-dirigeants.html?ga_cat=globale&ga_q=A.L.S.A.S#phrase=A.L.S.A.S,https://www.infogreffe.com/recherche-entreprise-dirigeants/resultats-entreprise-dirigeants.html?ga_cat=globale&ga_q=A.L.S.A.S#phrase=A.L.S.A.S
0,2015-09-31,ALSAS.PA,,2015-09-31,Q3,18283522,15480114.75,2803407.25,6.521892957221966,0.0,0.0,0.0,0.0,-211117.25,17801189,51250.0,355064.0,898897.0,20.33995218584554,482333.0,37.90642979020718,0.0,496692.25,36.81056428804758,174368.0,315554.75,57.940886644869074,0.0925,0.0925,3439760.0,3439760.0,https://www.infogreffe.com/recherche-entreprise-dirigeants/resultats-entreprise-dirigeants.html?ga_cat=globale&ga_q=A.L.S.A.S#phrase=A.L.S.A.S,https://www.infogreffe.com/recherche-entreprise-dirigeants/resultats-entreprise-dirigeants.html?ga_cat=globale&ga_q=A.L.S.A.S#phrase=A.L.S.A.S
0,2015-06-31,ALSAS.PA,,2015-06-31,Q2,18283522,15480114.75,2803407.25,6.521892957221966,0.0,0.0,0.0,0.0,-211117.25,17801189,51250.0,355064.0,898897.0,20.33995218584554,482333.0,37.90642979020718,0.0,496692.25,36.81056428804758,174368.0,315554.75,57.940886644869074,0.0925,0.0925,3439760.0,3439760.0,https://www.infogreffe.com/recherche-entreprise-dirigeants/resultats-entreprise-dirigeants.html?ga_cat=globale&ga_q=A.L.S.A.S#phrase=A.L.S.A.S,https://www.infogreffe.com/recherche-entreprise-dirigeants/resultats-entreprise-dirigeants.html?ga_cat=globale&ga_q=A.L.S.A.S#phrase=A.L.S.A.S
0,2015-03-31,ALSAS.PA,,2015-03-31,Q1,18283522,15480114.75,2803407.25,6.521892957221966,0.0,0.0,0.0,0.0,-211117.25,17801189,51250.0,355064.0,898897.0,20.33995218584554,482333.0,37.90642979020718,0.0,496692.25,36.81056428804758,174368.0,315554.75,57.940886644869074,0.0925,0.0925,3439760.0,3439760.0,https://www.infogreffe.com/recherche-entreprise-dirigeants/resultats-entreprise-dirigeants.html?ga_cat=globale&ga_q=A.L.S.A.S#phrase=A.L.S.A.S,https://www.infogreffe.com/recherche-entreprise-dirigeants/resultats-entreprise-dirigeants.html?ga_cat=globale&ga_q=A.L.S.A.S#phrase=A.L.S.A.S
0,2015-01-31,ALSAS.PA,,2015-01-31,Q1,18283522,15480114.75,2803407.25,6.521892957221966,0.0,0.0,0.0,0.0,-211117.25,17801189,51250.0,355064.0,898897.0,20.33995218584554,482333.0,37.90642979020718,0.0,496692.25,36.81056428804758,174368.0,315554.75,57.940886644869074,0.0925,0.0925,3439760.0,3439760.0,https://www.infogreffe.com/recherche-entreprise-dirigeants/resultats-entreprise-dirigeants.html?ga_cat=globale&ga_q=A.L.S.A.S#phrase=A.L.S.A.S,https://www.infogreffe.com/recherche-entreprise-dirigeants/resultats-entreprise-dirigeants.html?ga_cat=globale&ga_q=A.L.S.A.S#phrase=A.L.S.A.S
0,2014-09-31,ALSAS.PA,,2014-09-31,Q3,15699799,13348647.5,2351151.5,6.6774935600704595,0.0,0.0,0.0,0.0,-388790.5,15388272.25,0.0,363390.0,697433.25,22.510826663340183,311526.75,50.396311071200145,0.0,259415.5,60.51989568857682,101798.75,157162.25,99.89548380733923,0.045,0.045,3439760.0,3439760.0,https://www.infogreffe.com/recherche-entreprise-dirigeants/resultats-entreprise-dirigeants.html?ga_cat=globale&ga_q=A.L.S.A.S#phrase=A.L.S.A.S,https://www.infogreffe.com/recherche-entreprise-dirigeants/resultats-entreprise-dirigeants.html?ga_cat=globale&ga_q=A.L.S.A.S#phrase=A.L.S.A.S
0,2014-06-31,ALSAS.PA,,2014-06-31,Q2,15699799,13348647.5,2351151.5,6.6774935600704595,0.0,0.0,0.0,0.0,-388790.5,15388272.25,0.0,363390.0,697433.25,22.510826663340183,311526.75,50.396311071200145,0.0,259415.5,60.51989568857682,101798.75,157162.25,99.89548380733923,0.045,0.045,3439760.0,3439760.0,https://www.infogreffe.com/recherche-entreprise-dirigeants/resultats-entreprise-dirigeants.html?ga_cat=globale&ga_q=A.L.S.A.S#phrase=A.L.S.A.S,https://www.infogreffe.com/recherche-entreprise-dirigeants/resultats-entreprise-dirigeants.html?ga_cat=globale&ga_q=A.L.S.A.S#phrase=A.L.S.A.S
0,2014-03-31,ALSAS.PA,,2014-03-31,Q1,15699799,13348647.5,2351151.5,6.6774935600704595,0.0,0.0,0.0,0.0,-388790.5,15388272.25,0.0,363390.0,697433.25,22.510826663340183,311526.75,50.396311071200145,0.0,259415.5,60.51989568857682,101798.75,157162.25,99.89548380733923,0.045,0.045,3439760.0,3439760.0,https://www.infogreffe.com/recherche-entreprise-dirigeants/resultats-entreprise-dirigeants.html?ga_cat=globale&ga_q=A.L.S.A.S#phrase=A.L.S.A.S,https://www.infogreffe.com/recherche-entreprise-dirigeants/resultats-entreprise-dirigeants.html?ga_cat=globale&ga_q=A.L.S.A.S#phrase=A.L.S.A.S
0,2014-01-31,ALSAS.PA,,2014-01-31,Q1,15699799,13348647.5,2351151.5,6.6774935600704595,0.0,0.0,0.0,0.0,-388790.5,15388272.25,0.0,363390.0,697433.25,22.510826663340183,311526.75,50.396311071200145,0.0,259415.5,60.51989568857682,101798.75,157162.25,99.89548380733923,0.045,0.045,3439760.0,3439760.0,https://www.infogreffe.com/recherche-entreprise-dirigeants/resultats-entreprise-dirigeants.html?ga_cat=globale&ga_q=A.L.S.A.S#phrase=A.L.S.A.S,https://www.infogreffe.com/recherche-entreprise-dirigeants/resultats-entreprise-dirigeants.html?ga_cat=globale&ga_q=A.L.S.A.S#phrase=A.L.S.A.S
0,2013-09-31,ALSAS.PA,,2013-09-31,Q3,19790899.75,16409010.75,3381889.0,5.852025229095337,0.0,0.0,0.0,0.0,219922.75,18980599,0.0,542351.75,1359882.25,14.55339221465682,810300.75,24.424140974817067,0.0,810352.25,24.422588756926388,284048.25,526034.25,37.62283491996956,0.1525,0.1525,3439760.0,3439760.0,https://www.infogreffe.com/recherche-entreprise-dirigeants/resultats-entreprise-dirigeants.html?ga_cat=globale&ga_q=A.L.S.A.S#phrase=A.L.S.A.S,https://www.infogreffe.com/recherche-entreprise-dirigeants/resultats-entreprise-dirigeants.html?ga_cat=globale&ga_q=A.L.S.A.S#phrase=A.L.S.A.S
0,2013-06-31,ALSAS.PA,,2013-06-31,Q2,19790899.75,16409010.75,3381889.0,5.852025229095337,0.0,0.0,0.0,0.0,219922.75,18980599,0.0,542351.75,1359882.25,14.55339221465682,810300.75,24.424140974817067,0.0,810352.25,24.422588756926388,284048.25,526034.25,37.62283491996956,0.1525,0.1525,3439760.0,3439760.0,https://www.infogreffe.com/recherche-entreprise-dirigeants/resultats-entreprise-dirigeants.html?ga_cat=globale&ga_q=A.L.S.A.S#phrase=A.L.S.A.S,https://www.infogreffe.com/recherche-entreprise-dirigeants/resultats-entreprise-dirigeants.html?ga_cat=globale&ga_q=A.L.S.A.S#phrase=A.L.S.A.S
0,2013-03-31,ALSAS.PA,,2013-03-31,Q1,19790899.75,16409010.75,3381889.0,5.852025229095337,0.0,0.0,0.0,0.0,219922.75,18980599,0.0,542351.75,1359882.25,14.55339221465682,810300.75,24.424140974817067,0.0,810352.25,24.422588756926388,284048.25,526034.25,37.62283491996956,0.1525,0.1525,3439760.0,3439760.0,https://www.infogreffe.com/recherche-entreprise-dirigeants/resultats-entreprise-dirigeants.html?ga_cat=globale&ga_q=A.L.S.A.S#phrase=A.L.S.A.S,https://www.infogreffe.com/recherche-entreprise-dirigeants/resultats-entreprise-dirigeants.html?ga_cat=globale&ga_q=A.L.S.A.S#phrase=A.L.S.A.S
0,2013-01-31,ALSAS.PA,,2013-01-31,Q1,19790899.75,16409010.75,3381889.0,5.852025229095337,0.0,0.0,0.0,0.0,219922.75,18980599,0.0,542351.75,1359882.25,14.55339221465682,810300.75,24.424140974817067,0.0,810352.25,24.422588756926388,284048.25,526034.25,37.62283491996956,0.1525,0.1525,3439760.0,3439760.0,https://www.infogreffe.com/recherche-entreprise-dirigeants/resultats-entreprise-dirigeants.html?ga_cat=globale&ga_q=A.L.S.A.S#phrase=A.L.S.A.S,https://www.infogreffe.com/recherche-entreprise-dirigeants/resultats-entreprise-dirigeants.html?ga_cat=globale&ga_q=A.L.S.A.S#phrase=A.L.S.A.S
0,2012-09-31,ALSAS.PA,,2012-09-31,Q3,19741003,16048805,3692198.0,5.346680486799462,0.0,0.0,0.0,0.0,246281.5,18631157.75,0.0,725975.0,1761428.25,11.207384121379908,1109845.25,17.787167174883166,0.0,1179395.25,16.738241908300036,443665.75,712912.75,27.690629743962358,0.2075,0.2075,3439760.0,3439760.0,https://www.infogreffe.com/recherche-entreprise-dirigeants/resultats-entreprise-dirigeants.html?ga_cat=globale&ga_q=A.L.S.A.S#phrase=A.L.S.A.S,https://www.infogreffe.com/recherche-entreprise-dirigeants/resultats-entreprise-dirigeants.html?ga_cat=globale&ga_q=A.L.S.A.S#phrase=A.L.S.A.S
0,2012-06-31,ALSAS.PA,,2012-06-31,Q2,19741003,16048805,3692198.0,5.346680486799462,0.0,0.0,0.0,0.0,246281.5,18631157.75,0.0,725975.0,1761428.25,11.207384121379908,1109845.25,17.787167174883166,0.0,1179395.25,16.738241908300036,443665.75,712912.75,27.690629743962358,0.2075,0.2075,3439760.0,3439760.0,https://www.infogreffe.com/recherche-entreprise-dirigeants/resultats-entreprise-dirigeants.html?ga_cat=globale&ga_q=A.L.S.A.S#phrase=A.L.S.A.S,https://www.infogreffe.com/recherche-entreprise-dirigeants/resultats-entreprise-dirigeants.html?ga_cat=globale&ga_q=A.L.S.A.S#phrase=A.L.S.A.S
0,2012-03-31,ALSAS.PA,,2012-03-31,Q1,19741003,16048805,3692198.0,5.346680486799462,0.0,0.0,0.0,0.0,246281.5,18631157.75,0.0,725975.0,1761428.25,11.207384121379908,1109845.25,17.787167174883166,0.0,1179395.25,16.738241908300036,443665.75,712912.75,27.690629743962358,0.2075,0.2075,3439760.0,3439760.0,https://www.infogreffe.com/recherche-entreprise-dirigeants/resultats-entreprise-dirigeants.html?ga_cat=globale&ga_q=A.L.S.A.S#phrase=A.L.S.A.S,https://www.infogreffe.com/recherche-entreprise-dirigeants/resultats-entreprise-dirigeants.html?ga_cat=globale&ga_q=A.L.S.A.S#phrase=A.L.S.A.S
0,2012-01-31,ALSAS.PA,,2012-01-31,Q1,19741003,16048805,3692198.0,5.346680486799462,0.0,0.0,0.0,0.0,246281.5,18631157.75,0.0,725975.0,1761428.25,11.207384121379908,1109845.25,17.787167174883166,0.0,1179395.25,16.738241908300036,443665.75,712912.75,27.690629743962358,0.2075,0.2075,3439760.0,3439760.0,https://www.infogreffe.com/recherche-entreprise-dirigeants/resultats-entreprise-dirigeants.html?ga_cat=globale&ga_q=A.L.S.A.S#phrase=A.L.S.A.S,https://www.infogreffe.com/recherche-entreprise-dirigeants/resultats-entreprise-dirigeants.html?ga_cat=globale&ga_q=A.L.S.A.S#phrase=A.L.S.A.S
0,2009-09-31,ALSAS.PA,,2009-09-31,Q3,14889212,13327015.25,1562196.75,9.530945445892138,0.0,0.0,0.0,-15396.0,0.0,14510406.25,27824.0,344829.0,708238.75,21.02287117162115,378805.75,39.305665238714035,0.0,340096.75,43.77934220188814,138717.0,201379.75,73.93599406097186,0.05875,0.05875,3406532.0,3406532.0,https://www.infogreffe.com/recherche-entreprise-dirigeants/resultats-entreprise-dirigeants.html?ga_cat=globale&ga_q=A.L.S.A.S#phrase=A.L.S.A.S,https://www.infogreffe.com/recherche-entreprise-dirigeants/resultats-entreprise-dirigeants.html?ga_cat=globale&ga_q=A.L.S.A.S#phrase=A.L.S.A.S
0,2009-06-31,ALSAS.PA,,2009-06-31,Q2,14889212,13327015.25,1562196.75,9.530945445892138,0.0,0.0,0.0,-15396.0,0.0,14510406.25,27824.0,344829.0,708238.75,21.02287117162115,378805.75,39.305665238714035,0.0,340096.75,43.77934220188814,138717.0,201379.75,73.93599406097186,0.05875,0.05875,3406532.0,3406532.0,https://www.infogreffe.com/recherche-entreprise-dirigeants/resultats-entreprise-dirigeants.html?ga_cat=globale&ga_q=A.L.S.A.S#phrase=A.L.S.A.S,https://www.infogreffe.com/recherche-entreprise-dirigeants/resultats-entreprise-dirigeants.html?ga_cat=globale&ga_q=A.L.S.A.S#phrase=A.L.S.A.S
0,2009-03-31,ALSAS.PA,,2009-03-31,Q1,14889212,13327015.25,1562196.75,9.530945445892138,0.0,0.0,0.0,-15396.0,0.0,14510406.25,27824.0,344829.0,708238.75,21.02287117162115,378805.75,39.305665238714035,0.0,340096.75,43.77934220188814,138717.0,201379.75,73.93599406097186,0.05875,0.05875,3406532.0,3406532.0,https://www.infogreffe.com/recherche-entreprise-dirigeants/resultats-entreprise-dirigeants.html?ga_cat=globale&ga_q=A.L.S.A.S#phrase=A.L.S.A.S,https://www.infogreffe.com/recherche-entreprise-dirigeants/resultats-entreprise-dirigeants.html?ga_cat=globale&ga_q=A.L.S.A.S#phrase=A.L.S.A.S
0,2009-01-31,ALSAS.PA,,2009-01-31,Q1,14889212,13327015.25,1562196.75,9.530945445892138,0.0,0.0,0.0,-15396.0,0.0,14510406.25,27824.0,344829.0,708238.75,21.02287117162115,378805.75,39.305665238714035,0.0,340096.75,43.77934220188814,138717.0,201379.75,73.93599406097186,0.05875,0.05875,3406532.0,3406532.0,https://www.infogreffe.com/recherche-entreprise-dirigeants/resultats-entreprise-dirigeants.html?ga_cat=globale&ga_q=A.L.S.A.S#phrase=A.L.S.A.S,https://www.infogreffe.com/recherche-entreprise-dirigeants/resultats-entreprise-dirigeants.html?ga_cat=globale&ga_q=A.L.S.A.S#phrase=A.L.S.A.S
0,2008-09-31,ALSAS.PA,,2008-09-31,Q3,12096700,10428825.75,1667874.25,7.252765009112648,0.0,0.0,0.0,0.0,183550.25,12715554,0.0,540342.5,-1297759.75,-9.321216812279777,-618854.0,-19.546936757296553,0.0,460986.5,26.24089859464431,191786.25,250258.25,48.33686801534015,0.0725,0.0725,3439760.0,3439760.0,https://www.infogreffe.com/recherche-entreprise-dirigeants/resultats-entreprise-dirigeants.html?ga_cat=globale&ga_q=A.L.S.A.S#phrase=A.L.S.A.S,https://www.infogreffe.com/recherche-entreprise-dirigeants/resultats-entreprise-dirigeants.html?ga_cat=globale&ga_q=A.L.S.A.S#phrase=A.L.S.A.S
0,2008-06-31,ALSAS.PA,,2008-06-31,Q2,12096700,10428825.75,1667874.25,7.252765009112648,0.0,0.0,0.0,0.0,183550.25,12715554,0.0,540342.5,-1297759.75,-9.321216812279777,-618854.0,-19.546936757296553,0.0,460986.5,26.24089859464431,191786.25,250258.25,48.33686801534015,0.0725,0.0725,3439760.0,3439760.0,https://www.infogreffe.com/recherche-entreprise-dirigeants/resultats-entreprise-dirigeants.html?ga_cat=globale&ga_q=A.L.S.A.S#phrase=A.L.S.A.S,https://www.infogreffe.com/recherche-entreprise-dirigeants/resultats-entreprise-dirigeants.html?ga_cat=globale&ga_q=A.L.S.A.S#phrase=A.L.S.A.S
0,2008-03-31,ALSAS.PA,,2008-03-31,Q1,12096700,10428825.75,1667874.25,7.252765009112648,0.0,0.0,0.0,0.0,183550.25,12715554,0.0,540342.5,-1297759.75,-9.321216812279777,-618854.0,-19.546936757296553,0.0,460986.5,26.24089859464431,191786.25,250258.25,48.33686801534015,0.0725,0.0725,3439760.0,3439760.0,https://www.infogreffe.com/recherche-entreprise-dirigeants/resultats-entreprise-dirigeants.html?ga_cat=globale&ga_q=A.L.S.A.S#phrase=A.L.S.A.S,https://www.infogreffe.com/recherche-entreprise-dirigeants/resultats-entreprise-dirigeants.html?ga_cat=globale&ga_q=A.L.S.A.S#phrase=A.L.S.A.S
0,2008-01-31,ALSAS.PA,,2008-01-31,Q1,12096700,10428825.75,1667874.25,7.252765009112648,0.0,0.0,0.0,0.0,183550.25,12715554,0.0,540342.5,-1297759.75,-9.321216812279777,-618854.0,-19.546936757296553,0.0,460986.5,26.24089859464431,191786.25,250258.25,48.33686801534015,0.0725,0.0725,3439760.0,3439760.0,https://www.infogreffe.com/recherche-entreprise-dirigeants/resultats-entreprise-dirigeants.html?ga_cat=globale&ga_q=A.L.S.A.S#phrase=A.L.S.A.S,https://www.infogreffe.com/recherche-entreprise-dirigeants/resultats-entreprise-dirigeants.html?ga_cat=globale&ga_q=A.L.S.A.S#phrase=A.L.S.A.S
0,2007-09-31,ALSAS.PA,,2007-09-31,Q3,13502676.25,10976933.5,2525742.75,5.346021977099608,0.0,0.0,0.0,0.0,221320.0,13205420.75,0.0,264081.0,-133673.5,-101.012364081138,297255.5,45.42447910972211,0.0,1375065.0,9.819663979520968,482043.25,874542.75,15.439698345220974,0.50875,0.50875,1719880.0,1719880.0,https://www.infogreffe.com/recherche-entreprise-dirigeants/resultats-entreprise-dirigeants.html?ga_cat=globale&ga_q=A.L.S.A.S#phrase=A.L.S.A.S,https://www.infogreffe.com/recherche-entreprise-dirigeants/resultats-entreprise-dirigeants.html?ga_cat=globale&ga_q=A.L.S.A.S#phrase=A.L.S.A.S
0,2007-06-31,ALSAS.PA,,2007-06-31,Q2,13502676.25,10976933.5,2525742.75,5.346021977099608,0.0,0.0,0.0,0.0,221320.0,13205420.75,0.0,264081.0,-133673.5,-101.012364081138,297255.5,45.42447910972211,0.0,1375065.0,9.819663979520968,482043.25,874542.75,15.439698345220974,0.50875,0.50875,1719880.0,1719880.0,https://www.infogreffe.com/recherche-entreprise-dirigeants/resultats-entreprise-dirigeants.html?ga_cat=globale&ga_q=A.L.S.A.S#phrase=A.L.S.A.S,https://www.infogreffe.com/recherche-entreprise-dirigeants/resultats-entreprise-dirigeants.html?ga_cat=globale&ga_q=A.L.S.A.S#phrase=A.L.S.A.S
0,2007-03-31,ALSAS.PA,,2007-03-31,Q1,13502676.25,10976933.5,2525742.75,5.346021977099608,0.0,0.0,0.0,0.0,221320.0,13205420.75,0.0,264081.0,-133673.5,-101.012364081138,297255.5,45.42447910972211,0.0,1375065.0,9.819663979520968,482043.25,874542.75,15.439698345220974,0.50875,0.50875,1719880.0,1719880.0,https://www.infogreffe.com/recherche-entreprise-dirigeants/resultats-entreprise-dirigeants.html?ga_cat=globale&ga_q=A.L.S.A.S#phrase=A.L.S.A.S,https://www.infogreffe.com/recherche-entreprise-dirigeants/resultats-entreprise-dirigeants.html?ga_cat=globale&ga_q=A.L.S.A.S#phrase=A.L.S.A.S
0,2007-01-31,ALSAS.PA,,2007-01-31,Q1,13502676.25,10976933.5,2525742.75,5.346021977099608,0.0,0.0,0.0,0.0,221320.0,13205420.75,0.0,264081.0,-133673.5,-101.012364081138,297255.5,45.42447910972211,0.0,1375065.0,9.819663979520968,482043.25,874542.75,15.439698345220974,0.50875,0.50875,1719880.0,1719880.0,https://www.infogreffe.com/recherche-entreprise-dirigeants/resultats-entreprise-dirigeants.html?ga_cat=globale&ga_q=A.L.S.A.S#phrase=A.L.S.A.S,https://www.infogreffe.com/recherche-entreprise-dirigeants/resultats-entreprise-dirigeants.html?ga_cat=globale&ga_q=A.L.S.A.S#phrase=A.L.S.A.S
