,date,symbol,fillingDate,acceptedDate,period,revenue,costOfRevenue,grossProfit,grossProfitRatio,researchAndDevelopmentExpenses,generalAndAdministrativeExpenses,sellingAndMarketingExpenses,otherExpenses,operatingExpenses,costAndExpenses,interestExpense,depreciationAndAmortization,ebitda,ebitdaratio,operatingIncome,operatingIncomeRatio,totalOtherIncomeExpensesNet,incomeBeforeTax,incomeBeforeTaxRatio,incomeTaxExpense,netIncome,netIncomeRatio,eps,epsdiluted,weightedAverageShsOut,weightedAverageShsOutDil,link,finalLink
0,2020-09-30,MFA,2020-11-05,2020-11-05 12:26:26,Q3,48000.0,0.0,48000.0,1.0,0.0,-5616000.0,0.0,-60879000,-66495000,-66495000,5895000.0,5358000.0,5358000.0,111.625,0.0,0.0,791516000,0.0,0.0,0.0,0.0,0.0,0.17,0.17,482500000,482500000,https://www.sec.gov/Archives/edgar/data/1055160/000105516020000033/0001055160-20-000033-index.htm,https://www.sec.gov/Archives/edgar/data/1055160/000105516020000033/mfa-20200930.htm
0,2020-06-30,MFA,2020-08-06,2020-08-06 12:55:30,Q2,168819000,87991000,80828000,0.4787849708859785,0.0,16230000,0.0,-77040000,-15750000,72241000,87991000,388000.00000000035,184957000,1.095594,96578000,0.57208,-714406000,96578000,0.57208,0.0,96578000,0.57208,0.20016,0.20016,482500000,482500000,https://www.sec.gov/Archives/edgar/data/1055160/000105516020000030/0001055160-20-000030-index.htm,https://www.sec.gov/Archives/edgar/data/1055160/000105516020000030/mfa-06302020x10q.htm
0,2020-03-31,MFA,2020-06-22,2020-06-22 16:32:30,Q1,-225652000,83759000,141893000,-0.6288133940758336,0.0,13474000,0.0,161991000,599584000,683343000,83759000,3582000.0,-821654000,3.641244,-908995000,4.028305,-790763000,-908995000,4.028305,0.0,-908995000,4.028305,-2.0067,-2.0067,452979000,452979000,https://www.sec.gov/Archives/edgar/data/1055160/000105516020000021/0001055160-20-000021-index.htm,https://www.sec.gov/Archives/edgar/data/1055160/000105516020000006/mfa-12312019x10k.htm
0,2019-12-31,MFA,2020-02-21,2020-02-21 06:43:05,Q4,208515000,82463000,126052000,0.6045224564180035,0.0,12732000,0.0,12699000,25431000.00000001,107894000.00000001,-40306000,1361000.0,61676000,0.295787,100621000,0.48256,225857000,100621000,0.48256,0.0,100621000,0.48256,0.20918,0.20918,481017000,481017000,https://www.sec.gov/Archives/edgar/data/1055160/000105516020000006/0001055160-20-000006-index.htm,https://www.sec.gov/Archives/edgar/data/1055160/000105516020000006/mfa-12312019x10k.htm
0,2019-09-30,MFA,2019-11-06,2019-11-06 12:49:15,Q3,205150000,85823000,119327000,0.5816573239093347,0.0,12942000,0.0,10786000,23728000.00000001,109551000.00000001,85823000,873000.0,182295000,0.888594,95599000,0.465996,62429000,95599000,0.465996,0.0,95599000,0.465996,0.19919,0.19919,479940000,479940000,https://www.sec.gov/Archives/edgar/data/1055160/000105516019000025/0001055160-19-000025-index.htm,https://www.sec.gov/Archives/edgar/data/1055160/000105516019000025/mfa-09302019x10q.htm
0,2019-06-30,MFA,2019-08-07,2019-08-07 12:25:16,Q2,393918000,164070000,229848000,0.5834919957960794,0.0,26974000,0.0,20977000,47950999.99999999,212021000,85044000,652000.0000000001,267593000,0.679311,181897000,0.461764,56862000,181897000,0.461764,0.0,181897000,0.461764,0.38566,0.38566,471646500,471646500,https://www.sec.gov/Archives/edgar/data/1055160/000105516019000021/0001055160-19-000021-index.htm,https://www.sec.gov/Archives/edgar/data/1055160/000105516019000021/mfa-06302019x10q.htm
0,2019-03-31,MFA,2019-05-07,2019-05-07 16:15:07,Q1,192121000,79026000,113095000,0.5886654764445324,0.0,13199000,0.0,11039000,24238000,103264000,79026000,432000.0,168315000,0.876089,88857000,0.462505,51169000,88857000,0.462505,0.0,88857000,0.462505,0.1973,0.1973,450358000,450358000,https://www.sec.gov/Archives/edgar/data/1055160/000105516019000011/0001055160-19-000011-index.htm,https://www.sec.gov/Archives/edgar/data/1055160/000105516019000005/mfa-12312018x10k.htm
0,2018-12-31,MFA,2019-02-21,2019-02-21 12:34:44,Q4,153694000,70944000,82750000,0.5384074850026677,0.0,11853000,0.0,10018000,21870999.999999996,92815000,70944000,470999.9999999999,132294000,0.860762,60879000,0.396105,20950000,60879000,0.396105,0.0,60879000,0.396105,0.13532,0.13532,449894000,449894000,https://www.sec.gov/Archives/edgar/data/1055160/000105516019000005/0001055160-19-000005-index.htm,https://www.sec.gov/Archives/edgar/data/1055160/000105516019000005/mfa-12312018x10k.htm
0,2018-09-30,MFA,2018-11-06,2018-11-06 11:24:59,Q3,165791000,58878000,106913000,0.6448661266293104,0.0,11023000,0.0,8758000.0,19781000.000000007,78659000,58878000,554000.0,146564000,0.884029,87132000,0.525553,48359000,87132000,0.525553,0.0,87132000,0.525553,0.20324,0.20324,428713000,428713000,https://www.sec.gov/Archives/edgar/data/1055160/000105516018000016/0001055160-18-000016-index.htm,https://www.sec.gov/Archives/edgar/data/1055160/000105516018000016/mfa-09302018x10q.htm
0,2018-06-30,MFA,2018-08-02,2018-08-02 11:29:27,Q2,142800000,51800000,91000000,0.6372549019607843,0.0,12600000,0.0,7900000.0,20600000.00000001,72400000.00000001,51810000,400000.0,122610000,0.858613,70400000,0.492997,7900000.0,70400000,0.492997,0.0,70400000,0.492997,0.1587,0.1587,443600000,443600000,https://www.sec.gov/Archives/edgar/data/1055160/000105516018000012/0001055160-18-000012-index.htm,https://www.sec.gov/Archives/edgar/data/1055160/000105516018000012/mfa-06302018x10q.htm
0,2018-03-31,MFA,2018-05-08,2018-05-08 11:12:37,Q1,151400000,50600000,100800000,0.665785997357992,0.0,10600000,0.0,6900000.0,17400000,68000000,50554000,400000.0,134354000,0.887411,83400000,0.550859,6900000.0,83400000,0.550859,0.0,83400000,0.550859,0.20939,0.20939,398300000,398300000,https://www.sec.gov/Archives/edgar/data/1055160/000105516018000009/0001055160-18-000009-index.htm,https://www.sec.gov/Archives/edgar/data/1055160/000105516018000005/mfa-12312017x10k.htm
0,2017-12-31,MFA,2018-02-15,2018-02-15 11:19:11,Q4,164900000,48500000,116400000,0.7058823529411765,0.0,9300000.0,0.0,7500000.0,15799999.999999996,64300000,48495000,300000.00000000006,149395000,0.905973,100600000,0.610067,7500000.0,100600000,0.610067,0.0,100600000,0.610067,0.25302,0.25302,397600000,397600000,https://www.sec.gov/Archives/edgar/data/1055160/000105516018000005/0001055160-18-000005-index.htm,https://www.sec.gov/Archives/edgar/data/1055160/000105516018000005/mfa-12312017x10k.htm
0,2017-09-30,MFA,2017-11-02,2017-11-02 11:57:43,Q3,134200000,49300000,84900000,0.6326378539493294,0.0,15000000,0.0,6200000.0,21100000.00000001,70400000.00000001,49275000,799999.9999999999,113875000,0.848547,63800000,0.47541,6200000.0,63800000,0.47541,0.0,63800000,0.47541,0.16083,0.16083,396700000,396700000,https://www.sec.gov/Archives/edgar/data/1055160/000105516017000017/0001055160-17-000017-index.htm,https://www.sec.gov/Archives/edgar/data/1055160/000105516017000017/mfa-09302017x10q.htm
0,2017-06-30,MFA,2017-08-02,2017-08-02 12:08:23,Q2,147100000,49000000,98100000,0.6668932698844323,0.0,13300000,0.0,4200000.0,18200000.000000004,67200000,49022000,200000.0,129122000,0.877784,79900000,0.543168,4200000.0,79900000,0.543168,0.0,79900000,0.543168,0.20683,0.20683,386300000,386300000,https://www.sec.gov/Archives/edgar/data/1055160/000105516017000012/0001055160-17-000012-index.htm,https://www.sec.gov/Archives/edgar/data/1055160/000105516017000012/mfa-06302017x10q.htm
0,2017-03-31,MFA,2017-05-04,2017-05-04 12:15:00,Q1,145300000,50300000,95000000,0.653819683413627,0.0,12000000,0.0,4400000.0,16900000.000000007,67200000,50349000,200000.0,128649000,0.885403,78100000,0.537509,4400000.0,78100000,0.537509,0.0,78100000,0.537509,0.20961,0.20961,372600000,372600000,https://www.sec.gov/Archives/edgar/data/1055160/000105516017000008/0001055160-17-000008-index.htm,https://www.sec.gov/Archives/edgar/data/1055160/000105516017000004/mfa-12312016x10k.htm
0,2016-12-31,MFA,2017-02-16,2017-02-16 12:05:14,Q4,138200000,49900000,88300000,0.6389290882778582,0.0,11600000,0.0,4100000.0,15699999.999999996,65599999.99999999,49868000,300000.00000000006,122768000,0.888336,72600000,0.525326,4100000.0,72600000,0.525326,0.0,72600000,0.525326,0.19863,0.19863,365500000,365500000,https://www.sec.gov/Archives/edgar/data/1055160/000105516017000004/0001055160-17-000004-index.htm,https://www.sec.gov/Archives/edgar/data/1055160/000105516017000004/mfa-12312016x10k.htm
0,2016-09-30,MFA,2016-11-03,2016-11-03 12:03:57,Q3,146600000,48200000,98400000,0.6712141882673943,0.0,10800000,0.0,4200000.0,15399999.999999998,63600000,48167000,99999.99999999999,131267000,0.895409,83000000,0.566166,4200000.0,83000000,0.566166,0.0,83000000,0.566166,0.22246,0.22246,373100000,373100000,https://www.sec.gov/Archives/edgar/data/1055160/000105516016000135/0001055160-16-000135-index.htm,https://www.sec.gov/Archives/edgar/data/1055160/000105516016000135/mfa-09302016x10q.htm
0,2016-06-30,MFA,2016-08-03,2016-08-03 12:19:54,Q2,141500000,47700000,93800000,0.6628975265017668,0.0,11900000,0.0,3000000.0,14899999.999999998,62600000,47720000,300000.0,127020000,0.897668,79000000,0.558304,3000000.0,79000000,0.558304,0.0,79000000,0.558304,0.20828,0.20828,379300000,379300000,https://www.sec.gov/Archives/edgar/data/1055160/000105516016000130/0001055160-16-000130-index.htm,https://www.sec.gov/Archives/edgar/data/1055160/000105516016000130/mfa-06302016x10q.htm
0,2016-03-31,MFA,2016-05-04,2016-05-04 12:22:06,Q1,140100000,47600000,92500000,0.6602426837972877,0.0,11300000,0.0,3100000.0,14500000,62100000,47600000,300000.0,126000000,0.899358,78100000,0.557459,3100000.0,78100000,0.557459,0.0,78100000,0.557459,0.21057,0.21057,370900000,370900000,https://www.sec.gov/Archives/edgar/data/1055160/000105516016000125/0001055160-16-000125-index.htm,https://www.sec.gov/Archives/edgar/data/1055160/000105516016000119/mfa-12312015x10k.htm
0,2015-12-31,MFA,2016-02-18,2016-02-18 12:34:01,Q4,134200000,46500000,87700000,0.6535022354694486,0.0,10600000,0.0,3700000.0,14200000.000000004,60700000,46456000,300000.00000000006,120256000,0.896095,73500000,0.54769,3700000.0,73500000,0.54769,0.0,73500000,0.54769,0.19742,0.19742,372300000,372300000,https://www.sec.gov/Archives/edgar/data/1055160/000105516016000119/0001055160-16-000119-index.htm,https://www.sec.gov/Archives/edgar/data/1055160/000105516016000119/mfa-12312015x10k.htm
0,2015-09-30,MFA,2015-11-04,2015-11-04 13:14:47,Q3,136200000,43700000,92500000,0.6791483113069016,0.0,10000000,0.0,3000000.0,13000000,56700000,43703000,300000.0,123503000,0.906777,79500000,0.5837,3000000.0,79500000,0.5837,0.0,79500000,0.5837,0.21359,0.21359,372200000,372200000,https://www.sec.gov/Archives/edgar/data/1055160/000105516015000107/0001055160-15-000107-index.htm,https://www.sec.gov/Archives/edgar/data/1055160/000105516015000107/mfa-09302015x10q.htm
0,2015-06-30,MFA,2015-08-04,2015-08-04 11:57:00,Q2,134200000,42800000,91400000,0.6810730253353204,0.0,11200000,0.0,1700000.0,13300000.000000004,56100000.00000001,42849000,199999.99999999997,121149000,0.90275,78100000,0.581967,1700000.0,78100000,0.581967,0.0,78100000,0.581967,0.21097,0.21097,370200000,370200000,https://www.sec.gov/Archives/edgar/data/1055160/000105516015000089/0001055160-15-000089-index.htm,https://www.sec.gov/Archives/edgar/data/1055160/000105516015000089/mfa-06302015x10q.htm
0,2015-03-31,MFA,2015-05-05,2015-05-05 12:14:58,Q1,138700000,43900000,94800000,0.6834895457822638,0.0,10200000,0.0,2000000.0,12600000.000000002,56500000,43940000,100000.0,126240000,0.910166,82200000,0.592646,2000000.0,82200000,0.592646,0.0,82200000,0.592646,0.2215,0.2215,371100000,371100000,https://www.sec.gov/Archives/edgar/data/1055160/000105516015000052/0001055160-15-000052-index.htm,https://www.sec.gov/Archives/edgar/data/1055160/000105516015000041/mfa-123114x10k.htm
0,2014-12-31,MFA,2015-02-12,2015-02-12 12:22:50,Q4,130900000,39000000,91900000,0.7020626432391138,0.0,10900000,0.0,1800000.0,12700000.000000004,51700000,38960000,299999.99999999994,118960000,0.908785,79300000,0.605806,1800000.0,79700000,0.608862,0.0,79700000,0.608862,0.21488,0.21488,370900000,370900000,https://www.sec.gov/Archives/edgar/data/1055160/000105516015000041/0001055160-15-000041-index.htm,https://www.sec.gov/Archives/edgar/data/1055160/000105516015000041/mfa-123114x10k.htm
0,2014-09-30,MFA,2014-11-04,2014-11-04 11:31:07,Q3,128700000,39400000,89300000,0.6938616938616938,0.0,9800000.0,0.0,600000.0,10399999.999999998,49800000,39358000,200000.00000000006,118458000,0.92042,78900000,0.613054,600000.0,78900000,0.613054,0.0,78900000,0.613054,0.21342,0.21342,369700000,369700000,https://www.sec.gov/Archives/edgar/data/1055160/000105516014000122/0001055160-14-000122-index.htm,https://www.sec.gov/Archives/edgar/data/1055160/000105516014000122/mfa-09302014x10q.htm
0,2014-06-30,MFA,2014-08-04,2014-08-04 11:36:25,Q2,131000000,40600000,90400000,0.6900763358778625,0.0,11200000,0.0,500000.0,11699999.999999996,52299999.99999999,40569000,399999.99999999994,119669000,0.913504,78700000,0.600763,500000.0,78700000,0.600763,0.0,78700000,0.600763,0.21363,0.21363,368400000,368400000,https://www.sec.gov/Archives/edgar/data/1055160/000105516014000096/0001055160-14-000096-index.htm,https://www.sec.gov/Archives/edgar/data/1055160/000105516014000096/mfa-06302014x10q.htm
0,2014-03-31,MFA,2014-05-01,2014-05-01 11:12:44,Q1,127600000,40900000,86700000,0.6794670846394985,0.0,10100000,0.0,400000.0,10500000,51400000,40921000,300000.0,117421000,0.920227,76200000,0.597179,400000.0,76200000,0.597179,0.0,76200000,0.597179,0.20701,0.20701,368100000,368100000,https://www.sec.gov/Archives/edgar/data/1055160/000105516014000053/0001055160-14-000053-index.htm,https://www.sec.gov/Archives/edgar/data/1055160/000105516014000036/mfa-123113x10k.htm
0,2013-12-31,MFA,2014-02-13,2014-02-13 11:23:45,Q4,129900000,43400000,86500000,0.665896843725943,0.0,7900000.0,0.0,80808000,7899999.999999999,51300000,43427000,2699999.9999999995,124727000,0.960177,78600000,0.605081,8848000.0,78600000,0.605081,0.0,78600000,0.605081,0.2147,0.2147,366100000,366100000,https://www.sec.gov/Archives/edgar/data/1055160/000105516014000036/0001055160-14-000036-index.htm,https://www.sec.gov/Archives/edgar/data/1055160/000105516014000036/mfa-123113x10k.htm
0,2013-09-30,MFA,2013-11-04,2013-11-04 11:39:44,Q3,124000000,42000000,82000000,0.6612903225806451,0.0,8700000.0,0.0,7325000.0,10700000.000000004,52700000,41950000,899999.9999999999,114150000,0.920565,71300000,0.575,5555000.0,71300000,0.575,0.0,71300000,0.575,0.19593,0.19593,363900000,363900000,https://www.sec.gov/Archives/edgar/data/1055160/000105516013000074/0001055160-13-000074-index.htm,https://www.sec.gov/Archives/edgar/data/1055160/000105516013000074/mfa-09302013x10q.htm
0,2013-06-30,MFA,2013-08-01,2013-08-01 12:42:07,Q2,124800000,38500000,86300000,0.6915064102564102,0.0,10800000,0.0,7284000.0,10799999.999999996,49300000,38478000,1100000.0,115078000,0.922099,75500000,0.604968,4125000.0,75500000,0.604968,0.0,75500000,0.604968,0.20885,0.20885,361500000,361500000,https://www.sec.gov/Archives/edgar/data/1055160/000105516013000068/0001055160-13-000068-index.htm,https://www.sec.gov/Archives/edgar/data/1055160/000105516013000068/mfa-06302013x10q.htm
0,2013-03-31,MFA,2013-05-01,2013-05-01 11:32:52,Q1,126000000,40200000,85800000,0.680952380952381,0.0,8500000.0,0.0,5273000.0,8399999.999999998,48600000,40158000,1100000.0,118658000,0.94173,77400000,0.614286,3224000.0,77400000,0.614286,0.0,77400000,0.614286,0.21464,0.21464,360600000,360600000,https://www.sec.gov/Archives/edgar/data/1055160/000110465913035797/0001104659-13-035797-index.htm,https://www.sec.gov/Archives/edgar/data/1055160/000110465913017869/a12-29785_110k.htm
0,2012-12-31,MFA,2013-03-06,2013-03-06 13:10:35,Q4,127900000,3900000.0,124000000,0.9695074276778733,0.0,15600000,0.0,39100000,54800000.00000001,58700000.00000001,43054000,1000000.0,113254000,0.885489,69200000,0.541048,21621000,69200000,0.541048,0.0,69200000,0.541048,0.19362,0.19362,357400000,357400000,https://www.sec.gov/Archives/edgar/data/1055160/000110465913017869/0001104659-13-017869-index.htm,https://www.sec.gov/Archives/edgar/data/1055160/000110465913017869/a12-29785_110k.htm
0,2012-09-30,MFA,2012-11-06,2012-11-06 11:51:59,Q3,132600000,45800000,86800000,0.6546003016591252,0.0,8700000.0,0.0,82000000,8700000.000000004,54500000,45801000,1200000.0,125101000,0.943446,78100000,0.588989,18678000,78100000,0.588989,0.0,78100000,0.588989,0.21883,0.21883,356900000,356900000,https://www.sec.gov/Archives/edgar/data/1055160/000110465912074557/0001104659-12-074557-index.htm,https://www.sec.gov/Archives/edgar/data/1055160/000110465912074557/a12-19512_110q.htm
0,2012-06-30,MFA,2012-08-06,2012-08-06 13:02:18,Q2,136400000,78800000,57600000,0.4222873900293255,0.0,8400000.0,0.0,86053000,-27799999.999999996,51000000,42688000,900000.0,118388000,0.867947,74800000,0.548387,11221000,74800000,0.548387,0.0,74800000,0.548387,0.20709,0.20709,361200000,361200000,https://www.sec.gov/Archives/edgar/data/1055160/000110465912054501/0001104659-12-054501-index.htm,https://www.sec.gov/Archives/edgar/data/1055160/000110465912054501/a12-12950_110q.htm
0,2012-03-31,MFA,2012-05-04,2012-05-04 12:01:56,Q1,134200000,4100000.0,130100000,0.9694485842026825,0.0,8400000.0,0.0,36100000,45400000,49500000,40127000,400000.0,125227000,0.933137,84700000,0.631148,10652000,84700000,0.631148,0.0,84700000,0.631148,0.23779,0.23779,356200000,356200000,https://www.sec.gov/Archives/edgar/data/1055160/000110465912033031/0001104659-12-033031-index.htm,https://www.sec.gov/Archives/edgar/data/1055160/000110465912010483/a11-31629_110k.htm
0,2011-12-31,MFA,2012-02-16,2012-02-16 13:26:03,Q4,126900000,3600000.0,123300000,0.9716312056737588,0.0,6800000.0,0.0,35200000,46199999.99999999,49799999.99999999,38811000,400000.00000000035,109811000,0.865335,77100000,0.607565,400000.0,70600000,0.556344,0.0,70600000,0.556344,0.19793,0.19793,356700000,356700000,https://www.sec.gov/Archives/edgar/data/1055160/000110465912010483/0001104659-12-010483-index.htm,https://www.sec.gov/Archives/edgar/data/1055160/000110465912010483/a11-31629_110k.htm
0,2011-09-30,MFA,2011-11-07,2011-11-07 12:18:51,Q3,134100000,3800000.0,130300000,0.9716629381058911,0.0,8700000.0,0.0,34900000,47700000,51500000,38752000,1400000.0,123852000,0.923579,82600000,0.615958,400000.0,83700000,0.624161,0.0,83700000,0.624161,0.23511,0.23511,356000000,356000000,https://www.sec.gov/Archives/edgar/data/1055160/000110465911061506/0001104659-11-061506-index.htm,https://www.sec.gov/Archives/edgar/data/1055160/000110465911061506/a11-25854_110q.htm
0,2011-06-30,MFA,2011-08-03,2011-08-03 11:36:35,Q2,132100000,2700000.0,129400000,0.979560938682816,0.0,8000000.0,0.0,34500000,44900000,47600000,37195000,400000.0,116895000,0.884898,84500000,0.639667,400000.0,79300000,0.600303,0.0,79300000,0.600303,0.223,0.223,355600000,355600000,https://www.sec.gov/Archives/edgar/data/1055160/000110465911042999/0001104659-11-042999-index.htm,https://www.sec.gov/Archives/edgar/data/1055160/000110465911042999/a11-14100_110q.htm
0,2011-03-31,MFA,2011-05-03,2011-05-03 12:06:35,Q1,109900000,1600000.0,108300000,0.9854413102820746,0.0,7600000.0,0.0,33100000,40600000,42200000,34653000,500000.0,118053000,1.074186,67600000,0.615105,400000.0,82900000,0.754322,0.0,82900000,0.754322,0.278,0.278,298200000,298200000,https://www.sec.gov/Archives/edgar/data/1055160/000110465911025161/0001104659-11-025161-index.htm,https://www.sec.gov/Archives/edgar/data/1055160/000110465911007328/a11-4073_110k.htm
0,2010-12-31,MFA,2011-02-14,2011-02-14 15:12:14,Q4,97600000,900000.0,96700000,0.9907786885245902,0.0,6500000.0,0.0,34600000,47900000,48800000,35469000,199999.99999999997,97269000,0.996609,48800000,0.5,400000.0,61600000,0.631148,0.0,61600000,0.631148,0.2169,0.2169,284000000,284000000,https://www.sec.gov/Archives/edgar/data/1055160/000110465911007328/0001104659-11-007328-index.htm,https://www.sec.gov/Archives/edgar/data/1055160/000110465911007328/a11-4073_110k.htm
0,2010-09-30,MFA,2010-11-04,2010-11-04 11:32:06,Q3,97400000,0.0,97400000,1.0,0.0,6400000.0,0.0,35500000,41900000,41900000,35464000,200000.0,112864000,1.158768,55500000,0.569815,400000.0,77200000,0.792608,0.0,77200000,0.792608,0.27512,0.27512,280600000,280600000,https://www.sec.gov/Archives/edgar/data/1055160/000110465910055895/0001104659-10-055895-index.htm,https://www.sec.gov/Archives/edgar/data/1055160/000110465910055895/a10-17632_110q.htm
0,2010-06-30,MFA,2010-08-03,2010-08-03 11:11:25,Q2,88600000,0.0,88600000,1.0,0.0,6700000.0,0.0,35700000,47900000,47900000,74192000,99999.99999999999,122592000,1.383657,40700000,0.459368,400000.0,48300000,0.545147,0.0,48300000,0.545147,0.17122,0.17122,282100000,282100000,https://www.sec.gov/Archives/edgar/data/1055160/000110465910041333/0001104659-10-041333-index.htm,https://www.sec.gov/Archives/edgar/data/1055160/000110465910041333/a10-13007_110q.htm
0,2010-03-31,MFA,2010-04-29,2010-04-29 14:43:49,Q1,141400000,0.0,141400000,1.0,0.0,6700000.0,0.0,38500000,71900000,71900000,-38451000,200000.0,44449000,0.314349,69500000,0.491513,400000.0,82700000,0.584866,0.0,82700000,0.584866,0.29494,0.29494,280400000,280400000,https://www.sec.gov/Archives/edgar/data/1055160/000110465910023187/0001104659-10-023187-index.htm,https://www.sec.gov/Archives/edgar/data/1055160/000119380510000390/e606416_10k-mfa.htm
0,2009-12-31,MFA,2010-02-11,2010-02-11 11:25:12,Q4,130600000,46300000,84300000,0.6454823889739663,0.0,5300000.0,0.0,3675000.0,14200000.000000004,60500000,-46287000,99999.99999999999,32413000,0.248185,70100000,0.536753,400000.0,78600000,0.601838,0.0,78600000,0.601838,0.27952,0.27952,281200000,281200000,https://www.sec.gov/Archives/edgar/data/1055160/000119380510000390/0001193805-10-000390-index.htm,https://www.sec.gov/Archives/edgar/data/1055160/000119380510000390/e606416_10k-mfa.htm
0,2009-09-30,MFA,2009-11-04,2009-11-04 11:00:46,Q3,124500000,53000000,71500000,0.5742971887550201,0.0,5900000.0,0.0,4154000.0,5799999.999999997,58800000,-52976000,200000.0,14024000,0.112643,65700000,0.527711,400000.0,66800000,0.536546,0.0,66800000,0.536546,0.25722,0.25722,259700000,259700000,https://www.sec.gov/Archives/edgar/data/1055160/000119380509002132/0001193805-09-002132-index.htm,https://www.sec.gov/Archives/edgar/data/1055160/000119380509002132/e606000_10q-mfa.htm
0,2009-06-30,MFA,2009-07-27,2009-07-27 12:15:20,Q2,140200000,58000000,82200000,0.5863052781740371,0.0,6000000.0,0.0,4065000.0,13500000,71500000,-58006000,100000.0,11194000,0.079843,68700000,0.490014,400000.0,69100000,0.492867,0.0,69100000,0.492867,0.3107,0.3107,222400000,222400000,https://www.sec.gov/Archives/edgar/data/1055160/000119380509001470/0001193805-09-001470-index.htm,https://www.sec.gov/Archives/edgar/data/1055160/000119380509001470/e605674_10q-mfa.htm
0,2009-03-31,MFA,2009-04-30,2009-04-30 11:31:59,Q1,132800000,72100000,60700000,0.45707831325301207,0.0,5800000.0,0.0,3964000.0,7400000.000000006,79500000,-72137000,100000.0,-18337000,-0.13808,53300000,0.401355,400000.0,53700000,0.404367,0.0,53700000,0.404367,0.24135,0.24135,222500000,222500000,https://www.sec.gov/Archives/edgar/data/1055160/000119380509000943/0001193805-09-000943-index.htm,https://www.sec.gov/Archives/edgar/data/1055160/000119380509000368/e605011_10k-mfa.htm
0,2008-12-31,MFA,2009-02-13,2009-02-13 16:00:41,Q4,137900000,87500000,50400000,0.36548223350253806,0.0,3900000.0,0.0,200000.0,4099999.999999994,91600000,-87522000,99999.99999999999,-40822000,-0.296026,46300000,0.335751,400000.0,46600000,0.337926,0.0,46600000,0.337926,0.39693,0.39693,117400000,117400000,https://www.sec.gov/Archives/edgar/data/1055160/000119380509000368/0001193805-09-000368-index.htm,https://www.sec.gov/Archives/edgar/data/1055160/000119380509000368/e605011_10k-mfa.htm
0,2008-09-30,MFA,2008-11-03,2008-11-03 12:10:18,Q3,141000000,85000000,56000000,0.3971631205673759,0.0,5200000.0,0.0,3703000.0,6400000.000000006,91400000,-85033000,200000.0,-34733000,-0.246333,49600000,0.351773,400000.0,50100000,0.355319,0.0,50100000,0.355319,0.25075,0.25075,199800000,199800000,https://www.sec.gov/Archives/edgar/data/1055160/000119380508002705/0001193805-08-002705-index.htm,https://www.sec.gov/Archives/edgar/data/1055160/000119380508002705/e604493_10q-mfa.htm
0,2008-06-30,MFA,2008-07-30,2008-07-30 10:58:34,Q2,120800000,76700000,44100000,0.3650662251655629,0.0,4500000.0,0.0,1000000.0,9399999.99999999,86099999.99999999,-76661000,100000.0,-41561000,-0.344048,34600000,0.286424,400000.0,35000000,0.289735,0.0,35000000,0.289735,0.21097,0.21097,165900000,165900000,https://www.sec.gov/Archives/edgar/data/1055160/000119380508001801/0001193805-08-001801-index.htm,https://www.sec.gov/Archives/edgar/data/1055160/000119380508001801/e604066_10q-mfa.htm
0,2008-03-31,MFA,2008-04-30,2008-04-30 12:02:31,Q1,128200000,93500000,34700000,0.2706708268330733,0.0,4200000.0,0.0,3093000.0,96500000,190000000,-93472000,100000.0,-179272000,-1.398378,-61800000,-0.482059,400000.0,-85900000,-0.670047,0.0,-85900000,-0.670047,-0.59364,-0.59364,144700000,144700000,https://www.sec.gov/Archives/edgar/data/1055160/000119380508001210/0001193805-08-001210-index.htm,https://www.sec.gov/Archives/edgar/data/1055160/000119380508000585/e603356_10k-mfa.htm
0,2007-12-31,MFA,2008-02-14,2008-02-14 09:37:20,Q4,112400000,88900000,23500000,0.2090747330960854,0.0,3600000.0,0.0,6109000.0,3599999.9999999944,92500000,-239489000,100000.00000000003,-218789000,-1.946521,19900000,0.177046,400000.0,20600000,0.183274,0.0,20600000,0.183274,0.18102,0.18102,113800000,113800000,https://www.sec.gov/Archives/edgar/data/1055160/000119380508000585/0001193805-08-000585-index.htm,https://www.sec.gov/Archives/edgar/data/1055160/000119380508000585/e603356_10k-mfa.htm
0,2007-09-30,MFA,2007-11-01,2007-11-01 12:16:09,Q3,96800000,81800000,15000000,0.15495867768595042,0.0,3500000.0,0.0,2270000.0,4100000.0000000084,85900000.00000001,-81816000,99999.99999999999,-92116000,-0.951612,10900000,0.112603,400000.0,-10700000,-0.110537,0.0,-10400000,-0.107438,-0.12093,-0.12093,86000000,86000000,https://www.sec.gov/Archives/edgar/data/1055160/000114544307003383/0001145443-07-003383-index.htm,https://www.sec.gov/Archives/edgar/data/1055160/000114544307003383/d22138_10-q.htm
0,2007-06-30,MFA,2007-08-02,2007-08-02 08:57:03,Q2,91100000,78300000,12800000,0.14050493962678376,0.0,3100000.0,0.0,1838000.0,3000000.0,81300000,-78348000,100000.0,-68048000,-0.746959,9900000.0,0.108672,400000.0,10200000,0.111965,0.0,10200000,0.111965,0.12454,0.12454,81900000,81900000,https://www.sec.gov/Archives/edgar/data/1055160/000114544307002355/0001145443-07-002355-index.htm,https://www.sec.gov/Archives/edgar/data/1055160/000114544307002355/d21740_10q.htm
0,2007-03-31,MFA,2007-05-02,2007-05-02 12:05:56,Q1,84900000,72300000,12600000,0.14840989399293286,0.0,3200000.0,0.0,2032000.0,3200000.000000003,75500000,-72260000,100000.0,-62260000,-0.733333,9400000.0,0.110718,400000.0,9900000.0,0.116608,0.0,9900000.0,0.116608,0.12252,0.12252,80800000,80800000,https://www.sec.gov/Archives/edgar/data/1055160/000114544307001341/0001145443-07-001341-index.htm,https://www.sec.gov/Archives/edgar/data/1055160/000114544307000425/d20709.htm
0,2006-12-31,MFA,2007-02-16,2007-02-16 09:18:08,Q4,71600000,62100000,9500000.0,0.13268156424581007,0.0,2200000.0,0.0,1560000.0,2399999.9999999986,64500000,-62114000,99999.99999999999,-55514000,-0.775335,7100000.0,0.099162,400000.0,7500000.0,0.104749,0.0,6500000.0,0.090782,0.08166,0.08166,79600000,79600000,https://www.sec.gov/Archives/edgar/data/1055160/000114544307000425/0001145443-07-000425-index.htm,https://www.sec.gov/Archives/edgar/data/1055160/000114544307000425/d20709.htm
0,2006-09-30,MFA,2006-11-01,2006-11-01 08:46:31,Q3,47600000,38200000,9400000.0,0.19747899159663865,0.0,2600000.0,0.0,1876000.0,2799999.999999997,41000000,-38205000,99999.99999999999,-31005000,-0.651366,6700000.0,0.140756,400000.0,7100000.0,0.14916,0.0,7100000.0,0.14916,0.08965,0.08965,79200000,79200000,https://www.sec.gov/Archives/edgar/data/1055160/000119380506002620/0001193805-06-002620-index.htm,https://www.sec.gov/Archives/edgar/data/1055160/000119380506002620/e601167_10q-mfa.htm
0,2006-06-30,MFA,2006-08-02,2006-08-02 08:46:02,Q2,46400000,38800000,7600000.0,0.16379310344827586,0.0,2700000.0,0.0,1578000.0,2900000.0000000056,41700000.00000001,-38818000,200000.0,-58318000,-1.256853,4700000.0,0.101293,400000.0,-19700000,-0.424569,0.0,-19700000,-0.424569,-0.24842,-0.24842,79300000,79300000,https://www.sec.gov/Archives/edgar/data/1055160/000119380506001881/0001193805-06-001881-index.htm,https://www.sec.gov/Archives/edgar/data/1055160/000119380506001881/e600854_10q-mfa.htm
0,2006-03-31,MFA,2006-05-03,2006-05-03 08:54:22,Q1,54200000,42800000,11400000,0.21033210332103322,0.0,2900000.0,0.0,2328000.0,3100000.0000000014,45900000,-42785000,200000.0,-27585000,-0.508948,8400000.0,0.154982,400000.0,10300000,0.190037,0.0,15000000,0.276753,0.1875,0.1875,80000000,80000000,https://www.sec.gov/Archives/edgar/data/1055160/000119380506001115/0001193805-06-001115-index.htm,https://www.sec.gov/Archives/edgar/data/1055160/000119380506000680/e600137_10k-mfa.htm
0,2005-12-31,MFA,2006-03-10,2006-03-10 09:00:32,Q4,59000000,48500000,10500000,0.17796610169491525,0.0,2200000.0,0.0,2217000.0,2399999.9999999986,50900000,-48499000,200000.00000000006,-78899000,-1.337271,8100000.0,0.137288,400000.0,-30600000,-0.518644,0.0,-30600000,-0.518644,-0.37592,-0.37592,81400000,81400000,https://www.sec.gov/Archives/edgar/data/1055160/000119380506000680/0001193805-06-000680-index.htm,https://www.sec.gov/Archives/edgar/data/1055160/000119380506000680/e600137_10k-mfa.htm
0,2005-09-30,MFA,2005-11-03,2005-11-03 08:50:00,Q3,57600000,49100000,8500000.0,0.14756944444444445,0.0,2500000.0,0.0,2511000.0,2600000.0000000014,51700000,-49060000,199999.99999999997,-42560000,-0.738889,5900000.0,0.102431,400000.0,6300000.0,0.109375,0.0,6300000.0,0.109375,0.07646,0.07646,82400000,82400000,https://www.sec.gov/Archives/edgar/data/1055160/000119380505002207/0001193805-05-002207-index.htm,https://www.sec.gov/Archives/edgar/data/1055160/000119380505002207/e501106_10q-mfa.htm
0,2005-06-30,MFA,2005-07-28,2005-07-28 09:52:58,Q2,61100000,46500000,14600000,0.23895253682487724,0.0,2400000.0,0.0,2585000.0,2500000.0,49000000,-46508000,200000.0,-34108000,-0.558232,12200000,0.199673,100000.0,12200000,0.199673,0.0,12200000,0.199673,0.14646,0.14646,83300000,83300000,https://www.sec.gov/Archives/edgar/data/1055160/000119380505001601/0001193805-05-001601-index.htm,https://www.sec.gov/Archives/edgar/data/1055160/000119380505001601/e500828_10q-mfa.htm
0,2005-03-31,MFA,2005-04-28,2005-04-28 08:31:42,Q1,61200000,39800000,21400000,0.34967320261437906,0.0,3000000.0,0.0,2678000.0,3300000.000000004,43100000.00000001,-39766000,200000.0,-20666000,-0.33768,18200000,0.297386,600000.0,18800000,0.30719,0.0,18900000,0.308824,0.22965,0.22965,82300000,82300000,https://www.sec.gov/Archives/edgar/data/1055160/000119380505000917/0001193805-05-000917-index.htm,https://www.sec.gov/Archives/edgar/data/1055160/000114544305000224/d16237.htm
0,2004-12-31,MFA,2005-02-11,2005-02-11 13:58:24,Q4,54300000,31800000,22500000,0.4143646408839779,0.0,3300000.0,0.0,2545000.0,3699999.999999999,35500000,-31836000,200000.00000000006,-11836000,-0.217974,18800000,0.346225,1100000.0,19800000,0.364641,0.0,19800000,0.364641,0.24444,0.24444,81000000,81000000,https://www.sec.gov/Archives/edgar/data/1055160/000114544305000224/0001145443-05-000224-index.htm,https://www.sec.gov/Archives/edgar/data/1055160/000114544305000224/d16237.htm
0,2004-09-30,MFA,2004-11-02,2004-11-02 08:50:13,Q3,42400000,22000000,20400000,0.4811320754716981,0.0,2800000.0,0.0,2533000.0,3199999.999999999,25200000,-21959000,600000.0,-2759000.0,-0.065071,17200000,0.40566,1000000.0,18600000,0.438679,0.0,18600000,0.438679,0.23634,0.23634,78700000,78700000,https://www.sec.gov/Archives/edgar/data/1055160/000119380504001685/0001193805-04-001685-index.htm,https://www.sec.gov/Archives/edgar/data/1055160/000119380504001685/e400878_10q-mfa.htm
0,2004-06-30,MFA,2004-07-27,2004-07-27 10:15:35,Q2,38800000,19000000,19800000,0.5103092783505154,0.0,2800000.0,0.0,2481000.0,3199999.999999999,22200000,-18952000,14500000,-1252000.0,-0.032268,16700000,0.430412,1000000.0,17700000,0.456186,0.0,17700000,0.456186,0.23198,0.23198,76300000,76300000,https://www.sec.gov/Archives/edgar/data/1055160/000114544304001103/0001145443-04-001103-index.htm,https://www.sec.gov/Archives/edgar/data/1055160/000114544304001103/d15065_10q.htm
0,2004-03-31,MFA,2004-04-27,2004-04-27 14:00:22,Q1,40400000,16100000,24300000,0.6014851485148515,0.0,2900000.0,0.0,2602000.0,3399999.9999999986,19500000,-16141000,8420000.0,5759000.0,0.14255,20900000,0.517327,1000000.0,21900000,0.542079,0.0,21900000,0.542079,0.31739,0.31739,69000000,69000000,https://www.sec.gov/Archives/edgar/data/1055160/000119380504000679/0001193805-04-000679-index.htm,https://www.sec.gov/Archives/edgar/data/1055160/000119380504000679/e400426_10q-mfa.htm
0,2003-12-31,MFA,2004-02-06 00:00:00,2004-02-06 08:05:21,Q4,30900000,13500000,17400000,0.563107,0.0,2400000.0,0.0,0.0,2699999.999999999,16200000,-700000.0,500000.0,15100000,0.488673,14700000,0.475728,700000.0,15300000,0.495146,0.0,15300000,0.495146,0.25041,0.25041,61100000,61100000,https://www.sec.gov/Archives/edgar/data/1055160/000114544304000129/0001145443-04-000129-index.html,https://www.sec.gov/Archives/edgar/data/1055160/000114544304000129/d13926-10k.txt
0,2003-09-30,MFA,2003-10-29 00:00:00,2003-10-29 09:40:16,Q3,26500000,13400000,13100000,0.49434,0.0,2000000.0,0.0,0.0,2299999.999999999,15699999.999999998,-800000.0,0.0,11000000,0.415094,10800000,0.407547,700000.0,11800000,0.445283,0.0,11800000,0.445283,0.20593,0.20593,57300000,57300000,https://www.sec.gov/Archives/edgar/data/1055160/000119380503001011/0001193805-03-001011-index.html,https://www.sec.gov/Archives/edgar/data/1055160/000119380503001011/e300736_10q-mfa.htm
0,2003-06-30,MFA,2003-07-29 00:00:00,2003-07-29 11:27:54,Q2,30800000,14700000,16100000,0.522727,0.0,2100000.0,0.0,0.0,2400000.000000002,17100000.000000004,900000.0,0.0,16300000,0.529221,13700000,0.444805,800000.0,15400000,0.5,0.0,15400000,0.5,0.30019,0.30019,51300000,51300000,https://www.sec.gov/Archives/edgar/data/1055160/000119380503000600/0001193805-03-000600-index.html,https://www.sec.gov/Archives/edgar/data/1055160/000119380503000600/e300520_mfa-10q.txt
0,2003-03-31,MFA,2003-04-23 00:00:00,2003-04-23 09:08:34,Q1,32200000,15000000,17200000,0.534161,0.0,2000000.0,0.0,0.0,2199999.999999999,17200000,-100000.0,0.0,15200000,0.47205,15000000,0.465839,400000.0,15300000,0.475155,0.0,15300000,0.475155,0.32974,0.32974,46400000,46400000,https://www.sec.gov/Archives/edgar/data/1055160/000119380503000302/0001193805-03-000302-index.html,https://www.sec.gov/Archives/edgar/data/1055160/000119380503000302/e300299_10-q.txt
0,2002-12-31,MFA,2003-02-10 00:00:00,2003-02-10 11:47:31,Q4,33000000,16900000,16100000,0.487879,0.0,1700000.0,0.0,0.0,2000000.0,18900000,300000.0,0.0,15300000,0.463636,14100000,0.427273,700000.0,15000000,0.454545,0.0,15000000,0.454545,0.32397,0.32397,46300000,46300000,https://www.sec.gov/Archives/edgar/data/1055160/000119380503000071/0001193805-03-000071-index.html,https://www.sec.gov/Archives/edgar/data/1055160/000119380503000071/e300042_10-k.txt
0,2002-09-30,MFA,2002-10-28 00:00:00,2002-10-28 10:55:25,Q3,37000000,17800000,19200000,0.518919,0.0,1400000.0,0.0,0.0,1500000.0,19300000,-400000.0,0.0,16900000,0.456757,17800000,0.481081,0.0,17300000,0.467568,0.0,17300000,0.467568,0.37365,0.37365,46300000,46300000,https://www.sec.gov/Archives/edgar/data/1055160/000119380502000020/0001193805-02-000020-index.html,https://www.sec.gov/Archives/edgar/data/1055160/000119380502000020/e200010_10-q.txt
0,2002-06-30,MFA,2002-07-25 00:00:00,2002-07-25 14:37:32,Q2,30700000,15200000,15500000,0.504886,0.0,1300000.0,0.0,0.0,1300000.0000000007,16500000,0.0,0.0,14200000,0.462541,14200000,0.462541,0.0,14200000,0.462541,0.0,14200000,0.462541,0.36979,0.36979,38400000,38400000,https://www.sec.gov/Archives/edgar/data/1055160/000114544302000277/0001145443-02-000277-index.html,https://www.sec.gov/Archives/edgar/data/1055160/000114544302000277/d11184.txt
0,2002-03-31,MFA,2002-05-14 00:00:00,2002-05-14 14:08:14,Q1,27300000,13500000,13800000,0.505495,0.0,1200000.0,0.0,0.0,4699999.999999999,18200000,500000.0,0.0,10100000,0.369963,9100000.0,0.333333,0.0,9600000.0,0.351648,0.0,9600000.0,0.351648,0.27826,0.27826,34500000,34500000,https://www.sec.gov/Archives/edgar/data/1055160/000100547702002137/0001005477-02-002137-index.html,https://www.sec.gov/Archives/edgar/data/1055160/000100547702002137/d37347_10-q.txt
0,2001-12-31,MFA,2002-03-26 00:00:00,2002-03-26 00:00:00,Q4,22000000,12400000,9500000.0,0.431818,0.0,2000000.0,0.0,0.0,17100000,29500000,-100000.0,0.0,-7700000.0,-0.35,-7500000.0,-0.340909,0.0,-7600000.0,-0.345455,0.0,-7600000.0,-0.345455,-0.31667,-0.31667,24000000,24000000,https://www.sec.gov/Archives/edgar/data/1055160/000100547702001361/0001005477-02-001361-index.html,https://www.sec.gov/Archives/edgar/data/1055160/000100547702001361/d02-36780.txt
0,2001-09-30,MFA,2001-11-07 00:00:00,2001-11-07 00:00:00,Q3,16700000,10300000,6400000.0,0.383234,0.0,1400000.0,0.0,0.0,1399999.9999999986,11699999.999999998,100000.0,-300000.0,4900000.0,0.293413,5000000.0,0.299401,0.0,5100000.0,0.305389,0.0,5100000.0,0.305389,0.26702,0.26702,19100000,19100000,https://www.sec.gov/Archives/edgar/data/1055160/000105516001500043/0001055160-01-500043-index.html,https://www.sec.gov/Archives/edgar/data/1055160/000105516001500043/mfaq301.txt
0,2001-06-30,MFA,2001-08-14 00:00:00,2001-08-14 00:00:00,Q2,9000000.0,5800000.0,3100000.0,0.344444,0.0,700000.0,0.0,0.0,799999.9999999998,6600000.0,-200000.0,99999.99999999999,2100000.0,0.233333,2400000.0,0.266667,0.0,2200000.0,0.244444,0.0,2200000.0,0.244444,0.23913,0.23913,9200000.0,9200000.0,https://www.sec.gov/Archives/edgar/data/1055160/000105516001500026/0001055160-01-500026-index.html,https://www.sec.gov/Archives/edgar/data/1055160/000105516001500026/mfaq201.txt
0,2001-03-31,MFA,2001-05-14 00:00:00,2001-05-14 00:00:00,Q1,8900000.0,6500000.0,2400000.0,0.269663,0.0,1200000.0,0.0,0.0,1299999.9999999998,7800000.0,3000000.0,400000.0,7500000.0,0.842697,1100000.0,0.123596,0.0,4100000.0,0.460674,0.0,4100000.0,0.460674,0.46591,0.46591,8800000.0,8800000.0,https://www.sec.gov/Archives/edgar/data/1055160/000105516001500022/0001055160-01-500022-index.html,https://www.sec.gov/Archives/edgar/data/1055160/000105516001500022/mfaq101.txt
0,2000-12-31,MFA,2001-03-30 00:00:00,2001-03-30 00:00:00,Q4,9300000.0,7700000.0,1600000.0,0.172043,0.0,500000.0,0.0,0.0,499999.9999999991,8199999.999999999,500000.0,200000.0,2400000.0,0.258065,1100000.0,0.11828,0.0,1700000.0,0.182796,0.0,1700000.0,0.182796,0.1954,0.1954,8700000.0,8700000.0,https://www.sec.gov/Archives/edgar/data/1055160/000105516001500020/0001055160-01-500020-index.html,https://www.sec.gov/Archives/edgar/data/1055160/000105516001500020/mfa0400.txt
0,2000-09-30,MFA,2000-11-13 00:00:00,2000-11-13 00:00:00,Q3,9200000.0,7800000.0,1300000.0,0.141304,0.0,1000000.0,0.0,0.0,1000000.0000000009,8800000.0,3000000.0,100000.0,6400000.0,0.695652,300000.0,0.032609,0.0,3300000.0,0.358696,0.0,3300000.0,0.358696,0.37079,0.37079,8900000.0,8900000.0,https://www.sec.gov/Archives/edgar/data/1055160/000077673400000047/0000776734-00-000047-index.html,https://www.sec.gov/Archives/edgar/data/1055160/000077673400000047/0000776734-00-000047-0001.txt
0,2000-06-30,MFA,2000-08-11 00:00:00,2000-08-11 00:00:00,Q2,9100000.0,7600000.0,1500000.0,0.164835,0.0,500000.0,0.0,0.0,500000.0,8100000.0,500000.0,100000.0,2000000.0,0.21978,900000.0,0.098901,0.0,1400000.0,0.153846,0.0,1400000.0,0.153846,0.1573,0.1573,8900000.0,8900000.0,https://www.sec.gov/Archives/edgar/data/1055160/000077673400000033/0000776734-00-000033-index.html,https://www.sec.gov/Archives/edgar/data/1055160/000077673400000033/0000776734-00-000033-0001.txt
0,2000-03-31,MFA,2000-05-12 00:00:00,2000-05-12 00:00:00,Q1,8800000.0,7000000.0,1800000.0,0.204545,0.0,500000.0,0.0,0.0,400000.00000000035,7400000.0,100000.0,0.0,1600000.0,0.181818,1300000.0,0.147727,0.0,1500000.0,0.170455,0.0,1500000.0,0.170455,0.16667,0.16667,9000000.0,9000000.0,https://www.sec.gov/Archives/edgar/data/1055160/000077673400000018/0000776734-00-000018-index.html,https://www.sec.gov/Archives/edgar/data/1055160/0000776734-00-000018.txt
0,1999-12-31,MFA,,Not found...,Q4,7600000.0,6000000.0,1600000.0,0.210526,0.0,400000.0,0.0,0.0,400000.00000000035,6400000.0,400000.0,200000.0,2300000.0,0.302632,1200000.0,0.157895,0.0,1700000.0,0.223684,0.0,1700000.0,0.223684,0.18889,0.18889,9000000.0,9000000.0,,
0,1999-09-30,MFA,1999-11-12 00:00:00,1999-11-12 00:00:00,Q3,6900000.0,5000000.0,1900000.0,0.275362,0.0,1100000.0,0.0,0.0,1000000.0,6000000.0,2300000.0,0.0,5500000.0,0.797101,800000.0,0.115942,0.0,3200000.0,0.463768,0.0,3200000.0,0.463768,0.35165,0.35165,9100000.0,9100000.0,https://www.sec.gov/Archives/edgar/data/1055160/000077562999000027/0000775629-99-000027-index.html,https://www.sec.gov/Archives/edgar/data/1055160/0000775629-99-000027.txt
0,1999-06-30,MFA,1999-08-13 00:00:00,1999-08-13 00:00:00,Q2,6300000.0,4300000.0,2000000.0,0.31746,0.0,600000.0,0.0,0.0,600000.0000000005,4900000.000000001,100000.0,0.0,1600000.0,0.253968,1400000.0,0.222222,0.0,1500000.0,0.238095,0.0,1500000.0,0.238095,0.16484,0.16484,9100000.0,9100000.0,https://www.sec.gov/Archives/edgar/data/1055160/000105516099000004/0001055160-99-000004-index.html,https://www.sec.gov/Archives/edgar/data/1055160/0001055160-99-000004.txt
0,1999-03-31,MFA,1999-05-17 00:00:00,1999-05-17 00:00:00,Q1,4800000.0,3100000.0,1700000.0,0.354167,0.0,600000.0,0.0,0.0,699999.9999999997,3799999.9999999995,200000.0,0.0,1500000.0,0.3125,1100000.0,0.229167,0.0,1300000.0,0.270833,0.0,1300000.0,0.270833,0.14286,0.14286,9100000.0,9100000.0,https://www.sec.gov/Archives/edgar/data/1055160/000105516099000002/0001055160-99-000002-index.html,https://www.sec.gov/Archives/edgar/data/1055160/0001055160-99-000002.txt
0,1998-12-31,MFA,1999-03-31 00:00:00,1999-03-31 00:00:00,Q4,3400000.0,2100000.0,1300000.0,0.382353,0.0,600000.0,0.0,0.0,600000.0000000001,2700000.0,100000.0,400000.0,1300000.0,0.382353,700000.0,0.205882,0.0,800000.0,0.235294,0.0,800000.0,0.235294,0.08889,0.08889,9000000.0,9000000.0,https://www.sec.gov/Archives/edgar/data/1055160/000077673499000016/0000776734-99-000016-index.html,https://www.sec.gov/Archives/edgar/data/1055160/0000776734-99-000016.txt
0,1998-09-30,MFA,1998-11-16 00:00:00,1998-11-16 00:00:00,Q3,3200000.0,2000000.0,1200000.0,0.375,0.0,500000.0,0.0,0.0,600000.0000000001,2600000.0,200000.0,-200000.0,900000.0,0.28125,700000.0,0.21875,0.0,900000.0,0.28125,0.0,900000.0,0.28125,0.1,0.1,9000000.0,9000000.0,https://www.sec.gov/Archives/edgar/data/1055160/000105516098000021/0001055160-98-000021-index.html,https://www.sec.gov/Archives/edgar/data/1055160/0001055160-98-000021.txt
0,1998-06-30,MFA,1998-08-14 00:00:00,1998-08-14 00:00:00,Q2,1600000.0,400000.0,1100000.0,0.6875,0.0,500000.0,0.0,0.0,600000.0,1000000.0,600000.0,100000.0,1900000.0,1.1875,600000.0,0.375,0.0,1200000.0,0.75,0.0,1200000.0,0.75,0.13333,0.13333,9000000.0,9000000.0,https://www.sec.gov/Archives/edgar/data/1055160/000105516098000019/0001055160-98-000019-index.html,https://www.sec.gov/Archives/edgar/data/1055160/0001055160-98-000019.txt
0,1998-03-31,MFA,1998-05-15 00:00:00,1998-05-15 00:00:00,Q1,800000.0,0.0,800000.0,1.0,0.0,400000.0,0.0,0.0,400000.0,400000.0,100000.0,0.0,600000.0,0.75,300000.0,0.375,0.0,500000.0,0.625,0.0,500000.0,0.625,0.08621,0.08621,5800000.0,5800000.0,https://www.sec.gov/Archives/edgar/data/1055160/000101158598000014/0001011585-98-000014-index.html,https://www.sec.gov/Archives/edgar/data/1055160/0001011585-98-000014.txt
