,date,symbol,fillingDate,acceptedDate,period,revenue,costOfRevenue,grossProfit,grossProfitRatio,researchAndDevelopmentExpenses,generalAndAdministrativeExpenses,sellingAndMarketingExpenses,otherExpenses,operatingExpenses,costAndExpenses,interestExpense,depreciationAndAmortization,ebitda,ebitdaratio,operatingIncome,operatingIncomeRatio,totalOtherIncomeExpensesNet,incomeBeforeTax,incomeBeforeTaxRatio,incomeTaxExpense,netIncome,netIncomeRatio,eps,epsdiluted,weightedAverageShsOut,weightedAverageShsOutDil,link,finalLink
0,2020-06-30,OBAS,2020-07-01 00:00:00,2020-07-01 09:20:33,Q2,3788000.0,716000.0,3072000.0,0.8109820485744457,0.0,712000.0,0.0,148000.0,0.0,2316000.0,563000.0,0.0,2508000.0,0.662090813093981,1472000.0,0.8907074973600845,2465000.0,3374000.0,0.8907074973600845,447000.0,1777000.0,0.4691129883843717,0.34,0.34,5186000.0,5186000.0,https://www.sec.gov/Archives/edgar/data/1077618/000117891320001918/0001178913-20-001918-index.html,https://www.sec.gov/Archives/edgar/data/1077618/000117891320001918/zk2024628.htm
0,2020-03-31,OBAS,2020-04-01 00:00:00,2020-04-01 15:57:09,Q1,4107000.0,727000.0,3380000.0,0.8229851473094716,0.0,800000.0,0.0,0.0,0.0,2398000.0,601000.0,0.0,2580000.0,0.6281957633308984,1709000.0,0.2697832968103238,0.0,1108000.0,0.2697832968103238,-342000.0,117000.0,0.028487947406866325,0.02,0.02,5186000.0,5186000.0,https://www.sec.gov/Archives/edgar/data/1077618/000117891320000994/0001178913-20-000994-index.html,https://www.sec.gov/Archives/edgar/data/1077618/000117891320000994/zk2024227.htm
0,2019-12-31,OBAS,2020-01-13 00:00:00,2020-01-13 17:00:15,Q4,4050000.0,731000.0,3319000.0,0.8195061728395062,0.0,1037000.0,0.0,144000.0,0.0,2851000.0,0.0,0.0,2920000.0,0.7209876543209877,1199000.0,0.18493827160493828,60000.0,749000.0,0.18493827160493828,330000.0,-1118000.0,-0.2760493827160494,0.0,0.0,0.0,0.0,https://www.sec.gov/Archives/edgar/data/1077618/000117891320000098/0001178913-20-000098-index.html,https://www.sec.gov/Archives/edgar/data/1077618/000117891320000098/zk2023826.htm
0,2019-09-30,OBAS,2019-11-25 00:00:00,2019-11-25 16:19:16,Q3,3987000.0,698000.0,3289000.0,0.8249310258339604,0.0,671000.0,0.0,130000.0,0.0,2456000.0,0.0,0.0,2618000.0,0.6566340606972662,1531000.0,0.24855781289189868,130000.0,991000.0,0.24855781289189868,374000.0,-496000.0,-0.12440431402056684,-0.1,-0.1,5186000.0,5186000.0,https://www.sec.gov/Archives/edgar/data/1077618/000117891319002825/0001178913-19-002825-index.html,https://www.sec.gov/Archives/edgar/data/1077618/000117891319002825/zk1923694.htm
0,2019-06-30,OBAS,2019-08-29 00:00:00,2019-08-29 11:00:13,Q2,4027000.0,749000.0,3278000.0,0.8140054631239135,0.0,646000.0,0.0,128000.0,0.0,2468000.0,0.0,0.0,2632000.0,0.6535882791159672,1559000.0,0.2547802334243854,128000.0,1026000.0,0.2547802334243854,425000.0,-188000.0,-0.046684877079711945,-0.04,-0.04,5186000.0,5186000.0,https://www.sec.gov/Archives/edgar/data/1077618/000117891319002286/0001178913-19-002286-index.html,https://www.sec.gov/Archives/edgar/data/1077618/000117891319002286/zk1923452.htm
0,2019-03-31,OBAS,2019-05-29 00:00:00,2019-05-29 14:13:06,Q1,4080000.0,770000.0,3310000.0,0.8112745098039216,0.0,693000.0,0.0,320000.0,0.0,2541000.0,0.0,0.0,2617000.0,0.641421568627451,1539000.0,0.28284313725490196,320000.0,1154000.0,0.28284313725490196,343000.0,-191000.0,-0.04681372549019608,-0.04,-0.04,5186000.0,5186000.0,https://www.sec.gov/Archives/edgar/data/1077618/000117891319001609/0001178913-19-001609-index.html,https://www.sec.gov/Archives/edgar/data/1077618/000117891319001609/zk1923150.htm
0,2018-12-31,OBAS,2019-01-09 00:00:00,2019-01-09 12:00:46,Q4,4101000.0,707000.0,3394000.0,0.8276030236527676,0.0,932000.0,0.0,149000.0,0.0,2723000.0,0.0,0.0,3014000.0,0.7349426969031944,1378000.0,0.20799804925627896,94000.0,853000.0,0.20799804925627896,334000.0,-804000.0,-0.1960497439648866,-0.16,-0.16,5186000.0,5186000.0,https://www.sec.gov/Archives/edgar/data/1077618/000117891319000076/0001178913-19-000076-index.html,https://www.sec.gov/Archives/edgar/data/1077618/000117891319000076/zk1922458.htm
0,2018-09-30,OBAS,2018-11-14 00:00:00,2018-11-14 12:00:37,Q3,4090000.0,750000.0,3340000.0,0.8166259168704156,0.0,742000.0,0.0,148000.0,0.0,2573000.0,705000.0,0.0,2598000.0,0.6352078239608802,1517000.0,0.23471882640586797,148000.0,960000.0,0.23471882640586797,390000.0,-219000.0,-0.05354523227383863,-0.04,-0.04,5186000.0,5186000.0,https://www.sec.gov/Archives/edgar/data/1077618/000117891318002943/0001178913-18-002943-index.html,https://www.sec.gov/Archives/edgar/data/1077618/000117891318002943/zk1822286.htm
0,2018-06-30,OBAS,2018-08-30 00:00:00,2018-08-30 10:00:17,Q2,4111000.0,764000.0,3347000.0,0.8141571393821455,0.0,1050000.0,0.0,149000.0,0.0,2869000.0,776000.0,0.0,2297000.0,0.5587448309413768,1242000.0,0.14959863780102164,149000.0,615000.0,0.14959863780102164,358000.0,-1086000.0,-0.2641693018730236,-0.21,-0.21,5186000.0,5186000.0,https://www.sec.gov/Archives/edgar/data/1077618/000117891318002460/0001178913-18-002460-index.html,https://www.sec.gov/Archives/edgar/data/1077618/000117891318002460/zk1822060.htm
0,2018-03-31,OBAS,2018-05-29 00:00:00,2018-05-29 07:37:13,Q1,4306000.0,770000.0,3536000.0,0.8211797491871807,0.0,776000.0,0.0,161000.0,0.0,2643000.0,727000.0,0.0,2760000.0,0.6409660938225732,1663000.0,0.25476079888527636,161000.0,1097000.0,0.25476079888527636,382000.0,-672000.0,-0.15606130980027869,-0.13,-0.13,5184000.0,5184000.0,https://www.sec.gov/Archives/edgar/data/1077618/000117891318001778/0001178913-18-001778-index.html,https://www.sec.gov/Archives/edgar/data/1077618/000117891318001778/zk1821744.htm
0,2017-12-31,OBAS,2018-03-28 00:00:00,2018-03-28 13:00:09,Q4,4161000.0,761000.0,3400000.0,0.8171112713290074,0.0,738000.0,0.0,145000.0,0.0,2494000.0,0.0,0.0,3633000.0,0.8731074260994953,1667000.0,0.2076423936553713,196000.0,864000.0,0.2076423936553713,296000.0,-518000.0,-0.12448930545541936,-0.1,-0.1,5180000.0,5180000.0,https://www.sec.gov/Archives/edgar/data/1077618/000117891318000991/0001178913-18-000991-index.html,https://www.sec.gov/Archives/edgar/data/1077618/000117891318000991/zk1821423.htm
0,2017-09-30,OBAS,2017-11-15 00:00:00,2017-11-15 16:00:21,Q3,4250000.0,771000.0,3479000.0,0.8185882352941176,0.0,736000.0,0.0,144000.0,0.0,2622000.0,0.0,0.0,2743000.0,0.6454117647058824,1628000.0,0.35223529411764704,144000.0,1497000.0,0.35223529411764704,479000.0,-55000.0,-0.012941176470588235,-0.01,-0.01,5180000.0,5180000.0,https://www.sec.gov/Archives/edgar/data/1077618/000117891317003170/0001178913-17-003170-index.html,https://www.sec.gov/Archives/edgar/data/1077618/000117891317003170/zk1720793.htm
0,2017-06-30,OBAS,2017-07-18 00:00:00,2017-07-18 11:00:51,Q2,4149000.0,805000.0,3344000.0,0.8059773439382983,0.0,598000.0,0.0,147000.0,0.0,2464000.0,0.0,0.0,2746000.0,0.6618462280067486,1685000.0,0.28344179320318147,147000.0,1176000.0,0.28344179320318147,412000.0,-35000.0,-0.008435767654856591,-0.01,-0.01,5172000.0,5172000.0,https://www.sec.gov/Archives/edgar/data/1077618/000117891317002080/0001178913-17-002080-index.html,https://www.sec.gov/Archives/edgar/data/1077618/000117891317002080/zk1720267.htm
0,2017-03-31,OBAS,2017-04-27 00:00:00,2017-04-27 10:00:22,Q1,4027000.0,720000.0,3307000.0,0.8212068537372734,0.0,626000.0,0.0,161000.0,0.0,2384000.0,0.0,0.0,2681000.0,0.6657561460144028,1643000.0,0.22696796622796125,161000.0,914000.0,0.22696796622796125,415000.0,-515000.0,-0.12788676434070026,-0.1,-0.1,5180000.0,5180000.0,https://www.sec.gov/Archives/edgar/data/1077618/000117891317001229/0001178913-17-001229-index.html,https://www.sec.gov/Archives/edgar/data/1077618/000117891317001229/zk1719861.htm
0,2016-12-31,OBAS,2017-03-07 00:00:00,2017-03-07 13:30:31,Q4,4014000.0,827000.0,3187000.0,0.793971101145989,0.0,870000.0,0.0,145000.0,0.0,2742000.0,0.0,0.0,3239000.0,0.806925759840558,1272000.0,0.09691081215744893,-51000.0,389000.0,0.09691081215744893,409000.0,-1572000.0,-0.39162929745889385,0.0,0.0,0.0,0.0,https://www.sec.gov/Archives/edgar/data/1077618/000117891317000714/0001178913-17-000714-index.html,https://www.sec.gov/Archives/edgar/data/1077618/000117891317000714/zk1719650.htm
0,2016-09-30,OBAS,2016-11-23 00:00:00,2016-11-23 13:18:57,Q3,4109000.0,735000.0,3374000.0,0.8211243611584327,0.0,542000.0,0.0,123000.0,0.0,2347000.0,0.0,0.0,2832000.0,0.6892187880262838,1762000.0,0.2567534679970796,123000.0,1055000.0,0.2567534679970796,410000.0,116000.0,0.028230713068873207,0.02,0.02,5143000.0,5143000.0,https://www.sec.gov/Archives/edgar/data/1077618/000117891316007018/0001178913-16-007018-index.html,https://www.sec.gov/Archives/edgar/data/1077618/000117891316007018/zk1619247.htm
0,2016-06-30,OBAS,2016-08-31 00:00:00,2016-08-31 14:15:16,Q2,4172000.0,773000.0,3399000.0,0.8147171620325983,0.0,606000.0,0.0,619000.0,0.0,2457000.0,0.0,0.0,2793000.0,0.6694630872483222,1715000.0,0.3516299137104506,619000.0,1467000.0,0.3516299137104506,416000.0,933000.0,0.22363374880153403,0.18,0.18,5141000.0,5141000.0,https://www.sec.gov/Archives/edgar/data/1077618/000117891316006398/0001178913-16-006398-index.html,https://www.sec.gov/Archives/edgar/data/1077618/000117891316006398/zk1618964.htm
0,2016-03-31,OBAS,2016-04-01 00:00:00,2016-04-01 09:00:21,Q1,4043000.0,824000.0,3219000.0,0.7961909473163492,0.0,597000.0,0.0,229000.0,0.0,2472000.0,0.0,0.0,2622000.0,0.6485283205540441,1571000.0,0.28666831560722233,229000.0,1159000.0,0.28666831560722233,392000.0,718000.0,0.17759089784813256,0.14,0.14,5141000.0,5141000.0,https://www.sec.gov/Archives/edgar/data/1077618/000117891316004961/0001178913-16-004961-index.html,https://www.sec.gov/Archives/edgar/data/1077618/000117891316004961/zk1618303.htm
0,2015-12-31,OBAS,2016-01-06 00:00:00,2016-01-06 12:16:44,Q4,4087000.0,921000.0,3166000.0,0.7746513334964522,0.0,429000.0,0.0,95000.0,35000.0,2443000.0,0.0,0.0,1669000.0,0.408367996085148,1644000.0,0.24467824810374358,921000.0,1000000.0,0.24467824810374358,381000.0,114000.0,0.027893320283826767,0.02,0.02,5133000.0,5142000.0,https://www.sec.gov/Archives/edgar/data/1077618/000117891316003897/0001178913-16-003897-index.html,https://www.sec.gov/Archives/edgar/data/1077618/000117891316003897/zk1617818.htm
0,2015-09-30,OBAS,2015-11-09 00:00:00,2015-11-09 09:00:20,Q3,4192000.0,699000.0,3493000.0,0.8332538167938931,0.0,410000.0,0.0,144000.0,152000.0,2169000.0,0.0,0.0,3235000.0,0.7717080152671756,2023000.0,0.36283396946564883,-25000.0,1521000.0,0.36283396946564883,452000.0,466000.0,0.11116412213740458,0.09,0.09,5133000.0,5140000.0,https://www.sec.gov/Archives/edgar/data/1077618/000117891315003326/0001178913-15-003326-index.html,https://www.sec.gov/Archives/edgar/data/1077618/000117891315003326/zk1517550.htm
0,2015-06-30,OBAS,2015-07-08 00:00:00,2015-07-08 08:00:42,Q2,3689000.0,713000.0,2976000.0,0.8067226890756303,0.0,614000.0,0.0,95000.0,0.0,2243000.0,0.0,0.0,4163000.0,1.1284901057197072,1446000.0,-0.14041745730550284,-1715000.0,-518000.0,-0.14041745730550284,397000.0,-1509000.0,-0.4090539441583085,-0.29,-0.29,5133000.0,5133000.0,https://www.sec.gov/Archives/edgar/data/1077618/000117891315002223/0001178913-15-002223-index.html,https://www.sec.gov/Archives/edgar/data/1077618/000117891315002223/zk1517036.htm
0,2015-03-31,OBAS,2015-04-01 00:00:00,2015-04-01 09:51:38,Q1,3305000.0,625000.0,2680000.0,0.81089258698941,0.0,396000.0,0.0,95000.0,0.0,1877000.0,0.0,0.0,2648000.0,0.8012102874432677,1428000.0,0.2350983358547655,-302000.0,777000.0,0.2350983358547655,379000.0,-139000.0,-0.04205748865355522,-0.03,-0.03,5133000.0,5133000.0,https://www.sec.gov/Archives/edgar/data/1077618/000117891315001139/0001178913-15-001139-index.html,https://www.sec.gov/Archives/edgar/data/1077618/000117891315001139/zk1516548.htm
0,2014-12-31,OBAS,2015-04-01 00:00:00,2015-04-01 09:51:38,Q4,3325000.0,608000.0,2717000.0,0.8171428571428572,0.0,512000.0,0.0,95000.0,0.0,1979000.0,0.0,0.0,6080000.0,1.8285714285714285,1346000.0,1.132330827067669,3700000.0,3765000.0,1.132330827067669,418000.0,2757000.0,0.8291729323308271,0.0,0.0,0.0,0.0,https://www.sec.gov/Archives/edgar/data/1077618/000117891315001139/0001178913-15-001139-index.html,https://www.sec.gov/Archives/edgar/data/1077618/000117891315001139/zk1516548.htm
0,2014-09-30,OBAS,2014-10-20 00:00:00,2014-10-20 09:01:19,Q3,3476000.0,775000.0,2701000.0,0.7770425776754891,0.0,426000.0,0.0,95000.0,0.0,2141000.0,0.0,0.0,2275000.0,0.654487917146145,1335000.0,0.32163406214039125,43000.0,1118000.0,0.32163406214039125,383000.0,209000.0,0.060126582278481014,0.04,0.04,5127000.0,5133000.0,https://www.sec.gov/Archives/edgar/data/1077618/000117891314003175/0001178913-14-003175-index.html,https://www.sec.gov/Archives/edgar/data/1077618/000117891314003175/zk1415652.htm
0,2014-06-30,OBAS,2014-08-04 00:00:00,2014-08-04 06:10:54,Q2,3591000.0,691000.0,2900000.0,0.8075744917850181,0.0,760000.0,0.0,95000.0,0.0,2425000.0,0.0,0.0,2140000.0,0.5959342801448064,1166000.0,0.2723475355054302,66000.0,978000.0,0.2723475355054302,339000.0,159000.0,0.04427736006683375,0.03,0.03,5127000.0,5130000.0,https://www.sec.gov/Archives/edgar/data/1077618/000117891314002520/0001178913-14-002520-index.html,https://www.sec.gov/Archives/edgar/data/1077618/000117891314002520/zk1415355.htm
0,2014-03-31,OBAS,2014-04-30 00:00:00,2014-04-30 12:52:57,Q1,3546000.0,703000.0,2843000.0,0.8017484489565708,0.0,469000.0,0.0,109000.0,0.0,2212000.0,0.0,0.0,2374000.0,0.6694867456288776,1334000.0,0.3062605752961083,63000.0,1086000.0,0.3062605752961083,362000.0,214000.0,0.06034968979131416,0.04,0.04,5126000.0,5135000.0,https://www.sec.gov/Archives/edgar/data/1077618/000117891314001473/0001178913-14-001473-index.html,https://www.sec.gov/Archives/edgar/data/1077618/000117891314001473/zk1414847.htm
0,2013-12-31,OBAS,,,Q4,3463000.0,616000.0,2847000.0,0.8221195495235345,0.0,714000.0,0.0,95000.0,0.0,2265000.0,1775000.0,0.0,3488000.0,1.00721917412648,1198000.0,0.24660698816055443,1424000.0,854000.0,0.24660698816055443,128000.0,239000.0,0.06901530464914814,0.06,0.06,3823000.0,3827000.0,,
0,2013-09-30,OBAS,2013-11-12 00:00:00,2013-11-12 16:46:12,Q3,3409000.0,518000.0,2891000.0,0.8480492813141683,0.0,372000.0,0.0,0.0,0.0,1727000.0,558000.0,0.0,2519000.0,0.7389263713699032,1682000.0,0.32062188325022,-31000.0,1093000.0,0.32062188325022,346000.0,328000.0,0.09621589909064242,0.09,0.09,3822000.0,3827000.0,https://www.sec.gov/Archives/edgar/data/1077618/000117891313003155/0001178913-13-003155-index.html,https://www.sec.gov/Archives/edgar/data/1077618/000117891313003155/zk1313878.htm
0,2013-06-30,OBAS,2013-07-18 00:00:00,2013-07-18 11:56:33,Q2,3404000.0,559000.0,2845000.0,0.8357814336075206,0.0,397000.0,0.0,0.0,0.0,1775000.0,0.0,0.0,2448000.0,0.7191539365452408,1629000.0,0.513807285546416,43000.0,1749000.0,0.513807285546416,496000.0,619000.0,0.1818448883666275,0.16,0.16,3821000.0,3822000.0,https://www.sec.gov/Archives/edgar/data/1077618/000117891313002096/0001178913-13-002096-index.html,https://www.sec.gov/Archives/edgar/data/1077618/000117891313002096/zk1313401.htm
0,2013-03-31,OBAS,2013-06-03 00:00:00,2013-06-03 09:00:15,Q1,3434000.0,505000.0,2929000.0,0.8529411764705882,0.0,387000.0,0.0,0.0,0.0,1670000.0,0.0,0.0,2542000.0,0.7402446126965637,1764000.0,0.4213744903902155,-88000.0,1447000.0,0.4213744903902155,548000.0,279000.0,0.08124635993011066,0.07,0.07,3821000.0,3823000.0,https://www.sec.gov/Archives/edgar/data/1077618/000117891313001696/0001178913-13-001696-index.html,https://www.sec.gov/Archives/edgar/data/1077618/000117891313001696/zk1313215.htm
0,2012-12-31,OBAS,2013-03-14 00:00:00,2013-03-14 16:55:05,Q4,3449000.0,502000.0,2947000.0,0.85445056538127,0.0,503000.0,0.0,0.0,0.0,1659000.0,0.0,0.0,3197000.0,0.9269353435778487,1790000.0,0.46419251957089014,909000.0,1601000.0,0.46419251957089014,401000.0,498000.0,0.1443896781675848,0.0,0.0,0.0,0.0,https://www.sec.gov/Archives/edgar/data/1077618/000117891313000716/0001178913-13-000716-index.html,https://www.sec.gov/Archives/edgar/data/1077618/000117891313000716/zk1312803.htm
0,2012-09-30,OBAS,2012-10-12 00:00:00,2012-10-12 10:00:14,Q3,3309000.0,459000.0,2850000.0,0.8612873980054397,0.0,638000.0,0.0,0.0,0.0,1725000.0,0.0,0.0,2212000.0,0.6684799032940465,1584000.0,0.44061650045330913,0.0,1458000.0,0.44061650045330913,370000.0,464000.0,0.14022363251737685,0.12,0.12,3819000.0,3820000.0,https://www.sec.gov/Archives/edgar/data/1077618/000117891312002848/0001178913-12-002848-index.html,https://www.sec.gov/Archives/edgar/data/1077618/000117891312002848/zk1212102.htm
0,2012-06-30,OBAS,2012-07-12 00:00:00,2012-07-12 06:01:18,Q2,3431000.0,518000.0,2913000.0,0.8490236082774701,0.0,504000.0,0.0,0.0,0.0,1645000.0,0.0,0.0,2509000.0,0.731273681142524,1786000.0,0.12853395511512677,-100000.0,441000.0,0.12853395511512677,339000.0,-289000.0,-0.08423200233168172,-0.02,-0.02,19092000,19092000,https://www.sec.gov/Archives/edgar/data/1077618/000117891312001910/0001178913-12-001910-index.html,https://www.sec.gov/Archives/edgar/data/1077618/000117891312001910/zk1211687.htm
0,2012-03-31,OBAS,,,Q1,3487000.0,487000.0,3000000.0,0.8603383997705765,0.0,424000.0,0.0,0.0,0.0,1574000.0,0.0,0.0,2576000.0,0.738743905936335,1913000.0,0.6300544880986522,0.0,2197000.0,0.6300544880986522,533000.0,904000.0,0.2592486377975337,0.05,0.05,19081000,19081000,,
0,2011-12-31,OBAS,2012-02-21 00:00:00,2012-02-21 09:02:31,Q4,3377000.0,613000.0,2764000.0,0.8184779389991116,0.0,598000.0,0.0,0.0,0.0,1823000.0,0.0,0.0,6395000.0,1.8936926265916494,1554000.0,0.13266212614746817,218000.0,448000.0,0.13266212614746817,326000.0,-216000.0,-0.06396209653538644,0.0,0.0,0.0,0.0,https://www.sec.gov/Archives/edgar/data/1077618/000117891312000474/0001178913-12-000474-index.html,https://www.sec.gov/Archives/edgar/data/1077618/000117891312000474/zk1211048.htm
0,2011-09-30,OBAS,2011-10-11 00:00:00,2011-10-11 17:21:37,Q3,3962000.0,555000.0,3407000.0,0.8599192327107521,0.0,544000.0,0.0,0.0,0.0,1717000.0,0.0,0.0,2863000.0,0.7226148409893993,2245000.0,-0.42781423523472994,0.0,-1695000.0,-0.42781423523472994,-142000.0,-1172000.0,-0.29581019687026755,-0.06,-0.06,19075000,19129000,https://www.sec.gov/Archives/edgar/data/1077618/000117891311002803/0001178913-11-002803-index.html,https://www.sec.gov/Archives/edgar/data/1077618/000117891311002803/zk1110509.htm
0,2011-06-30,OBAS,2011-08-15 00:00:00,2011-08-15 09:18:12,Q2,3775000.0,418000.0,3357000.0,0.889271523178808,0.0,549000.0,0.0,0.0,0.0,1574000.0,0.0,0.0,2808000.0,0.743841059602649,2201000.0,0.11443708609271523,0.0,432000.0,0.11443708609271523,244000.0,-113000.0,-0.029933774834437085,-0.01,-0.01,18057000,18057000,https://www.sec.gov/Archives/edgar/data/1077618/000117891311002299/0001178913-11-002299-index.html,https://www.sec.gov/Archives/edgar/data/1077618/000117891311002299/zk1110291.htm
0,2011-03-31,OBAS,2011-04-18 00:00:00,2011-04-18 10:15:39,Q1,1365000.0,283000.0,1082000.0,0.7926739926739926,0.0,1366000.0,0.0,0.0,0.0,1965000.0,0.0,0.0,-4478000.0,-3.2805860805860805,-600000.0,2.3047619047619046,4194000.0,3146000.0,2.3047619047619046,53000.0,1262000.0,0.9245421245421246,0.07,0.07,16567000,16643000,https://www.sec.gov/Archives/edgar/data/1077618/000117891311001165/0001178913-11-001165-index.html,https://www.sec.gov/Archives/edgar/data/1077618/000117891311001165/zk1109769.htm
0,2010-12-31,OBAS,,,Q4,446000.0,18000.0,428000.0,0.9596412556053812,0.0,413000.0,0.0,0.0,0.0,619000.0,0.0,0.0,27000.0,0.06053811659192825,-173000.0,0.0,-6904000.0,0.0,0.0,0.0,-807000.0,-1.8094170403587444,0.0,0.0,0.0,0.0,,
0,2009-12-31,OBAS,2010-01-07 00:00:00,2010-01-07 11:34:34,Q3,3371000.0,1430000.0,1941000.0,0.5757935330762385,870000.0,2258000.0,0.0,0.0,0.0,4558000.0,0.0,0.0,4271000.0,1.2669830910708988,-1187000.0,0.0,-4778000.0,0.0,0.0,0.0,-1126000.0,-0.3340255117175912,0.0,0.0,0.0,0.0,https://www.sec.gov/Archives/edgar/data/1077618/000117891310000068/0001178913-10-000068-index.html,https://www.sec.gov/Archives/edgar/data/1077618/000117891310000068/zk1007752.htm
0,2008-12-31,OBAS,2009-01-13 00:00:00,2009-01-13 06:03:06,Q2,3556000.0,1865000.0,1691000.0,0.4755343082114736,1300000.0,2800000.0,0.0,0.0,0.0,5965000.0,0.0,0.0,-5329000.0,-1.4985939257592802,-2409000.0,0.0,1557000.0,0.0,0.0,0.0,-2775000.0,-0.78037120359955,0.0,0.0,0.0,0.0,https://www.sec.gov/Archives/edgar/data/1077618/000117891309000090/0001178913-09-000090-index.html,https://www.sec.gov/Archives/edgar/data/1077618/000117891309000090/zk96259.htm
0,2008-09-30,OBAS,2008-10-07 00:00:00,2008-10-07 06:21:44,Q1,6575000.0,3083000.0,3492000.0,0.5311026615969582,1786000.0,2994000.0,0.0,0.0,0.0,7863000.0,0.0,0.0,-789000.0,-0.12,-1288000.0,0.0,-499000.0,0.0,0.0,0.0,-1775000.0,-0.26996197718631176,-0.11,-0.11,16518000,16518000,https://www.sec.gov/Archives/edgar/data/1077618/000117891308002613/0001178913-08-002613-index.html,https://www.sec.gov/Archives/edgar/data/1077618/000117891308002613/zk85901.htm
0,2008-06-30,OBAS,2008-07-01 00:00:00,2008-07-01 06:20:56,Q4,5743000.0,2807000.0,2936000.0,0.511231063903883,1588000.0,3195000.0,0.0,0.0,0.0,7590000.0,47000.0,0.0,-1628000.0,-0.2834755354344419,-1847000.0,0.0,-219000.0,0.0,0.0,0.0,-2103000.0,-0.3661849207731151,-0.15,-0.15,14017000,14017000,https://www.sec.gov/Archives/edgar/data/1077618/000117891308001714/0001178913-08-001714-index.html,https://www.sec.gov/Archives/edgar/data/1077618/000117891308001714/zk85476.htm
0,2008-03-31,OBAS,2008-04-14 00:00:00,2008-04-14 07:49:11,Q3,4027000.0,1998000.0,2029000.0,0.5038490191209337,1701000.0,2907000.0,0.0,0.0,0.0,6606000.0,0.0,0.0,-2092000.0,-0.5194934194189222,-2579000.0,0.0,-487000.0,0.0,0.0,0.0,-2894000.0,-0.7186491184504594,-0.21,-0.21,13643000,13643000,https://www.sec.gov/Archives/edgar/data/1077618/000117891308000953/0001178913-08-000953-index.html,https://www.sec.gov/Archives/edgar/data/1077618/000117891308000953/zk85109.htm
0,2007-12-31,OBAS,,,Q2,5605000.0,2630000.0,2975000.0,0.5307760927743087,1659000.0,2738000.0,0.0,0.0,0.0,7027000.0,39000.0,0.0,1826000.0,0.3257805530776093,-1422000.0,0.0,-3248000.0,0.0,0.0,0.0,-3921000.0,-0.6995539696699375,0.0,0.0,0.0,0.0,,
0,2007-09-30,OBAS,2007-10-10 00:00:00,2007-10-10 06:11:52,Q1,5150000.0,2307000.0,2843000.0,0.5520388349514563,1232000.0,2449000.0,0.0,0.0,0.0,5988000.0,520000.0,0.0,-667000.0,-0.12951456310679613,-838000.0,0.0,-171000.0,0.0,0.0,0.0,-1616000.0,-0.3137864077669903,-0.12,-0.12,13619000,13619000,https://www.sec.gov/Archives/edgar/data/1077618/000117891307002115/0001178913-07-002115-index.html,https://www.sec.gov/Archives/edgar/data/1077618/000117891307002115/zk74294.htm
0,2007-06-30,OBAS,2007-07-06 00:00:00,2007-07-06 06:47:30,Q4,6672000.0,3880000.0,2792000.0,0.4184652278177458,1272000.0,2625000.0,0.0,0.0,0.0,7777000.0,123000.0,0.0,-1105000.0,-0.16561750599520383,-1105000.0,0.0,0.0,0.0,0.0,0.0,-1228000.0,-0.18405275779376498,-0.09,-0.09,13527000,13527000,https://www.sec.gov/Archives/edgar/data/1077618/000117891307001374/0001178913-07-001374-index.html,https://www.sec.gov/Archives/edgar/data/1077618/000117891307001374/zk73937.htm
0,2007-03-31,OBAS,2007-04-02 00:00:00,2007-04-02 06:34:52,Q3,5550000.0,2568000.0,2982000.0,0.5372972972972972,1202000.0,2358000.0,0.0,0.0,0.0,6128000.0,0.0,0.0,-425000.0,-0.07657657657657657,-578000.0,0.0,-153000.0,0.0,0.0,0.0,-408000.0,-0.07351351351351351,-0.03,-0.03,13500000,13500000,https://www.sec.gov/Archives/edgar/data/1077618/000117891307000675/0001178913-07-000675-index.html,https://www.sec.gov/Archives/edgar/data/1077618/000117891307000675/zk73580.htm
0,2006-12-31,OBAS,2007-04-02 00:00:00,2007-04-02 06:34:52,Q2,5365000.0,2324000.0,3041000.0,0.5668219944082014,979000.0,2300000.0,0.0,0.0,0.0,5603000.0,0.0,0.0,-206000.0,-0.038397017707362535,-238000.0,0.0,-32000.0,0.0,0.0,0.0,-163000.0,-0.03038210624417521,0.0,0.0,0.0,0.0,https://www.sec.gov/Archives/edgar/data/1077618/000117891307000675/0001178913-07-000675-index.html,https://www.sec.gov/Archives/edgar/data/1077618/000117891307000675/zk73580.htm
0,2006-09-30,OBAS,2006-11-28 00:00:00,2006-11-28 06:05:31,Q1,4303000.0,1822000.0,2481000.0,0.5765744829188938,1201000.0,2715000.0,0.0,0.0,0.0,5738000.0,0.0,0.0,-1260000.0,-0.2928189635138276,-1435000.0,0.0,-175000.0,0.0,0.0,0.0,-589000.0,-0.13688124564257495,-0.04,-0.04,13455000,13455000,https://www.sec.gov/Archives/edgar/data/1077618/000117891306002210/0001178913-06-002210-index.html,https://www.sec.gov/Archives/edgar/data/1077618/000117891306002210/zk63165.htm
0,2006-06-30,OBAS,,,Q4,4307000.0,1861000.0,2446000.0,0.5679127002553982,1012000.0,2725000.0,0.0,0.0,0.0,5598000.0,0.0,0.0,-1305000.0,-0.3029951242163919,-1291000.0,0.0,14000.0,0.0,0.0,0.0,-1111000.0,-0.2579521708846065,-0.08,-0.08,13415000,13415000,,
0,2006-03-31,OBAS,,,Q3,4002000.0,1709000.0,2293000.0,0.5729635182408795,1016000.0,2682000.0,0.0,0.0,0.0,5407000.0,0.0,0.0,-1394000.0,-0.34832583708145926,-1405000.0,0.0,-11000.0,0.0,0.0,0.0,-1258000.0,-0.31434282858570717,-0.09,-0.09,13364000,13364000,,
0,2005-12-31,OBAS,,,Q2,3895000.0,1805000.0,2090000.0,0.5365853658536586,1014000.0,2753000.0,0.0,0.0,0.0,5572000.0,0.0,0.0,-1478000.0,-0.37946084724005136,-1677000.0,0.0,-199000.0,0.0,0.0,0.0,-3208000.0,-0.823620025673941,0.0,0.0,0.0,0.0,,
0,2005-09-30,OBAS,,,Q1,5004000.0,2203000.0,2801000.0,0.5597521982414069,1049000.0,3252000.0,0.0,0.0,0.0,6504000.0,0.0,0.0,-2029000.0,-0.4054756195043965,-1500000.0,0.0,529000.0,0.0,0.0,0.0,-176000.0,-0.035171862509992005,-0.01,-0.01,13207000,13207000,,
0,2005-06-30,OBAS,,,Q4,6452000.0,2904000.0,3548000.0,0.5499070055796652,1325000.0,3468000.0,0.0,0.0,0.0,7697000.0,0.0,0.0,-1310000.0,-0.20303781773093615,-1245000.0,0.0,65000.0,0.0,0.0,0.0,113000.0,0.017513949163050217,0.01,0.01,13170000,13767000,,
0,2005-03-31,OBAS,,,Q3,7037000.0,3188000.0,3849000.0,0.5469660366633509,1251000.0,3271000.0,0.0,0.0,0.0,7710000.0,0.0,0.0,-345000.0,-0.04902657382407276,-673000.0,0.0,-328000.0,0.0,0.0,0.0,-174000.0,-0.024726445928662782,-0.01,-0.01,13151000,13151000,,
0,2004-12-31,OBAS,2005-01-07 00:00:00,2005-01-07 11:55:43,Q2,6571000.0,2937000.0,3634000.0,0.5530360675696241,2501000.0,3828000.0,0.0,0.0,1211000.0,10477000,0.0,0.0,-2021000.0,-0.3075635367523969,-3906000.0,0.0,-1885000.0,0.0,0.0,0.0,-2839000.0,-0.43204991629888906,0.0,0.0,0.0,0.0,https://www.sec.gov/Archives/edgar/data/1077618/000117891305000030/0001178913-05-000030-index.html,https://www.sec.gov/Archives/edgar/data/1077618/000117891305000030/zk51234.htm
0,2004-09-30,OBAS,2004-10-20 00:00:00,2004-10-20 08:45:01,Q1,6132000.0,2848000.0,3284000.0,0.5355512067840835,1746000.0,3589000.0,0.0,0.0,0.0,8183000.0,0.0,0.0,-1792000.0,-0.2922374429223744,-2051000.0,0.0,-259000.0,0.0,0.0,0.0,-641000.0,-0.10453359425962165,-0.05,-0.05,13093000,13093000,https://www.sec.gov/Archives/edgar/data/1077618/000117891304001380/0001178913-04-001380-index.html,https://www.sec.gov/Archives/edgar/data/1077618/000117891304001380/zk41047.htm
0,2004-06-30,OBAS,2004-07-14 00:00:00,2004-07-14 06:05:05,Q4,4127000.0,1791000.0,2336000.0,0.5660285921977223,1152000.0,2957000.0,0.0,0.0,800000.0,6700000.0,0.0,0.0,-1774000.0,-0.42985219287618126,-2573000.0,0.0,-799000.0,0.0,0.0,0.0,-1882000.0,-0.45602132299491155,-0.14,-0.14,13060000,13060000,https://www.sec.gov/Archives/edgar/data/1077618/000117891304000980/0001178913-04-000980-index.html,https://www.sec.gov/Archives/edgar/data/1077618/000117891304000980/zk40889.htm
0,2004-03-31,OBAS,2004-04-21 00:00:00,2004-04-21 06:05:06,Q3,4019000.0,1785000.0,2234000.0,0.5558596665837273,865000.0,2320000.0,0.0,0.0,0.0,4970000.0,0.0,0.0,-2334000.0,-0.580741477979597,-951000.0,0.0,1065000.0,0.0,0.0,0.0,1682000.0,0.418512067678527,0.13,0.12,13005000,14002000,https://www.sec.gov/Archives/edgar/data/1077618/000117891304000481/0001178913-04-000481-index.html,https://www.sec.gov/Archives/edgar/data/1077618/000117891304000481/zk40654.htm
0,2003-12-31,OBAS,2004-01-06 00:00:00,2004-01-06 15:16:15,Q2,5108000.0,2186000.0,2922000.0,0.5720438527799531,1106000.0,2445000.0,0.0,0.0,0.0,5737000.0,0.0,0.0,-4046000.0,-0.7920908379013313,-629000.0,0.0,4285000.0,0.0,0.0,0.0,824000.0,0.16131558339859045,0.0,0.0,0.0,0.0,https://www.sec.gov/Archives/edgar/data/1077618/000117891304000018/0001178913-04-000018-index.html,https://www.sec.gov/Archives/edgar/data/1077618/000117891304000018/d40438.htm
0,2003-09-30,OBAS,2003-10-23 00:00:00,2003-10-23 06:01:16,Q1,5095000.0,2233000.0,2862000.0,0.5617271835132482,1156000.0,2444000.0,0.0,0.0,0.0,5833000.0,0.0,0.0,-738000.0,-0.14484789008832188,-738000.0,0.0,-444000.0,0.0,0.0,0.0,740000.0,0.1452404317958783,0.06,0.06,12517000,13371000,https://www.sec.gov/Archives/edgar/data/1077618/000117891303000621/0001178913-03-000621-index.html,https://www.sec.gov/Archives/edgar/data/1077618/000117891303000621/d30298.htm
0,2003-06-30,OBAS,2003-07-29 00:00:00,2003-07-29 07:50:27,Q4,4816000.0,2158000.0,2658000.0,0.5519102990033222,1302000.0,2612000.0,0.0,0.0,0.0,6072000.0,0.0,0.0,-1252000.0,-0.2599667774086379,-1256000.0,0.0,-228000.0,0.0,0.0,0.0,1317000.0,0.27346345514950166,0.11,0.11,12371000,12498000,https://www.sec.gov/Archives/edgar/data/1077618/000117891303000430/0001178913-03-000430-index.html,https://www.sec.gov/Archives/edgar/data/1077618/000117891303000430/d30214.htm
0,2003-03-31,OBAS,2003-05-05 00:00:00,2003-05-05 08:04:28,Q3,4357000.0,1929000.0,2428000.0,0.5572641725958228,1276000.0,2400000.0,0.0,0.0,0.0,5605000.0,0.0,0.0,116000.0,0.026623823731925636,-1248000.0,0.0,-1564000.0,0.0,0.0,0.0,-1048000.0,-0.24053247647463852,-0.08,-0.08,12350000,12350000,https://www.sec.gov/Archives/edgar/data/1077618/000115752303001612/0001157523-03-001612-index.html,https://www.sec.gov/Archives/edgar/data/1077618/000115752303001612/a4387945.txt
0,2002-12-31,OBAS,2003-02-10 00:00:00,2003-02-10 16:46:07,Q2,4306000.0,0.0,1792000.0,0.41616349280074316,1773000.0,0.0,0.0,0.0,0.0,22080000,0.0,0.0,-17774000,-4.1277287505805855,-17774000,0.0,0.0,0.0,0.0,0.0,-885000.0,-0.20552717138875987,0.0,0.0,0.0,0.0,https://www.sec.gov/Archives/edgar/data/1077618/000117891303000057/0001178913-03-000057-index.html,https://www.sec.gov/Archives/edgar/data/1077618/000117891303000057/d30055.htm
0,2002-09-30,OBAS,2002-11-01 00:00:00,2002-11-05 11:46:20,Q1,4052000.0,0.0,2168000.0,0.5350444225074038,1707000.0,0.0,0.0,0.0,0.0,1707000.0,0.0,0.0,2345000.0,0.5787265547877591,2345000.0,0.0,0.0,0.0,0.0,0.0,-1975000.0,-0.48741362290227047,-0.16,-0.16,12239000,12239000,https://www.sec.gov/Archives/edgar/data/1077618/999999999702056852/9999999997-02-056852-index.html,https://www.sec.gov/Archives/edgar/data/1077618/999999999702056852/9999999997-02-056852.paper
0,2002-06-30,OBAS,2002-08-20 00:00:00,2002-08-21 08:42:19,Q4,5061000.0,2520000.0,2541000.0,0.5020746887966805,2162000.0,2772000.0,0.0,0.0,6791000.0,14245000,0.0,0.0,-2379000.0,-0.4700652045050385,-9184000.0,0.0,-6815000.0,0.0,0.0,0.0,-8375000.0,-1.6548113021142066,-0.69,-0.69,12179000,12179000,https://www.sec.gov/Archives/edgar/data/1077618/999999999702046904/9999999997-02-046904-index.html,https://www.sec.gov/Archives/edgar/data/1077618/999999999702046904/9999999997-02-046904.paper
0,2002-03-31,OBAS,2002-05-28 00:00:00,2002-06-06 16:06:22,Q3,7005000.0,3348000.0,3657000.0,0.5220556745182013,2486000.0,2422000.0,0.0,0.0,0.0,8256000.0,0.0,0.0,-1251000.0,-0.1785867237687366,-1251000.0,0.0,0.0,0.0,0.0,0.0,-821000.0,-0.11720199857244826,-0.07,-0.07,12087000,12087000,https://www.sec.gov/Archives/edgar/data/1077618/999999999702032882/9999999997-02-032882-index.html,https://www.sec.gov/Archives/edgar/data/1077618/999999999702032882/9999999997-02-032882.paper
0,2001-12-31,OBAS,2002-02-01 00:00:00,2002-02-01 00:00:00,Q2,7272000.0,0.0,0.0,0.0,0.0,0.0,0.0,0.0,0.0,0.0,0.0,0.0,-60009000,-8.252062706270626,-60009000,0.0,0.0,0.0,0.0,0.0,-1210000.0,-0.1663916391639164,0.0,0.0,0.0,0.0,https://www.sec.gov/Archives/edgar/data/1077618/999999999702007552/9999999997-02-007552-index.html,https://www.sec.gov/Archives/edgar/data/1077618/999999999702007552/9999999997-02-007552.paper
0,2001-09-30,OBAS,,,Q1,7080000.0,0.0,0.0,0.0,0.0,0.0,0.0,0.0,0.0,0.0,0.0,0.0,7080000.0,1.0,7080000.0,0.0,0.0,0.0,0.0,0.0,-29840000,-4.214689265536723,-2.45,-2.45,12179592,12179592,,
0,2001-06-30,OBAS,,,Q4,7066000.0,0.0,0.0,0.0,0.0,0.0,0.0,0.0,0.0,0.0,0.0,0.0,7066000.0,1.0,7066000.0,0.0,0.0,0.0,0.0,0.0,-4876000.0,-0.6900651004811774,-0.4,-0.4,12190000,12190000,,
0,2001-03-31,OBAS,,,Q3,8014000.0,0.0,0.0,0.0,0.0,0.0,0.0,0.0,0.0,0.0,0.0,0.0,8014000.0,1.0,8014000.0,0.0,0.0,0.0,0.0,0.0,-3176000.0,-0.39630646368854505,-0.26,-0.26,12215385,12215385,,
0,2000-12-31,OBAS,,,Q2,7111000.0,2986000.0,4125000.0,0.580087188862326,2608000.0,3114000.0,0.0,0.0,0.0,8708000.0,0.0,0.0,12833000,1.8046688229503587,-1597000.0,0.0,-14430000,0.0,0.0,0.0,-14706000,-2.0680635634931797,0.0,0.0,0.0,0.0,,
0,2000-09-30,OBAS,,,Q1,8298000.0,3602000.0,4696000.0,0.5659194986743794,1437000.0,2747000.0,0.0,0.0,0.0,7786000.0,0.0,0.0,504000.0,0.06073752711496746,512000.0,0.0,8000.0,0.0,0.0,0.0,2212000.0,0.26657025789346833,0.19,0.19,11780000,11780000,,
0,2000-06-30,OBAS,,,Q4,7886000.0,0.0,0.0,0.0,0.0,0.0,0.0,0.0,0.0,0.0,0.0,0.0,7886000.0,1.0,7886000.0,0.0,0.0,0.0,0.0,0.0,2274000.0,0.28835911742328174,0.19,0.19,10491667,10491667,,
0,2000-03-31,OBAS,,,Q3,7404000.0,0.0,0.0,0.0,0.0,0.0,0.0,0.0,0.0,0.0,0.0,0.0,7404000.0,1.0,7404000.0,0.0,0.0,0.0,0.0,0.0,1259000.0,0.17004321988114532,0.12,0.12,10491667,10491667,,
