,date,symbol,fillingDate,acceptedDate,period,revenue,costOfRevenue,grossProfit,grossProfitRatio,researchAndDevelopmentExpenses,generalAndAdministrativeExpenses,sellingAndMarketingExpenses,otherExpenses,operatingExpenses,costAndExpenses,interestExpense,depreciationAndAmortization,ebitda,ebitdaratio,operatingIncome,operatingIncomeRatio,totalOtherIncomeExpensesNet,incomeBeforeTax,incomeBeforeTaxRatio,incomeTaxExpense,netIncome,netIncomeRatio,eps,epsdiluted,weightedAverageShsOut,weightedAverageShsOutDil,link,finalLink
0,2020-09-30,EQIX,2020-10-30,2020-10-30 15:31:11,Q3,1519767000,767979000,751788000,0.4946731966150074,0.0,279350000,172727000,779340000,1231417000,1231417000,99736000,310466000,598816000,0.394018293593689,288350000,0.18973303144495177,162000.0,96734000,0.06365054643244655,-29903000,66831000,0.043974503986466344,3.65,3.65,87226000,87226000,https://www.sec.gov/Archives/edgar/data/1101239/000162828020015158/0001628280-20-015158-index.htm,https://www.sec.gov/Archives/edgar/data/1101239/000162828020015158/eqix-20200930.htm
0,2020-06-30,EQIX,2020-07-31,2020-07-31 13:43:27,Q2,1470121000,739344000,730777000,0.49708629425741147,0.0,435014000,178124000,752619000,450156999.9999999,1189501000,108480000,348593000.0000001,635130000.0000001,0.432026,280620000,0.190882,4278000.0,178103000,0.121149,44753000,133304000,0.090676,1.51652,1.51652,87901000,87901000,https://www.sec.gov/Archives/edgar/data/1101239/000162828020011187/0001628280-20-011187-index.htm,https://www.sec.gov/Archives/edgar/data/1101239/000162828020011187/eqix-63020x10q.htm
0,2020-03-31,EQIX,2020-05-07 00:00:00,2020-05-07 14:56:10,Q1,1444542000,725282000,719260000,0.497916,0.0,442047000,180450000,749011000,472217000,1197499000,107338000,335868999.99999994,592190000,0.40995,247043000,0.171018,-128654000,149148000,0.103249,30191000,118792000,0.082235,1.37899,1.37899,86144000,86144000,https://www.sec.gov/Archives/edgar/data/1101239/000162828020006896/0001628280-20-006896-index.html,https://www.sec.gov/Archives/edgar/data/1101239/000162828020006896/eqix-33120x10q.htm
0,2019-12-31,EQIX,2020-02-21 00:00:00,2020-02-21 14:57:43,Q4,1417135000,737350000,679785000,0.47969,0.0,406060000,160556000,698101000,419569000.0000001,1156919000,117617000,330544000,610788000,0.431002,260216000,0.183621,71545000,162467000,0.114645,37632000,124995000,0.088203,1.45264,1.45264,86047000,86047000,https://www.sec.gov/Archives/edgar/data/1101239/000162828020001947/0001628280-20-001947-index.html,https://www.sec.gov/Archives/edgar/data/1101239/000162828020001947/eqix2019123110k.htm
0,2019-09-30,EQIX,2019-11-01 00:00:00,2019-11-01 16:20:11,Q3,1396810000,718813000,677997000,0.48539,0.0,403386000,161574000,708056000,392313999.99999994,1111127000,118674000,321890999.99999994,619242000,0.443326,285683000,0.204525,-74216000,178638000,0.12789,57827000,120850000,0.086519,1.41228,1.41228,85571000,85571000,https://www.sec.gov/Archives/edgar/data/1101239/000162828019013074/0001628280-19-013074-index.html,https://www.sec.gov/Archives/edgar/data/1101239/000162828019013074/eqix-93019x10q.htm
0,2019-06-30,EQIX,2019-08-02 00:00:00,2019-08-02 14:02:42,Q2,1384977000,688434000,696543000,0.502927,0.0,391857000,159201000,701339000,404761999.99999994,1093196000,120547000,319224000,630622000,0.45533,291781000,0.210676,2032000.0,191176000,0.138036,47324000,143527000,0.103631,1.69319,1.69319,84767000,84767000,https://www.sec.gov/Archives/edgar/data/1101239/000162828019009846/0001628280-19-009846-index.html,https://www.sec.gov/Archives/edgar/data/1101239/000162828019009846/eqix-63019x10q.htm
0,2019-03-31,EQIX,2019-05-03 00:00:00,2019-05-03 13:28:23,Q1,1363218000,676701000,686517000,0.5036,0.0,384761000,169715000,698949000,407391000.0000001,1084092000,122846000,313178000,596671000,0.437693,279126000,0.204755,-8517000.0,160316000,0.117601,42569000,118078000,0.086617,1.4384,1.4384,82090000,82090000,https://www.sec.gov/Archives/edgar/data/1101239/000162828019005806/0001628280-19-005806-index.html,https://www.sec.gov/Archives/edgar/data/1101239/000162828019005806/eqix-33119x10q.htm
0,2018-12-31,EQIX,2019-02-22 00:00:00,2019-02-22 17:02:40,Q4,1310083000,670935000,639148000,0.487868,0.0,367950000,161804000,671416000,380594000.00000006,1051529000,129978000,306889000,579443000,0.442295,258554000,0.197357,4498000.0,136076000,0.103868,32554000,110022000,0.083981,1.35964,1.35964,80920000,80920000,https://www.sec.gov/Archives/edgar/data/1101239/000162828019001771/0001628280-19-001771-index.html,https://www.sec.gov/Archives/edgar/data/1101239/000162828019001771/eqix_20181231x10kupgrade.htm
0,2018-09-30,EQIX,2018-11-02 00:00:00,2018-11-02 15:27:27,Q3,1283800000,660300000,623400000,0.48559,0.0,364800000,157920000,653176000,356200000.00000006,1016500000,130566000,305700000,579566000,0.451446,267200000,0.208132,3700000.0,143300000,0.111622,18500000,124800000,0.097211,1.55417,1.55417,80300000,80300000,https://www.sec.gov/Archives/edgar/data/1101239/000162828018013437/0001628280-18-013437-index.html,https://www.sec.gov/Archives/edgar/data/1101239/000162828018013437/eqix-93018x10q.htm
0,2018-06-30,EQIX,2018-08-08 00:00:00,2018-08-08 16:48:55,Q2,1261900000,651800000,610100000,0.483477,0.0,364700000,154202000,682214000,414299999.99999994,1066100000,134673000,307300000.00000006,515973000.00000006,0.408886,195800000,0.155163,8900000.0,74000000,0.058642,6400000.0,67600000,0.05357,0.84712,0.84712,79800000,79800000,https://www.sec.gov/Archives/edgar/data/1101239/000162828018010818/0001628280-18-010818-index.html,https://www.sec.gov/Archives/edgar/data/1101239/000162828018010818/eqix-63018x10q.htm
0,2018-03-31,EQIX,2018-05-04 00:00:00,2018-05-04 13:47:34,Q1,1215900000,622400000,593400000,0.488034,0.0,362900000,159776000,627069000,389100000,1011500000,126277000,307600000,513577000,0.422384,204400000,0.168106,-3100000.0,79700000,0.065548,16800000,62900000,0.051731,0.7902,0.7902,79600000,79600000,https://www.sec.gov/Archives/edgar/data/1101239/000162828018005926/0001628280-18-005926-index.html,https://www.sec.gov/Archives/edgar/data/1101239/000162828018005926/eqix-33118x10q.htm
0,2017-12-31,EQIX,2018-02-26 00:00:00,2018-02-26 15:46:47,Q4,1200200000,619600000,580600000,0.483753,0.0,341400000,153612000,626750000,372199999.99999994,991799999.9999999,126144000,292299999.99999994,701044000,0.584106,208400000,0.173638,8700000.0,94200000,0.078487,217400000,65200000,0.054324,0.82952,0.82952,78600000,78600000,https://www.sec.gov/Archives/edgar/data/1101239/000162828018002212/0001628280-18-002212-index.html,https://www.sec.gov/Archives/edgar/data/1101239/000162828018002212/eqix_20171231x10k.htm
0,2017-09-30,EQIX,2017-11-03 00:00:00,2017-11-03 15:30:34,Q3,1152300000,582400000,569900000,0.494576,0.0,343000000,157619000,584443000,367200000.00000006,949600000,121828000,278400000,482328000,0.418578,202700000,0.175909,-1100000.0,82100000,0.071249,2200000.0,79900000,0.06934,1.01525,1.01525,78700000,78700000,https://www.sec.gov/Archives/edgar/data/1101239/000162828017010835/0001628280-17-010835-index.html,https://www.sec.gov/Archives/edgar/data/1101239/000162828017010835/eqix-93017x10q.htm
0,2017-06-30,EQIX,2017-08-04 00:00:00,2017-08-04 16:15:00,Q2,1066400000,522200000,544200000,0.510315,0.0,332900000,141566000,548605000,375799999.99999994,898000000,119042000,254800000,428942000,0.402234,168500000,0.158008,1300000.0,55100000,0.051669,9300000.0,45800000,0.042948,0.58344,0.58344,78500000,78500000,https://www.sec.gov/Archives/edgar/data/1101239/000162828017008103/0001628280-17-008103-index.html,https://www.sec.gov/Archives/edgar/data/1101239/000162828017008103/eqix-63017x10q.htm
0,2017-03-31,EQIX,2017-05-05 00:00:00,2017-05-05 14:17:08,Q1,949500000,469000000,480600000,0.506161,0.0,310300000,128927000,471986000,316799999.99999994,785800000,111684000,217000000,384184000,0.404617,163700000,0.172407,300000.0,55500000,0.058452,13400000,42100000,0.044339,0.57357,0.57357,73400000,73400000,https://www.sec.gov/Archives/edgar/data/1101239/000162828017005022/0001628280-17-005022-index.html,https://www.sec.gov/Archives/edgar/data/1101239/000162828017005022/eqix-33117x10q.htm
0,2016-12-31,EQIX,2017-02-27 00:00:00,2017-02-27 14:59:07,Q4,942600000,465900000,476700000,0.505729,0.0,292300000,113384000,465852000,294100000,760000000,98761000,209799999.99999994,389860999.99999994,0.413602,182700000,0.193826,-1700000.0,83200000,0.088266,19500000,61800000,0.065563,0.85714,0.85714,72100000,72100000,https://www.sec.gov/Archives/edgar/data/1101239/000162828017001774/0001628280-17-001774-index.html,https://www.sec.gov/Archives/edgar/data/1101239/000162828017001774/equix_20161231x10k.htm
0,2016-09-30,EQIX,2016-11-04 00:00:00,2016-11-04 14:58:50,Q3,924700000,470300000,454400000,0.491403,0.0,292200000,110936000,462560000,294300000,764600000,92200000,214799999.99999997,381300000,0.41235,160000000,0.173029,2900000.0,71500000,0.077322,22800000,51500000,0.055694,0.71627,0.71627,71900000,71900000,https://www.sec.gov/Archives/edgar/data/1101239/000162828016020845/0001628280-16-020845-index.html,https://www.sec.gov/Archives/edgar/data/1101239/000162828016020845/eqix-93016x10q.htm
0,2016-06-30,EQIX,2016-08-08 00:00:00,2016-08-08 14:22:31,Q2,900500000,457000000,443500000,0.492504,0.0,276300000,107832000,472561000,292500000,749500000,100332000,212000000,370832000,0.411807,151100000,0.167796,1600000.0,53100000,0.058967,13800000,44700000,0.049639,0.63494,0.63494,70400000,70400000,https://www.sec.gov/Archives/edgar/data/1101239/000162828016018674/0001628280-16-018674-index.html,https://www.sec.gov/Archives/edgar/data/1101239/000162828016018674/eqix-63016x10q.htm
0,2016-03-31,EQIX,2016-05-09 00:00:00,2016-05-09 12:50:27,Q1,844200000,427700000,416500000,0.493367,0.0,272500000,106590000,458974000,303800000,731500000,100863000,200600000,259763000,0.307703,112700000,0.133499,-60700000,-48000000,-0.056859,-10600000,-31100000,-0.03684,-0.45668,-0.45668,68100000,68100000,https://www.sec.gov/Archives/edgar/data/1101239/000162828016015911/0001628280-16-015911-index.html,https://www.sec.gov/Archives/edgar/data/1101239/000162828016015911/eqix-33116x10q.htm
0,2015-12-31,EQIX,2016-02-26 00:00:00,2016-02-26 15:12:37,Q4,730500000,352000000,378500000,0.518138,0.0,225300000,88439000,701329000,242899999.99999997,594900000,79499000,144100000,232199000,0.317863,135600000,0.185626,-48600000,8700000.0,0.01191,-2100000.0,10700000,0.014648,0.19005,0.19005,56300000,56300000,https://www.sec.gov/Archives/edgar/data/1101239/000162828016011802/0001628280-16-011802-index.html,https://www.sec.gov/Archives/edgar/data/1101239/000162828016011802/equix_20151231x10k.htm
0,2015-09-30,EQIX,2015-10-30 00:00:00,2015-10-30 13:09:50,Q3,686600000,325500000,361200000,0.52607,0.0,206900000,83709000,338820000,220299999.99999994,545800000,76269000,132400000,261369000,0.380671,140900000,0.205214,-12800000,52700000,0.076755,11600000,41100000,0.05986,0.69192,0.69192,59400000,59400000,https://www.sec.gov/Archives/edgar/data/1101239/000119312515359693/0001193125-15-359693-index.html,https://www.sec.gov/Archives/edgar/data/1101239/000119312515359693/d45347d10q.htm
0,2015-06-30,EQIX,2015-07-31 00:00:00,2015-07-31 13:46:35,Q2,665600000,315800000,349800000,0.525541,0.0,200800000,81248000,325623000,210599999.99999997,526399999.99999994,74496000,127400000.00000001,268896000,0.40399,139100000,0.208984,1400000.0,66900000,0.100511,7500000.0,59500000,0.089393,1.00507,1.00507,59200000,59200000,https://www.sec.gov/Archives/edgar/data/1101239/000119312515272652/0001193125-15-272652-index.html,https://www.sec.gov/Archives/edgar/data/1101239/000119312515272652/d944848d10q.htm
0,2015-03-31,EQIX,2015-05-01 00:00:00,2015-05-01 16:03:04,Q1,643200000,298300000,344900000,0.536225,0.0,192300000,78616000,299469000,193399999.99999997,491700000,68791000,121600000,273091000,0.424582,151400000,0.235386,-500000.0,82700000,0.128576,6200000.0,76500000,0.118937,1.29881,1.29881,58900000,58900000,https://www.sec.gov/Archives/edgar/data/1101239/000119312515166246/0001193125-15-166246-index.html,https://www.sec.gov/Archives/edgar/data/1101239/000119312515166246/d899468d10q.htm
0,2014-12-31,EQIX,2015-03-02,2015-03-02 15:11:34,Q4,638100000,313400000,324700000,0.508854,0.0,194900000,81236000,315375000,302700000.00000006,616100000,71103000,131899999.99999999,151202999.99999997,0.236958,22000000,0.034477,-3100000.0,-51800000,-0.081178,303300000,-355100000,-0.556496,-6.24077,-6.24077,56900000,56900000,https://www.sec.gov/Archives/edgar/data/1101239/000119312515073042/d854432d10k.htm,https://www.sec.gov/Archives/edgar/data/1101239/000119312515073042/d854432d10k.htm
0,2014-09-30,EQIX,2014-11-07 00:00:00,2014-11-07 13:56:46,Q3,620400000,304100000,316400000,0.509994,0.0,181500000,72185000,303771000,181200000,485300000,63756000,120200000.00000001,257356000.00000003,0.414823,135100000,0.217763,1800000.0,73500000,0.118472,30600000,42800000,0.068988,0.73288,0.73288,58400000,58400000,https://www.sec.gov/Archives/edgar/data/1101239/000119312514402944/0001193125-14-402944-index.html,https://www.sec.gov/Archives/edgar/data/1101239/000119312514402944/d784374d10q.htm
0,2014-06-30,EQIX,2014-08-08 00:00:00,2014-08-08 16:59:43,Q2,605200000,292900000,312300000,0.516028,0.0,186900000,75254000,293535000,238700000.00000006,531600000.00000006,66874000,115699999.99999999,191874000,0.317042,73500000,0.121447,700000.0,8100000.0,0.013384,-2000000.0,11300000,0.018672,0.20696,0.20696,54600000,54600000,https://www.sec.gov/Archives/edgar/data/1101239/000119312514303273/0001193125-14-303273-index.html,https://www.sec.gov/Archives/edgar/data/1101239/000119312514303273/d737144d10q.htm
0,2014-03-31,EQIX,2014-05-02 00:00:00,2014-05-02 14:42:26,Q1,580100000,287500000,292500000,0.504223,0.0,170700000,67428000,287710000,170899999.99999997,458400000,68820000,113900000,237720000,0.409791,121600000,0.209619,700000.0,54900000,0.094639,13600000,41400000,0.071367,0.73404,0.73404,56400000,56400000,https://www.sec.gov/Archives/edgar/data/1101239/000119312514179863/0001193125-14-179863-index.html,https://www.sec.gov/Archives/edgar/data/1101239/000119312514179863/d698920d10q.htm
0,2013-12-31,EQIX,2014-02-28,2014-02-28 14:47:08,Q4,564700000,269700000,294900000,0.522224,0.0,165700000,67250000,273972000,184900000.00000003,454600000.00000006,65503000,106299999.99999999,219002999.99999997,0.387822,110100000,0.194971,2000000.0,47300000,0.083761,2000000.0,45200000,0.080043,0.84962,0.84962,53200000,53200000,https://www.sec.gov/Archives/edgar/data/1101239/000119312514076710/d649985d10k.htm,https://www.sec.gov/Archives/edgar/data/1101239/000119312514076710/d649985d10k.htm
0,2013-09-30,EQIX,2013-11-12 00:00:00,2013-11-12 14:18:32,Q3,543100000,269000000,274100000,0.504695,0.0,158500000,61619000,268137000,158899999.99999997,427900000,61957000,109899999.99999999,226757000,0.417523,115200000,0.212116,1000000.0,55200000,0.101639,12400000,42500000,0.078254,0.75088,0.75088,56600000,56600000,https://www.sec.gov/Archives/edgar/data/1101239/000119312513437940/0001193125-13-437940-index.html,https://www.sec.gov/Archives/edgar/data/1101239/000119312513437940/d586403d10q.htm
0,2013-06-30,EQIX,2013-07-26 00:00:00,2013-07-26 16:16:38,Q2,528900000,267100000,261800000,0.49499,0.0,148100000,59478000,265382000,239399999.99999997,506500000,61001000,108999999.99999999,134501000,0.254303,22400000,0.042352,2800000.0,-35000000,-0.066175,-9700000.0,-25800000,-0.04878,-0.49425,-0.49425,52200000,52200000,https://www.sec.gov/Archives/edgar/data/1101239/000119312513304769/0001193125-13-304769-index.html,https://www.sec.gov/Archives/edgar/data/1101239/000119312513304769/d543601d10q.htm
0,2013-03-31,EQIX,2013-04-26 00:00:00,2013-04-26 17:11:35,Q1,516100000,258600000,257500000,0.498934,0.0,149100000,58276000,262930000,152700000,411300000,60331000,107200000,211831000,0.410446,104800000,0.203061,-500000.0,44700000,0.086611,11500000,32800000,0.063554,0.58053,0.58053,56500000,56500000,https://www.sec.gov/Archives/edgar/data/1101239/000119312513178095/0001193125-13-178095-index.html,https://www.sec.gov/Archives/edgar/data/1101239/000119312513178095/d507582d10q.htm
0,2012-12-31,EQIX,2013-02-26 00:00:00,2013-02-26 14:58:33,Q4,506100000,249300000,256700000,0.507212,0.0,142200000,55690000,261921000,154099999.99999997,403399999.99999994,50516000,103500000.00000003,216816000.00000003,0.428405,102700000,0.202924,-700000.0,52200000,0.103142,17500000,45300000,0.089508,0.82214,0.82214,55100000,55100000,https://www.sec.gov/Archives/edgar/data/1101239/000119312513076572/0001193125-13-076572-index.html,https://www.sec.gov/Archives/edgar/data/1101239/000119312513076572/d450454d10k.htm
0,2012-09-30,EQIX,2012-11-06 00:00:00,2012-11-05 21:34:31,Q3,484800000,250900000,233900000,0.482467,0.0,136500000,52889000,239540000,146299999.99999997,397200000,50207000,106699999.99999999,196207000,0.404717,87600000,0.180693,500000.0,39000000,0.080446,12300000,27000000,0.055693,0.48474,0.48474,55700000,55700000,https://www.sec.gov/Archives/edgar/data/1101239/000119312512452681/0001193125-12-452681-index.html,https://www.sec.gov/Archives/edgar/data/1101239/000119312512452681/d405876d10q.htm
0,2012-06-30,EQIX,2012-07-27 00:00:00,2012-07-26 19:42:22,Q2,453200000,227200000,226000000,0.498676,0.0,127700000,47764000,235111000,129400000.00000003,356600000.00000006,46787000,95600000,190487000,0.420316,96600000,0.213151,-1800000.0,48900000,0.107899,14900000,33200000,0.073257,0.58246,0.58246,57000000,57000000,https://www.sec.gov/Archives/edgar/data/1101239/000119312512317379/0001193125-12-317379-index.html,https://www.sec.gov/Archives/edgar/data/1101239/000119312512317379/d369814d10q.htm
0,2012-03-31,EQIX,2012-04-27,2012-04-27 15:30:07,Q1,443200000,217100000,226100000,0.510153,0.0,124700000,46571000,226106000,125400000,342500000,52818000,92800000.00000001,194018000,0.437766,100700000,0.227211,-200000.0,48500000,0.109431,13900000,34500000,0.077843,0.63889,0.63889,54000000,54000000,https://www.sec.gov/Archives/edgar/data/1101239/000119312512077943/d261513d10k.htm,https://www.sec.gov/Archives/edgar/data/1101239/000119312512077943/d261513d10k.htm
0,2011-12-31,EQIX,2012-02-24 00:00:00,2012-02-24 15:38:04,Q4,422100000,221300000,200800000,0.475717,0.0,116700000,45322000,231440000,118500000,339800000,55151000,93400000.00000003,178251000.00000003,0.422296,82300000,0.194977,1400000.0,29300000,0.069415,13400000,16300000,0.038616,0.32406,0.32406,50300000,50300000,https://www.sec.gov/Archives/edgar/data/1101239/000119312512077943/0001193125-12-077943-index.html,https://www.sec.gov/Archives/edgar/data/1101239/000119312512077943/d261513d10k.htm
0,2011-09-30,EQIX,2011-10-28 00:00:00,2011-10-28 15:19:32,Q3,408200000,219700000,188500000,0.461783,0.0,108800000,43070000,230439000,111100000.00000001,330800000,51114000,90699999.99999999,156614000,0.38367,77400000,0.189613,-1700000.0,25300000,0.061979,5100000.0,9700000.0,0.023763,0.19636,0.19636,49400000,49400000,https://www.sec.gov/Archives/edgar/data/1101239/000119312511286045/0001193125-11-286045-index.html,https://www.sec.gov/Archives/edgar/data/1101239/000119312511286045/d222006d10q.htm
0,2011-06-30,EQIX,2011-07-29 00:00:00,2011-07-29 15:11:48,Q2,376400000,198300000,178200000,0.473433,0.0,102200000,37063000,217290000,103899999.99999999,302200000,37677000,85200000.00000001,161377000.00000003,0.428738,74200000,0.197131,1000000.0,38200000,0.101488,7800000.0,30700000,0.081562,0.61771,0.61771,49700000,49700000,https://www.sec.gov/Archives/edgar/data/1101239/000119312511202647/0001193125-11-202647-index.html,https://www.sec.gov/Archives/edgar/data/1101239/000119312511202647/d10q.htm
0,2011-03-31,EQIX,2011-04-29 00:00:00,2011-04-29 16:06:57,Q1,363000000,194600000,168500000,0.464187,0.0,96200000,33636000,195487000,97100000,291700000,37361000,78399999.99999999,151961000,0.418625,71300000,0.196419,2100000.0,36300000,0.1,11100000,25100000,0.069146,0.5154,0.5154,48700000,48700000,https://www.sec.gov/Archives/edgar/data/1101239/000119312511118503/0001193125-11-118503-index.html,https://www.sec.gov/Archives/edgar/data/1101239/000119312511118503/d10q.htm
0,2010-12-31,EQIX,2011-02-25,2011-02-25 14:28:12,Q4,345200000,193600000,151700000,0.439455,0.0,96300000,31518000,194430000,102500000.00000003,296100000.00000006,38822000,75300000,125122000,0.362462,49100000,0.142236,500000.0,11000000,0.031866,-2800000.0,13800000,0.039977,0.28571,0.28571,48300000,48300000,https://www.sec.gov/Archives/edgar/data/1101239/000119312511047157/d10k.htm,https://www.sec.gov/Archives/edgar/data/1101239/000119312511047157/d10k.htm
0,2010-09-30,EQIX,2010-10-29 00:00:00,2010-10-29 14:12:13,Q3,330300000,185500000,144900000,0.438692,0.0,89800000,31205000,188476000,92600000.00000001,278100000,38363000,73400000,127563000,0.386203,52200000,0.158038,1700000.0,15800000,0.047835,4600000.0,11200000,0.033909,0.23285,0.23285,48100000,48100000,https://www.sec.gov/Archives/edgar/data/1101239/000119312510241047/0001193125-10-241047-index.html,https://www.sec.gov/Archives/edgar/data/1101239/000119312510241047/d10q.htm
0,2010-06-30,EQIX,2010-08-04 00:00:00,2010-08-04 14:00:02,Q2,296100000,162600000,133500000,0.450861,0.0,83100000,48381000,310812000,94700000.00000001,257300000.00000003,63290000,62700000.00000001,126090000.00000001,0.425836,38800000,0.131037,-1500000.0,200000.0,0.000675,2400000.0,-2300000.0,-0.007768,-0.05122,-0.05122,44900000,44900000,https://www.sec.gov/Archives/edgar/data/1101239/000119312510176872/0001193125-10-176872-index.html,https://www.sec.gov/Archives/edgar/data/1101239/000119312510176872/d10q.htm
0,2010-03-31,EQIX,2010-04-28 00:00:00,2010-04-28 15:35:05,Q1,248600000,133100000,115600000,0.465004,0.0,62600000,19468000,20000.0,67500000,200600000,25675000,48699999.99999999,97275000,0.391291,48000000,0.193081,0.0,22900000,0.092116,8700000.0,14200000,0.05712,0.3381,0.3381,42000000,42000000,https://www.sec.gov/Archives/edgar/data/1101239/000119312510096513/0001193125-10-096513-index.html,https://www.sec.gov/Archives/edgar/data/1101239/000119312510096513/d10q.htm
0,2009-12-31,EQIX,2010-02-22 00:00:00,2010-02-22 16:35:52,Q4,242600000,127100000,115500000,0.476092,0.0,60900000,17269000,130850000,64600000,191700000,22613000,42500000,92513000,0.38134,50900000,0.20981,-1300000.0,27400000,0.112943,9700000.0,17700000,0.07296,0.42446,0.42446,41700000,41700000,https://www.sec.gov/Archives/edgar/data/1101239/000119312510036420/0001193125-10-036420-index.html,https://www.sec.gov/Archives/edgar/data/1101239/000119312510036420/d10k.htm
0,2009-09-30,EQIX,2009-10-26 00:00:00,2009-10-26 06:53:06,Q3,227600000,126000000,101600000,0.446397,0.0,54600000,15543000,127386000,56000000,182000000,22256000,44599999.99999999,92956000,0.408418,45600000,0.200351,2500000.0,26100000,0.114675,7300000.0,18800000,0.082601,0.45742,0.45742,41100000,41100000,https://www.sec.gov/Archives/edgar/data/1101239/000119312509213229/0001193125-09-213229-index.html,https://www.sec.gov/Archives/edgar/data/1101239/000119312509213229/d10q.htm
0,2009-06-30,EQIX,2009-07-29 00:00:00,2009-07-29 15:20:38,Q2,213200000,118500000,94600000,0.443715,0.0,53800000,16369000,118314000,53599999.99999999,172100000,15912000,44800000.00000001,89112000,0.417974,41000000,0.192308,2600000.0,28400000,0.133208,11000000,17400000,0.081614,0.42963,0.42963,40500000,40500000,https://www.sec.gov/Archives/edgar/data/1101239/000119312509158059/0001193125-09-158059-index.html,https://www.sec.gov/Archives/edgar/data/1101239/000119312509158059/d10q.htm
0,2009-03-31,EQIX,2009-04-29 00:00:00,2009-04-29 15:17:26,Q1,199200000,111800000,87400000,0.438755,0.0,49600000,14403000,105972000,46399999.99999999,158200000,13451000,41699999.99999999,82251000,0.412907,41000000,0.205823,-1400000.0,27100000,0.136044,11600000,15500000,0.077811,0.38847,0.38847,39900000,39900000,https://www.sec.gov/Archives/edgar/data/1101239/000119312509091829/0001193125-09-091829-index.html,https://www.sec.gov/Archives/edgar/data/1101239/000119312509091829/d10q.htm
0,2008-12-31,EQIX,2009-02-26 00:00:00,2009-02-26 14:33:16,Q4,190700000,108300000,82300000,0.431568,0.0,55500000,20263000,110645000,57899999.99999999,166200000,14744000,43600000,68244000,0.357861,24500000,0.128474,700000.0,9800000.0,0.05139,-88000000,97900000,0.513372,2.17073,2.17073,45100000,45100000,https://www.sec.gov/Archives/edgar/data/1101239/000119312509038875/0001193125-09-038875-index.html,https://www.sec.gov/Archives/edgar/data/1101239/000119312509038875/d10k.htm
0,2008-09-30,EQIX,2008-10-24 00:00:00,2008-10-24 14:31:39,Q3,183700000,109900000,73800000,0.401742,0.0,51500000,16009000,110662000,53900000.00000001,163800000,13880000,41600000.00000001,61280000.00000001,0.333587,20000000,0.108873,-500000.0,5700000.0,0.031029,200000.0,5600000.0,0.030484,0.14286,0.14286,39200000,39200000,https://www.sec.gov/Archives/edgar/data/1101239/000110123908000008/0001101239-08-000008-index.html,https://www.sec.gov/Archives/edgar/data/1101239/000110123908000008/form10q09302008.htm
0,2008-06-30,EQIX,2008-08-05 00:00:00,2008-08-04 20:58:57,Q2,172000000,102000000,70000000,0.406977,0.0,56700000,15290000,102008000,56800000.00000001,158800000,12823000,38300000,51523000,0.299552,13300000,0.077326,-900000.0,500000.0,0.002907,-300000.0,700000.0,0.00407,0.0179,0.0179,39100000,39100000,https://www.sec.gov/Archives/edgar/data/1101239/000119312508165316/0001193125-08-165316-index.html,https://www.sec.gov/Archives/edgar/data/1101239/000119312508165316/d10q.htm
0,2008-03-31,EQIX,2008-04-30 00:00:00,2008-04-30 15:51:11,Q1,158200000,94500000,63700000,0.402655,0.0,49700000,15351000,94486000,49699999.99999999,144200000,13594000,35500000,53394000,0.337509,14000000,0.088496,2000000.0,4300000.0,0.027181,500000.0,3800000.0,0.02402,0.09896,0.09896,38400000,38400000,https://www.sec.gov/Archives/edgar/data/1101239/000119312508097170/0001193125-08-097170-index.html,https://www.sec.gov/Archives/edgar/data/1101239/000119312508097170/d10q.htm
0,2007-12-31,EQIX,2008-02-27,2008-02-27 16:00:08,Q4,138700000,92500000,46200000,0.333093,0.0,46800000,13117000,91142000,45400000.00000001,137900000,12094000,34900000.00000001,40594000.00000001,0.292675,800000.0,0.005768,-100000.0,-6400000.0,-0.046143,-300000.0,-6100000.0,-0.04398,-0.16442,-0.16442,37100000,37100000,https://www.sec.gov/Archives/edgar/data/1101239/000119312508040053/d10k.htm,https://www.sec.gov/Archives/edgar/data/1101239/000119312508040053/d10k.htm
0,2007-09-30,EQIX,2007-11-02 00:00:00,2007-11-02 15:05:52,Q3,103800000,62900000,40900000,0.394027,0.0,34800000,10405000,62891000,37400000,100300000,5663000.0,23299999.999999996,33262999.999999996,0.320453,3500000.0,0.033719,3200000.0,4300000.0,0.041426,200000.0,4100000.0,0.039499,0.12023,0.12023,34100000,34100000,https://www.sec.gov/Archives/edgar/data/1101239/000119312507233706/0001193125-07-233706-index.html,https://www.sec.gov/Archives/edgar/data/1101239/000119312507233706/d10q.htm
0,2007-06-30,EQIX,2007-08-01 00:00:00,2007-08-01 15:30:21,Q2,91800000,55600000,36200000,0.394336,0.0,33400000,8520000.0,56016000,33800000.00000001,89400000,6115000.0,21700000,29215000,0.318246,2400000.0,0.026144,-100000.0,1400000.0,0.015251,200000.0,1200000.0,0.013072,0.03692,0.03692,32500000,32500000,https://www.sec.gov/Archives/edgar/data/1101239/000119312507168018/0001193125-07-168018-index.html,https://www.sec.gov/Archives/edgar/data/1101239/000119312507168018/d10q.htm
0,2007-03-31,EQIX,2007-05-02 00:00:00,2007-05-02 15:11:36,Q1,85100000,52800000,32300000,0.379553,0.0,31500000,8677000.0,52765000,34900000.00000001,87700000,3462000.0,20200000.000000004,19562000.000000004,0.229871,-2600000.0,-0.030552,100000.0,-4100000.0,-0.048179,400000.0,-4500000.0,-0.052879,-0.14706,-0.14706,30600000,30600000,https://www.sec.gov/Archives/edgar/data/1101239/000119312507099380/0001193125-07-099380-index.html,https://www.sec.gov/Archives/edgar/data/1101239/000119312507099380/d10q.htm
0,2006-12-31,EQIX,2007-02-28,2007-02-28 15:14:08,Q4,79800000,50300000,29400000,0.368421,0.0,28100000,9439000.0,40687000,18500000,68800000,3891000.0,19700000,32291000,0.404649,11000000,0.137845,0.0,8700000.0,0.109023,-400000.0,9100000.0,0.114035,0.27003,0.27003,33700000,33700000,https://www.sec.gov/Archives/edgar/data/1101239/000119312507042470/d10k.htm,https://www.sec.gov/Archives/edgar/data/1101239/000119312507042470/d10k.htm
0,2006-09-30,EQIX,2006-11-01,2006-11-01 14:38:57,Q3,73700000,49100000,24600000,0.333786,0.0,26100000,7502000.0,50664000,27699999.999999996,76800000,3551000.0,18700000,17351000,0.235427,-3100000.0,-0.042062,100000.0,-4900000.0,-0.066486,300000.0,-5200000.0,-0.070556,-0.17568,-0.17568,29600000,29600000,https://www.sec.gov/Archives/edgar/data/1101239/000119312506220464/d10q.htm,https://www.sec.gov/Archives/edgar/data/1101239/000119312506220464/d10q.htm
0,2006-06-30,EQIX,2006-08-14,2006-08-14 16:46:54,Q2,68500000,45600000,23000000,0.335766,0.0,26200000,8480000.0,45563000,26199999.999999996,71800000,3565000.0,17400000.000000004,15865000.000000002,0.231606,-3200000.0,-0.046715,0.0,-5100000.0,-0.074453,200000.0,-5300000.0,-0.077372,-0.18089,-0.18089,29300000,29300000,https://www.sec.gov/Archives/edgar/data/1101239/000119312506172761/d10q.htm,https://www.sec.gov/Archives/edgar/data/1101239/000119312506172761/d10q.htm
0,2006-03-31,EQIX,2006-05-03,2006-05-03 16:14:08,Q1,64900000,43300000,21500000,0.331279,0.0,24300000,7198000.0,43345000,24400000.000000007,67700000,3868000.0,16900000,16068000,0.247581,-2800000.0,-0.043143,0.0,-5100000.0,-0.078582,400000.0,-5100000.0,-0.078582,-0.1777,-0.1777,28700000,28700000,https://www.sec.gov/Archives/edgar/data/1101239/000119312506056358/d10k.htm,https://www.sec.gov/Archives/edgar/data/1101239/000119312506056358/d10k.htm
0,2005-12-31,EQIX,2006-03-16,2006-03-16 13:41:35,Q4,61800000,41700000,20100000,0.325243,0.0,17300000,5759000.0,75529000,51099999.99999999,92800000,2548000.0,16200000.000000004,-13851999.999999996,-0.224142,-31000000,-0.501618,0.0,-32600000,-0.527508,0.0,-32600000,-0.527508,-1.2119,-1.2119,26900000,26900000,https://www.sec.gov/Archives/edgar/data/1101239/000119312506056358/d10k.htm,https://www.sec.gov/Archives/edgar/data/1101239/000119312506056358/d10k.htm
0,2005-09-30,EQIX,2005-10-26,2005-10-26 15:37:20,Q3,58100000,41000000,17100000,0.29432,0.0,16900000,4829000.0,40955000,16900000,57900000,1928000.0,15899999.999999998,17228000,0.296523,200000.0,0.003442,0.0,-600000.0,-0.010327,200000.0,-800000.0,-0.013769,-0.03226,-0.03226,24800000,24800000,https://www.sec.gov/Archives/edgar/data/1101239/000119312505208757/d10q.htm,https://www.sec.gov/Archives/edgar/data/1101239/000119312505208757/d10q.htm
0,2005-06-30,EQIX,2005-08-04,2005-08-04 15:59:20,Q2,52500000,38800000,13700000,0.260952,0.0,16200000,5145000.0,38811000,16200000.000000004,55000000,1945000.0,15700000.000000002,14145000.000000002,0.269429,-2500000.0,-0.047619,0.0,-3500000.0,-0.066667,-100000.0,-3400000.0,-0.064762,-0.13878,-0.13878,24500000,24500000,https://www.sec.gov/Archives/edgar/data/1101239/000119312505157740/d10q.htm,https://www.sec.gov/Archives/edgar/data/1101239/000119312505157740/d10q.htm
0,2005-03-31,EQIX,2005-05-04,2005-05-04 14:50:45,Q1,48700000,36900000,11800000,0.2423,0.0,15300000,4819000.0,36873000,15300000.000000004,52200000.00000001,2459000.0,15100000,12259000,0.251725,-3500000.0,-0.071869,0.0,-5300000.0,-0.10883,500000.0,-5800000.0,-0.119097,-0.25664,-0.25664,22600000,22600000,https://www.sec.gov/Archives/edgar/data/1101239/000119312505046552/d10k.htm,https://www.sec.gov/Archives/edgar/data/1101239/000119312505046552/d10k.htm
0,2004-12-31,EQIX,2005-03-10 00:00:00,2005-03-10 15:59:50,Q4,45000000,34700000,10300000,0.228889,0.0,13100000,5106000.0,52390000,30700000.000000004,65400000,2731000.0,14500000,-5469000.0,-0.121533,-20500000,-0.455556,0.0,-22700000,-0.504444,0.0,-22700000,-0.504444,-1.17617,-1.17617,19300000,19300000,https://www.sec.gov/Archives/edgar/data/1101239/000119312505046552/0001193125-05-046552-index.html,https://www.sec.gov/Archives/edgar/data/1101239/000119312505046552/d10k.htm
0,2004-09-30,EQIX,2004-11-04 00:00:00,2004-11-04 14:51:17,Q3,42400000,34300000,8100000.0,0.191038,0.0,12700000,4433000.0,34310000,12700000.000000004,47000000,2352000.0,14399999.999999996,10151999.999999996,0.239434,-4600000.0,-0.108491,0.0,-6600000.0,-0.15566,0.0,-6600000.0,-0.15566,-0.34737,-0.34737,19000000,19000000,https://www.sec.gov/Archives/edgar/data/1101239/000119312504186170/0001193125-04-186170-index.html,https://www.sec.gov/Archives/edgar/data/1101239/000119312504186170/d10q.htm
0,2004-06-30,EQIX,2004-08-02 00:00:00,2004-08-02 13:54:16,Q2,39400000,34100000,5300000.0,0.134518,0.0,12400000,4423000.0,34150000,12500000,46600000,2283000.0,14500000.000000002,7583000.000000002,0.192462,-7200000.0,-0.182741,0.0,-9200000.0,-0.233503,0.0,-9200000.0,-0.233503,-0.48936,-0.48936,18800000,18800000,https://www.sec.gov/Archives/edgar/data/1101239/000119312504129027/0001193125-04-129027-index.html,https://www.sec.gov/Archives/edgar/data/1101239/000119312504129027/d10q.htm
0,2004-03-31,EQIX,2004-05-06 00:00:00,2004-05-06 15:28:17,Q1,36800000,33800000,3100000.0,0.084239,0.0,12900000,4642000.0,33785000,29100000,62900000,4130000.0,14700000,-11070000,-0.300815,-26100000,-0.709239,0.0,-29900000,-0.8125,200000.0,-30100000,-0.817935,-1.92949,-1.92949,15600000,15600000,https://www.sec.gov/Archives/edgar/data/1101239/000119312504080533/0001193125-04-080533-index.html,https://www.sec.gov/Archives/edgar/data/1101239/000119312504080533/d10q.htm
0,2003-12-31,EQIX,2004-03-05 00:00:00,2004-03-05 16:29:45,Q4,33200000,32500000,600000.0,0.018072,0.0,13200000,5273000.0,32554000,13299999.999999996,45800000,5195000.0,14899999.999999998,2394999.999999999,0.072139,-12600000,-0.379518,0.0,-17700000,-0.533133,0.0,-17700000,-0.533133,-1.43902,-1.43902,12300000,12300000,https://www.sec.gov/Archives/edgar/data/1101239/000119312504035568/0001193125-04-035568-index.html,https://www.sec.gov/Archives/edgar/data/1101239/000119312504035568/d10k.htm
0,2003-09-30,EQIX,2003-10-28 00:00:00,2003-10-28 15:29:05,Q3,30900000,33300000,-2400000.0,-0.07767,0.0,11900000,4823000.0,33314000,11900000.000000006,45200000.00000001,5478000.0,15200000.000000002,978000.000000001,0.03165,-14300000,-0.462783,0.0,-19700000,-0.63754,0.0,-19700000,-0.63754,-2.05208,-2.05208,9600000.0,9600000.0,https://www.sec.gov/Archives/edgar/data/1101239/000119312503068402/0001193125-03-068402-index.html,https://www.sec.gov/Archives/edgar/data/1101239/000119312503068402/d10q.htm
0,2003-06-30,EQIX,2003-08-04 00:00:00,2003-08-04 14:12:21,Q2,28400000,31600000,-3200000.0,-0.112676,0.0,13100000,4684000.0,31634000,13100000.000000002,44700000,5027000.0,15800000,-373000.0,-0.013134,-16200000,-0.570423,0.0,-21200000,-0.746479,0.0,-21200000,-0.746479,-2.35556,-2.35556,9000000.0,9000000.0,https://www.sec.gov/Archives/edgar/data/1101239/000119312503028382/0001193125-03-028382-index.html,https://www.sec.gov/Archives/edgar/data/1101239/000119312503028382/d10q.htm
0,2003-03-31,EQIX,2003-05-15 00:00:00,2003-05-14 21:36:10,Q1,25400000,30600000,-5100000.0,-0.200787,0.0,15700000,4703000.0,30619000,15600000.000000002,46200000,4812000.0,16800000,-3988000.0,-0.157008,-20800000,-0.818898,0.0,-25600000,-1.007874,0.0,-25600000,-1.007874,-2.90909,-2.90909,8800000.0,8800000.0,https://www.sec.gov/Archives/edgar/data/1101239/000101287003002591/0001012870-03-002591-index.html,https://www.sec.gov/Archives/edgar/data/1101239/000101287003002591/d10q.htm
0,2002-12-31,EQIX,2003-03-27 00:00:00,2003-03-27 08:28:14,Q4,18800000,25400000,-6600000.0,-0.351064,0.0,11100000,3079000.0,25399000,-76000000,-50600000,8687000.0,14600000.000000002,83987000,4.467394,69400000,3.691489,0.0,60700000,3.228723,0.0,60700000,3.228723,17.34286,17.34286,3500000.0,3500000.0,https://www.sec.gov/Archives/edgar/data/1101239/000089843003002107/0000898430-03-002107-index.html,https://www.sec.gov/Archives/edgar/data/1101239/000089843003002107/d10k.htm
0,2002-09-30,EQIX,2002-11-08 00:00:00,2002-11-08 14:35:55,Q3,20200000,26200000,-6000000.0,-0.29703,0.0,11100000,2888000.0,45227000,30099999.999999996,56300000,8180000.0,14100000.000000002,-21820000,-1.080198,-36100000,-1.787129,0.0,-44100000,-2.183168,0.0,-44100000,-2.183168,-13.78125,-13.78125,3200000.0,3200000.0,https://www.sec.gov/Archives/edgar/data/1101239/000101287002004255/0001012870-02-004255-index.html,https://www.sec.gov/Archives/edgar/data/1101239/000101287002004255/d10q.htm
0,2002-06-30,EQIX,2002-08-14 00:00:00,2002-08-14 13:18:43,Q2,18000000,26900000,-8800000.0,-0.488889,0.0,13000000,5110000.0,36906000,7399999.999999999,34300000,8561000.0,13299999.999999998,-2739000.000000001,-0.152167,-16300000,-0.905556,0.0,-24600000,-1.366667,0.0,-24600000,-1.366667,-7.6875,-7.6875,3200000.0,3200000.0,https://www.sec.gov/Archives/edgar/data/1101239/000102140802010889/0001021408-02-010889-index.html,https://www.sec.gov/Archives/edgar/data/1101239/000102140802010889/d10q.htm
0,2002-03-31,EQIX,2002-05-06 00:00:00,2002-05-03 20:39:37,Q1,20200000,25300000,-5200000.0,-0.257426,0.0,11000000,0.0,0.0,-600000.0000000014,24700000,-9200000.0,12100000,-10800000,-0.534653,-4500000.0,-0.222772,0.0,-13700000,-0.678218,0.0,-13700000,-0.678218,-5.07407,-5.07407,2700000.0,2700000.0,https://www.sec.gov/Archives/edgar/data/1101239/000101287002002114/0001012870-02-002114-index.html,https://www.sec.gov/Archives/edgar/data/1101239/000101287002002114/d10q.htm
0,2001-12-31,EQIX,,,Q4,17500000,20300000,-2800000.0,-0.16,0.0,14900000,0.0,0.0,14900000.000000002,35200000,-9700000.0,13200000.000000004,-23899999.999999996,-1.365714,-17800000,-1.017143,0.0,-27400000,-1.565714,0.0,-27400000,-1.565714,-10.53846,-10.53846,2600000.0,2600000.0,,
0,2001-09-30,EQIX,2001-11-13 00:00:00,2001-11-13 00:00:00,Q3,17200000,24600000,-7400000.0,-0.430233,0.0,16600000,0.0,0.0,65199999.99999999,89799999.99999999,-9000000.0,12399999.999999998,-78200000,-4.546512,-72600000,-4.22093,0.0,-81600000,-4.744186,0.0,-81600000,-4.744186,-32.64,-32.64,2500000.0,2500000.0,https://www.sec.gov/Archives/edgar/data/1101239/000101287001502743/0001012870-01-502743-index.html,https://www.sec.gov/Archives/edgar/data/1101239/000101287001502743/d10q.txt
0,2001-06-30,EQIX,2001-08-14 00:00:00,2001-08-14 00:00:00,Q2,16200000,26200000,-10000000,-0.617284,0.0,19900000,0.0,0.0,19900000.000000004,46100000,-7900000.0,13500000,-32300000,-1.993827,-29900000,-1.845679,0.0,-37900000,-2.339506,0.0,-37900000,-2.339506,-15.16,-15.16,2500000.0,2500000.0,https://www.sec.gov/Archives/edgar/data/1101239/000101287001501607/0001012870-01-501607-index.html,https://www.sec.gov/Archives/edgar/data/1101239/000101287001501607/d10q.txt
0,2001-03-31,EQIX,2001-05-03 00:00:00,2001-05-03 00:00:00,Q1,12600000,23400000,-10800000,-0.857143,0.0,24100000,0.0,0.0,24200000.000000004,47600000,-6600000.0,10500000,-37600000,-2.984127,-35000000,-2.777778,0.0,-41500000,-3.293651,0.0,-41500000,-3.293651,-16.6,-16.6,2500000.0,2500000.0,https://www.sec.gov/Archives/edgar/data/1101239/000101287001500585/0001012870-01-500585-index.html,https://www.sec.gov/Archives/edgar/data/1101239/000101287001500585/d10q.txt
0,2000-12-31,EQIX,2001-03-27 00:00:00,2001-03-27 00:00:00,Q4,8100000.0,22100000,-14100000,-1.740741,0.0,24600000,0.0,0.0,24600000,46700000,-4200000.0,8000000.0,-39100000,-4.82716,-38700000,-4.777778,0.0,-42900000,-5.296296,0.0,-42900000,-5.296296,-17.875,-17.875,2400000.0,2400000.0,https://www.sec.gov/Archives/edgar/data/1101239/000101287001001327/0001012870-01-001327-index.html,https://www.sec.gov/Archives/edgar/data/1101239/000101287001001327/0001012870-01-001327-0001.txt
0,2000-09-30,EQIX,2000-11-09 00:00:00,2000-11-09 00:00:00,Q3,3900000.0,12600000,-8700000.0,-2.230769,0.0,21200000,0.0,0.0,21299999.999999996,33900000,-2100000.0,3199999.9999999995,-31000000,-7.948718,-30000000,-7.692308,0.0,-32100000,-8.230769,0.0,-32100000,-8.230769,-21.4,-21.4,1500000.0,1500000.0,https://www.sec.gov/Archives/edgar/data/1101239/000101287000005617/0001012870-00-005617-index.html,https://www.sec.gov/Archives/edgar/data/1101239/000101287000005617/0001012870-00-005617-0001.txt
