,date,symbol,fillingDate,acceptedDate,period,revenue,costOfRevenue,grossProfit,grossProfitRatio,researchAndDevelopmentExpenses,generalAndAdministrativeExpenses,sellingAndMarketingExpenses,otherExpenses,operatingExpenses,costAndExpenses,interestExpense,depreciationAndAmortization,ebitda,ebitdaratio,operatingIncome,operatingIncomeRatio,totalOtherIncomeExpensesNet,incomeBeforeTax,incomeBeforeTaxRatio,incomeTaxExpense,netIncome,netIncomeRatio,eps,epsdiluted,weightedAverageShsOut,weightedAverageShsOutDil,link,finalLink
0,2020-09-30,ESS,2020-10-30,2020-10-30 16:12:18,Q3,1133675000,79621000,1054054000,0.9297673495490331,0.0,42244000,0.0,223334000,265578000,793416000,165024000,407145000,786655000,0.693898163054,379510000,0.334760844157,6512000.0,494668000,0.436340220963,0.0,473125000,0.417337420337,7.22,7.21,65561820,65676093,https://www.sec.gov/Archives/edgar/data/920522/000092052220000061/0000920522-20-000061-index.htm,https://www.sec.gov/Archives/edgar/data/920522/000092052220000061/ess-20200930.htm
0,2020-06-30,ESS,2020-08-05,2020-08-05 16:34:20,Q2,370497000,110136000,260361000,0.7027344350966405,0.0,23598000,0.0,73788000,145652000.00000003,255788000.00000003,54447000,133609000,272514000,0.735536,114709000,0.309608,-1636000.0,90076000,0.243122,0.0,84458000,0.227959,1.29086,1.29086,65427940,65427940,https://www.sec.gov/Archives/edgar/data/920522/000092052220000055/0000920522-20-000055-index.htm,https://www.sec.gov/Archives/edgar/data/920522/000092052220000055/ess-63020x10q.htm
0,2020-03-31,ESS,2020-05-07 00:00:00,2020-05-07 16:36:17,Q1,392367000,107143000,285224000,0.726932,0.0,22741000,0.0,72890000,154066000,261209000,55147000,131559000,501712000,1.27868,131158000,0.334274,0.0,328765000,0.837902,0.0,315006000,0.802835,4.75873,4.75873,66195420,66195420,https://www.sec.gov/Archives/edgar/data/920522/000092052220000041/0000920522-20-000041-index.html,https://www.sec.gov/Archives/edgar/data/920522/000092052220000041/ess-33120x10q.htm
0,2019-12-31,ESS,2020-02-20 00:00:00,2020-02-20 16:07:45,Q4,375365000,101461000,273904000,0.7297,0.0,23810000,0.0,0.0,160512000,261973000,54688000,122908000.00000001,306414000,0.816309,113392000,0.302085,0.0,135182000,0.360135,0.0,128818000,0.343181,1.94634,1.94634,66184840,66184840,https://www.sec.gov/Archives/edgar/data/1053059/000092052220000026/0000920522-20-000026-index.html,https://www.sec.gov/Archives/edgar/data/920522/000092052220000026/ess-123119x10k.htm
0,2019-09-30,ESS,2019-10-24,2019-10-24 18:42:45,Q3,366932000,102471000,264461000,0.720736,0.0,19600000,0.0,8255000.0,134947000,237418000,54896000,120809000,275040000,0.749567,129514000,0.352965,-1457000.0,105700000,0.288064,0.0,99335000,0.270718,1.50569,1.50569,65973090,65973090,https://www.sec.gov/Archives/edgar/data/920522/000092052219000059/ess-93019x10q.htm,https://www.sec.gov/Archives/edgar/data/920522/000092052219000059/ess-93019x10q.htm
0,2019-06-30,ESS,2019-07-25,2019-07-25 16:23:50,Q2,361635000,95447000,266188000,0.736068,0.0,22139000,0.0,8212000.0,141296000,236743000,54112000,119464999.99999999,265852000,0.735139,124892000,0.345354,0.0,98061000,0.27116,0.0,92275000,0.255161,1.40189,1.40189,65821820,65821820,https://www.sec.gov/Archives/edgar/data/920522/000092052219000041/ess-63019x10q.htm,https://www.sec.gov/Archives/edgar/data/920522/000092052219000041/ess-63019x10q.htm
0,2019-03-31,ESS,2019-04-26,2019-04-26 16:22:34,Q1,356223000,98316000,257907000,0.724004,0.0,21612000,0.0,8153000.0,140876000,239192000,53643000,120568000,293069000,0.822712,117031000,0.328533,0.0,125505000,0.352321,0.0,118858000,0.333662,1.8068,1.8068,65783870,65783870,https://www.sec.gov/Archives/edgar/data/920522/000092052219000009/ess-123118x10k.htm,https://www.sec.gov/Archives/edgar/data/920522/000092052219000009/ess-123118x10k.htm
0,2018-12-31,ESS,2019-02-21,2019-02-21 16:21:22,Q4,353158000,98450000,254708000,0.72123,0.0,24661000,0.0,7749000.0,145296000,243746000,54157000,120584000,292561000,0.828414,109412000,0.30981,0.0,124440000,0.352364,0.0,117820000,0.333618,1.78349,1.78349,66061340,66061340,https://www.sec.gov/Archives/edgar/data/920522/000092052219000009/ess-123118x10k.htm,https://www.sec.gov/Archives/edgar/data/920522/000092052219000009/ess-123118x10k.htm
0,2018-09-30,ESS,2018-10-31,2018-10-31 16:23:09,Q3,350900000,97800000,253100000,0.721288,0.0,18400000,0.0,7761000.0,139200000,237000000,55196000,120900000,257096000,0.732676,113900000,0.324594,0.0,86100000,0.245369,0.0,81000000,0.230835,1.22542,1.22542,66100000,66100000,https://www.sec.gov/Archives/edgar/data/920522/000092052218000058/ess-93018x10q.htm,https://www.sec.gov/Archives/edgar/data/920522/000092052218000058/ess-93018x10q.htm
0,2018-06-30,ESS,2018-08-03,2018-08-03 16:20:18,Q2,348700000,94100000,254600000,0.730141,0.0,18900000,0.0,7782000.0,138400000,232500000,56278000,119300000.00000001,275978000,0.791448,116300000,0.333525,0.0,106400000,0.305133,0.0,100400000,0.287927,1.51891,1.51891,66100000,66100000,https://www.sec.gov/Archives/edgar/data/920522/000092052218000039/ess-63018x10q.htm,https://www.sec.gov/Archives/edgar/data/920522/000092052218000039/ess-63018x10q.htm
0,2018-03-31,ESS,2018-05-04,2018-05-04 16:28:18,Q1,347300000,95000000,252300000,0.726461,0.0,22600000,0.0,7770000.0,141700000,236700000,54861000,119100000,264861000,0.762629,110500000,0.318169,0.0,96600000,0.278146,0.0,90900000,0.261733,1.37519,1.37519,66100000,66100000,https://www.sec.gov/Archives/edgar/data/920522/000092052218000011/ess-123117x10k.htm,https://www.sec.gov/Archives/edgar/data/920522/000092052218000011/ess-123117x10k.htm
0,2017-12-31,ESS,2018-02-22,2018-02-22 16:39:47,Q4,345100000,103600000,241400000,0.699507,0.0,10700000,0.0,0.0,130900000,234500000,55561000,118000000,278661000,0.807479,110600000,0.320487,0.0,109700000,0.317879,1500000.0,103600000,0.300203,1.56732,1.56732,66100000,66100000,https://www.sec.gov/Archives/edgar/data/920522/000092052218000011/ess-123117x10k.htm,https://www.sec.gov/Archives/edgar/data/920522/000092052218000011/ess-123117x10k.htm
0,2017-09-30,ESS,2017-11-03,2017-11-03 13:07:36,Q3,344400000,104100000,240200000,0.697445,0.0,9800000.0,0.0,0.0,127600000,231700000,55938000,117499999.99999997,253137999.99999997,0.735012,112700000,0.327236,0.0,85000000,0.246806,0.0,79700000,0.231417,1.20575,1.20575,66100000,66100000,https://www.sec.gov/Archives/edgar/data/920522/000092052217000089/ess-93017x10q.htm,https://www.sec.gov/Archives/edgar/data/920522/000092052217000089/ess-93017x10q.htm
0,2017-06-30,ESS,2017-07-31,2017-07-31 14:06:20,Q2,339100000,98300000,240800000,0.710115,0.0,10300000,0.0,0.0,128500000,226800000,56812000,117900000,245512000,0.724011,112200000,0.330876,0.0,75800000,0.223533,0.0,70800000,0.208788,1.07599,1.07599,65800000,65800000,https://www.sec.gov/Archives/edgar/data/920522/000092052217000063/ess-63017x10q.htm,https://www.sec.gov/Archives/edgar/data/920522/000092052217000063/ess-63017x10q.htm
0,2017-03-31,ESS,2017-05-01,2017-05-01 15:15:12,Q1,335400000,99500000,235900000,0.703339,0.0,10600000,0.0,0.0,126699999.99999999,226200000,54583000,115500000,349083000,1.040796,109200000,0.325581,0.0,187600000,0.559332,0.0,179000000,0.533691,2.71624,2.71624,65900000,65900000,https://www.sec.gov/Archives/edgar/data/920522/000092052217000014/ess-123116x10k.htm,https://www.sec.gov/Archives/edgar/data/920522/000092052217000014/ess-123116x10k.htm
0,2016-12-31,ESS,2017-02-24,2017-02-24 14:52:07,Q4,329000000,99000000,230000000,0.699088,0.0,12200000,0.0,0.0,124900000,223900000,54927000,111899999.99999999,362527000,1.101906,105100000,0.319453,0.0,204600000,0.621884,100000.0,195600000,0.594529,2.98171,2.98171,65600000,65600000,https://www.sec.gov/Archives/edgar/data/920522/000092052217000014/ess-123116x10k.htm,https://www.sec.gov/Archives/edgar/data/920522/000092052217000014/ess-123116x10k.htm
0,2016-09-30,ESS,2016-10-31,2016-10-31 12:59:42,Q3,329200000,99400000,229800000,0.698056,0.0,9600000.0,0.0,0.0,120600000,220000000,56693000,110400000,232693000,0.706844,109200000,0.331713,0.0,70200000,0.213244,0.0,65600000,0.199271,1.0,1.0,65600000,65600000,https://www.sec.gov/Archives/edgar/data/920522/000092052216000127/ess-93016x10q.htm,https://www.sec.gov/Archives/edgar/data/920522/000092052216000127/ess-93016x10q.htm
0,2016-06-30,ESS,2016-08-01,2016-08-01 14:37:20,Q2,321600000,96100000,225500000,0.701182,0.0,9700000.0,0.0,0.0,119600000,215700000,55568000,109700000,237268000,0.737774,105900000,0.329291,0.0,76800000,0.238806,0.0,72000000,0.223881,1.09756,1.09756,65600000,65600000,https://www.sec.gov/Archives/edgar/data/920522/000092052216000118/ess-63016x10q.htm,https://www.sec.gov/Archives/edgar/data/920522/000092052216000118/ess-63016x10q.htm
0,2016-03-31,ESS,2016-05-03,2016-05-03 16:42:49,Q1,314200000,94500000,219700000,0.699236,0.0,9200000.0,0.0,0.0,119699999.99999999,214200000,52466000,109700000,248266000,0.790153,100000000,0.318269,0.0,91200000,0.290261,4300000.0,81800000,0.260344,1.24695,1.24695,65600000,65600000,https://www.sec.gov/Archives/edgar/data/920522/000092052216000097/ess-123115x10k.htm,https://www.sec.gov/Archives/edgar/data/920522/000092052216000097/ess-123115x10k.htm
0,2015-12-31,ESS,2016-02-26,2016-02-26 16:02:10,Q4,310700000,92100000,218600000,0.703573,0.0,8900000.0,0.0,0.0,132600000,224700000,56426000,116500000,253826000,0.816949,86100000,0.277116,0.0,85800000,0.276151,0.0,80900000,0.26038,1.23323,1.23323,65600000,65600000,https://www.sec.gov/Archives/edgar/data/920522/000092052216000097/ess-123115x10k.htm,https://www.sec.gov/Archives/edgar/data/920522/000092052216000097/ess-123115x10k.htm
0,2015-09-30,ESS,2015-11-04,2015-11-04 16:34:30,Q3,304600000,94100000,210500000,0.69107,0.0,11100000,0.0,0.0,127800000.00000001,221900000,50053000,116299999.99999999,209952999.99999997,0.689274,82700000,0.271504,0.0,47200000,0.154957,0.0,43600000,0.143139,0.66769,0.66769,65300000,65300000,https://www.sec.gov/Archives/edgar/data/920522/000092052215000049/ess-93015x10q.htm,https://www.sec.gov/Archives/edgar/data/920522/000092052215000049/ess-93015x10q.htm
0,2015-06-30,ESS,2015-08-06,2015-08-06 14:15:02,Q2,296200000,90100000,206100000,0.695814,0.0,9500000.0,0.0,0.0,125100000,215200000,50802000,113699999.99999999,211402000,0.713714,81000000,0.273464,0.0,50500000,0.170493,0.0,46900000,0.158339,0.72154,0.72154,65000000,65000000,https://www.sec.gov/Archives/edgar/data/920522/000092052215000042/ess-63015x10q.htm,https://www.sec.gov/Archives/edgar/data/920522/000092052215000042/ess-63015x10q.htm
0,2015-03-31,ESS,2015-05-11,2015-05-08 20:37:26,Q1,282900000,87200000,195700000,0.691764,0.0,10500000,0.0,0.0,120399999.99999999,207600000,47546000,106900000,215146000,0.760502,75300000,0.266172,0.0,64800000,0.229056,0.0,60700000,0.214563,0.94255,0.94255,64400000,64400000,https://www.sec.gov/Archives/edgar/data/920522/000092052215000006/ess-123114x10k.htm,https://www.sec.gov/Archives/edgar/data/920522/000092052215000006/ess-123114x10k.htm
0,2014-12-31,ESS,2015-03-02,2015-03-02 14:34:47,Q4,279300000,88600000,190600000,0.68242,0.0,12300000,0.0,0.0,127500000,216100000,47530000,106700000.00000001,195730000.00000003,0.700788,63200000,0.22628,0.0,44800000,0.160401,0.0,41500000,0.148586,0.65354,0.65354,63500000,63500000,https://www.sec.gov/Archives/edgar/data/920522/000092052215000006/ess-123114x10k.htm,https://www.sec.gov/Archives/edgar/data/920522/000092052215000006/ess-123114x10k.htm
0,2014-09-30,ESS,2014-11-06,2014-11-06 15:40:35,Q3,270900000,88100000,182800000,0.674788,0.0,11500000,0.0,0.0,117600000,205700000,45829000,102300000.00000001,203029000,0.749461,65100000,0.24031,0.0,58600000,0.216316,0.0,54900000,0.202658,0.87005,0.87005,63100000,63100000,https://www.sec.gov/Archives/edgar/data/920522/000114036114040470/form10q.htm,https://www.sec.gov/Archives/edgar/data/920522/000114036114040470/form10q.htm
0,2014-06-30,ESS,2014-08-11,2014-08-08 21:52:41,Q2,259800000,83600000,176200000,0.678214,0.0,9600000.0,0.0,0.0,137800000,221400000,45137000,101300000,148937000,0.573276,38400000,0.147806,0.0,4600000.0,0.017706,0.0,2500000.0,0.009623,0.03117,0.03117,80200000,80200000,https://www.sec.gov/Archives/edgar/data/920522/000114036114031603/form10q.htm,https://www.sec.gov/Archives/edgar/data/920522/000114036114031603/form10q.htm
0,2014-03-31,ESS,2014-05-12,2014-05-09 20:56:36,Q1,161000000,52300000,108700000,0.675155,0.0,7600000.0,0.0,0.0,74100000.00000001,126400000.00000001,26055000,53300000,102655000,0.637609,34600000,0.214907,0.0,26400000,0.163975,0.0,23300000,0.14472,0.61478,0.61478,37900000,37900000,https://www.sec.gov/Archives/edgar/data/920522/000114036114009793/form10k.htm,https://www.sec.gov/Archives/edgar/data/920522/000114036114009793/form10k.htm
0,2013-12-31,ESS,2014-02-26,2014-02-26 17:17:36,Q4,158800000,52400000,106400000,0.670025,0.0,6800000.0,0.0,0.0,62400000,114800000,26876000,53000000.000000015,113076000.00000001,0.712065,44000000,0.277078,0.0,20000000,0.125945,0.0,33200000,0.209068,0.88533,0.88533,37500000,37500000,https://www.sec.gov/Archives/edgar/data/920522/000114036114009793/form10k.htm,https://www.sec.gov/Archives/edgar/data/920522/000114036114009793/form10k.htm
0,2013-09-30,ESS,2013-11-04 00:00:00,2013-11-04 06:05:33,Q3,153900000,50300000,103600000,0.673164,0.0,6300000.0,0.0,0.0,54900000.00000001,105200000,26188000,51599999.99999999,147988000,0.961585,48700000,0.316439,0.0,62700000,0.407407,0.0,70200000,0.45614,1.87701,1.87701,37400000,37400000,https://www.sec.gov/Archives/edgar/data/920522/000114036113040353/0001140361-13-040353-index.html,https://www.sec.gov/Archives/edgar/data/920522/000114036113040353/form10q.htm
0,2013-06-30,ESS,2013-08-05 00:00:00,2013-08-02 21:35:50,Q2,150800000,48300000,102500000,0.679708,0.0,6600000.0,0.0,0.0,53400000.00000001,101700000,26325000,51100000,103725000,0.687832,49100000,0.325597,0.0,29000000,0.192308,0.0,26300000,0.174403,0.69577,0.69577,37800000,37800000,https://www.sec.gov/Archives/edgar/data/920522/000114036113030211/0001140361-13-030211-index.html,https://www.sec.gov/Archives/edgar/data/920522/000114036113030211/form10q.htm
0,2013-03-31,ESS,2013-05-06 00:00:00,2013-05-06 06:09:14,Q1,147100000,46300000,100700000,0.684568,0.0,7000000.0,0.0,0.0,54200000,100500000,25211000,50000000,101811000,0.692121,46600000,0.316791,0.0,29200000,0.198504,0.0,26600000,0.180829,0.71314,0.71314,37300000,37300000,https://www.sec.gov/Archives/edgar/data/920522/000114036113018784/0001140361-13-018784-index.html,https://www.sec.gov/Archives/edgar/data/920522/000114036113018784/form10q.htm
0,2012-12-31,ESS,2013-02-25 00:00:00,2013-02-22 19:07:36,Q4,141200000,45000000,96200000,0.681303,0.0,6900000.0,0.0,150781000,57800000,102800000,25864000,47899999.999999985,118963999.99999999,0.842521,38400000,0.271955,0.0,48200000,0.34136,0.0,45200000,0.320113,1.25556,1.25556,36000000,36000000,https://www.sec.gov/Archives/edgar/data/920522/000114036113009003/0001140361-13-009003-index.html,https://www.sec.gov/Archives/edgar/data/920522/000114036113009003/form10k.htm
0,2012-09-30,ESS,2012-11-05 00:00:00,2012-11-05 06:09:13,Q3,137600000,45100000,92500000,0.672238,0.0,5300000.0,0.0,0.0,53900000,99000000,25064000,46000000.00000001,88664000.00000001,0.64436,38600000,0.280523,0.0,20100000,0.146076,0.0,17600000,0.127907,0.493,0.493,35700000,35700000,https://www.sec.gov/Archives/edgar/data/920522/000114036112045528/0001140361-12-045528-index.html,https://www.sec.gov/Archives/edgar/data/920522/000114036112045528/form10q.htm
0,2012-06-30,ESS,2012-08-06 00:00:00,2012-08-03 19:09:01,Q2,131400000,41900000,89500000,0.681126,0.0,5800000.0,0.0,0.0,53199999.99999999,95100000,24658000,44699999.99999999,107758000,0.820076,36300000,0.276256,0.0,42200000,0.321157,0.0,38400000,0.292237,1.04348,1.04348,36800000,36800000,https://www.sec.gov/Archives/edgar/data/920522/000114036112035170/0001140361-12-035170-index.html,https://www.sec.gov/Archives/edgar/data/920522/000114036112035170/form10q.htm
0,2012-03-31,ESS,2012-05-07,2012-05-07 08:06:34,Q1,127900000,40200000,87800000,0.686474,0.0,5400000.0,0.0,0.0,50599999.99999999,90800000,24658000,43699999.99999999,92458000,0.722893,37100000,0.29007,0.0,17200000,0.13448,0.0,24100000,0.188428,0.70468,0.70468,34200000,34200000,https://www.sec.gov/Archives/edgar/data/920522/000114036112010939/form10k.htm,https://www.sec.gov/Archives/edgar/data/920522/000114036112010939/form10k.htm
0,2011-12-31,ESS,2012-02-27 00:00:00,2012-02-24 21:18:07,Q4,124600000,40000000,84600000,0.678973,0.0,5300000.0,0.0,135281000,46700000,86700000,25082000,51300000,91682000,0.735811,37900000,0.304173,0.0,14500000,0.116372,0.0,15300000,0.122793,0.46084,0.46084,33200000,33200000,https://www.sec.gov/Archives/edgar/data/920522/000114036112010939/0001140361-12-010939-index.html,https://www.sec.gov/Archives/edgar/data/920522/000114036112010939/form10k.htm
0,2011-09-30,ESS,2011-11-07 00:00:00,2011-11-07 06:06:39,Q3,119200000,41100000,78100000,0.655201,0.0,4700000.0,0.0,0.0,44300000.00000001,85400000,22094000,38200000,69394000,0.582164,33700000,0.282718,0.0,11800000,0.098993,0.0,9100000.0,0.076342,0.27576,0.27576,33000000,33000000,https://www.sec.gov/Archives/edgar/data/920522/000114036111051938/0001140361-11-051938-index.html,https://www.sec.gov/Archives/edgar/data/920522/000114036111051938/form10q.htm
0,2011-06-30,ESS,2011-08-08 00:00:00,2011-08-08 06:17:06,Q2,116300000,39800000,76600000,0.658641,0.0,5400000.0,0.0,0.0,43900000.00000001,83700000,19856000,37500000,71156000,0.611831,32600000,0.28031,0.0,10500000,0.090284,0.0,13800000,0.118659,0.43671,0.43671,31600000,31600000,https://www.sec.gov/Archives/edgar/data/920522/000114036111040077/0001140361-11-040077-index.html,https://www.sec.gov/Archives/edgar/data/920522/000114036111040077/form10q.htm
0,2011-03-31,ESS,2011-05-09 00:00:00,2011-05-06 19:08:38,Q1,112400000,38400000,74000000,0.658363,0.0,5300000.0,0.0,0.0,42900000,81300000,24662000,39900000,73562000,0.654466,31200000,0.27758,0.0,12100000,0.107651,0.0,9000000.0,0.080071,0.28571,0.28571,31500000,31500000,https://www.sec.gov/Archives/edgar/data/920522/000114036111025800/0001140361-11-025800-index.html,https://www.sec.gov/Archives/edgar/data/920522/000114036111025800/form10q.htm
0,2010-12-31,ESS,2011-02-25,2011-02-25 15:45:47,Q4,108600000,38100000,70400000,0.64825,0.0,8000000.0,0.0,119544000,44800000.00000001,82900000,-17100000,0.0,-11800000,-0.108656,25600000,0.235727,0.0,8500000.0,0.078269,0.0,5300000.0,0.048803,0.16109,0.16109,32900000,32900000,https://www.sec.gov/Archives/edgar/data/920522/000114036111012197/form10k.htm,https://www.sec.gov/Archives/edgar/data/920522/000114036111012197/form10k.htm
0,2010-09-30,ESS,2010-11-09 00:00:00,2010-11-09 17:26:24,Q3,103800000,37500000,66300000,0.638728,0.0,6200000.0,0.0,0.0,39099999.99999999,76600000,-17000000,0.0,-10100000,-0.097303,27200000,0.262042,0.0,10200000,0.098266,0.0,6900000.0,0.066474,0.32701,0.32701,21100000,21100000,https://www.sec.gov/Archives/edgar/data/920522/000114036110044600/0001140361-10-044600-index.html,https://www.sec.gov/Archives/edgar/data/920522/000114036110044600/form10q.htm
0,2010-06-30,ESS,2010-08-06 00:00:00,2010-08-06 06:14:15,Q2,100200000,34800000,65300000,0.651697,0.0,6200000.0,0.0,0.0,37400000.00000001,72200000,-4687000.0,0.0,5313000.0,0.053024,28000000,0.279441,0.0,13700000,0.136727,0.0,10000000,0.0998,0.33557,0.33557,29800000,29800000,https://www.sec.gov/Archives/edgar/data/920522/000114036110031918/0001140361-10-031918-index.html,https://www.sec.gov/Archives/edgar/data/920522/000114036110031918/form10q.htm
0,2010-03-31,ESS,2010-05-06 00:00:00,2010-05-06 17:23:57,Q1,100800000,34000000,66700000,0.661706,0.0,5600000.0,0.0,0.0,36000000,70000000,20836000,0.0,34536000,0.342619,30700000,0.304563,0.0,17700000,0.175595,0.0,13700000,0.135913,0.47241,0.47241,29000000,29000000,https://www.sec.gov/Archives/edgar/data/920522/000114036110019468/0001140361-10-019468-index.html,https://www.sec.gov/Archives/edgar/data/920522/000114036110019468/form10q.htm
0,2009-12-31,ESS,2010-02-26 00:00:00,2010-02-26 06:02:37,Q4,101000000,36600000,64300000,0.636634,0.0,6100000.0,0.0,116007000,37900000,74500000,-18800000,0.0,-11800000,-0.116832,26500000,0.262376,0.0,7700000.0,0.076238,0.0,7000000.0,0.069307,0.24735,0.24735,28300000,28300000,https://www.sec.gov/Archives/edgar/data/920522/000114036110008624/0001140361-10-008624-index.html,https://www.sec.gov/Archives/edgar/data/920522/000114036110008624/form10-k.htm
0,2009-09-30,ESS,2009-11-05 00:00:00,2009-11-04 20:12:34,Q3,101700000,36100000,65600000,0.645034,0.0,6100000.0,0.0,0.0,46999999.99999999,83099999.99999999,-18500000,0.0,-19700000,-0.193707,18600000,0.182891,0.0,0.0,0.0,0.0,-1200000.0,-0.011799,-0.03987,-0.03987,30100000,30100000,https://www.sec.gov/Archives/edgar/data/920522/000114036109024778/0001140361-09-024778-index.html,https://www.sec.gov/Archives/edgar/data/920522/000114036109024778/form10q.htm
0,2009-06-30,ESS,2009-08-07 00:00:00,2009-08-06 21:11:54,Q2,103600000,33800000,69800000,0.673745,0.0,5800000.0,0.0,0.0,34800000,68600000,-18600000,0.0,-5600000.0,-0.054054,35000000,0.337838,0.0,16600000,0.160232,0.0,13000000,0.125483,0.49057,0.49057,26500000,26500000,https://www.sec.gov/Archives/edgar/data/920522/000114036109018145/0001140361-09-018145-index.html,https://www.sec.gov/Archives/edgar/data/920522/000114036109018145/form10q.htm
0,2009-03-31,ESS,2009-05-07 00:00:00,2009-05-07 13:29:37,Q1,105100000,33100000,72000000,0.685062,0.0,6200000.0,0.0,0.0,34800000.00000001,67900000,-16400000,0.0,2000000.0,0.019029,37200000,0.353949,0.0,20800000,0.197907,0.0,18400000,0.175071,0.59164,0.59164,31100000,31100000,https://www.sec.gov/Archives/edgar/data/920522/000114036109011356/0001140361-09-011356-index.html,https://www.sec.gov/Archives/edgar/data/920522/000114036109011356/form10q.htm
0,2008-12-31,ESS,2009-02-27 00:00:00,2009-02-27 17:34:11,Q4,104900000,34100000,70800000,0.674929,0.0,7300000.0,0.0,106977000,54699999.99999999,88800000,3800000.0,0.0,24100000,0.229743,16100000,0.15348,0.0,22000000,0.209724,0.0,20300000,0.193518,0.77481,0.77481,26200000,26200000,https://www.sec.gov/Archives/edgar/data/920522/000114036109005392/0001140361-09-005392-index.html,https://www.sec.gov/Archives/edgar/data/920522/000114036109005392/form10k.htm
0,2008-09-30,ESS,2008-11-03 00:00:00,2008-10-31 19:41:12,Q3,102800000,33900000,68900000,0.670233,0.0,6500000.0,0.0,0.0,55199999.99999999,89100000,-39964000,0.0,-26264000,-0.255486,13700000,0.133268,0.0,19300000,0.187743,0.0,13700000,0.133268,0.53937,0.53937,25400000,25400000,https://www.sec.gov/Archives/edgar/data/920522/000114036108024155/0001140361-08-024155-index.html,https://www.sec.gov/Archives/edgar/data/920522/000114036108024155/form10-q.htm
0,2008-06-30,ESS,2008-08-06 00:00:00,2008-08-06 16:22:13,Q2,101200000,32800000,68400000,0.675889,0.0,6500000.0,0.0,0.0,54800000,87600000,19781000,0.0,30881000,0.305148,13600000,0.134387,0.0,22200000,0.219368,0.0,11100000,0.109684,0.44048,0.44048,25200000,25200000,https://www.sec.gov/Archives/edgar/data/920522/000114036108018433/0001140361-08-018433-index.html,https://www.sec.gov/Archives/edgar/data/920522/000114036108018433/form10q.htm
0,2008-03-31,ESS,2008-05-08 00:00:00,2008-05-08 13:21:58,Q1,99500000,31600000,67900000,0.682412,0.0,6600000.0,0.0,0.0,54400000,86000000,20183000,0.0,37283000,0.374704,13500000,0.135678,0.0,17100000,0.171859,0.0,17100000,0.171859,0.68675,0.68675,24900000,24900000,https://www.sec.gov/Archives/edgar/data/920522/000114036108011550/0001140361-08-011550-index.html,https://www.sec.gov/Archives/edgar/data/920522/000114036108011550/form10-q.htm
0,2007-12-31,ESS,2008-02-29,2008-02-28 20:17:35,Q4,99600000,33000000,66600000,0.668675,0.0,7800000.0,0.0,800000.0,59400000.00000001,92400000,-58992000,0.0,-4992000.0,-0.05012,7200000.0,0.072289,0.0,5900000.0,0.059237,400000.0,53600000,0.538153,2.10196,2.10196,25500000,25500000,https://www.sec.gov/Archives/edgar/data/920522/000092052208000009/body_10-k.htm,https://www.sec.gov/Archives/edgar/data/920522/000092052208000009/body_10-k.htm
0,2007-09-30,ESS,2007-11-07 00:00:00,2007-11-06 20:06:20,Q3,96300000,31100000,65100000,0.676012,0.0,6400000.0,0.0,0.0,50800000.00000001,81900000,58992000,0.0,71292000,0.740312,14400000,0.149533,0.0,12000000,0.124611,0.0,12300000,0.127726,0.48047,0.48047,25600000,25600000,https://www.sec.gov/Archives/edgar/data/920522/000092052207000070/0000920522-07-000070-index.html,https://www.sec.gov/Archives/edgar/data/920522/000092052207000070/body_10-q.htm
0,2007-06-30,ESS,2007-08-07 00:00:00,2007-08-07 17:22:14,Q2,92400000,29300000,63100000,0.6829,0.0,6000000.0,0.0,0.0,50300000,79600000,-1700000.0,0.0,10500000,0.113636,12800000,0.138528,0.0,11100000,0.12013,0.0,12200000,0.132035,0.46212,0.46212,26400000,26400000,https://www.sec.gov/Archives/edgar/data/920522/000092052207000051/0000920522-07-000051-index.html,https://www.sec.gov/Archives/edgar/data/920522/000092052207000051/body_10-q.htm
0,2007-03-31,ESS,2007-05-08 00:00:00,2007-05-08 16:04:33,Q1,90700000,29600000,61100000,0.673649,0.0,6100000.0,0.0,0.0,46199999.99999999,75800000,-1100000.0,0.0,36400000,0.401323,14900000,0.164278,0.0,13800000,0.15215,0.0,37500000,0.413451,1.54959,1.54959,24200000,24200000,https://www.sec.gov/Archives/edgar/data/920522/000092052207000030/0000920522-07-000030-index.html,https://www.sec.gov/Archives/edgar/data/920522/000092052207000030/form10q.htm
0,2006-12-31,ESS,2007-03-01,2007-03-01 17:23:25,Q4,83500000,27400000,56100000,0.671856,0.0,7100000.0,0.0,0.0,44400000,71800000,-3300000.0,0.0,14300000,0.171257,11700000,0.14012,0.0,8400000.0,0.100599,200000.0,17400000,0.208383,0.71901,0.71901,24200000,24200000,https://www.sec.gov/Archives/edgar/data/920522/000092052207000015/form10k.htm,https://www.sec.gov/Archives/edgar/data/920522/000092052207000015/form10k.htm
0,2006-11-07,ESS,2006-11-08,2006-11-07 20:50:32,Q3,265115000,0.0,265115000,1.0,0.0,5289000.0,0.0,0.0,5289000.0,5289000.0,0.0,0.0,23072000,0.08702638477641778,23072000,0.08702638477641778,1701000.0,12327000,0.04649680327405088,-150000.0,12477000,0.04706259547743432,0.69392,0.69392,17980555,17980555,https://www.sec.gov/Archives/edgar/data/920522/000092052206000081/0000920522-06-000081-index.htm,https://www.sec.gov/Archives/edgar/data/920522/000092052206000081/form_10-q.htm
0,2006-09-30,ESS,,Not found...,Q3,88700000,29800000,58900000,0.664036,0.0,5300000.0,0.0,0.0,43900000.00000001,73700000,-3700000.0,0.0,9000000.0,0.101466,15000000,0.169109,0.0,11300000,0.127396,200000.0,12500000,0.140924,0.52743,0.52743,23700000,23700000,,
0,2006-08-04,ESS,2006-08-07,2006-08-07 17:20:55,Q2,0.0,0.0,0.0,0.0,0.0,9901000.0,0.0,1770000.0,9901000.0,9901000.0,0.0,0.0,14346000,0.0,14346000,0.0,3048000.0,32659000,0.0,-175000.0,32834000,0.0,1.68,1.68,19544047,19544047,https://www.sec.gov/Archives/edgar/data/920522/000092052206000064/0000920522-06-000064-index.htm,https://www.sec.gov/Archives/edgar/data/920522/000092052206000064/form_10-q.htm
0,2006-06-30,ESS,,,Q2,84500000,28400000,56100000,0.663905,0.0,5000000.0,0.0,800000.0,45100000,73500000,-4300000.0,0.0,18300000,0.216568,11000000,0.130178,0.0,6800000.0,0.080473,100000.0,22500000,0.266272,0.96983,0.96983,23200000,23200000,,
0,2006-05-10,ESS,2006-05-10,2006-05-10 13:55:05,Q1,86087000,0.0,86087000,1.0,0.0,4899000.0,0.0,970000.0,4899000.0,4899000.0,0.0,0.0,7537000.0,0.08755096588335057,7537000.0,0.08755096588335057,2394000.0,10285000,0.11947216188274652,-37000.0,10322000,0.11990195964547493,0.84,0.84,12288095,12288095,https://www.sec.gov/Archives/edgar/data/920522/000092052206000038/0000920522-06-000038-index.htm,https://www.sec.gov/Archives/edgar/data/920522/000092052206000023/body10_k.htm
0,2006-03-31,ESS,,,Q1,83100000,28800000,54200000,0.652226,0.0,4900000.0,0.0,1000000.0,44300000,73100000,-2900000.0,0.0,7400000.0,0.089049,9900000.0,0.119134,0.0,7100000.0,0.085439,0.0,10300000,0.123947,0.44589,0.44589,23100000,23100000,,
0,2006-03-14,ESS,2006-03-14,2006-03-14 17:06:41,Q4,10874000,0.0,10874000,1.0,0.0,-3937000.0,0.0,-2900000.0,-3937000.0,-3937000.0,0.0,80075000,66296000,6.096744528232481,-13779000,-1.2671510023910244,-7244000.0,-39667000,-3.647875666727975,2386000.0,-39413000,-3.6245171969836307,-3.50438,-3.50438,11246794,11246794,https://www.sec.gov/Archives/edgar/data/920522/000092052206000023/0000920522-06-000023-index.htm,https://www.sec.gov/Archives/edgar/data/920522/000092052206000023/body10_k.htm
0,2005-12-31,ESS,,,Q4,73000000,25000000,48000000,0.657534,0.0,5600000.0,0.0,2900000.0,41800000,66800000,1900000.0,0.0,7300000.0,0.1,6200000.0,0.084932,0.0,8100000.0,0.110959,200000.0,5200000.0,0.071233,0.22222,0.22222,23400000,23400000,,
0,2005-09-30,ESS,2005-11-08,2005-11-08 17:30:57,Q3,83500000,28300000,55200000,0.661078,0.0,4600000.0,0.0,1400000.0,45300000,73600000,4900000.0,0.0,14800000,0.177246,9900000.0,0.118563,0.0,14700000,0.176048,1200000.0,8700000.0,0.104192,0.37179,0.37179,23400000,23400000,https://www.sec.gov/Archives/edgar/data/920522/000105305905000018/body_10q.htm,https://www.sec.gov/Archives/edgar/data/920522/000105305905000018/body_10q.htm
0,2005-06-30,ESS,2005-08-05,2005-08-05 17:14:23,Q2,80600000,27300000,53300000,0.66129,0.0,4600000.0,0.0,0.0,44800000,72100000,5100000.0,0.0,45100000,0.559553,8500000.0,0.105459,0.0,18900000,0.234491,1100000.0,38900000,0.48263,1.65532,1.65532,23500000,23500000,https://www.sec.gov/Archives/edgar/data/920522/000105305905000005/body_10q.htm,https://www.sec.gov/Archives/edgar/data/920522/000105305905000005/body_10q.htm
0,2005-03-31,ESS,2005-05-06,2005-05-06 16:52:19,Q1,84900000,27100000,57800000,0.680801,0.0,4400000.0,0.0,0.0,42600000,69700000,15100000,0.0,42100000,0.495878,15100000,0.177856,0.0,31400000,0.369847,100000.0,26900000,0.316843,1.14957,1.14957,23400000,23400000,https://www.sec.gov/Archives/edgar/data/920522/000110465905014152/a05-5625_110k.htm,https://www.sec.gov/Archives/edgar/data/920522/000110465905014152/a05-5625_110k.htm
0,2004-12-31,ESS,2005-03-31,2005-03-31 12:16:57,Q4,78600000,25500000,53100000,0.675573,0.0,4100000.0,0.0,0.0,40000000,65500000,25800000,0.0,58300000,0.74173,13100000,0.166667,0.0,38900000,0.494911,0.0,32500000,0.413486,1.42544,1.42544,22800000,22800000,https://www.sec.gov/Archives/edgar/data/920522/000110465905014152/a05-5625_110k.htm,https://www.sec.gov/Archives/edgar/data/920522/000110465905014152/a05-5625_110k.htm
0,2004-09-30,ESS,2004-11-09,2004-11-09 16:49:19,Q3,87400000,24900000,62500000,0.715103,0.0,7600000.0,0.0,0.0,42600000,67500000,16200000,0.0,51300000,0.586957,20000000,0.228833,0.0,44100000,0.504577,100000.0,35000000,0.400458,1.50862,1.50862,23200000,23200000,https://www.sec.gov/Archives/edgar/data/920522/000092052204000042/form10-q.htm,https://www.sec.gov/Archives/edgar/data/920522/000092052204000042/form10-q.htm
0,2004-06-30,ESS,,,Q2,71000000,23800000,47200000,0.664789,0.0,3500000.0,0.0,0.0,36500000,60300000,700000.0,0.0,6400000.0,0.090141,10600000,0.149296,0.0,11300000,0.159155,0.0,5700000.0,0.080282,0.24675,0.24675,23100000,23100000,,
0,2004-03-31,ESS,,,Q1,66900000,21600000,45300000,0.67713,0.0,2900000.0,0.0,0.0,35300000,56900000,1700000.0,0.0,8300000.0,0.124066,10000000,0.149477,0.0,11700000,0.174888,100000.0,6500000.0,0.09716,0.28139,0.28139,23100000,23100000,,
0,2003-12-31,ESS,,,Q4,64600000,13000000,49600000,0.767802,0.0,10400000,0.0,0.0,40300000,53300000,800000.0,0.0,7700000.0,0.119195,11400000,0.176471,0.0,12100000,0.187307,0.0,6900000.0,0.106811,0.30396,0.30396,22700000,22700000,,
0,2003-09-30,ESS,,,Q3,64500000,13300000,49700000,0.770543,0.0,9500000.0,0.0,0.0,37400000.00000001,50700000.00000001,1100000.0,0.0,9800000.0,0.151938,13800000,0.213953,0.0,14900000,0.231008,0.0,8700000.0,0.134884,0.40654,0.40654,21400000,21400000,,
0,2003-06-30,ESS,,,Q2,61000000,11500000,48200000,0.790164,0.0,9100000.0,0.0,0.0,29400000,40900000,400000.0,0.0,13100000,0.214754,20100000,0.329508,0.0,20500000,0.336066,0.0,12700000,0.208197,0.66492,0.66492,19100000,19100000,,
0,2003-03-31,ESS,,,Q1,68200000,12900000,53400000,0.782991,0.0,11500000,0.0,0.0,44500000,57400000,1100000.0,0.0,7900000.0,0.115836,10800000,0.158358,0.0,11900000,0.174487,0.0,6800000.0,0.099707,0.29437,0.29437,23100000,23100000,,
0,2002-12-31,ESS,,,Q4,74400000,15400000,65400000,0.879032,0.0,15700000,0.0,0.0,49900000,65300000,5400000.0,0.0,10800000,0.145161,9100000.0,0.122312,0.0,14600000,0.196237,0.0,5400000.0,0.072581,0.28571,0.28571,18900000,18900000,,
0,2002-09-30,ESS,,,Q3,48800000,8200000.0,35500000,0.727459,0.0,6100000.0,0.0,0.0,24000000.000000004,32200000.000000004,0.0,0.0,10600000,0.217213,16600000,0.340164,0.0,16600000,0.340164,0.0,10600000,0.217213,0.57297,0.57297,18500000,18500000,,
0,2002-06-30,ESS,2002-08-13,2002-08-13 17:26:43,Q2,51000000,7700000.0,35400000,0.694118,0.0,5800000.0,0.0,0.0,23800000,31500000,0.0,0.0,21400000,0.419608,19500000,0.382353,0.0,19500000,0.382353,0.0,21400000,0.419608,1.1383,1.1383,18800000,18800000,https://www.sec.gov/Archives/edgar/data/920522/000102140802010698/d10q.htm,https://www.sec.gov/Archives/edgar/data/920522/000102140802010698/d10q.htm
0,2002-03-31,ESS,,,Q1,49400000,8000000.0,35400000,0.716599,0.0,6300000.0,0.0,0.0,24200000.000000004,32200000.000000004,0.0,0.0,11300000,0.228745,17200000,0.348178,0.0,17200000,0.348178,0.0,11300000,0.228745,0.60428,0.60428,18700000,18700000,,
0,2001-12-31,ESS,,,Q4,52200000,8600000.0,35600000,0.681992,0.0,7400000.0,0.0,0.0,26600000,35200000,0.0,0.0,11100000,0.212644,16900000,0.323755,0.0,16900000,0.323755,0.0,11100000,0.212644,0.59043,0.59043,18800000,18800000,,
0,2001-09-30,ESS,2001-11-09 00:00:00,2001-11-09 00:00:00,Q3,51300000,8200000.0,37500000,0.730994,0.0,6400000.0,0.0,0.0,25599999.999999996,33800000,0.0,0.0,14900000,0.290448,17400000,0.339181,0.0,21200000,0.413255,0.0,14900000,0.290448,0.70616,0.70616,21100000,21100000,https://www.sec.gov/Archives/edgar/data/920522/000101287001502683/0001012870-01-502683-index.html,https://www.sec.gov/Archives/edgar/data/920522/000101287001502683/d10q.txt
0,2001-06-30,ESS,2001-08-13 00:00:00,2001-08-13 00:00:00,Q2,50500000,8200000.0,37700000,0.746535,0.0,6300000.0,0.0,0.0,25000000.000000004,33200000.000000004,0.0,0.0,11500000,0.227723,17400000,0.344554,0.0,17400000,0.344554,0.0,11500000,0.227723,0.6117,0.6117,18800000,18800000,https://www.sec.gov/Archives/edgar/data/920522/000101287001501557/0001012870-01-501557-index.html,https://www.sec.gov/Archives/edgar/data/920522/000101287001501557/d10q.txt
0,2001-03-31,ESS,,,Q1,49600000,8200000.0,37300000,0.752016,0.0,6400000.0,0.0,0.0,24599999.999999996,32799999.999999996,0.0,0.0,11000000,0.221774,16800000,0.33871,0.0,16800000,0.33871,0.0,11000000,0.221774,0.58511,0.58511,18800000,18800000,,
0,2000-12-31,ESS,,,Q4,49400000,8200000.0,37900000,0.767206,0.0,5800000.0,0.0,0.0,24099999.999999996,32299999.999999996,0.0,0.0,11100000,0.224696,17100000,0.346154,0.0,17100000,0.346154,0.0,11100000,0.224696,0.58421,0.58421,19000000,19000000,,
0,2000-09-30,ESS,2000-11-14 00:00:00,2000-11-14 00:00:00,Q3,47300000,7600000.0,36100000,0.763214,0.0,6600000.0,0.0,0.0,23799999.999999996,31399999.999999996,0.0,0.0,10200000,0.215645,15900000,0.336152,0.0,15900000,0.336152,0.0,10200000,0.215645,0.48804,0.48804,20900000,20900000,https://www.sec.gov/Archives/edgar/data/920522/000101287000005771/0001012870-00-005771-index.html,https://www.sec.gov/Archives/edgar/data/920522/000101287000005771/0001012870-00-005771-0001.txt
0,2000-06-30,ESS,2000-08-14 00:00:00,2000-08-14 00:00:00,Q2,42400000,7200000.0,33000000,0.778302,0.0,5400000.0,0.0,0.0,19000000,26200000,0.0,0.0,10300000,0.242925,16200000,0.382075,0.0,16200000,0.382075,0.0,10300000,0.242925,0.55376,0.55376,18600000,18600000,https://www.sec.gov/Archives/edgar/data/920522/000101287000004412/0001012870-00-004412-index.html,https://www.sec.gov/Archives/edgar/data/920522/000101287000004412/0001012870-00-004412-0001.txt
0,2000-03-31,ESS,2000-05-12 00:00:00,2000-05-12 00:00:00,Q1,39500000,6800000.0,31000000,0.78481,0.0,5200000.0,0.0,0.0,17800000,24600000,0.0,0.0,12800000,0.324051,14900000,0.377215,0.0,18900000,0.478481,0.0,12800000,0.324051,0.69189,0.69189,18500000,18500000,https://www.sec.gov/Archives/edgar/data/920522/000101287000002718/0001012870-00-002718-index.html,https://www.sec.gov/Archives/edgar/data/920522/0001012870-00-002718.txt
0,1999-12-31,ESS,,,Q4,39500000,7600000.0,29900000,0.756962,0.0,4900000.0,0.0,0.0,17299999.999999996,24899999.999999996,0.0,0.0,13200000,0.334177,14600000,0.36962,0.0,19500000,0.493671,0.0,13200000,0.334177,0.65347,0.65347,20200000,20200000,,
0,1999-09-30,ESS,,,Q3,37800000,7100000.0,29400000,0.777778,0.0,4400000.0,0.0,0.0,17200000.000000004,24300000.000000004,0.0,0.0,13100000,0.346561,13400000,0.354497,0.0,18100000,0.478836,0.0,13100000,0.346561,0.70811,0.70811,18500000,18500000,,
0,1999-06-30,ESS,,,Q2,34900000,6700000.0,27100000,0.776504,0.0,4200000.0,0.0,0.0,15900000.000000002,22600000.000000004,0.0,0.0,8900000.0,0.255014,12300000,0.352436,0.0,12300000,0.352436,0.0,8900000.0,0.255014,0.4837,0.4837,18400000,18400000,,
0,1999-03-31,ESS,,,Q1,33900000,6600000.0,26000000,0.766962,0.0,4500000.0,0.0,0.0,15600000,22200000,0.0,0.0,8500000.0,0.250737,11700000,0.345133,0.0,11700000,0.345133,0.0,8500000.0,0.250737,0.50296,0.50296,16900000,16900000,,
0,1998-12-31,ESS,,,Q4,33100000,6900000.0,25400000,0.767372,0.0,3900000.0,0.0,0.0,15299999.999999998,22200000,0.0,0.0,4200000.0,0.126888,10900000,0.329305,0.0,10900000,0.329305,0.0,4200000.0,0.126888,0.2515,0.2515,16700000,16700000,,
0,1998-09-30,ESS,,,Q3,32700000,6200000.0,25600000,0.782875,0.0,4500000.0,0.0,0.0,16500000,22700000,0.0,0.0,6700000.0,0.204893,10000000,0.30581,0.0,10000000,0.30581,0.0,6700000.0,0.204893,0.39881,0.39881,16800000,16800000,,
0,1998-06-30,ESS,,,Q2,31600000,6600000.0,24400000,0.772152,0.0,4100000.0,0.0,0.0,15100000,21700000,0.0,0.0,7500000.0,0.237342,10000000,0.316456,0.0,10000000,0.316456,0.0,7500000.0,0.237342,0.44643,0.44643,16800000,16800000,,
0,1998-03-31,ESS,,,Q1,27900000,6200000.0,20900000,0.749104,0.0,3400000.0,0.0,0.0,12000000,18200000,0.0,0.0,7900000.0,0.283154,9700000.0,0.34767,0.0,9700000.0,0.34767,0.0,7900000.0,0.283154,0.47024,0.47024,16800000,16800000,,
0,1997-12-31,ESS,,,Q4,24400000,11700000,11700000,0.479508,0.0,700000.0,0.0,0.0,4300000.000000001,16000000.000000002,0.0,0.0,7200000.0,0.295082,8500000.0,0.348361,0.0,8500000.0,0.348361,0.0,7200000.0,0.295082,0.36735,0.36735,19600000,19600000,,
0,1997-09-30,ESS,,,Q3,22000000,10200000,10700000,0.486364,0.0,600000.0,0.0,0.0,3900000.0000000005,14100000,0.0,0.0,11000000,0.5,7900000.0,0.359091,0.0,12600000,0.572727,0.0,11000000,0.5,0.6875,0.6875,16000000,16000000,,
0,1997-06-30,ESS,,,Q2,19600000,9100000.0,9200000.0,0.469388,0.0,500000.0,0.0,0.0,3599999.9999999995,12700000,0.0,0.0,6300000.0,0.321429,6900000.0,0.352041,0.0,7300000.0,0.372449,0.0,6300000.0,0.321429,0.45985,0.45985,13700000,13700000,,
0,1997-03-31,ESS,,,Q1,18600000,8800000.0,8600000.0,0.462366,0.0,500000.0,0.0,0.0,4000000.0,12800000,0.0,0.0,4900000.0,0.263441,5700000.0,0.306452,0.0,5700000.0,0.306452,0.0,4900000.0,0.263441,0.42241,0.42241,11600000,11600000,,
0,1996-12-31,ESS,,,Q4,14600000,6800000.0,6900000.0,0.472603,0.0,400000.0,0.0,0.0,3200000.0,10000000,0.0,0.0,3500000.0,0.239726,4600000.0,0.315068,0.0,4500000.0,0.308219,0.0,3500000.0,0.239726,0.3271,0.3271,10700000,10700000,,
0,1996-09-30,ESS,,,Q3,12800000,6200000.0,6000000.0,0.46875,0.0,400000.0,0.0,0.0,3300000.0,9500000.0,0.0,0.0,2200000.0,0.171875,3300000.0,0.257813,0.0,3400000.0,0.265625,0.0,2200000.0,0.171875,0.28947,0.28947,7600000.0,7600000.0,,
0,1996-06-30,ESS,,,Q2,11800000,5600000.0,5400000.0,0.457627,0.0,500000.0,0.0,0.0,3700000.000000001,9300000.000000002,0.0,0.0,3200000.0,0.271186,2400000.0,0.20339,0.0,4800000.0,0.40678,0.0,3200000.0,0.271186,0.50794,0.50794,6300000.0,6300000.0,,
