,date,symbol,fillingDate,acceptedDate,period,revenue,costOfRevenue,grossProfit,grossProfitRatio,researchAndDevelopmentExpenses,generalAndAdministrativeExpenses,sellingAndMarketingExpenses,otherExpenses,operatingExpenses,costAndExpenses,interestExpense,depreciationAndAmortization,ebitda,ebitdaratio,operatingIncome,operatingIncomeRatio,totalOtherIncomeExpensesNet,incomeBeforeTax,incomeBeforeTaxRatio,incomeTaxExpense,netIncome,netIncomeRatio,eps,epsdiluted,weightedAverageShsOut,weightedAverageShsOutDil,link,finalLink
0,2020-09-30,UNIT,2020-11-09,2020-11-09 16:14:25,Q3,258765000,0.0,258765000,1.0,0.0,26659000,0.0,11172000,37831000,248167000,-102791000,79880000,90478000,0.34965316020327325,10598000,0.04095607984078218,3098000.0,10598000,0.04095607984078218,2801000.0,7455000.0,0.028809924062373194,0.038731497981597994,0.038731497981597994,192479000,192479000,https://www.sec.gov/Archives/edgar/data/1620280/000156459020052508/0001564590-20-052508-index.htm,https://www.sec.gov/Archives/edgar/data/1620280/000156459020052508/unit-10q_20200930.htm
0,2020-06-30,UNIT,2020-08-10,2020-08-10 17:30:35,Q2,266820000,0.0,266820000,1.0,0.0,27894000,0.0,46180000,827599000,827599000,107243000,84969000.00000001,-401407000,-1.504411,-560779000,-2.101713,6013000.0,-604204000,-2.264463,-5875000.0,-587744000,-2.202773,-3.05355,-3.05355,192479000,192479000,https://www.sec.gov/Archives/edgar/data/1620280/000156459020039012/0001564590-20-039012-index.htm,https://www.sec.gov/Archives/edgar/data/1620280/000156459020039012/unit-10q_20200630.htm
0,2020-03-31,UNIT,2020-05-11,2020-05-11 17:07:08,Q1,266162000,0.0,266162000,1.0,0.0,27133000,0.0,43385000,172611000,172611000,-178393000,86121000,-175701000,-0.660128,93551000,0.351481,3075000.0,-84842000,-0.318761,-4576000.0,-78853000,-0.296259,-0.41019,-0.41019,192236000,192236000,https://www.sec.gov/Archives/edgar/data/1620280/000156459020024346/0001564590-20-024346-index.htm,https://www.sec.gov/Archives/edgar/data/1620280/000156459020010520/unit-10k_20191231.htm
0,2019-12-31,UNIT,2020-03-12,2020-03-12 17:02:40,Q4,268537000,0.0,268537000,1.0,0.0,26979000,0.0,42123000,182110000,182110000,103270000,98182999.99999999,184807000,0.688199,86427000,0.321844,628000.0,-16843000,-0.062721,-5489000.0,-11157000,-0.041547,-0.05805,-0.05805,192194000,192194000,https://www.sec.gov/Archives/edgar/data/1620280/000156459020010520/0001564590-20-010520-index.htm,https://www.sec.gov/Archives/edgar/data/1620280/000156459020010520/unit-10k_20191231.htm
0,2019-09-30,UNIT,2019-11-07,2019-11-07 17:17:17,Q3,263629000,0.0,263629000,1.0,0.0,25267000,0.0,39089000,180701000,180701000,104655000,101166000.00000003,184656000.00000003,0.700439,82928000,0.314563,-859000.0,-21522000,-0.081637,-1745000.0,-19420000,-0.073664,-0.10118,-0.10118,191940000,191940000,https://www.sec.gov/Archives/edgar/data/1620280/000156459019041870/0001564590-19-041870-index.htm,https://www.sec.gov/Archives/edgar/data/1620280/000156459019041870/unit-10q_20190930.htm
0,2019-06-30,UNIT,2019-08-08,2019-08-08 17:12:42,Q2,264414000,0.0,264414000,1.0,0.0,26428000,0.0,12044000,148085000,148085000,97729000,102578000,246867000,0.933638,116329000,0.43995,-28119000,47390000,0.179227,7843000.0,38717000,0.146426,0.2005,0.2005,193105000,193105000,https://www.sec.gov/Archives/edgar/data/1620280/000156459019030905/0001564590-19-030905-index.htm,https://www.sec.gov/Archives/edgar/data/1620280/000156459019030905/unit-10q_20190630.htm
0,2019-03-31,UNIT,2019-05-09,2019-05-09 17:28:57,Q1,261031000,0.0,261031000,1.0,0.0,24226000,0.0,35305000,170027000,170027000,84458000,103827000,194781000,0.746199,91004000,0.348633,-3113000.0,6546000.0,0.025077,4054000.0,2442000.0,0.009355,0.0134,0.0134,182222000,182222000,https://www.sec.gov/Archives/edgar/data/1620280/000156459019018123/0001564590-19-018123-index.htm,https://www.sec.gov/Archives/edgar/data/1620280/000156459019008290/unit-10k_20181231.htm
0,2018-12-31,UNIT,2019-03-18,2019-03-18 16:22:01,Q4,270754000,0.0,270754000,1.0,0.0,21331000,0.0,37936000,174091000,174091000,82193000,109449999.99999999,205779000,0.760022,96663000,0.357014,-2930000.0,14470000,0.053443,-213000.0,14349000,0.052996,0.07842,0.07842,182981000,182981000,https://www.sec.gov/Archives/edgar/data/1620280/000156459019008290/0001564590-19-008290-index.htm,https://www.sec.gov/Archives/edgar/data/1620280/000156459019008290/unit-10k_20181231.htm
0,2018-09-30,UNIT,2018-11-01,2018-11-01 17:16:55,Q3,252600000,0.0,252600000,1.0,0.0,20700000,0.0,33700000,169500000,169500000,80406000,112700000.00000001,195706000.00000003,0.774766,83200000,0.329375,-1000000.0,2800000.0,0.011085,-1500000.0,4100000.0,0.016231,0.02334,0.02334,175700000,175700000,https://www.sec.gov/Archives/edgar/data/1620280/000156459018026295/0001564590-18-026295-index.htm,https://www.sec.gov/Archives/edgar/data/1620280/000156459018026295/unit-10q_20180930.htm
0,2018-06-30,UNIT,2018-08-09,2018-08-09 17:11:45,Q2,247300000,0.0,247300000,1.0,0.0,20700000,0.0,34900000,174200000,174200000,79385000,114899999.99999999,188185000,0.760958,73100000,0.295592,3300000.0,-6200000.0,-0.025071,-2600000.0,-3500000.0,-0.014153,-0.02,-0.02,175000000,175000000,https://www.sec.gov/Archives/edgar/data/1620280/000156459018021126/0001564590-18-021126-index.htm,https://www.sec.gov/Archives/edgar/data/1620280/000156459018021126/unit-10q_20180630.htm
0,2018-03-31,UNIT,2018-05-10,2018-05-10 17:11:39,Q1,246900000,0.0,246900000,1.0,0.0,22500000,0.0,26000000,169200000,169200000,77607000,114700000,192407000,0.779291,77700000,0.314702,-3900000.0,100000.0,0.000405,-1100000.0,1200000.0,0.00486,0.00686,0.00686,174900000,174900000,https://www.sec.gov/Archives/edgar/data/1620280/000156459018013046/0001564590-18-013046-index.htm,https://www.sec.gov/Archives/edgar/data/1620280/000156459018004145/unit-10k_20171231.htm
0,2017-12-31,UNIT,2018-03-01,2018-03-01 17:07:21,Q4,246300000,0.0,246300000,1.0,0.0,22500000,0.0,29600000,174700000,174700000,78759000,116800000.00000001,204959000,0.832152,71700000,0.291108,1600000.0,-7100000.0,-0.028827,-12900000,22300000,0.09054,0.12794,0.12794,174300000,174300000,https://www.sec.gov/Archives/edgar/data/1620280/000156459018004145/0001564590-18-004145-index.htm,https://www.sec.gov/Archives/edgar/data/1620280/000156459018004145/unit-10k_20171231.htm
0,2017-09-30,UNIT,2017-11-02,2017-11-02 17:19:50,Q3,245200000,0.0,245200000,1.0,0.0,22100000,0.0,26200000,170300000,170300000,78784000,113399999.99999999,188183999.99999997,0.767471,74900000,0.305465,-3900000.0,-3800000.0,-0.015498,-8700000.0,4700000.0,0.019168,0.0268,0.0268,175400000,175400000,https://www.sec.gov/Archives/edgar/data/1620280/000156459017021297/0001564590-17-021297-index.htm,https://www.sec.gov/Archives/edgar/data/1620280/000156459017021297/unit-10q_20170930.htm
0,2017-06-30,UNIT,2017-08-03,2017-08-03 17:16:35,Q2,213000000,0.0,213000000,1.0,0.0,13500000,0.0,24200000,154300000,154300000,75086000,102600000,161286000,0.757211,58700000,0.275587,0.0,-16400000,-0.076995,100000.0,-16500000,-0.077465,-0.09723,-0.09723,169700000,169700000,https://www.sec.gov/Archives/edgar/data/1620280/000156459017015431/0001564590-17-015431-index.htm,https://www.sec.gov/Archives/edgar/data/1620280/000156459017015431/unit-10q_20170630.htm
0,2017-03-31,UNIT,2017-05-04,2017-05-04 17:10:47,Q1,211500000,0.0,211500000,1.0,0.0,14000000,0.0,33500000,158500000,158500000,73365000,101400000,154365000,0.729858,53000000,0.250591,0.0,-20400000,-0.096454,-400000.0,-20000000,-0.094563,-0.12887,-0.12887,155200000,155200000,https://www.sec.gov/Archives/edgar/data/1620280/000156459017008846/0001564590-17-008846-index.htm,https://www.sec.gov/Archives/edgar/data/1620280/000156459017002252/csal-10k_20161231.htm
0,2016-12-31,UNIT,2017-02-23,2017-02-23 17:23:32,Q4,206900000,0.0,206900000,1.0,0.0,11800000,0.0,19300000,140900000,140900000,70787000,100600000.00000001,166587000.00000003,0.805157,66000000,0.318995,0.0,-4800000.0,-0.0232,-400000.0,-4400000.0,-0.021266,-0.02835,-0.02835,155200000,155200000,https://www.sec.gov/Archives/edgar/data/1620280/000156459017002252/0001564590-17-002252-index.htm,https://www.sec.gov/Archives/edgar/data/1620280/000156459017002252/csal-10k_20161231.htm
0,2016-09-30,UNIT,2016-11-14,2016-11-14 10:26:29,Q3,200200000,0.0,200200000,1.0,0.0,10200000,0.0,15700000,131900000,131900000,70522000,96699999.99999999,165022000,0.824286,68300000,0.341159,0.0,-2200000.0,-0.010989,100000.0,-2300000.0,-0.011489,-0.01494,-0.01494,153900000,153900000,https://www.sec.gov/Archives/edgar/data/1620280/000156459016029140/0001564590-16-029140-index.htm,https://www.sec.gov/Archives/edgar/data/1620280/000156459016029140/csal-10q_20160930.htm
0,2016-06-30,UNIT,2016-08-11,2016-08-11 16:36:55,Q2,188600000,0.0,188600000,1.0,0.0,8200000.0,0.0,9900000.0,121700000,121700000,68036000,92399999.99999999,159236000,0.844305,66800000,0.354189,0.0,-1200000.0,-0.006363,300000.0,-1500000.0,-0.007953,-0.00994,-0.00994,150900000,150900000,https://www.sec.gov/Archives/edgar/data/1620280/000156459016024084/0001564590-16-024084-index.htm,https://www.sec.gov/Archives/edgar/data/1620280/000156459016024084/csal-10q_20160630.htm
0,2016-03-31,UNIT,2016-05-12,2016-05-12 16:36:33,Q1,174700000,0.0,174700000,1.0,0.0,5200000.0,0.0,4700000.0,100100000,100100000,66049000,86300000,160749000,0.920143,74500000,0.426445,0.0,8500000.0,0.048655,400000.0,8000000.0,0.045793,0.05333,0.05333,150000000,150000000,https://www.sec.gov/Archives/edgar/data/1620280/000156459016019251/0001564590-16-019251-index.htm,https://www.sec.gov/Archives/edgar/data/1620280/000156459016014126/csal-10k_20151231.htm
0,2015-12-31,UNIT,2016-03-07,2016-03-07 16:33:27,Q4,173900000,4900000.0,169000000,0.9718228867165037,0.0,3800000.0,0.0,1616000.0,95100000,100000000,-66500000,87000000,27900000,0.160437,73900000,0.424957,0.0,7400000.0,0.042553,200000.0,7200000.0,0.041403,0.04806,0.04806,149800000,149800000,https://www.sec.gov/Archives/edgar/data/1620280/000156459016014126/0001564590-16-014126-index.htm,https://www.sec.gov/Archives/edgar/data/1620280/000156459016014126/csal-10k_20151231.htm
0,2015-09-30,UNIT,2015-11-13,2015-11-13 16:06:24,Q3,173600000,5100000.0,168500000,0.9706221198156681,0.0,4200000.0,0.0,919000.0,92400000,97500000,-66500000,87299999.99999999,30499999.99999998,0.175691,76200000,0.43894,0.0,9700000.0,0.055876,300000.0,9400000.0,0.054147,0.06275,0.06275,149800000,149800000,https://www.sec.gov/Archives/edgar/data/1620280/000156459015010712/0001564590-15-010712-index.htm,https://www.sec.gov/Archives/edgar/data/1620280/000156459015010712/csal-10q_20150930.htm
0,2015-06-30,UNIT,2015-08-13,2015-08-13 16:31:30,Q2,-4053000.0,0.0,4053000.0,-1.0,-12504000,338000.0,0.0,-2686000.0,338000.0,49135000,-8774000.0,-2686000.0,22718000,-5.60523069331,25404000,-6.26794966691,0.0,33282000,-8.21169504071,0.0,33282000,-8.21169504071,0.2219,0.2219,149918000,149984000,https://www.sec.gov/Archives/edgar/data/1620280/000156459015007263/0001564590-15-007263-index.htm,https://www.sec.gov/Archives/edgar/data/1620280/000156459015007263/csal-10q_20150630.htm
0,2015-03-31,UNIT,2015-05-13 00:00:00,2015-05-13 16:01:24,Q2,7900000.0,4400000.0,3500000.0,0.443038,0.0,0.0,0.0,0.0,1000000.0,5400000.0,0.0,0.0,2500000.0,0.316456,2500000.0,0.316456,0.0,2500000.0,0.316456,0.0,2500000.0,0.316456,0.01662,0.01662,150400000,150400000,https://www.sec.gov/Archives/edgar/data/1620280/000156459015004182/0001564590-15-004182-index.html,https://www.sec.gov/Archives/edgar/data/1620280/000156459015004182/csal-10q_20150331.htm
0,2014-12-31,UNIT,,Not found...,Q1,8700000.0,4600000.0,4100000.0,0.471264,0.0,0.0,0.0,0.0,1100000.0000000005,5700000.000000001,0.0,0.0,3000000.0,0.344828,3000000.0,0.344828,0.0,3000000.0,0.344828,0.0,3000000.0,0.344828,0.01995,0.01995,150400000,150400000,,
