,date,symbol,fillingDate,acceptedDate,period,revenue,costOfRevenue,grossProfit,grossProfitRatio,researchAndDevelopmentExpenses,generalAndAdministrativeExpenses,sellingAndMarketingExpenses,otherExpenses,operatingExpenses,costAndExpenses,interestExpense,depreciationAndAmortization,ebitda,ebitdaratio,operatingIncome,operatingIncomeRatio,totalOtherIncomeExpensesNet,incomeBeforeTax,incomeBeforeTaxRatio,incomeTaxExpense,netIncome,netIncomeRatio,eps,epsdiluted,weightedAverageShsOut,weightedAverageShsOutDil,link,finalLink
0,2020-06-30,CHCI,2020-08-14 00:00:00,2020-08-14 16:03:35,Q2,6464000.0,4315000.0,2149000.0,0.332457,0.0,833000.0,216000.0,0.0,849999.9999999997,5165000.0,-134000.0,60000.0,1119000.0,0.173113,1299000.0,0.200959,28000.0,1193000.0,0.184561,13000.0,1180000.0,0.18255,0.14647,0.14647,8056000.0,8056000.0,https://www.sec.gov/Archives/edgar/data/1299969/000129996920000017/0001299969-20-000017-index.htm,https://www.sec.gov/Archives/edgar/data/1299969/000129996920000017/chci-20200630.htm
0,2020-03-31,CHCI,2020-05-28,2020-04-15 06:02:55,Q1,6966000.0,6013000.0,953000.0,0.13680734998564456,0.0,745000.0,0.0,0.0,762000.0000000005,6775000.000000001,-211000.0,65000.0,-157000.0,-0.022538,191000.0,0.027419,9000.0,-11000.0,-0.001579,1000.0,-12000.0,-0.001723,-0.0015,-0.0015,8003000.0,8003000.0,https://www.sec.gov/Archives/edgar/data/1299969/000156459020027373/0001564590-20-027373-index.htm,https://www.sec.gov/Archives/edgar/data/1299969/000156459020016780/chci-10k_20191231.htm
0,2019-12-31,CHCI,2020-04-15,2020-04-15 06:02:55,Q4,10566000,8366000.0,2200000.0,0.2082150293393905,0.0,636000.0,383000.0,0.0,636000.000000001,9002000.000000002,84000.0,114000.0,1920000.0,0.181715,1564000.0,0.148022,209000.0,1697000.0,0.16061,2000.0,1720000.0,0.162786,0.19727,0.19727,8719000.0,8719000.0,https://www.sec.gov/Archives/edgar/data/1299969/000156459020016780/0001564590-20-016780-index.htm,https://www.sec.gov/Archives/edgar/data/1299969/000156459020016780/chci-10k_20191231.htm
0,2019-09-30,CHCI,2019-11-14 00:00:00,2019-11-14 17:25:38,Q3,5240000.0,4572000.0,668000.0,0.127481,0.0,453000.0,89000.0,0.0,453000.0000000003,5025000.0,-166000.0,40999.99999999999,-768000.0,-0.146565,215000.0,0.041031,0.0,-577000.0,-0.110115,0.0,-643000.0,-0.12271,-0.08084,-0.08084,7954000.0,7954000.0,https://www.sec.gov/Archives/edgar/data/1299969/000156459019043556/0001564590-19-043556-index.html,https://www.sec.gov/Archives/edgar/data/1299969/000156459019043556/chci-10q_20190930.htm
0,2019-06-30,CHCI,2019-08-20,2019-08-19 19:04:54,Q2,4922000.0,4423000.0,499000.0,0.101382,0.0,477000.0,67000.0,0.0,609000.0,5032000.0,132000.0,13999.999999999998,-107000.0,-0.021739,-110000.0,-0.022349,16000.0,-94000.0,-0.019098,0.0,-253000.0,-0.051402,-0.03814,-0.03814,6634000.0,6634000.0,https://www.sec.gov/Archives/edgar/data/1299969/000156459019032594/chci-10q_20190630.htm,https://www.sec.gov/Archives/edgar/data/1299969/000156459019032594/chci-10q_20190630.htm
0,2019-03-31,CHCI,2019-05-15 00:00:00,2019-05-15 17:02:12,Q1,4882000.0,4161000.0,721000.0,0.147685,0.0,304000.0,114000.0,0.0,304000.0000000003,4465000.0,34000.0,48000.0,167000.0,0.034207,417000.0,0.085416,57000.0,456000.0,0.093404,0.0,85000.0,0.017411,0.02144,0.02144,3965000.0,3965000.0,https://www.sec.gov/Archives/edgar/data/1299969/000156459019019462/0001564590-19-019462-index.html,https://www.sec.gov/Archives/edgar/data/1299969/000156459019019462/chci-10q_20190331.htm
0,2018-12-31,CHCI,2019-03-29 00:00:00,2019-03-29 17:30:53,Q4,6314000.0,5944000.0,370000.0,0.0586,0.0,-6000.0,296000.0,0.0,-128999.99999999956,5815000.0,37000.0,168999.99999999997,-649000.0,-0.102787,499000.0,0.079031,25000.0,524000.0,0.08299,-122000.0,-733000.0,-0.116091,-0.19453,-0.19453,3768000.0,3768000.0,https://www.sec.gov/Archives/edgar/data/1299969/000156459019010210/0001564590-19-010210-index.html,https://www.sec.gov/Archives/edgar/data/1299969/000156459019010210/chci-10k_20181231.htm
0,2018-09-30,CHCI,2018-11-08 00:00:00,2018-11-08 17:00:44,Q3,3441000.0,3380000.0,61000.0,0.017727,0.0,243000.0,281000.0,0.0,268000.00000000023,3648000.0000000005,25000.0,-84000.0,-2431000.0,-0.706481,-207000.0,-0.060157,36000.0,-171000.0,-0.049695,-445000.0,-1927000.0,-0.560012,-0.51264,-0.51264,3759000.0,3759000.0,https://www.sec.gov/Archives/edgar/data/1299969/000156459018028625/0001564590-18-028625-index.html,https://www.sec.gov/Archives/edgar/data/1299969/000156459018028625/chci-10q_20180930.htm
0,2018-06-30,CHCI,2018-08-14 00:00:00,2018-08-14 17:17:15,Q2,3500000.0,3300000.0,200000.0,0.057143,0.0,400000.0,209000.0,0.0,400000.00000000035,3700000.0000000005,24000.0,0.0,-1476000.0,-0.421714,-200000.0,-0.057143,0.0,-200000.0,-0.057143,-500000.0,-1000000.0,-0.285714,-0.26316,-0.26316,3800000.0,3800000.0,https://www.sec.gov/Archives/edgar/data/1299969/000119312518248653/0001193125-18-248653-index.html,https://www.sec.gov/Archives/edgar/data/1299969/000119312518248653/d605818d10q.htm
0,2018-03-31,CHCI,2018-04-20 00:00:00,2018-04-20 06:10:12,Q1,3200000.0,2700000.0,500000.0,0.15625,0.0,400000.0,219000.0,0.0,399999.9999999999,3100000.0,85000.0,100000.0,-515000.0,-0.160938,100000.0,0.03125,0.0,200000.0,0.0625,0.0,-700000.0,-0.21875,-0.18919,-0.18919,3700000.0,3700000.0,https://www.sec.gov/Archives/edgar/data/1299969/000119312518123577/0001193125-18-123577-index.html,https://www.sec.gov/Archives/edgar/data/1299969/000119312518123577/d512324d10k.htm
0,2017-12-31,CHCI,2018-04-20,2018-04-20 06:10:12,Q4,10800000,10700000,100000.0,0.009259,0.0,1900000.0,368000.0,0.0,2500000.0,13200000,25000.0,100000.0,-3175000.0,-0.293981,-2400000.0,-0.222222,0.0,-2400000.0,-0.222222,0.0,-3300000.0,-0.305556,-0.91667,-0.91667,3600000.0,3600000.0,https://www.sec.gov/Archives/edgar/data/1299969/000119312518123577/d512324d10k.htm,https://www.sec.gov/Archives/edgar/data/1299969/000119312518123577/d512324d10k.htm
0,2017-09-30,CHCI,2017-11-16 00:00:00,2017-11-16 17:29:05,Q3,13800000,13300000,500000.0,0.036232,0.0,1700000.0,401000.0,0.0,1699999.9999999993,15000000,16000.0,0.0,-1484000.0,-0.107536,-1200000.0,-0.086957,0.0,-1200000.0,-0.086957,0.0,-1500000.0,-0.108696,-0.44118,-0.44118,3400000.0,3400000.0,https://www.sec.gov/Archives/edgar/data/1299969/000119312517345713/0001193125-17-345713-index.html,https://www.sec.gov/Archives/edgar/data/1299969/000119312517345713/d469222d10q.htm
0,2017-06-30,CHCI,2017-08-14 00:00:00,2017-08-14 17:06:07,Q2,10500000,9500000.0,1000000.0,0.095238,0.0,1600000.0,340000.0,0.0,1599999.9999999995,11100000,0.0,100000.0,500000.0,0.047619,-600000.0,-0.057143,0.0,-500000.0,-0.047619,0.0,400000.0,0.038095,0.11765,0.11765,3400000.0,3400000.0,https://www.sec.gov/Archives/edgar/data/1299969/000119312517257370/0001193125-17-257370-index.html,https://www.sec.gov/Archives/edgar/data/1299969/000119312517257370/d406059d10q.htm
0,2017-03-31,CHCI,2017-04-17 00:00:00,2017-04-17 17:32:16,Q1,10300000,9300000.0,900000.0,0.087379,0.0,1600000.0,381000.0,0.0,1699999.9999999993,11000000,0.0,0.0,-600000.0,-0.058252,-700000.0,-0.067961,0.0,-700000.0,-0.067961,0.0,-600000.0,-0.058252,-0.17647,-0.17647,3400000.0,3400000.0,https://www.sec.gov/Archives/edgar/data/1299969/000119312517126231/0001193125-17-126231-index.html,https://www.sec.gov/Archives/edgar/data/1299969/000119312517126231/d314334d10k.htm
0,2016-12-31,CHCI,2017-04-17,2017-04-17 17:32:16,Q4,8800000.0,8500000.0,300000.0,0.034091,0.0,1700000.0,293000.0,0.0,3599999.9999999995,12100000,231000.0,100000.0,-3969000.0,-0.451023,-3300000.0,-0.375,0.0,-3300000.0,-0.375,0.0,-4300000.0,-0.488636,-1.30303,-1.30303,3300000.0,3300000.0,https://www.sec.gov/Archives/edgar/data/1299969/000119312517126231/d314334d10k.htm,https://www.sec.gov/Archives/edgar/data/1299969/000119312517126231/d314334d10k.htm
0,2016-09-30,CHCI,2016-11-14 00:00:00,2016-11-14 17:33:36,Q3,13100000,12100000,1000000.0,0.076336,0.0,1700000.0,427000.0,0.0,1900000.0000000005,14000000,133000.0,0.0,-867000.0,-0.066183,-900000.0,-0.068702,100000.0,-800000.0,-0.061069,0.0,-1000000.0,-0.076336,-0.30303,-0.30303,3300000.0,3300000.0,https://www.sec.gov/Archives/edgar/data/1299969/000119312516767914/0001193125-16-767914-index.html,https://www.sec.gov/Archives/edgar/data/1299969/000119312516767914/d246534d10q.htm
0,2016-06-30,CHCI,2016-08-15,2016-08-15 17:09:05,Q2,10000000,9300000.0,600000.0,0.06,0.0,1800000.0,403000.0,0.0,2099999.9999999995,11400000,304000.0,0.0,-1596000.0,-0.1596,-1400000.0,-0.14,0.0,-1400000.0,-0.14,0.0,-1900000.0,-0.19,-0.57576,-0.57576,3300000.0,3300000.0,https://www.sec.gov/Archives/edgar/data/1299969/000119312516682032/d228514d10q.htm,https://www.sec.gov/Archives/edgar/data/1299969/000119312516682032/d228514d10q.htm
0,2016-03-31,CHCI,2016-04-04 00:00:00,2016-04-01 18:52:48,Q1,9700000.0,8700000.0,1000000.0,0.103093,0.0,2000000.0,483000.0,0.0,2300000.000000001,11000000,213000.0,100000.0,-1387000.0,-0.14299,-1300000.0,-0.134021,0.0,-1300000.0,-0.134021,0.0,-1700000.0,-0.175258,-0.51515,-0.51515,3300000.0,3300000.0,https://www.sec.gov/Archives/edgar/data/1299969/000119312516528197/0001193125-16-528197-index.html,https://www.sec.gov/Archives/edgar/data/1299969/000119312516528197/d93740d10k.htm
0,2015-12-31,CHCI,2016-04-04,2016-04-01 18:52:48,Q4,26200000,21700000,4500000.0,0.171756,0.0,2400000.0,664000.0,0.0,5300000.000000001,27000000,116000.0,100000.0,-2284000.0,-0.087176,-800000.0,-0.030534,100000.0,-800000.0,-0.030534,-800000.0,-1700000.0,-0.064885,-0.51515,-0.51515,3300000.0,3300000.0,https://www.sec.gov/Archives/edgar/data/1299969/000119312516528197/d93740d10k.htm,https://www.sec.gov/Archives/edgar/data/1299969/000119312516528197/d93740d10k.htm
0,2015-09-30,CHCI,2015-11-16 00:00:00,2015-11-16 17:28:42,Q3,12300000,10900000,1400000.0,0.113821,0.0,2400000.0,498000.0,0.0,2400000.0000000005,13300000,97000.0,0.0,-1003000.0,-0.081545,-1000000.0,-0.081301,0.0,-1000000.0,-0.081301,0.0,-1100000.0,-0.089431,-0.33333,-0.33333,3300000.0,3300000.0,https://www.sec.gov/Archives/edgar/data/1299969/000119312515378579/0001193125-15-378579-index.html,https://www.sec.gov/Archives/edgar/data/1299969/000119312515378579/d23268d10q.htm
0,2015-06-30,CHCI,2015-08-14 00:00:00,2015-08-14 16:03:01,Q2,12600000,10800000,1800000.0,0.142857,0.0,2400000.0,489000.0,0.0,2599999.9999999995,13400000,154000.0,100000.0,-446000.0,-0.035397,-800000.0,-0.063492,600000.0,-200000.0,-0.015873,100000.0,-800000.0,-0.063492,-0.25,-0.25,3200000.0,3200000.0,https://www.sec.gov/Archives/edgar/data/1299969/000119312515291714/0001193125-15-291714-index.html,https://www.sec.gov/Archives/edgar/data/1299969/000119312515291714/d948784d10q.htm
0,2015-03-31,CHCI,2015-04-15 00:00:00,2015-04-14 18:37:38,Q1,10300000,8800000.0,1600000.0,0.15534,0.0,2300000.0,425000.0,0.0,2399999.9999999986,11199999.999999998,167000.0,0.0,-833000.0,-0.080874,-900000.0,-0.087379,200000.0,-700000.0,-0.067961,-100000.0,-900000.0,-0.087379,-0.3,-0.3,3000000.0,3000000.0,https://www.sec.gov/Archives/edgar/data/1299969/000119312515129688/0001193125-15-129688-index.html,https://www.sec.gov/Archives/edgar/data/1299969/000119312515129688/d882673d10k.htm
0,2014-12-31,CHCI,2015-04-15,2015-04-14 18:37:38,Q4,9800000.0,7500000.0,2300000.0,0.234694,0.0,2200000.0,433000.0,0.0,4900000.0,12400000,0.0,0.0,-3300000.0,-0.336735,-2600000.0,-0.265306,100000.0,-2500000.0,-0.255102,100000.0,-3400000.0,-0.346939,-1.13333,-1.13333,3000000.0,3000000.0,https://www.sec.gov/Archives/edgar/data/1299969/000119312515129688/d882673d10k.htm,https://www.sec.gov/Archives/edgar/data/1299969/000119312515129688/d882673d10k.htm
0,2014-09-30,CHCI,2014-11-13 00:00:00,2014-11-13 17:01:00,Q3,18400000,15100000,3300000.0,0.179348,0.0,2200000.0,600000.0,0.0,2200000.000000001,17300000,0.0,100000.0,0.0,0.0,1000000.0,0.054348,100000.0,1100000.0,0.059783,100000.0,-200000.0,-0.01087,-0.06667,-0.06667,3000000.0,3000000.0,https://www.sec.gov/Archives/edgar/data/1299969/000119312514411301/0001193125-14-411301-index.html,https://www.sec.gov/Archives/edgar/data/1299969/000119312514411301/d778678d10q.htm
0,2014-06-30,CHCI,2014-08-13 00:00:00,2014-08-13 16:47:00,Q2,11800000,9500000.0,2300000.0,0.194915,0.0,2900000.0,559000.0,0.0,2900000.0000000005,12400000,0.0,0.0,-1600000.0,-0.135593,-600000.0,-0.050847,0.0,-600000.0,-0.050847,100000.0,-1700000.0,-0.144068,-0.56667,-0.56667,3000000.0,3000000.0,https://www.sec.gov/Archives/edgar/data/1299969/000119312514308519/0001193125-14-308519-index.html,https://www.sec.gov/Archives/edgar/data/1299969/000119312514308519/d747799d10q.htm
0,2014-03-31,CHCI,2014-05-15 00:00:00,2014-05-15 17:24:56,Q1,8000000.0,6300000.0,1600000.0,0.2,0.0,2400000.0,538000.0,0.0,2500000.000000001,8800000.000000002,0.0,0.0,-1500000.0,-0.1875,-800000.0,-0.1,100000.0,-800000.0,-0.1,100000.0,-1600000.0,-0.2,-0.53333,-0.53333,3000000.0,3000000.0,https://www.sec.gov/Archives/edgar/data/1299969/000119312514201497/0001193125-14-201497-index.html,https://www.sec.gov/Archives/edgar/data/1299969/000119312514201497/d712665d10q.htm
0,2013-12-31,CHCI,2014-03-31,2014-03-31 16:58:01,Q4,21300000,16600000,4700000.0,0.220657,0.0,2300000.0,541000.0,-199000.0,3399999.9999999986,20000000,-2023000.0,100000.0,-3023000.0,-0.141925,1300000.0,0.061033,100000.0,1400000.0,0.065728,100000.0,-1200000.0,-0.056338,-0.4,-0.4,3000000.0,3000000.0,https://www.sec.gov/Archives/edgar/data/1299969/000119312514124091/d637127d10k.htm,https://www.sec.gov/Archives/edgar/data/1299969/000119312514124091/d637127d10k.htm
0,2013-09-30,CHCI,2013-11-12 00:00:00,2013-11-12 16:58:02,Q3,9600000.0,6900000.0,2700000.0,0.28125,0.0,2200000.0,1434000.0,100000.0,2299999.999999999,9199999.999999998,48000.0,0.0,-452000.0,-0.047083,400000.0,0.041667,0.0,400000.0,0.041667,200000.0,-700000.0,-0.072917,-0.23333,-0.23333,3000000.0,3000000.0,https://www.sec.gov/Archives/edgar/data/1299969/000119312513438437/0001193125-13-438437-index.html,https://www.sec.gov/Archives/edgar/data/1299969/000119312513438437/d585965d10q.htm
0,2013-06-30,CHCI,2013-08-13 00:00:00,2013-08-13 08:12:00,Q2,12200000,9900000.0,2300000.0,0.188525,0.0,2200000.0,0.0,100000.0,2299999.999999999,12199999.999999998,1975000.0,0.0,1175000.0,0.096311,0.0,0.0,100000.0,100000.0,0.008197,0.0,-800000.0,-0.065574,-0.26667,-0.26667,3000000.0,3000000.0,https://www.sec.gov/Archives/edgar/data/1299969/000119312513331852/0001193125-13-331852-index.html,https://www.sec.gov/Archives/edgar/data/1299969/000119312513331852/d540306d10q.htm
0,2013-03-31,CHCI,2013-05-15 00:00:00,2013-05-15 15:37:21,Q1,11600000,9000000.0,2500000.0,0.215517,0.0,2000000.0,0.0,200000.0,1500000.0,10500000,0.0,0.0,700000.0,0.060345,1000000.0,0.086207,0.0,1100000.0,0.094828,0.0,700000.0,0.060345,0.22581,0.22581,3100000.0,3100000.0,https://www.sec.gov/Archives/edgar/data/1299969/000119312513222207/0001193125-13-222207-index.html,https://www.sec.gov/Archives/edgar/data/1299969/000119312513222207/d503856d10q.htm
0,2012-12-31,CHCI,2013-03-27 00:00:00,2013-03-27 16:59:09,Q4,2600000.0,2100000.0,600000.0,0.230769,0.0,2500000.0,0.0,100000.0,2600000.0,4700000.0,0.0,0.0,-2000000.0,-0.769231,-2100000.0,-0.807692,0.0,-2100000.0,-0.807692,0.0,-2000000.0,-0.769231,-0.76923,-0.76923,2600000.0,2600000.0,https://www.sec.gov/Archives/edgar/data/1299969/000119312513129585/0001193125-13-129585-index.html,https://www.sec.gov/Archives/edgar/data/1299969/000119312513129585/d443803d10k.htm
0,2012-09-30,CHCI,2012-11-14 00:00:00,2012-11-14 15:51:09,Q3,3500000.0,3200000.0,200000.0,0.057143,0.0,2200000.0,0.0,100000.0,4800000.0,8000000.0,0.0,0.0,-4900000.0,-1.4,-4500000.0,-1.285714,0.0,-4500000.0,-1.285714,-400000.0,-4500000.0,-1.285714,-1.5,-1.5,3000000.0,3000000.0,https://www.sec.gov/Archives/edgar/data/1299969/000119312512470503/0001193125-12-470503-index.html,https://www.sec.gov/Archives/edgar/data/1299969/000119312512470503/d398696d10q.htm
0,2012-06-30,CHCI,2012-07-27 00:00:00,2012-07-27 17:16:17,Q2,4200000.0,4000000.0,200000.0,0.047619,0.0,2100000.0,0.0,100000.0,3300000.0,7300000.0,0.0,0.0,-4300000.0,-1.02381,-3100000.0,-0.738095,0.0,-3100000.0,-0.738095,-1200000.0,-3100000.0,-0.738095,-1.06897,-1.06897,2900000.0,2900000.0,https://www.sec.gov/Archives/edgar/data/1299969/000119312512319797/0001193125-12-319797-index.html,https://www.sec.gov/Archives/edgar/data/1299969/000119312512319797/d351905d10q.htm
0,2012-03-31,CHCI,2012-05-11,2012-05-11 15:54:47,Q1,3900000.0,3800000.0,100000.0,0.025641,0.0,1900000.0,0.0,-100000.0,2500000.0,6300000.0,0.0,100000.0,3200000.0,0.820513,-2400000.0,-0.615385,0.0,-2300000.0,-0.589744,-900000.0,4000000.0,1.025641,1.37931,1.37931,2900000.0,2900000.0,https://www.sec.gov/Archives/edgar/data/1299969/000119312512144026/d267145d10k.htm,https://www.sec.gov/Archives/edgar/data/1299969/000119312512144026/d267145d10k.htm
0,2011-12-31,CHCI,2012-03-30 00:00:00,2012-03-30 17:21:00,Q4,6100000.0,5300000.0,900000.0,0.147541,0.0,2400000.0,0.0,0.0,3200000.0,8500000.0,0.0,100000.0,-2600000.0,-0.42623,-2400000.0,-0.393443,-100000.0,-2500000.0,-0.409836,0.0,-2700000.0,-0.442623,-0.87097,-0.87097,3100000.0,3100000.0,https://www.sec.gov/Archives/edgar/data/1299969/000119312512144026/0001193125-12-144026-index.html,https://www.sec.gov/Archives/edgar/data/1299969/000119312512144026/d267145d10k.htm
0,2011-09-30,CHCI,2011-11-14 00:00:00,2011-11-14 09:51:45,Q3,5300000.0,5000000.0,300000.0,0.056604,0.0,1600000.0,0.0,0.0,-6900000.0,-1900000.0,0.0,100000.0,6700000.0,1.264151,7200000.0,1.358491,-200000.0,7000000.0,1.320755,100000.0,6500000.0,1.226415,2.24138,2.24138,2900000.0,2900000.0,https://www.sec.gov/Archives/edgar/data/1299969/000119312511309442/0001193125-11-309442-index.html,https://www.sec.gov/Archives/edgar/data/1299969/000119312511309442/d226581d10q.htm
0,2011-06-30,CHCI,2011-08-12 00:00:00,2011-08-12 17:26:38,Q2,5900000.0,5300000.0,600000.0,0.101695,0.0,2000000.0,0.0,100000.0,2400000.0000000005,7700000.0,0.0,0.0,-1700000.0,-0.288136,-1800000.0,-0.305085,300000.0,-1500000.0,-0.254237,0.0,-1700000.0,-0.288136,-0.58621,-0.58621,2900000.0,2900000.0,https://www.sec.gov/Archives/edgar/data/1299969/000119312511221603/0001193125-11-221603-index.html,https://www.sec.gov/Archives/edgar/data/1299969/000119312511221603/d10q.htm
0,2011-03-31,CHCI,2011-05-13 00:00:00,2011-05-13 16:01:52,Q1,4600000.0,4000000.0,600000.0,0.130435,0.0,1400000.0,0.0,100000.0,1700000.0000000002,5700000.0,0.0,0.0,-1000000.0,-0.217391,-1100000.0,-0.23913,300000.0,-800000.0,-0.173913,0.0,-1000000.0,-0.217391,-0.37037,-0.37037,2700000.0,2700000.0,https://www.sec.gov/Archives/edgar/data/1299969/000119312511139539/0001193125-11-139539-index.html,https://www.sec.gov/Archives/edgar/data/1299969/000119312511139539/d10q.htm
0,2010-12-31,CHCI,2011-03-31,2011-03-31 16:00:59,Q4,2700000.0,2400000.0,300000.0,0.111111,0.0,1400000.0,0.0,200000.0,1800000.0000000002,4200000.0,0.0,0.0,-1500000.0,-0.555556,-1500000.0,-0.555556,0.0,-1500000.0,-0.555556,0.0,-1500000.0,-0.555556,-0.57692,-0.57692,2600000.0,2600000.0,https://www.sec.gov/Archives/edgar/data/1299969/000119312511084811/d10k.htm,https://www.sec.gov/Archives/edgar/data/1299969/000119312511084811/d10k.htm
0,2010-09-30,CHCI,2010-11-12 00:00:00,2010-11-12 16:08:48,Q3,5600000.0,6200000.0,-600000.0,-0.107143,0.0,1300000.0,0.0,100000.0,2999999.999999999,9199999.999999998,0.0,0.0,-3400000.0,-0.607143,-3600000.0,-0.642857,200000.0,-3400000.0,-0.607143,0.0,-3400000.0,-0.607143,-1.25926,-1.25926,2700000.0,2700000.0,https://www.sec.gov/Archives/edgar/data/1299969/000119312510258826/0001193125-10-258826-index.html,https://www.sec.gov/Archives/edgar/data/1299969/000119312510258826/d10q.htm
0,2010-06-30,CHCI,2010-08-13 00:00:00,2010-08-13 16:01:39,Q2,6400000.0,6100000.0,300000.0,0.046875,0.0,1400000.0,0.0,200000.0,2200000.000000001,8300000.000000001,0.0,0.0,-1800000.0,-0.28125,-1900000.0,-0.296875,0.0,-1800000.0,-0.28125,0.0,-1800000.0,-0.28125,-0.69231,-0.69231,2600000.0,2600000.0,https://www.sec.gov/Archives/edgar/data/1299969/000119312510188766/0001193125-10-188766-index.html,https://www.sec.gov/Archives/edgar/data/1299969/000119312510188766/d10q.htm
0,2010-03-31,CHCI,2010-05-14 00:00:00,2010-05-14 16:31:36,Q1,9100000.0,8600000.0,600000.0,0.065934,0.0,1500000.0,0.0,100000.0,2300000.000000001,10900000,0.0,100000.0,-800000.0,-0.087912,-1700000.0,-0.186813,800000.0,-900000.0,-0.098901,0.0,-900000.0,-0.098901,-0.34615,-0.34615,2600000.0,2600000.0,https://www.sec.gov/Archives/edgar/data/1299969/000119312510120748/0001193125-10-120748-index.html,https://www.sec.gov/Archives/edgar/data/1299969/000119312510120748/d10q.htm
0,2009-12-31,CHCI,2010-03-31 00:00:00,2010-03-31 14:20:14,Q4,3800000.0,3200000.0,600000.0,0.157895,0.0,2200000.0,0.0,-400000.0,-100000.00000000009,3100000.0,0.0,199999.99999999997,700000.0,0.184211,700000.0,0.184211,100000.0,800000.0,0.210526,-900000.0,1400000.0,0.368421,0.6087,0.6087,2300000.0,2300000.0,https://www.sec.gov/Archives/edgar/data/1299969/000119312510073107/0001193125-10-073107-index.html,https://www.sec.gov/Archives/edgar/data/1299969/000119312510073107/d10k.htm
0,2009-09-30,CHCI,2009-11-13 00:00:00,2009-11-13 16:44:44,Q3,11800000,11000000,800000.0,0.067797,0.0,1100000.0,0.0,300000.0,-1300000.0000000007,9700000.0,0.0,99999.99999999999,2400000.0,0.20339,2100000.0,0.177966,100000.0,2200000.0,0.186441,0.0,2300000.0,0.194915,0.82143,0.82143,2800000.0,2800000.0,https://www.sec.gov/Archives/edgar/data/1299969/000119312509234330/0001193125-09-234330-index.html,https://www.sec.gov/Archives/edgar/data/1299969/000119312509234330/d10q.htm
0,2009-06-30,CHCI,2009-08-14 00:00:00,2009-08-14 17:01:08,Q2,2600000.0,1500000.0,1100000.0,0.423077,0.0,2200000.0,0.0,400000.0,18900000,20400000,0.0,200000.0,-27500000,-10.576923,-17800000,-6.846154,-100000.0,-17900000,-6.884615,0.0,-27700000,-10.653846,-11.08,-11.08,2500000.0,2500000.0,https://www.sec.gov/Archives/edgar/data/1299969/000119312509176093/0001193125-09-176093-index.html,https://www.sec.gov/Archives/edgar/data/1299969/000119312509176093/d10q.htm
0,2009-03-31,CHCI,2009-05-13 00:00:00,2009-05-13 16:15:51,Q1,5000000.0,4500000.0,500000.0,0.1,0.0,2000000.0,0.0,1300000.0,3300000.0,7800000.0,0.0,200000.0,-2400000.0,-0.48,-2800000.0,-0.56,400000.0,-2500000.0,-0.5,0.0,-2600000.0,-0.52,-1.04,-1.04,2500000.0,2500000.0,https://www.sec.gov/Archives/edgar/data/1299969/000119312509109827/0001193125-09-109827-index.html,https://www.sec.gov/Archives/edgar/data/1299969/000119312509109827/d10q.htm
0,2008-12-31,CHCI,2009-03-31 00:00:00,2009-03-31 16:25:22,Q4,5200000.0,4700000.0,500000.0,0.096154,0.0,3000000.0,0.0,900000.0,5200000.0,9900000.0,0.0,199999.99999999997,-4600000.0,-0.884615,-4700000.0,-0.903846,0.0,-4700000.0,-0.903846,0.0,-4800000.0,-0.923077,-1.92,-1.92,2500000.0,2500000.0,https://www.sec.gov/Archives/edgar/data/1299969/000119312509069423/0001193125-09-069423-index.html,https://www.sec.gov/Archives/edgar/data/1299969/000119312509069423/d10k.htm
0,2008-09-30,CHCI,2008-11-14 00:00:00,2008-11-14 17:15:28,Q3,13100000,11300000,1700000.0,0.129771,0.0,4200000.0,0.0,500000.0,5199999.999999999,16499999.999999998,0.0,99999.99999999999,-2100000.0,-0.160305,-3500000.0,-0.267176,1300000.0,-2200000.0,-0.167939,0.0,-2200000.0,-0.167939,-0.88,-0.88,2500000.0,2500000.0,https://www.sec.gov/Archives/edgar/data/1299969/000119312508237056/0001193125-08-237056-index.html,https://www.sec.gov/Archives/edgar/data/1299969/000119312508237056/d10q.htm
0,2008-06-30,CHCI,2008-08-14 00:00:00,2008-08-14 16:56:28,Q2,12000000,10600000,1500000.0,0.125,0.0,4100000.0,0.0,200000.0,18400000,29000000,0.0,200000.0,-16400000,-1.366667,-17000000,-1.416667,400000.0,-16600000,-1.383333,0.0,-16600000,-1.383333,-6.91667,-6.91667,2400000.0,2400000.0,https://www.sec.gov/Archives/edgar/data/1299969/000119312508178461/0001193125-08-178461-index.html,https://www.sec.gov/Archives/edgar/data/1299969/000119312508178461/d10q.htm
0,2008-03-31,CHCI,2008-05-13 00:00:00,2008-05-13 17:16:00,Q1,16400000,14000000,2400000.0,0.146341,0.0,3800000.0,0.0,200000.0,-3000000.0,11000000,0.0,200000.0,6700000.0,0.408537,5400000.0,0.329268,1200000.0,6500000.0,0.396341,0.0,6500000.0,0.396341,2.70833,2.70833,2400000.0,2400000.0,https://www.sec.gov/Archives/edgar/data/1299969/000119312508113268/0001193125-08-113268-index.html,https://www.sec.gov/Archives/edgar/data/1299969/000119312508113268/d10q.htm
0,2007-12-31,CHCI,2008-03-24,2008-03-24 17:30:31,Q4,53200000,52900000,300000.0,0.005639,0.0,10400000,0.0,0.0,11300000.000000004,64200000.00000001,0.0,200000.00000000006,-10200000,-0.191729,-11000000,-0.206767,500000.0,-10500000,-0.197368,28300000,-38700000,-0.727444,-16.82609,-16.82609,2300000.0,2300000.0,https://www.sec.gov/Archives/edgar/data/1299969/000119312508063651/d10k.htm,https://www.sec.gov/Archives/edgar/data/1299969/000119312508063651/d10k.htm
0,2007-09-30,CHCI,2007-11-09 00:00:00,2007-11-09 13:07:31,Q3,52000000,45400000,6600000.0,0.126923,0.0,7900000.0,0.0,0.0,76900000,122300000,0.0,299999.99999999994,-69300000,-1.332692,-70300000,-1.351923,700000.0,-69600000,-1.338462,-27100000,-42500000,-0.817308,-18.47826,-18.47826,2300000.0,2300000.0,https://www.sec.gov/Archives/edgar/data/1299969/000119312507241926/0001193125-07-241926-index.html,https://www.sec.gov/Archives/edgar/data/1299969/000119312507241926/d10q.htm
0,2007-06-30,CHCI,2007-08-09 00:00:00,2007-08-09 13:52:17,Q2,114300000,106600000,7700000.0,0.067367,0.0,8200000.0,0.0,0.0,15600000.00000001,122200000.00000001,0.0,200000.0,-7400000.0,-0.064742,-7900000.0,-0.069116,300000.0,-7600000.0,-0.066492,-2900000.0,-4700000.0,-0.04112,-2.04348,-2.04348,2300000.0,2300000.0,https://www.sec.gov/Archives/edgar/data/1299969/000119312507177143/0001193125-07-177143-index.html,https://www.sec.gov/Archives/edgar/data/1299969/000119312507177143/d10q.htm
0,2007-03-31,CHCI,2007-05-10 00:00:00,2007-05-10 17:04:24,Q1,46700000,40500000,6200000.0,0.132762,0.0,8200000.0,0.0,-344000.0,9100000.000000002,49600000,0.0,200000.0,-2400000.0,-0.051392,-2900000.0,-0.062099,300000.0,-2500000.0,-0.053533,-900000.0,-1700000.0,-0.036403,-0.73913,-0.73913,2300000.0,2300000.0,https://www.sec.gov/Archives/edgar/data/1299969/000095013307002260/0000950133-07-002260-index.html,https://www.sec.gov/Archives/edgar/data/1299969/000095013307002260/w34733e10vq.htm
0,2006-12-31,CHCI,2007-03-16,2007-03-16 17:17:14,Q4,123300000,114900000,8400000.0,0.068127,0.0,11500000,0.0,-569000.0,54199999.99999999,169100000,-100000.0,500000.0000000001,-44900000,-0.364152,-45800000,-0.371452,600000.0,-45300000,-0.367397,-17100000,-28200000,-0.22871,-12.26087,-12.26087,2300000.0,2300000.0,https://www.sec.gov/Archives/edgar/data/1299969/000095013307001159/w31826e10vk.htm,https://www.sec.gov/Archives/edgar/data/1299969/000095013307001159/w31826e10vk.htm
0,2006-09-30,CHCI,2006-11-09,2006-11-09 15:15:32,Q3,35300000,33300000,2000000.0,0.056657,0.0,9900000.0,0.0,-331000.0,11700000.000000004,45000000,0.0,300000.0,-9200000.0,-0.260623,-9700000.0,-0.274788,300000.0,-9400000.0,-0.266289,-3700000.0,-5800000.0,-0.164306,-2.52174,-2.52174,2300000.0,2300000.0,https://www.sec.gov/Archives/edgar/data/1299969/000095013306004825/w26857e10vq.htm,https://www.sec.gov/Archives/edgar/data/1299969/000095013306004825/w26857e10vq.htm
0,2006-06-30,CHCI,2006-08-09,2006-08-09 16:07:34,Q2,50700000,41300000,9400000.0,0.185404,0.0,8400000.0,0.0,-354000.0,21400000.000000007,62700000.00000001,0.0,199999.99999999997,-11400000,-0.224852,-12000000,-0.236686,400000.0,-11600000,-0.228797,-4500000.0,-7100000.0,-0.140039,-3.38095,-3.38095,2100000.0,2100000.0,https://www.sec.gov/Archives/edgar/data/1299969/000095013306003673/w23939e10vq.htm,https://www.sec.gov/Archives/edgar/data/1299969/000095013306003673/w23939e10vq.htm
0,2006-03-31,CHCI,2006-05-15,2006-05-15 13:30:14,Q1,36600000,27200000,9400000.0,0.256831,0.0,7600000.0,0.0,-233000.0,7599999.999999998,34800000,0.0,100000.0,2100000.0,0.057377,1800000.0,0.04918,200000.0,2000000.0,0.054645,800000.0,1200000.0,0.032787,0.6,0.6,2000000.0,2000000.0,https://www.sec.gov/Archives/edgar/data/1299969/000095013306001315/w18555e10vk.htm,https://www.sec.gov/Archives/edgar/data/1299969/000095013306001315/w18555e10vk.htm
0,2005-12-31,CHCI,2006-03-16,2006-03-16 15:44:46,Q4,77200000,56500000,20700000,0.268135,0.0,7000000.0,0.0,-797000.0,6899999.999999999,63400000,0.0,100000.0,14700000,0.190415,13800000,0.178756,800000.0,14600000,0.189119,5400000.0,9200000.0,0.119171,4.6,4.6,2000000.0,2000000.0,https://www.sec.gov/Archives/edgar/data/1299969/000095013306001315/w18555e10vk.htm,https://www.sec.gov/Archives/edgar/data/1299969/000095013306001315/w18555e10vk.htm
0,2005-09-30,CHCI,2005-11-14,2005-11-10 17:37:18,Q3,78400000,54000000,24500000,0.3125,0.0,6600000.0,0.0,-463000.0,6500000.0,60500000,0.0,0.0,18400000,0.234694,17900000,0.228316,500000.0,18400000,0.234694,6900000.0,11500000,0.146684,5.75,5.75,2000000.0,2000000.0,https://www.sec.gov/Archives/edgar/data/1299969/000110465905054697/a05-18416_110q.htm,https://www.sec.gov/Archives/edgar/data/1299969/000110465905054697/a05-18416_110q.htm
0,2005-06-30,CHCI,2005-08-09,2005-08-09 17:30:46,Q2,39900000,29700000,10200000,0.255639,0.0,5600000.0,0.0,-154000.0,5599999.999999998,35300000,0.0,100000.0,4900000.0,0.122807,4600000.0,0.115288,200000.0,4800000.0,0.120301,1700000.0,3100000.0,0.077694,1.82353,1.82353,1700000.0,1700000.0,https://www.sec.gov/Archives/edgar/data/1299969/000110465905037995/a05-13186_110q.htm,https://www.sec.gov/Archives/edgar/data/1299969/000110465905037995/a05-13186_110q.htm
0,2005-03-31,CHCI,2005-05-16,2005-05-16 16:37:59,Q1,28700000,17600000,11100000,0.38676,0.0,5100000.0,0.0,-36000.0,5099999.999999998,22699999.999999996,0.0,0.0,6100000.0,0.212544,6100000.0,0.212544,0.0,6100000.0,0.212544,2300000.0,3800000.0,0.132404,2.23529,2.23529,1700000.0,1700000.0,https://www.sec.gov/Archives/edgar/data/1299969/000110465905023844/a05-9307_110q.htm,https://www.sec.gov/Archives/edgar/data/1299969/000110465905023844/a05-9307_110q.htm
