,date,symbol,fillingDate,acceptedDate,period,revenue,costOfRevenue,grossProfit,grossProfitRatio,researchAndDevelopmentExpenses,generalAndAdministrativeExpenses,sellingAndMarketingExpenses,otherExpenses,operatingExpenses,costAndExpenses,interestExpense,depreciationAndAmortization,ebitda,ebitdaratio,operatingIncome,operatingIncomeRatio,totalOtherIncomeExpensesNet,incomeBeforeTax,incomeBeforeTaxRatio,incomeTaxExpense,netIncome,netIncomeRatio,eps,epsdiluted,weightedAverageShsOut,weightedAverageShsOutDil,link,finalLink
0,2020-09-30,DEA,2020-11-02,2020-11-02 16:01:31,Q3,61131000,0.0,61131000,1.0,0.0,4577000.0,0.0,0.0,4577000.0,4577000.0,8628000.0,23522000,28343000,0.46364365052101225,4821000.0,0.07886342444913383,606000.0,4821000.0,0.07886342444913383,0.0,4821000.0,0.07886342444913383,0.12,0.12,76869970,76869970,https://www.sec.gov/Archives/edgar/data/1622194/000156459020049619/0001564590-20-049619-index.htm,https://www.sec.gov/Archives/edgar/data/1622194/000156459020049619/dea-10q_20200930.htm
0,2020-06-30,DEA,2020-08-04,2020-08-04 16:01:14,Q2,60526000,17532000,42994000,0.7103393582923041,0.0,5505000.0,0.0,-3499000.0,29827000,47359000,-9004000.0,23654000,18316000,0.302614,13167000,0.217543,541000.0,4163000.0,0.06878,0.0,3666000.0,0.060569,0.04769,0.04769,76869970,76869970,https://www.sec.gov/Archives/edgar/data/1622194/000156459020036103/0001564590-20-036103-index.htm,https://www.sec.gov/Archives/edgar/data/1622194/000156459020036103/dea-10q_20200630.htm
0,2020-03-31,DEA,2020-05-05 00:00:00,2020-05-05 16:02:05,Q1,58218000,17820000,40398000,0.693909,0.0,5483000.0,0.0,-3420000.0,29576999.999999996,47397000,-8903000.0,23556000,16350000,0.280841,10821000,0.18587,0.0,1918000.0,0.032945,0.0,1697000.0,0.029149,0.02218,0.02218,76527620,76527620,https://www.sec.gov/Archives/edgar/data/1622194/000156459020021235/0001564590-20-021235-index.html,https://www.sec.gov/Archives/edgar/data/1622194/000156459020021235/dea-10q_20200331.htm
0,2019-12-31,DEA,2020-02-25 00:00:00,2020-02-25 16:03:15,Q4,60777000,20389000,40388000,0.664528,0.0,5902000.0,0.0,-2954000.0,29921000.000000004,50310000,-8856000.0,23721999.999999993,16297999.999999994,0.268161,10467000,0.17222,0.0,1611000.0,0.026507,0.0,1432000.0,0.023562,0.01913,0.01913,74837850,74837850,https://www.sec.gov/Archives/edgar/data/1622194/000156459020006375/0001564590-20-006375-index.html,https://www.sec.gov/Archives/edgar/data/1622194/000156459020006375/dea-10k_20191231.htm
0,2019-09-30,DEA,2019-11-06 00:00:00,2019-11-06 16:02:08,Q3,57589000,19416000,38173000,0.662852,0.0,5298000.0,0.0,-6507000.0,29115999.999999996,48531999.99999999,-8454000.0,23299000,15394000,0.267308,9057000.0,0.15727,0.0,603000.0,0.010471,0.0,549000.0,0.009533,0.00764,0.00764,71828990,71828990,https://www.sec.gov/Archives/edgar/data/1622194/000156459019040988/0001564590-19-040988-index.html,https://www.sec.gov/Archives/edgar/data/1622194/000156459019040988/dea-10q_20190930.htm
0,2019-06-30,DEA,2019-08-02,2019-08-02 16:02:59,Q2,52749000,16399000,36350000,0.689113,0.0,4667000.0,0.0,0.0,28086000,44485000,8018000.0,22967000,36627000,0.694364,8264000.0,0.156666,0.0,6491000.0,0.123054,0.0,5642000.0,0.106959,0.08246,0.08246,68419670,68419670,https://www.sec.gov/Archives/edgar/data/1622194/000156459019028361/dea-10q_20190630.htm,https://www.sec.gov/Archives/edgar/data/1622194/000156459019028361/dea-10q_20190630.htm
0,2019-03-31,DEA,2019-04-17 00:00:00,2019-04-17 07:01:06,Q1,50607000,15718000,34889000,0.689411,0.0,4317000.0,0.0,-3815000.0,27238000.000000004,42956000,-8132000.0,22451000,13903000,0.274725,7651000.0,0.151185,0.0,-481000.0,-0.009505,0.0,-416000.0,-0.00822,-0.00679,-0.00679,61225930,61225930,https://www.sec.gov/Archives/edgar/data/1672885/000121390019006549/0001213900-19-006549-index.html,https://www.sec.gov/Archives/edgar/data/1672885/000121390019006549/f10k2018_doerseducation.htm
0,2018-12-31,DEA,2019-02-28 00:00:00,2019-02-28 16:28:35,Q4,48208000,14887000,33321000,0.691192,0.0,4128000.0,0.0,-2794000.0,25756000,40643000,-6922000.0,21072000.000000004,14740000.000000004,0.305758,7565000.0,0.156924,0.0,643000.0,0.013338,0.0,590000.0,0.012239,0.00953,0.00953,61922950,61922950,https://www.sec.gov/Archives/edgar/data/1622194/000156459019005484/0001564590-19-005484-index.html,https://www.sec.gov/Archives/edgar/data/1622194/000156459019005484/dea-10k_20181231.htm
0,2018-09-30,DEA,2018-10-23 00:00:00,2018-10-22 18:59:31,Q3,39437000,12008000,27429000,0.695514,0.0,3614000.0,0.0,-1310000.0,20023000,32031000,-4924000.0,16131000.000000004,13362000.000000004,0.338819,7406000.0,0.187793,0.0,2482000.0,0.062936,0.0,2155000.0,0.054644,0.03477,0.03477,61979000,61979000,https://www.sec.gov/Archives/edgar/data/1672885/000121390018014241/0001213900-18-014241-index.html,https://www.sec.gov/Archives/edgar/data/1672885/000121390018014241/f10q0918_doerseducation.htm
0,2018-06-30,DEA,2018-08-07 00:00:00,2018-08-07 16:01:40,Q2,36970000,11070000,25900000,0.700568,0.0,3620000.0,0.0,-1852000.0,18710000,29780000,-5480000.0,14600000,10560000,0.285637,7190000.0,0.194482,0.0,1720000.0,0.046524,0.0,1440000.0,0.038951,0.02932,0.02932,49120000,49120000,https://www.sec.gov/Archives/edgar/data/1622194/000156459018019903/0001564590-18-019903-index.html,https://www.sec.gov/Archives/edgar/data/1622194/000156459018019903/dea-10q_20180630.htm
0,2018-03-31,DEA,2018-04-02 00:00:00,2018-04-02 14:52:31,Q1,35970000,10260000,25710000,0.714762,0.0,3460000.0,0.0,-2123000.0,18320000,28580000,-5580000.0,14600000,10540000,0.293022,7400000.0,0.205727,0.0,1820000.0,0.050598,0.0,1520000.0,0.042257,0.03303,0.03303,46020000,46020000,https://www.sec.gov/Archives/edgar/data/1672885/000121390018003826/0001213900-18-003826-index.html,https://www.sec.gov/Archives/edgar/data/1672885/000121390018003826/f10k2017_doerseducation.htm
0,2017-12-31,DEA,2018-03-01 00:00:00,2018-03-01 14:02:00,Q4,36330000,10570000,25760000,0.709056,0.0,3390000.0,0.0,-2051000.0,17900000,28470000,-5450000.0,14799999.999999996,11109999.999999996,0.305808,7860000.0,0.21635,0.0,2100000.0,0.057803,0.0,1760000.0,0.048445,0.03808,0.03808,46220000,46220000,https://www.sec.gov/Archives/edgar/data/1622194/000156459018004044/0001564590-18-004044-index.html,https://www.sec.gov/Archives/edgar/data/1622194/000156459018004044/dea-10k_20171231.htm
0,2017-09-30,DEA,2017-11-07 00:00:00,2017-11-07 16:02:36,Q3,33860000,10170000,23690000,0.699646,0.0,2920000.0,0.0,-2575000.0,17080000,27250000,-5500000.0,14000000,9440000.0,0.278795,6610000.0,0.195216,0.0,1120000.0,0.033077,0.0,940000.0,0.027761,0.02243,0.02243,41900000,41900000,https://www.sec.gov/Archives/edgar/data/1622194/000156459017022212/0001564590-17-022212-index.html,https://www.sec.gov/Archives/edgar/data/1622194/000156459017022212/dea-10q_20170930.htm
0,2017-06-30,DEA,2017-08-01 00:00:00,2017-08-01 17:05:00,Q2,30600000,8820000.0,21790000,0.712092,0.0,3140000.0,0.0,-572000.0,16870000,25690000,-3710000.0,13200000.000000002,10470000.000000002,0.342157,4920000.0,0.160784,0.0,1200000.0,0.039216,0.0,980000.0,0.032026,0.02459,0.02459,39850000,39850000,https://www.sec.gov/Archives/edgar/data/1672885/000121390017008130/0001213900-17-008130-index.html,https://www.sec.gov/Archives/edgar/data/1672885/000121390017008130/f10q0617_doerseducation.htm
0,2017-03-31,DEA,2017-05-09 00:00:00,2017-05-09 16:01:45,Q1,29890000,9080000.0,20800000,0.695885,0.0,3440000.0,0.0,1027000.0,16850000,25930000,-2420000.0,12900000,11720000,0.392104,3960000.0,0.132486,0.0,1540000.0,0.051522,0.0,1240000.0,0.041485,0.03168,0.03168,39140000,39140000,https://www.sec.gov/Archives/edgar/data/1622194/000156459017009827/0001564590-17-009827-index.html,https://www.sec.gov/Archives/edgar/data/1622194/000156459017009827/dea-10q_20170331.htm
0,2016-12-31,DEA,2017-03-02 00:00:00,2017-03-02 16:01:49,Q4,28750000,9020000.0,19740000,0.686609,0.0,3140000.0,0.0,925000.0,15300000,24320000,-2210000.0,11699999.999999996,11179999.999999996,0.38887,4430000.0,0.154087,0.0,2220000.0,0.077217,0.0,1690000.0,0.058783,0.04528,0.04528,37320000,37320000,https://www.sec.gov/Archives/edgar/data/1622194/000156459017003211/0001564590-17-003211-index.html,https://www.sec.gov/Archives/edgar/data/1622194/000156459017003211/dea-10k_20161231.htm
0,2016-09-30,DEA,2016-11-08 00:00:00,2016-11-08 16:01:27,Q3,26980000,7840000.0,19130000,0.709044,0.0,3070000.0,0.0,0.0,15960000,23800000,-2040000.0,12300000.000000004,11160000.000000004,0.41364,3170000.0,0.117494,0.0,1130000.0,0.041883,0.0,900000.0,0.033358,0.02439,0.02439,36900000,36900000,https://www.sec.gov/Archives/edgar/data/1622194/000156459016028308/0001564590-16-028308-index.html,https://www.sec.gov/Archives/edgar/data/1622194/000156459016028308/dea-10q_20160930.htm
0,2016-06-30,DEA,2016-08-08,2016-08-08 16:01:14,Q2,24920000,7420000.0,17500000,0.702247,0.0,3050000.0,0.0,0.0,14470000,21890000,-2000000.0,10999999.999999998,9699999.999999998,0.389246,3030000.0,0.121589,0.0,1040000.0,0.041734,0.0,700000.0,0.02809,0.02392,0.02392,29270000,29270000,https://www.sec.gov/Archives/edgar/data/1622194/000156459016023268/dea-10q_20160630.htm,https://www.sec.gov/Archives/edgar/data/1622194/000156459016023268/dea-10q_20160630.htm
0,2016-03-31,DEA,2016-05-09 00:00:00,2016-05-09 16:05:27,Q1,23970000,6700000.0,17270000,0.720484,0.0,3040000.0,0.0,0.0,14230000,20930000,-1930000.0,10900000,9650000.0,0.402587,3040000.0,0.126825,0.0,1110000.0,0.046308,0.0,680000.0,0.028369,0.02642,0.02642,25740000,25740000,https://www.sec.gov/Archives/edgar/data/1622194/000156459016018573/0001564590-16-018573-index.html,https://www.sec.gov/Archives/edgar/data/1622194/000156459016018573/dea-10q_20160331.htm
0,2015-12-31,DEA,2016-03-02 00:00:00,2016-03-02 16:02:32,Q4,22170000,6500000.0,15670000,0.706811,0.0,2710000.0,0.0,0.0,13890000,20390000,-1610000.0,10200000.000000004,8700000.000000004,0.392422,1780000.0,0.080289,0.0,170000.0,0.007668,0.0,110000.0,0.004962,0.00455,0.00455,24170000,24170000,https://www.sec.gov/Archives/edgar/data/1622194/000156459016013875/0001564590-16-013875-index.html,https://www.sec.gov/Archives/edgar/data/1622194/000156459016013875/dea-10k_20151231.htm
0,2015-09-30,DEA,2015-11-05 00:00:00,2015-11-05 16:09:15,Q3,19860000,5820000.0,14040000,0.706949,0.0,2300000.0,0.0,0.0,11879999.999999998,17700000,-1340000.0,9299999.999999998,8459999.999999998,0.425982,2160000.0,0.108761,0.0,820000.0,0.041289,0.0,500000.0,0.025176,0.01983,0.01983,25220000,25220000,https://www.sec.gov/Archives/edgar/data/1622194/000156459015009653/0001564590-15-009653-index.html,https://www.sec.gov/Archives/edgar/data/1622194/000156459015009653/dea-10q_20150930.htm
0,2015-06-30,DEA,2015-08-06 00:00:00,2015-08-06 17:20:40,Q2,19260000,5310000.0,13940000,0.72378,0.0,2240000.0,0.0,70000.0,11660000,16970000,-1320000.0,9200000.0,8470000.0,0.439772,2290000.0,0.118899,0.0,970000.0,0.050363,0.0,590000.0,0.030633,0.02319,0.02319,25440000,25440000,https://www.sec.gov/Archives/edgar/data/1622194/000156459015006505/0001564590-15-006505-index.html,https://www.sec.gov/Archives/edgar/data/1622194/000156459015006505/dea-10q_20150630.htm
0,2015-03-31,DEA,2015-05-14 00:00:00,2015-05-14 17:12:04,Q1,10090000,2690000.0,7400000.0,0.733399,0.0,1650000.0,0.0,1590000.0,9580000.0,12270000,-5820000.0,4900000.0,-3810000.0,-0.377602,-2180000.0,-0.216056,0.0,-8000000.0,-0.792864,0.0,-2890000.0,-0.286422,-0.21994,-0.21994,13140000,13140000,https://www.sec.gov/Archives/edgar/data/1622194/000119312515188249/0001193125-15-188249-index.html,https://www.sec.gov/Archives/edgar/data/1622194/000119312515188249/d909677d10q.htm
