,date,symbol,fillingDate,acceptedDate,period,revenue,costOfRevenue,grossProfit,grossProfitRatio,researchAndDevelopmentExpenses,generalAndAdministrativeExpenses,sellingAndMarketingExpenses,otherExpenses,operatingExpenses,costAndExpenses,interestExpense,depreciationAndAmortization,ebitda,ebitdaratio,operatingIncome,operatingIncomeRatio,totalOtherIncomeExpensesNet,incomeBeforeTax,incomeBeforeTaxRatio,incomeTaxExpense,netIncome,netIncomeRatio,eps,epsdiluted,weightedAverageShsOut,weightedAverageShsOutDil,link,finalLink
0,2020-09-30,AIM.TO,2020-09-30,2020-09-30,Q3,-5100000.0,0.0,0.0,0.0,0.0,2700000.0,0.0,0.0,2000000.0,0.0,0.0,100000.0,0.0,0.0,0.0,1.9411764705882353,0.0,-9900000.0,1.9411764705882353,800000.0,-10800000,2.1176470588235294,-0.15,-0.15,92625573,92625573,https://www.sedar.com/ModifyCompanyDocumentSearchForm.do?lang=EN&company_search=Aimia Inc&document_selection=0&industry_group=A&FromDate=13&FromMonth=05&FromYear=2000&ToDate=13&ToMonth=11&ToYear=2020&Variable=Issuer,https://www.sedar.com/ModifyCompanyDocumentSearchForm.do?lang=EN&company_search=Aimia Inc&document_selection=0&industry_group=A&FromDate=13&FromMonth=05&FromYear=2000&ToDate=13&ToMonth=11&ToYear=2020&Variable=Issuer
0,2020-06-30,AIM.TO,2020-06-30,2020-06-30,Q2,8900000.0,0.0,0.0,0.0,0.0,2600000.0,0.0,0.0,-1300000.0,0.0,0.0,0.0,0.0,0.0,0.0,0.8539325842696629,0.0,7600000.0,0.8539325842696629,1500000.0,14400000,1.6179775280898876,0.12,0.12,93844617,93844617,https://www.sedar.com/ModifyCompanyDocumentSearchForm.do?lang=EN&company_search=Aimia Inc&document_selection=0&industry_group=A&FromDate=13&FromMonth=05&FromYear=2000&ToDate=13&ToMonth=11&ToYear=2020&Variable=Issuer,https://www.sedar.com/ModifyCompanyDocumentSearchForm.do?lang=EN&company_search=Aimia Inc&document_selection=0&industry_group=A&FromDate=13&FromMonth=05&FromYear=2000&ToDate=13&ToMonth=11&ToYear=2020&Variable=Issuer
0,2020-03-31,AIM.TO,2020-03-31,2020-03-31,Q1,29600000,0.0,0.0,0.0,0.0,32100000,0.0,0.0,1900000.0,35100000,200000.0,0.0,-8000000.0,-0.2702702702702703,-5500000.0,-0.3141891891891892,-5100000.0,-9300000.0,-0.3141891891891892,300000.0,-9600000.0,-0.32432432432432434,-0.14,-0.14,93838438,93838438,https://www.sedar.com/ModifyCompanyDocumentSearchForm.do?lang=EN&company_search=Aimia Inc&document_selection=0&industry_group=A&FromDate=13&FromMonth=05&FromYear=2000&ToDate=13&ToMonth=11&ToYear=2020&Variable=Issuer,https://www.sedar.com/ModifyCompanyDocumentSearchForm.do?lang=EN&company_search=Aimia Inc&document_selection=0&industry_group=A&FromDate=13&FromMonth=05&FromYear=2000&ToDate=13&ToMonth=11&ToYear=2020&Variable=Issuer
0,2019-12-31,AIM.TO,2019-12-31,2019-12-31,Q4,35000000,0.0,0.0,0.0,0.0,50700000,0.0,0.0,0.0,55400000,-2600000.0,0.0,200000.0,0.005714285714285714,-20400000,0.2,17600000,7000000.0,0.2,2100000.0,4900000.0,0.14,0.05290115722145114,0.05290115722145114,92625573,92625573,https://www.sedar.com/ModifyCompanyDocumentSearchForm.do?lang=EN&company_search=Aimia Inc&document_selection=0&industry_group=A&FromDate=13&FromMonth=05&FromYear=2000&ToDate=13&ToMonth=11&ToYear=2020&Variable=Issuer,https://www.sedar.com/ModifyCompanyDocumentSearchForm.do?lang=EN&company_search=Aimia Inc&document_selection=0&industry_group=A&FromDate=13&FromMonth=05&FromYear=2000&ToDate=13&ToMonth=11&ToYear=2020&Variable=Issuer
0,2019-09-30,AIM.TO,2019-09-30,2019-09-30,Q3,33300000,3200000.0,30100000,0.9039039039039038,0.0,42200000,24300000,0.0,0.0,45400000,1000000.0,0.0,-34900000,-1.048048048048048,-12100000,0.5885885885885885,29000000,19600000,0.5885885885885885,2400000.0,16900000,0.5075075075075075,0.11,0.11,109908061,109908061,https://www.sedar.com/ModifyCompanyDocumentSearchForm.do?lang=EN&company_search=Aimia Inc&document_selection=0&industry_group=A&FromDate=13&FromMonth=05&FromYear=2000&ToDate=13&ToMonth=11&ToYear=2020&Variable=Issuer,https://www.sedar.com/ModifyCompanyDocumentSearchForm.do?lang=EN&company_search=Aimia Inc&document_selection=0&industry_group=A&FromDate=13&FromMonth=05&FromYear=2000&ToDate=13&ToMonth=11&ToYear=2020&Variable=Issuer
0,2019-06-30,AIM.TO,2019-06-30,2019-06-30,Q2,31000000,3300000.0,27700000,0.8935483870967742,0.0,49400000,28800000,0.0,0.0,52700000,-200000.0,0.0,-10700000,-0.34516129032258064,-21700000,0.8419354838709677,45000000,26100000,0.8419354838709677,2100000.0,43500000,1.403225806451613,0.29,0.29,137252440,137252440,https://www.sedar.com/ModifyCompanyDocumentSearchForm.do?lang=EN&company_search=Aimia Inc&document_selection=0&industry_group=A&FromDate=13&FromMonth=05&FromYear=2000&ToDate=13&ToMonth=11&ToYear=2020&Variable=Issuer,https://www.sedar.com/ModifyCompanyDocumentSearchForm.do?lang=EN&company_search=Aimia Inc&document_selection=0&industry_group=A&FromDate=13&FromMonth=05&FromYear=2000&ToDate=13&ToMonth=11&ToYear=2020&Variable=Issuer
0,2019-03-31,AIM.TO,2019-03-31,2019-03-31,Q1,34700000,3000000.0,31700000,0.9135446685878963,0.0,50700000,28600000,0.0,0.0,53700000,6400000.0,0.0,-8600000.0,-0.2478386167146974,-19000000,0.1873198847262248,29400000,6500000.0,0.1873198847262248,9700000.0,1047100000,30.175792507204612,6.85,6.85,152307196,152307196,https://www.sedar.com/ModifyCompanyDocumentSearchForm.do?lang=EN&company_search=Aimia Inc&document_selection=0&industry_group=A&FromDate=13&FromMonth=05&FromYear=2000&ToDate=13&ToMonth=11&ToYear=2020&Variable=Issuer,https://www.sedar.com/ModifyCompanyDocumentSearchForm.do?lang=EN&company_search=Aimia Inc&document_selection=0&industry_group=A&FromDate=13&FromMonth=05&FromYear=2000&ToDate=13&ToMonth=11&ToYear=2020&Variable=Issuer
0,2018-12-31,AIM.TO,2018-12-31,2018-12-31,Q4,-987000000,-810500000,-176500000,0.17882472137791286,0.0,-73700000,-83700000,0.0,0.0,-884200000,10200000,0.0,-76600000,0.07760891590678824,-102800000,0.21469098277608917,-107100000,-211900000,0.21469098277608917,-3700000.0,-126200000,0.12786220871327253,-1.3624747023157417,-1.3624747023157417,92625573,92625573,https://www.sedar.com/ModifyCompanyDocumentSearchForm.do?lang=EN&company_search=Aimia Inc&document_selection=0&industry_group=A&FromDate=13&FromMonth=05&FromYear=2000&ToDate=13&ToMonth=11&ToYear=2020&Variable=Issuer,https://www.sedar.com/ModifyCompanyDocumentSearchForm.do?lang=EN&company_search=Aimia Inc&document_selection=0&industry_group=A&FromDate=13&FromMonth=05&FromYear=2000&ToDate=13&ToMonth=11&ToYear=2020&Variable=Issuer
0,2018-09-30,AIM.TO,2018-09-30,2018-09-30,Q3,372700000,268600000,104100000,0.27931312047222967,0.0,101800000,67200000,0.0,0.0,370400000,3000000.0,0.0,62900000,0.16876844647169306,2300000.0,0.05929702173329756,20700000,22100000,0.05929702173329756,400000.0,21700000,0.058223772471156426,0.11,0.11,152307196,152307196,https://www.sedar.com/ModifyCompanyDocumentSearchForm.do?lang=EN&company_search=Aimia Inc&document_selection=0&industry_group=A&FromDate=13&FromMonth=05&FromYear=2000&ToDate=13&ToMonth=11&ToYear=2020&Variable=Issuer,https://www.sedar.com/ModifyCompanyDocumentSearchForm.do?lang=EN&company_search=Aimia Inc&document_selection=0&industry_group=A&FromDate=13&FromMonth=05&FromYear=2000&ToDate=13&ToMonth=11&ToYear=2020&Variable=Issuer
0,2018-06-30,AIM.TO,2018-06-30,2018-06-30,Q2,375400000,274400000,101000000,0.2690463505594033,0.0,109500000,66500000,0.0,0.0,383900000,5800000.0,0.0,51400000,0.13692061800745872,-8500000.0,0.03383058071390517,24900000,12700000,0.03383058071390517,1600000.0,11100000,0.02956846030900373,0.04,0.04,152307196,152307196,https://www.sedar.com/ModifyCompanyDocumentSearchForm.do?lang=EN&company_search=Aimia Inc&document_selection=0&industry_group=A&FromDate=13&FromMonth=05&FromYear=2000&ToDate=13&ToMonth=11&ToYear=2020&Variable=Issuer,https://www.sedar.com/ModifyCompanyDocumentSearchForm.do?lang=EN&company_search=Aimia Inc&document_selection=0&industry_group=A&FromDate=13&FromMonth=05&FromYear=2000&ToDate=13&ToMonth=11&ToYear=2020&Variable=Issuer
0,2018-03-31,AIM.TO,2018-03-31,2018-03-31,Q1,406000000,301200000,104800000,0.258128078817734,0.0,92100000,73800000,0.0,0.0,393300000,4700000.0,0.0,79000000,0.19458128078817735,12700000,0.05123152709359606,10600000,20800000,0.05123152709359606,7000000.0,21400000,0.05270935960591133,0.11,0.11,152307196,152307196,https://www.sedar.com/ModifyCompanyDocumentSearchForm.do?lang=EN&company_search=Aimia Inc&document_selection=0&industry_group=A&FromDate=13&FromMonth=05&FromYear=2000&ToDate=13&ToMonth=11&ToYear=2020&Variable=Issuer,https://www.sedar.com/ModifyCompanyDocumentSearchForm.do?lang=EN&company_search=Aimia Inc&document_selection=0&industry_group=A&FromDate=13&FromMonth=05&FromYear=2000&ToDate=13&ToMonth=11&ToYear=2020&Variable=Issuer
0,2017-12-31,AIM.TO,2017-12-31,2017-12-31,Q4,177000000,127300000,49700000,0.2807909604519774,0.0,59800000,36900000,0.0,0.0,187100000,-800000.0,0.0,39500000,0.2231638418079096,-10100000,-0.39152542372881355,-46900000,-69300000,-0.39152542372881355,4800000.0,-214700000,-1.2129943502824858,-2.3179343786623594,-2.3179343786623594,92625573,92625573,https://www.sedar.com/ModifyCompanyDocumentSearchForm.do?lang=EN&company_search=Aimia Inc&document_selection=0&industry_group=A&FromDate=13&FromMonth=05&FromYear=2000&ToDate=13&ToMonth=11&ToYear=2020&Variable=Issuer,https://www.sedar.com/ModifyCompanyDocumentSearchForm.do?lang=EN&company_search=Aimia Inc&document_selection=0&industry_group=A&FromDate=13&FromMonth=05&FromYear=2000&ToDate=13&ToMonth=11&ToYear=2020&Variable=Issuer
0,2017-09-30,AIM.TO,2017-09-30,2017-09-30,Q3,452100000,338700000,113400000,0.25082946250829463,0.0,133000000,85700000,0.0,0.0,471700000,9700000.0,0.0,41600000,0.0920150409201504,-19600000,-0.08936076089360762,-13000000,-40400000,-0.08936076089360762,-100000.0,-40300000,-0.08913957089139571,-0.26,-0.26,152307196,152307196,https://www.sedar.com/ModifyCompanyDocumentSearchForm.do?lang=EN&company_search=Aimia Inc&document_selection=0&industry_group=A&FromDate=13&FromMonth=05&FromYear=2000&ToDate=13&ToMonth=11&ToYear=2020&Variable=Issuer,https://www.sedar.com/ModifyCompanyDocumentSearchForm.do?lang=EN&company_search=Aimia Inc&document_selection=0&industry_group=A&FromDate=13&FromMonth=05&FromYear=2000&ToDate=13&ToMonth=11&ToYear=2020&Variable=Issuer
0,2017-06-30,AIM.TO,2017-06-30,2017-06-30,Q2,470500000,349000000,121500000,0.25823591923485656,0.0,156400000,100700000,0.0,0.0,505400000,13100000,0.0,28300000,0.060148777895855474,-34900000,-0.05717321997874601,11100000,-26900000,-0.05717321997874601,-1800000.0,-25100000,-0.05334750265674814,-0.19,-0.19,152306642,152306642,https://www.sedar.com/ModifyCompanyDocumentSearchForm.do?lang=EN&company_search=Aimia Inc&document_selection=0&industry_group=A&FromDate=13&FromMonth=05&FromYear=2000&ToDate=13&ToMonth=11&ToYear=2020&Variable=Issuer,https://www.sedar.com/ModifyCompanyDocumentSearchForm.do?lang=EN&company_search=Aimia Inc&document_selection=0&industry_group=A&FromDate=13&FromMonth=05&FromYear=2000&ToDate=13&ToMonth=11&ToYear=2020&Variable=Issuer
0,2017-03-31,AIM.TO,2017-03-31,2017-03-31,Q1,524800000,368600000,156200000,0.2976371951219512,0.0,150700000,105200000,0.0,0.0,519300000,7500000.0,0.0,58700000,0.11185213414634146,5500000.0,0.026676829268292682,13100000,14000000,0.026676829268292682,4400000.0,9600000.0,0.018292682926829267,0.04,0.04,152294611,152294611,https://www.sedar.com/ModifyCompanyDocumentSearchForm.do?lang=EN&company_search=Aimia Inc&document_selection=0&industry_group=A&FromDate=13&FromMonth=05&FromYear=2000&ToDate=13&ToMonth=11&ToYear=2020&Variable=Issuer,https://www.sedar.com/ModifyCompanyDocumentSearchForm.do?lang=EN&company_search=Aimia Inc&document_selection=0&industry_group=A&FromDate=13&FromMonth=05&FromYear=2000&ToDate=13&ToMonth=11&ToYear=2020&Variable=Issuer
0,2016-12-31,AIM.TO,2016-12-31,2016-12-31,Q4,689000000,497100000,191900000,0.27851959361393325,0.0,172400000,113800000,0.0,0.0,669500000,3400000.0,0.0,57400000,0.08330914368650218,19500000,-0.08084179970972424,-69200000,-55700000,-0.08084179970972424,1500000.0,-57200000,-0.0830188679245283,-0.6175400394014297,-0.6175400394014297,92625573,92625573,https://www.sedar.com/ModifyCompanyDocumentSearchForm.do?lang=EN&company_search=Aimia Inc&document_selection=0&industry_group=A&FromDate=13&FromMonth=05&FromYear=2000&ToDate=13&ToMonth=11&ToYear=2020&Variable=Issuer,https://www.sedar.com/ModifyCompanyDocumentSearchForm.do?lang=EN&company_search=Aimia Inc&document_selection=0&industry_group=A&FromDate=13&FromMonth=05&FromYear=2000&ToDate=13&ToMonth=11&ToYear=2020&Variable=Issuer
0,2016-09-30,AIM.TO,2016-09-30,2016-09-30,Q3,503600000,357900000,145700000,0.28931691818903893,0.0,159600000,111300000,0.0,0.0,517500000,9400000.0,0.0,36900000,0.0732724384432089,-13900000,-0.020254169976171566,8300000.0,-10200000,-0.020254169976171566,-8700000.0,-1500000.0,-0.0029785544082605244,-0.04,-0.04,152294611,152294611,https://www.sedar.com/ModifyCompanyDocumentSearchForm.do?lang=EN&company_search=Aimia Inc&document_selection=0&industry_group=A&FromDate=13&FromMonth=05&FromYear=2000&ToDate=13&ToMonth=11&ToYear=2020&Variable=Issuer,https://www.sedar.com/ModifyCompanyDocumentSearchForm.do?lang=EN&company_search=Aimia Inc&document_selection=0&industry_group=A&FromDate=13&FromMonth=05&FromYear=2000&ToDate=13&ToMonth=11&ToYear=2020&Variable=Issuer
0,2016-06-30,AIM.TO,2016-06-30,2016-06-30,Q2,525400000,379000000,146400000,0.27864484202512374,0.0,163500000,109500000,0.0,0.0,542500000,11400000,0.0,38700000,0.07365816520746098,-17100000,0.0053292729349067374,29600000,2800000.0,0.0053292729349067374,-4400000.0,7200000.0,0.013703844689760183,0.02,0.02,152294611,152294611,https://www.sedar.com/ModifyCompanyDocumentSearchForm.do?lang=EN&company_search=Aimia Inc&document_selection=0&industry_group=A&FromDate=13&FromMonth=05&FromYear=2000&ToDate=13&ToMonth=11&ToYear=2020&Variable=Issuer,https://www.sedar.com/ModifyCompanyDocumentSearchForm.do?lang=EN&company_search=Aimia Inc&document_selection=0&industry_group=A&FromDate=13&FromMonth=05&FromYear=2000&ToDate=13&ToMonth=11&ToYear=2020&Variable=Issuer
0,2016-03-31,AIM.TO,2016-03-31,2016-03-31,Q1,570100000,415200000,154900000,0.27170671811962815,0.0,163800000,111100000,0.0,0.0,579000000,14000000,0.0,44600000,0.07823188914225575,-8900000.0,-0.02648658130152605,5600000.0,-15100000,-0.02648658130152605,-2000000.0,-14800000,-0.025960357831959307,-0.12,-0.12,152737987,152737987,https://www.sedar.com/ModifyCompanyDocumentSearchForm.do?lang=EN&company_search=Aimia Inc&document_selection=0&industry_group=A&FromDate=13&FromMonth=05&FromYear=2000&ToDate=13&ToMonth=11&ToYear=2020&Variable=Issuer,https://www.sedar.com/ModifyCompanyDocumentSearchForm.do?lang=EN&company_search=Aimia Inc&document_selection=0&industry_group=A&FromDate=13&FromMonth=05&FromYear=2000&ToDate=13&ToMonth=11&ToYear=2020&Variable=Issuer
0,2015-12-31,AIM.TO,2015-12-31,2015-12-31,Q4,734300000,537000000,197300000,0.2686912705978483,0.0,202000000,124800000,0.0,0.0,739000000,8700000.0,0.0,38300000,0.05215851831676427,-4700000.0,-0.03268418902355985,8400000.0,-24000000,-0.03268418902355985,700000.0,-26000000,-0.03540787144218984,-0.28070001790974075,-0.28070001790974075,92625573,92625573,https://www.sedar.com/ModifyCompanyDocumentSearchForm.do?lang=EN&company_search=Aimia Inc&document_selection=0&industry_group=A&FromDate=13&FromMonth=05&FromYear=2000&ToDate=13&ToMonth=11&ToYear=2020&Variable=Issuer,https://www.sedar.com/ModifyCompanyDocumentSearchForm.do?lang=EN&company_search=Aimia Inc&document_selection=0&industry_group=A&FromDate=13&FromMonth=05&FromYear=2000&ToDate=13&ToMonth=11&ToYear=2020&Variable=Issuer
0,2015-09-30,AIM.TO,2015-09-30,2015-09-30,Q3,529300000,390300000,139000000,0.2626109956546382,0.0,171500000,120000000,0.0,0.0,561800000,9800000.0,0.0,26300000,0.04968826752314377,-32500000,-0.061212922728131496,4000000.0,-32400000,-0.061212922728131496,-6300000.0,-26900000,-0.05082184016625732,-0.2,-0.2,159482896,159482896,https://www.sedar.com/ModifyCompanyDocumentSearchForm.do?lang=EN&company_search=Aimia Inc&document_selection=0&industry_group=A&FromDate=13&FromMonth=05&FromYear=2000&ToDate=13&ToMonth=11&ToYear=2020&Variable=Issuer,https://www.sedar.com/ModifyCompanyDocumentSearchForm.do?lang=EN&company_search=Aimia Inc&document_selection=0&industry_group=A&FromDate=13&FromMonth=05&FromYear=2000&ToDate=13&ToMonth=11&ToYear=2020&Variable=Issuer
0,2015-06-30,AIM.TO,2015-06-30,2015-06-30,Q2,536900000,392700000,144200000,0.2685788787483703,0.0,120900000,115700000,0.0,0.0,513600000,10400000,0.0,97800000,0.18215682622462284,23300000,0.07655056807599181,4100000.0,41100000,0.07655056807599181,8500000.0,31500000,0.05867014341590613,0.17,0.17,163725006,163725006,https://www.sedar.com/ModifyCompanyDocumentSearchForm.do?lang=EN&company_search=Aimia Inc&document_selection=0&industry_group=A&FromDate=13&FromMonth=05&FromYear=2000&ToDate=13&ToMonth=11&ToYear=2020&Variable=Issuer,https://www.sedar.com/ModifyCompanyDocumentSearchForm.do?lang=EN&company_search=Aimia Inc&document_selection=0&industry_group=A&FromDate=13&FromMonth=05&FromYear=2000&ToDate=13&ToMonth=11&ToYear=2020&Variable=Issuer
0,2015-03-31,AIM.TO,2015-03-31,2015-03-31,Q1,660100000,476300000,183800000,0.27844266020299957,0.0,157600000,111900000,0.0,0.0,633900000,10500000,0.0,80500000,0.12195121951219512,26200000,0.03696409634903802,3100000.0,24400000,0.03696409634903802,1000000.0,21500000,0.03257082260263596,0.1,0.1,170753997,170753997,https://www.sedar.com/ModifyCompanyDocumentSearchForm.do?lang=EN&company_search=Aimia Inc&document_selection=0&industry_group=A&FromDate=13&FromMonth=05&FromYear=2000&ToDate=13&ToMonth=11&ToYear=2020&Variable=Issuer,https://www.sedar.com/ModifyCompanyDocumentSearchForm.do?lang=EN&company_search=Aimia Inc&document_selection=0&industry_group=A&FromDate=13&FromMonth=05&FromYear=2000&ToDate=13&ToMonth=11&ToYear=2020&Variable=Issuer
0,2014-12-31,AIM.TO,2014-12-31,2014-12-31,Q4,761100000,543200000,217900000,0.28629615030876365,0.0,189500000,112600000,0.0,0.0,732700000,9300000.0,0.0,70500000,0.09262908947575876,28400000,0.015635264748390488,-10500000,11900000,0.015635264748390488,-9600000.0,20500000,0.026934699776639075,0.2213211679672956,0.2213211679672956,92625573,92625573,https://www.sedar.com/ModifyCompanyDocumentSearchForm.do?lang=EN&company_search=Aimia Inc&document_selection=0&industry_group=A&FromDate=13&FromMonth=05&FromYear=2000&ToDate=13&ToMonth=11&ToYear=2020&Variable=Issuer,https://www.sedar.com/ModifyCompanyDocumentSearchForm.do?lang=EN&company_search=Aimia Inc&document_selection=0&industry_group=A&FromDate=13&FromMonth=05&FromYear=2000&ToDate=13&ToMonth=11&ToYear=2020&Variable=Issuer
0,2014-09-30,AIM.TO,2014-09-30,2014-09-30,Q3,543400000,398500000,144900000,0.2666543982333456,0.0,160900000,114000000,0.0,0.0,559400000,12200000,0.0,32500000,0.05980861244019139,-16000000,-0.04600662495399337,-800000.0,-25000000,-0.04600662495399337,-900000.0,-24300000,-0.04471843945528156,-0.17,-0.17,173992899,173992899,https://www.sedar.com/ModifyCompanyDocumentSearchForm.do?lang=EN&company_search=Aimia Inc&document_selection=0&industry_group=A&FromDate=13&FromMonth=05&FromYear=2000&ToDate=13&ToMonth=11&ToYear=2020&Variable=Issuer,https://www.sedar.com/ModifyCompanyDocumentSearchForm.do?lang=EN&company_search=Aimia Inc&document_selection=0&industry_group=A&FromDate=13&FromMonth=05&FromYear=2000&ToDate=13&ToMonth=11&ToYear=2020&Variable=Issuer
0,2014-06-30,AIM.TO,2014-06-30,2014-06-30,Q2,555400000,399600000,155800000,0.28051854519265396,0.0,168500000,118500000,0.0,0.0,568100000,13500000,0.0,36900000,0.06643860280878645,-12700000,-0.03907093986316169,700000.0,-21700000,-0.03907093986316169,-2900000.0,-19200000,-0.03456967951026287,-0.14,-0.14,173612917,173612917,https://www.sedar.com/ModifyCompanyDocumentSearchForm.do?lang=EN&company_search=Aimia Inc&document_selection=0&industry_group=A&FromDate=13&FromMonth=05&FromYear=2000&ToDate=13&ToMonth=11&ToYear=2020&Variable=Issuer,https://www.sedar.com/ModifyCompanyDocumentSearchForm.do?lang=EN&company_search=Aimia Inc&document_selection=0&industry_group=A&FromDate=13&FromMonth=05&FromYear=2000&ToDate=13&ToMonth=11&ToYear=2020&Variable=Issuer
0,2014-03-31,AIM.TO,2014-03-31,2014-03-31,Q1,608936000,449000000,159936000,0.2626482914460633,0.0,168904000,117074000,0.0,0.0,617904000,13264000,0.0,39805000,0.06536811750331727,-8968000.0,-0.02945629754194201,979000.0,-17937000,-0.02945629754194201,-1614000.0,-17299000,-0.02840856838813931,-0.13,-0.13,173062413,173062413,https://www.sedar.com/ModifyCompanyDocumentSearchForm.do?lang=EN&company_search=Aimia Inc&document_selection=0&industry_group=A&FromDate=13&FromMonth=05&FromYear=2000&ToDate=13&ToMonth=11&ToYear=2020&Variable=Issuer,https://www.sedar.com/ModifyCompanyDocumentSearchForm.do?lang=EN&company_search=Aimia Inc&document_selection=0&industry_group=A&FromDate=13&FromMonth=05&FromYear=2000&ToDate=13&ToMonth=11&ToYear=2020&Variable=Issuer
0,2013-12-31,AIM.TO,2013-12-31,2013-12-31,Q4,687627000,463071000,224556000,0.32656658333660543,0.0,381174000,114947000,0.0,0.0,844245000,11618000,0.0,-135068000,-0.19642626016721274,-156618000,-0.26518737629557887,-17628000,-182350000,-0.26518737629557887,-56649000,-125592000,-0.18264553311606438,-1.3559106403584678,-1.3559106403584678,92625573,92625573,https://www.sedar.com/ModifyCompanyDocumentSearchForm.do?lang=EN&company_search=Aimia Inc&document_selection=0&industry_group=A&FromDate=13&FromMonth=05&FromYear=2000&ToDate=13&ToMonth=11&ToYear=2020&Variable=Issuer,https://www.sedar.com/ModifyCompanyDocumentSearchForm.do?lang=EN&company_search=Aimia Inc&document_selection=0&industry_group=A&FromDate=13&FromMonth=05&FromYear=2000&ToDate=13&ToMonth=11&ToYear=2020&Variable=Issuer
0,2013-09-30,AIM.TO,2013-09-30,2013-09-30,Q3,499730000,321460000,178270000,0.35673263562323654,0.0,157059000,106979000,0.0,0.0,478519000,12846000,0.0,52005000,0.10406619574570268,21211000,0.01634082404498429,-4480000.0,8166000.0,0.01634082404498429,5667000.0,2070000.0,0.004142236807876253,-0.004249,-0.004249,172529307,172529307,https://www.sedar.com/ModifyCompanyDocumentSearchForm.do?lang=EN&company_search=Aimia Inc&document_selection=0&industry_group=A&FromDate=13&FromMonth=05&FromYear=2000&ToDate=13&ToMonth=11&ToYear=2020&Variable=Issuer,https://www.sedar.com/ModifyCompanyDocumentSearchForm.do?lang=EN&company_search=Aimia Inc&document_selection=0&industry_group=A&FromDate=13&FromMonth=05&FromYear=2000&ToDate=13&ToMonth=11&ToYear=2020&Variable=Issuer
0,2013-06-30,AIM.TO,2013-06-30,2013-06-30,Q2,-123312000,261117000,-384429000,3.1175311405216037,0.0,198221000,103884000,0.0,0.0,459338000,12779000,0.0,-534850000,4.337371869728818,-582650000,4.689186778253536,-1870000.0,-578233000,4.689186778253536,-163001000,-415286000,3.3677663163357985,-2.43,-2.43,172386019,172386019,https://www.sedar.com/ModifyCompanyDocumentSearchForm.do?lang=EN&company_search=Aimia Inc&document_selection=0&industry_group=A&FromDate=13&FromMonth=05&FromYear=2000&ToDate=13&ToMonth=11&ToYear=2020&Variable=Issuer,https://www.sedar.com/ModifyCompanyDocumentSearchForm.do?lang=EN&company_search=Aimia Inc&document_selection=0&industry_group=A&FromDate=13&FromMonth=05&FromYear=2000&ToDate=13&ToMonth=11&ToYear=2020&Variable=Issuer
0,2013-03-31,AIM.TO,2013-03-31,2013-03-31,Q1,609503000,384035000,225468000,0.36992106683642245,0.0,153313000,106918000,0.0,0.0,537348000,13933000,0.0,107263000,0.1759843675912998,72155000,0.10287562161301914,-1722000.0,62703000,0.10287562161301914,16957000,40527000,0.06649187944932182,0.22,0.22,172283597,172283597,https://www.sedar.com/ModifyCompanyDocumentSearchForm.do?lang=EN&company_search=Aimia Inc&document_selection=0&industry_group=A&FromDate=13&FromMonth=05&FromYear=2000&ToDate=13&ToMonth=11&ToYear=2020&Variable=Issuer,https://www.sedar.com/ModifyCompanyDocumentSearchForm.do?lang=EN&company_search=Aimia Inc&document_selection=0&industry_group=A&FromDate=13&FromMonth=05&FromYear=2000&ToDate=13&ToMonth=11&ToYear=2020&Variable=Issuer
0,2012-12-31,AIM.TO,2012-12-31,2012-12-31,Q4,678179000,449495000,228684000,0.33720300982483975,0.0,153551000,112493000,0.0,0.0,603046000,8202000.0,0.0,112649000,0.16610511384162588,75133000,0.09592747637423159,370000.0,65056000,0.09592747637423159,7717000.0,56812000,0.08377139368809709,0.6133511314418535,0.6133511314418535,92625573,92625573,https://www.sedar.com/ModifyCompanyDocumentSearchForm.do?lang=EN&company_search=Aimia Inc&document_selection=0&industry_group=A&FromDate=13&FromMonth=05&FromYear=2000&ToDate=13&ToMonth=11&ToYear=2020&Variable=Issuer,https://www.sedar.com/ModifyCompanyDocumentSearchForm.do?lang=EN&company_search=Aimia Inc&document_selection=0&industry_group=A&FromDate=13&FromMonth=05&FromYear=2000&ToDate=13&ToMonth=11&ToYear=2020&Variable=Issuer
0,2012-09-30,AIM.TO,2012-09-30,2012-09-30,Q3,498781000,316173000,182608000,0.3661085727002432,0.0,131301000,93959000,0.0,0.0,447474000,11350000,0.0,84645000,0.16970373771254318,51307000,0.08756548465158055,576000.0,43676000,0.08756548465158055,13891000,28210000,0.05655788813126402,0.15,0.15,172034083,172034083,https://www.sedar.com/ModifyCompanyDocumentSearchForm.do?lang=EN&company_search=Aimia Inc&document_selection=0&industry_group=A&FromDate=13&FromMonth=05&FromYear=2000&ToDate=13&ToMonth=11&ToYear=2020&Variable=Issuer,https://www.sedar.com/ModifyCompanyDocumentSearchForm.do?lang=EN&company_search=Aimia Inc&document_selection=0&industry_group=A&FromDate=13&FromMonth=05&FromYear=2000&ToDate=13&ToMonth=11&ToYear=2020&Variable=Issuer
0,2012-06-30,AIM.TO,2012-06-30,2012-06-30,Q2,504233000,309263000,194970000,0.3866664815670533,0.0,141064000,99390000,0.0,0.0,450327000,12401000,0.0,86719000,0.17198200038474276,53906000,0.09224901979838686,1560000.0,46515000,0.09224901979838686,11599000,34852000,0.0691188399013948,0.19,0.19,172203650,172203650,https://www.sedar.com/ModifyCompanyDocumentSearchForm.do?lang=EN&company_search=Aimia Inc&document_selection=0&industry_group=A&FromDate=13&FromMonth=05&FromYear=2000&ToDate=13&ToMonth=11&ToYear=2020&Variable=Issuer,https://www.sedar.com/ModifyCompanyDocumentSearchForm.do?lang=EN&company_search=Aimia Inc&document_selection=0&industry_group=A&FromDate=13&FromMonth=05&FromYear=2000&ToDate=13&ToMonth=11&ToYear=2020&Variable=Issuer
0,2012-03-31,AIM.TO,2012-03-31,2012-03-31,Q1,567725000,351653000,216072000,0.3805927165441015,0.0,140931000,102496000,1155000.0,0.0,492584000,12893000,0.0,109043000,0.1920701043639086,75141000,0.11782641243559822,1155000.0,66893000,0.11782641243559822,22274000,45293000,0.07977982297767405,0.24,0.24,173820140,173820140,https://www.sedar.com/ModifyCompanyDocumentSearchForm.do?lang=EN&company_search=Aimia Inc&document_selection=0&industry_group=A&FromDate=13&FromMonth=05&FromYear=2000&ToDate=13&ToMonth=11&ToYear=2020&Variable=Issuer,https://www.sedar.com/ModifyCompanyDocumentSearchForm.do?lang=EN&company_search=Aimia Inc&document_selection=0&industry_group=A&FromDate=13&FromMonth=05&FromYear=2000&ToDate=13&ToMonth=11&ToYear=2020&Variable=Issuer
0,2011-12-31,AIM.TO,2011-12-31,2011-12-31,Q4,560683000,459629000,101054000,0.18023375062200922,0.0,150315000,111416000,0.0,0.0,609944000,16367000,0.0,-74528000,-0.13292359497256026,-49261000,-0.2260385993511485,-64204000,-126736000,-0.2260385993511485,15864000,-126267000,-0.22520211955775365,-1.363198044669586,-1.363198044669586,92625573,92625573,https://www.sedar.com/ModifyCompanyDocumentSearchForm.do?lang=EN&company_search=Aimia Inc&document_selection=0&industry_group=A&FromDate=13&FromMonth=05&FromYear=2000&ToDate=13&ToMonth=11&ToYear=2020&Variable=Issuer,https://www.sedar.com/ModifyCompanyDocumentSearchForm.do?lang=EN&company_search=Aimia Inc&document_selection=0&industry_group=A&FromDate=13&FromMonth=05&FromYear=2000&ToDate=13&ToMonth=11&ToYear=2020&Variable=Issuer
0,2011-09-30,AIM.TO,2011-09-30,2011-09-30,Q3,501412000,315261000,186151000,0.37125357989038954,0.0,130867000,89712000,0.0,0.0,446128000,13335000,0.0,88345000,0.17619243257042114,55284000,0.08671910524678308,-669000.0,43482000,0.08671910524678308,18350000,26066000,0.05198519381267301,0.13,0.13,177253111,177253111,https://www.sedar.com/ModifyCompanyDocumentSearchForm.do?lang=EN&company_search=Aimia Inc&document_selection=0&industry_group=A&FromDate=13&FromMonth=05&FromYear=2000&ToDate=13&ToMonth=11&ToYear=2020&Variable=Issuer,https://www.sedar.com/ModifyCompanyDocumentSearchForm.do?lang=EN&company_search=Aimia Inc&document_selection=0&industry_group=A&FromDate=13&FromMonth=05&FromYear=2000&ToDate=13&ToMonth=11&ToYear=2020&Variable=Issuer
0,2011-06-30,AIM.TO,2011-06-30,2011-06-30,Q2,507602000,328726000,178876000,0.3523941986044184,0.0,139484000,98826000,0.0,0.0,468210000,15317000,0.0,74021000,0.14582487854657783,39392000,0.05459986367271997,390000.0,27715000,0.05459986367271997,12453000,15095000,0.029737865493043764,0.07,0.07,180173985,180173985,https://www.sedar.com/ModifyCompanyDocumentSearchForm.do?lang=EN&company_search=Aimia Inc&document_selection=0&industry_group=A&FromDate=13&FromMonth=05&FromYear=2000&ToDate=13&ToMonth=11&ToYear=2020&Variable=Issuer,https://www.sedar.com/ModifyCompanyDocumentSearchForm.do?lang=EN&company_search=Aimia Inc&document_selection=0&industry_group=A&FromDate=13&FromMonth=05&FromYear=2000&ToDate=13&ToMonth=11&ToYear=2020&Variable=Issuer
0,2011-03-31,AIM.TO,2011-03-31,2011-03-31,Q1,546208000,358765000,187443000,0.34317146581522057,0.0,137981000,106053000,0.0,0.0,496746000,14359000,0.0,88469000,0.16196943289003457,49462000,0.07865318706426856,6138000.0,42961000,0.07865318706426856,17706000,25428000,0.046553693830921554,0.12,0.12,185482236,185482236,https://www.sedar.com/ModifyCompanyDocumentSearchForm.do?lang=EN&company_search=Aimia Inc&document_selection=0&industry_group=A&FromDate=13&FromMonth=05&FromYear=2000&ToDate=13&ToMonth=11&ToYear=2020&Variable=Issuer,https://www.sedar.com/ModifyCompanyDocumentSearchForm.do?lang=EN&company_search=Aimia Inc&document_selection=0&industry_group=A&FromDate=13&FromMonth=05&FromYear=2000&ToDate=13&ToMonth=11&ToYear=2020&Variable=Issuer
0,2010-12-31,AIM.TO,2010-12-31,2010-12-31,Q4,607798000,392348000,215450000,0.3544763227256424,0.0,147145000,0.0,0.0,0.0,570051000,15607000,10258000,67198000,0.11055975834076454,37747000,0.03460524713802941,0.0,21033000,0.03460524713802941,38657000,-10964000,-0.018038887919999736,-0.11836903832163068,-0.11836903832163068,92625573,92625573,https://www.sedar.com/ModifyCompanyDocumentSearchForm.do?lang=EN&company_search=Aimia Inc&document_selection=0&industry_group=A&FromDate=13&FromMonth=05&FromYear=2000&ToDate=13&ToMonth=11&ToYear=2020&Variable=Issuer,https://www.sedar.com/ModifyCompanyDocumentSearchForm.do?lang=EN&company_search=Aimia Inc&document_selection=0&industry_group=A&FromDate=13&FromMonth=05&FromYear=2000&ToDate=13&ToMonth=11&ToYear=2020&Variable=Issuer
0,2010-09-30,AIM.TO,2010-09-30,2010-09-30,Q3,466024000,322938000,143086000,0.3070356891490567,0.0,137080000,0.0,0.0,0.0,490649000,20144000,7403000.0,14434000,0.030972653768904606,-24625000,-0.07798096235387018,0.0,-36341000,-0.07798096235387018,4059000.0,-40400000,-0.08669081420699364,-0.22,-0.22,195481856,195481856,https://www.sedar.com/ModifyCompanyDocumentSearchForm.do?lang=EN&company_search=Aimia Inc&document_selection=0&industry_group=A&FromDate=13&FromMonth=05&FromYear=2000&ToDate=13&ToMonth=11&ToYear=2020&Variable=Issuer,https://www.sedar.com/ModifyCompanyDocumentSearchForm.do?lang=EN&company_search=Aimia Inc&document_selection=0&industry_group=A&FromDate=13&FromMonth=05&FromYear=2000&ToDate=13&ToMonth=11&ToYear=2020&Variable=Issuer
0,2010-06-30,AIM.TO,2010-06-30,2010-06-30,Q2,473197000,274256000,198941000,0.4204189798329237,0.0,141746000,0.0,0.0,0.0,446980000,13432000,7166000.0,64219000,0.1357130328383316,26217000,0.04186205745175899,0.0,19809000,0.04186205745175899,5818000.0,13991000,0.029566966823542838,0.06,0.06,198905059,199506259,https://www.sedar.com/ModifyCompanyDocumentSearchForm.do?lang=EN&company_search=Aimia Inc&document_selection=0&industry_group=A&FromDate=13&FromMonth=05&FromYear=2000&ToDate=13&ToMonth=11&ToYear=2020&Variable=Issuer,https://www.sedar.com/ModifyCompanyDocumentSearchForm.do?lang=EN&company_search=Aimia Inc&document_selection=0&industry_group=A&FromDate=13&FromMonth=05&FromYear=2000&ToDate=13&ToMonth=11&ToYear=2020&Variable=Issuer
0,2010-03-31,AIM.TO,2010-03-31,2010-03-31,Q1,506779000,305740000,201039000,0.3966995475345269,0.0,146435000,0.0,0.0,0.0,482770000,15480000,7627000.0,64430000,0.12713628623127635,24009000,0.036218943563170534,0.0,18355000,0.036218943563170534,3483000.0,14872000,0.02934612523407639,0.07,0.07,199506259,199506259,https://www.sedar.com/ModifyCompanyDocumentSearchForm.do?lang=EN&company_search=Aimia Inc&document_selection=0&industry_group=A&FromDate=13&FromMonth=05&FromYear=2000&ToDate=13&ToMonth=11&ToYear=2020&Variable=Issuer,https://www.sedar.com/ModifyCompanyDocumentSearchForm.do?lang=EN&company_search=Aimia Inc&document_selection=0&industry_group=A&FromDate=13&FromMonth=05&FromYear=2000&ToDate=13&ToMonth=11&ToYear=2020&Variable=Issuer
0,2009-12-31,AIM.TO,2009-12-31,2009-12-31,Q4,424852000,277331000,147521000,0.34722915274024835,0.0,77606000,0.0,54000.0,0.0,379626000,13326000,4722000.0,76534000,0.18014273205728112,45226000,0.09066451376008587,54000.0,38519000,0.09066451376008587,17974000,20545000,0.0483580164386657,0.22180699492137015,0.22180699492137015,92625573,92625573,https://www.sedar.com/ModifyCompanyDocumentSearchForm.do?lang=EN&company_search=Aimia Inc&document_selection=0&industry_group=A&FromDate=13&FromMonth=05&FromYear=2000&ToDate=13&ToMonth=11&ToYear=2020&Variable=Issuer,https://www.sedar.com/ModifyCompanyDocumentSearchForm.do?lang=EN&company_search=Aimia Inc&document_selection=0&industry_group=A&FromDate=13&FromMonth=05&FromYear=2000&ToDate=13&ToMonth=11&ToYear=2020&Variable=Issuer
0,2009-09-30,AIM.TO,2009-09-30,2009-09-30,Q3,322648000,187994000,134654000,0.41734025935384694,0.0,67761000,0.0,-5275000.0,0.0,280328000,14926000,4494000.0,67512000,0.20924350995512137,42320000,0.08682217153058441,-5275000.0,28013000,0.08682217153058441,9257000.0,18756000,0.05813146215070293,0.09,0.09,199462480,199462480,https://www.sedar.com/ModifyCompanyDocumentSearchForm.do?lang=EN&company_search=Aimia Inc&document_selection=0&industry_group=A&FromDate=13&FromMonth=05&FromYear=2000&ToDate=13&ToMonth=11&ToYear=2020&Variable=Issuer,https://www.sedar.com/ModifyCompanyDocumentSearchForm.do?lang=EN&company_search=Aimia Inc&document_selection=0&industry_group=A&FromDate=13&FromMonth=05&FromYear=2000&ToDate=13&ToMonth=11&ToYear=2020&Variable=Issuer
0,2009-06-30,AIM.TO,2009-06-30,2009-06-30,Q2,333515000,201728000,131787000,0.39514564562313537,0.0,68626000,0.0,9224000.0,0.0,295966000,9403000.0,5127000.0,74435000,0.223183365066039,37549000,0.11819558340704316,9224000.0,39420000,0.11819558340704316,12674000,26746000,0.08019429410971021,0.13,0.13,199462480,199462480,https://www.sedar.com/ModifyCompanyDocumentSearchForm.do?lang=EN&company_search=Aimia Inc&document_selection=0&industry_group=A&FromDate=13&FromMonth=05&FromYear=2000&ToDate=13&ToMonth=11&ToYear=2020&Variable=Issuer,https://www.sedar.com/ModifyCompanyDocumentSearchForm.do?lang=EN&company_search=Aimia Inc&document_selection=0&industry_group=A&FromDate=13&FromMonth=05&FromYear=2000&ToDate=13&ToMonth=11&ToYear=2020&Variable=Issuer
0,2009-03-31,AIM.TO,2009-03-31,2009-03-31,Q1,355824000,226362000,129462000,0.36383717793066234,0.0,66141000,0.0,-6968000.0,0.0,317155000,7520000.0,4937000.0,59723000,0.1678442151175862,38669000,0.07742872880974865,-6968000.0,27551000,0.07742872880974865,4323000.0,23228000,0.06527946400467646,0.12,0.12,199383818,199383818,https://www.sedar.com/ModifyCompanyDocumentSearchForm.do?lang=EN&company_search=Aimia Inc&document_selection=0&industry_group=A&FromDate=13&FromMonth=05&FromYear=2000&ToDate=13&ToMonth=11&ToYear=2020&Variable=Issuer,https://www.sedar.com/ModifyCompanyDocumentSearchForm.do?lang=EN&company_search=Aimia Inc&document_selection=0&industry_group=A&FromDate=13&FromMonth=05&FromYear=2000&ToDate=13&ToMonth=11&ToYear=2020&Variable=Issuer
0,2008-12-31,AIM.TO,2008-12-31,2008-12-31,Q4,430332000,252229000,178103000,0.41387347443369304,0.0,66426000,0.0,0.0,0.0,344920000,0.0,0.0,111742000,0.25966463102906595,85412000,-2.5159458278724336,-1251283000,-1082692000,-2.5159458278724336,-8940000.0,-1073752000,-2.4951711701662904,-11.592392524254613,-11.592392524254613,92625573,92625573,https://www.sedar.com/ModifyCompanyDocumentSearchForm.do?lang=EN&company_search=Aimia Inc&document_selection=0&industry_group=A&FromDate=13&FromMonth=05&FromYear=2000&ToDate=13&ToMonth=11&ToYear=2020&Variable=Issuer,https://www.sedar.com/ModifyCompanyDocumentSearchForm.do?lang=EN&company_search=Aimia Inc&document_selection=0&industry_group=A&FromDate=13&FromMonth=05&FromYear=2000&ToDate=13&ToMonth=11&ToYear=2020&Variable=Issuer
0,2008-09-30,AIM.TO,2008-09-30,2008-09-30,Q3,334954000,191033000,143921000,0.42967392537482757,0.0,71027000,0.0,0.0,0.0,289168000,0.0,4472000.0,72894000,0.21762391253724392,45786000,0.11984630725413042,660000.0,40143000,0.11984630725413042,5187000.0,34956000,0.10436059876878616,0.18,0.18,199383818,199383818,https://www.sedar.com/ModifyCompanyDocumentSearchForm.do?lang=EN&company_search=Aimia Inc&document_selection=0&industry_group=A&FromDate=13&FromMonth=05&FromYear=2000&ToDate=13&ToMonth=11&ToYear=2020&Variable=Issuer,https://www.sedar.com/ModifyCompanyDocumentSearchForm.do?lang=EN&company_search=Aimia Inc&document_selection=0&industry_group=A&FromDate=13&FromMonth=05&FromYear=2000&ToDate=13&ToMonth=11&ToYear=2020&Variable=Issuer
0,2008-06-30,AIM.TO,2008-06-30,2008-06-30,Q2,336728000,192593000,144135000,0.4280457817585707,0.0,69627000,0.0,0.0,0.0,289906000,0.0,4998000.0,74508000,0.2212705804091136,46822000,0.10274761825568411,-4529000.0,34598000,0.10274761825568411,3144000.0,31454000,0.09341070537644627,0.16,0.16,199402234,199402234,https://www.sedar.com/ModifyCompanyDocumentSearchForm.do?lang=EN&company_search=Aimia Inc&document_selection=0&industry_group=A&FromDate=13&FromMonth=05&FromYear=2000&ToDate=13&ToMonth=11&ToYear=2020&Variable=Issuer,https://www.sedar.com/ModifyCompanyDocumentSearchForm.do?lang=EN&company_search=Aimia Inc&document_selection=0&industry_group=A&FromDate=13&FromMonth=05&FromYear=2000&ToDate=13&ToMonth=11&ToYear=2020&Variable=Issuer
0,2008-03-31,AIM.TO,2008-03-31,2008-03-31,Q1,356215000,223227000,132988000,0.3733363277795713,0.0,64511000,0.0,0.0,0.0,315088000,0.0,4672000.0,69296000,0.19453419985121345,41127000,0.10977078449812613,4313000.0,39102000,0.10977078449812613,-3030000.0,42132000,0.11827688334292492,0.21,0.21,199402619,199402619,https://www.sedar.com/ModifyCompanyDocumentSearchForm.do?lang=EN&company_search=Aimia Inc&document_selection=0&industry_group=A&FromDate=13&FromMonth=05&FromYear=2000&ToDate=13&ToMonth=11&ToYear=2020&Variable=Issuer,https://www.sedar.com/ModifyCompanyDocumentSearchForm.do?lang=EN&company_search=Aimia Inc&document_selection=0&industry_group=A&FromDate=13&FromMonth=05&FromYear=2000&ToDate=13&ToMonth=11&ToYear=2020&Variable=Issuer
0,2007-12-31,AIM.TO,2007-12-31,2007-12-31,Q4,221578000,129181000,92397000,0.416995369576402,0.0,43017000,0.0,0.0,0.0,193369000,0.0,3059000.0,49497000,0.22338409047829658,28209000,0.12048578830028252,-3595000.0,26697000,0.12048578830028252,-25000000,51697000,0.23331287402178916,0.5581288009953795,0.5581288009953795,92625573,92625573,https://www.sedar.com/ModifyCompanyDocumentSearchForm.do?lang=EN&company_search=Aimia Inc&document_selection=0&industry_group=A&FromDate=13&FromMonth=05&FromYear=2000&ToDate=13&ToMonth=11&ToYear=2020&Variable=Issuer,https://www.sedar.com/ModifyCompanyDocumentSearchForm.do?lang=EN&company_search=Aimia Inc&document_selection=0&industry_group=A&FromDate=13&FromMonth=05&FromYear=2000&ToDate=13&ToMonth=11&ToYear=2020&Variable=Issuer
0,2007-09-30,AIM.TO,2007-09-30,2007-09-30,Q3,219239000,127205000,92034000,0.41978845004766485,0.0,40713000,0.0,0.0,0.0,189260000,0.0,3230000.0,51321000,0.2340870009441751,29979000,0.1517020238187549,0.0,33259000,0.1517020238187549,1000000.0,32259000,0.14714079155624685,0.16,0.16,199500476,199500476,https://www.sedar.com/ModifyCompanyDocumentSearchForm.do?lang=EN&company_search=Aimia Inc&document_selection=0&industry_group=A&FromDate=13&FromMonth=05&FromYear=2000&ToDate=13&ToMonth=11&ToYear=2020&Variable=Issuer,https://www.sedar.com/ModifyCompanyDocumentSearchForm.do?lang=EN&company_search=Aimia Inc&document_selection=0&industry_group=A&FromDate=13&FromMonth=05&FromYear=2000&ToDate=13&ToMonth=11&ToYear=2020&Variable=Issuer
0,2007-06-30,AIM.TO,2007-06-30,2007-06-30,Q2,220284000,128541000,91743000,0.416476003704309,0.0,41707000,0.0,0.0,0.0,191171000,0.0,2811000.0,50036000,0.2271431424887872,29113000,0.14456792141054275,0.0,31846000,0.14456792141054275,167000000,-135154000,-0.6135443336783425,-0.6775,-0.6775,199500555,199500555,https://www.sedar.com/ModifyCompanyDocumentSearchForm.do?lang=EN&company_search=Aimia Inc&document_selection=0&industry_group=A&FromDate=13&FromMonth=05&FromYear=2000&ToDate=13&ToMonth=11&ToYear=2020&Variable=Issuer,https://www.sedar.com/ModifyCompanyDocumentSearchForm.do?lang=EN&company_search=Aimia Inc&document_selection=0&industry_group=A&FromDate=13&FromMonth=05&FromYear=2000&ToDate=13&ToMonth=11&ToYear=2020&Variable=Issuer
0,2007-03-31,AIM.TO,2007-03-31,2007-03-31,Q1,49062000,31027000,18035000,0.36759610289022054,0.0,7881000.0,0.0,0.0,0.0,43211000,0.0,541000.0,10154000,0.2069626187273246,5851000.0,0.0,19226000,0.0,0.0,0.0,25512000,0.5199951082304024,0.1584,0.1584,161102876,161102876,https://www.sedar.com/ModifyCompanyDocumentSearchForm.do?lang=EN&company_search=Aimia Inc&document_selection=0&industry_group=A&FromDate=13&FromMonth=05&FromYear=2000&ToDate=13&ToMonth=11&ToYear=2020&Variable=Issuer,https://www.sedar.com/ModifyCompanyDocumentSearchForm.do?lang=EN&company_search=Aimia Inc&document_selection=0&industry_group=A&FromDate=13&FromMonth=05&FromYear=2000&ToDate=13&ToMonth=11&ToYear=2020&Variable=Issuer
0,2006-12-31,AIM.TO,2006-12-31,2006-12-31,Q4,21131000,0.0,0.0,0.0,0.0,150000.0,0.0,0.0,0.0,150000.0,0.0,0.0,21002000,0.9938952250248451,21002000,0.0,0.0,0.0,0.0,0.0,6482000.0,0.30675311154228385,0.06998067369580536,0.06998067369580536,92625573,92625573,https://www.sedar.com/ModifyCompanyDocumentSearchForm.do?lang=EN&company_search=Aimia Inc&document_selection=0&industry_group=A&FromDate=13&FromMonth=05&FromYear=2000&ToDate=13&ToMonth=11&ToYear=2020&Variable=Issuer,https://www.sedar.com/ModifyCompanyDocumentSearchForm.do?lang=EN&company_search=Aimia Inc&document_selection=0&industry_group=A&FromDate=13&FromMonth=05&FromYear=2000&ToDate=13&ToMonth=11&ToYear=2020&Variable=Issuer
0,2006-09-30,AIM.TO,2006-09-30,2006-09-30,Q3,10000.0,0.0,0.0,0.0,0.0,50000.0,0.0,0.0,0.0,50000.0,0.0,0.0,-3565000.0,-356.5,-50000.0,347.5,3515000.0,3475000.0,347.5,0.0,3475000.0,347.5,0.0703,0.0703,49454165,49454165,https://www.sedar.com/ModifyCompanyDocumentSearchForm.do?lang=EN&company_search=Aimia Inc&document_selection=0&industry_group=A&FromDate=13&FromMonth=05&FromYear=2000&ToDate=13&ToMonth=11&ToYear=2020&Variable=Issuer,https://www.sedar.com/ModifyCompanyDocumentSearchForm.do?lang=EN&company_search=Aimia Inc&document_selection=0&industry_group=A&FromDate=13&FromMonth=05&FromYear=2000&ToDate=13&ToMonth=11&ToYear=2020&Variable=Issuer
0,2006-06-30,AIM.TO,2006-06-30,2006-06-30,Q2,5434000.0,0.0,0.0,0.0,0.0,195000.0,0.0,0.0,0.0,195000.0,0.0,0.0,5239000.0,0.9641148325358851,5239000.0,0.0,0.0,0.0,0.0,0.0,5246000.0,0.9654030180345969,0.1061,0.1061,49454165,49454165,https://www.sedar.com/ModifyCompanyDocumentSearchForm.do?lang=EN&company_search=Aimia Inc&document_selection=0&industry_group=A&FromDate=13&FromMonth=05&FromYear=2000&ToDate=13&ToMonth=11&ToYear=2020&Variable=Issuer,https://www.sedar.com/ModifyCompanyDocumentSearchForm.do?lang=EN&company_search=Aimia Inc&document_selection=0&industry_group=A&FromDate=13&FromMonth=05&FromYear=2000&ToDate=13&ToMonth=11&ToYear=2020&Variable=Issuer
0,2006-03-31,AIM.TO,,,Q1,0.0,0.0,0.0,0.0,0.0,100000.0,0.0,3352000.0,0.0,100000.0,0.0,0.0,-100000.0,0.0,-100000.0,0.0,5578000.0,0.0,0.0,0.0,5482000.0,0.0,0.1564,0.1564,35041296,35041296,https://www.sedar.com/ModifyCompanyDocumentSearchForm.do?lang=EN&company_search=Aimia Inc&document_selection=0&industry_group=A&FromDate=13&FromMonth=05&FromYear=2000&ToDate=13&ToMonth=11&ToYear=2020&Variable=Issuer,https://www.sedar.com/ModifyCompanyDocumentSearchForm.do?lang=EN&company_search=Aimia Inc&document_selection=0&industry_group=A&FromDate=13&FromMonth=05&FromYear=2000&ToDate=13&ToMonth=11&ToYear=2020&Variable=Issuer
0,2005-12-31,AIM.TO,,,Q4,0.0,0.0,0.0,0.0,0.0,0.0,0.0,0.0,0.0,0.0,0.0,0.0,0.0,0.0,0.0,0.0,5028000.0,0.0,0.0,0.0,5030000.0,0.0,0.05430465731099985,0.05430465731099985,92625573,92625573,https://www.sedar.com/ModifyCompanyDocumentSearchForm.do?lang=EN&company_search=Aimia Inc&document_selection=0&industry_group=A&FromDate=13&FromMonth=05&FromYear=2000&ToDate=13&ToMonth=11&ToYear=2020&Variable=Issuer,https://www.sedar.com/ModifyCompanyDocumentSearchForm.do?lang=EN&company_search=Aimia Inc&document_selection=0&industry_group=A&FromDate=13&FromMonth=05&FromYear=2000&ToDate=13&ToMonth=11&ToYear=2020&Variable=Issuer
0,2005-09-30,AIM.TO,2005-09-30,2005-09-30,Q3,2000.0,0.0,0.0,0.0,0.0,0.0,0.0,0.0,0.0,0.0,0.0,0.0,-5141000.0,-2570.5,0.0,2571.5,5141000.0,5143000.0,2571.5,0.0,5143000.0,2571.5,0.1789,0.1789,28750000,28750000,https://www.sedar.com/ModifyCompanyDocumentSearchForm.do?lang=EN&company_search=Aimia Inc&document_selection=0&industry_group=A&FromDate=13&FromMonth=05&FromYear=2000&ToDate=13&ToMonth=11&ToYear=2020&Variable=Issuer,https://www.sedar.com/ModifyCompanyDocumentSearchForm.do?lang=EN&company_search=Aimia Inc&document_selection=0&industry_group=A&FromDate=13&FromMonth=05&FromYear=2000&ToDate=13&ToMonth=11&ToYear=2020&Variable=Issuer
