,date,symbol,fillingDate,acceptedDate,period,revenue,costOfRevenue,grossProfit,grossProfitRatio,researchAndDevelopmentExpenses,generalAndAdministrativeExpenses,sellingAndMarketingExpenses,otherExpenses,operatingExpenses,costAndExpenses,interestExpense,depreciationAndAmortization,ebitda,ebitdaratio,operatingIncome,operatingIncomeRatio,totalOtherIncomeExpensesNet,incomeBeforeTax,incomeBeforeTaxRatio,incomeTaxExpense,netIncome,netIncomeRatio,eps,epsdiluted,weightedAverageShsOut,weightedAverageShsOutDil,link,finalLink
0,2020-09-30,NNBR,2020-11-06,2020-11-06 15:50:08,Q3,113761000,90076000,23685000,0.20819964662757887,0.0,13745000,0.0,262000.0,-39000.0,115217000,2163000.0,0.0,21661000,0.19040796054887,-1456000.0,-0.07217763556930758,-3982000.0,-8211000.0,-0.07217763556930758,-8715000.0,21970000,0.19312418139784285,0.45,0.45,42202000,42202000,https://www.sec.gov/Archives/edgar/data/918541/000162828020015927/0001628280-20-015927-index.htm,https://www.sec.gov/Archives/edgar/data/918541/000162828020015927/nnbr-20200930.htm
0,2020-06-30,NNBR,2020-08-07,2020-08-07 14:59:55,Q2,150420000,115389000,35031000,0.23288791384124452,0.0,20991000,0.0,881000.0,-955000.0,158626000,13291000,0.0,13907000,0.09245446084297301,-8206000.0,-0.1729889642334796,-2555000.0,-26021000,-0.1729889642334796,-3346000.0,-21748000,-0.14458183752160617,-0.59,-0.59,42197000,42197000,https://www.sec.gov/Archives/edgar/data/918541/000162828020012141/0001628280-20-012141-index.htm,https://www.sec.gov/Archives/edgar/data/918541/000162828020012141/nnbr-20200630.htm
0,2020-03-31,NNBR,2020-05-11,2020-05-11 14:59:29,Q1,199745000,152241000,47504000,0.2378232246113795,0.0,24824000,0.0,-1120000.0,5129000.0,205378000,13675000,0.0,14399000,0.07208691081128439,-5633000.0,-1.3193271421061854,-242189000,-263529000,-1.3193271421061854,-15609000,-248191000,-1.2425392375278481,-5.96,-5.96,42111000,42111000,https://www.sec.gov/Archives/edgar/data/918541/000162828020007401/0001628280-20-007401-index.htm,https://www.sec.gov/Archives/edgar/data/918541/000162828020003613/nnbr-12312019x10k.htm
0,2019-12-31,NNBR,2020-03-16,2020-03-16 13:31:55,Q4,198632000,156041000,42591000,0.21442164404526964,0.0,24312000,0.0,-256000.0,1885000.0,205114000,12038000,0.0,13513000,0.06803032743968747,-6482000.0,-0.11073240968222643,-2261000.0,-21995000,-0.11073240968222643,-4812000.0,-15847000,-0.07978069998791736,-0.35,-0.35,42078000,42078000,https://www.sec.gov/Archives/edgar/data/918541/000162828020003613/0001628280-20-003613-index.htm,https://www.sec.gov/Archives/edgar/data/918541/000162828020003613/nnbr-12312019x10k.htm
0,2019-09-30,NNBR,2019-11-08,2019-11-08 08:57:17,Q3,213897000,160816000,53081000,0.24816149829123363,0.0,24043000,0.0,-98000.0,-1255000.0,206225000,12981000,0.0,28443000,0.13297521704371731,7672000.0,-0.033469380122208355,-98000.0,-7159000.0,-0.033469380122208355,-1283000.0,-5597000.0,-0.02616679990836711,-0.13,-0.13,42038000,42038000,https://www.sec.gov/Archives/edgar/data/918541/000162828019013761/0001628280-19-013761-index.htm,https://www.sec.gov/Archives/edgar/data/918541/000162828019013761/nnbr-09302019x10q.htm
0,2019-06-30,NNBR,2019-08-09,2019-08-09 12:29:32,Q2,221666000,163513000,58153000,0.2623451499102253,0.0,26743000,0.0,-57000.0,388000.0,213568000,12535000,0.0,29542000,0.13327258127092112,8098000.0,-0.026693313363348462,-57000.0,-5917000.0,-0.026693313363348462,577000.0,-6697000.0,-0.03021212093870959,-0.16,-0.16,42028000,42028000,https://www.sec.gov/Archives/edgar/data/918541/000162828019010554/0001628280-19-010554-index.htm,https://www.sec.gov/Archives/edgar/data/918541/000162828019010554/nnbr-06302019x10q.htm
0,2019-03-31,NNBR,2019-05-10,2019-05-10 12:20:17,Q1,213256000,161269000,51987000,0.2437774318190344,0.0,28125000,0.0,-729000.0,-152000.0,212667000,12566000,0.0,22050000,0.10339685636043065,589000.0,-0.07797201485538507,-3416000.0,-16628000,-0.07797201485538507,2241000.0,-18600000,-0.08721911692988708,-0.44,-0.44,41972000,41972000,https://www.sec.gov/Archives/edgar/data/918541/000162828019006509/0001628280-19-006509-index.htm,https://www.sec.gov/Archives/edgar/data/918541/000162828019003059/nnbr-12312018x10k.htm
0,2018-12-31,NNBR,2019-03-18,2019-03-18 15:16:07,Q4,199477000,156713000,42764000,0.21438060528281455,0.0,22285000,0.0,541000.0,6727000.0,205055000,18282000,0.0,17924000,0.08985497074850735,-5578000.0,-1.014056758423277,-182052000,-202281000,-1.014056758423277,1775000.0,-220190000,-1.1038365325325727,-5.25,-5.25,41959000,41959000,https://www.sec.gov/Archives/edgar/data/918541/000162828019003059/0001628280-19-003059-index.htm,https://www.sec.gov/Archives/edgar/data/918541/000162828019003059/nnbr-12312018x10k.htm
0,2018-09-30,NNBR,2018-11-08,2018-11-08 17:24:46,Q3,205683000,156408000,49275000,0.23956768425198,0.0,22480000,0.0,-308000.0,-733000.0,199414000,17290000,0.0,25902000,0.12593165210542437,6269000.0,-0.09557911932439725,-7320000.0,-19659000,-0.09557911932439725,-5609000.0,-13784000,-0.06701574753382633,-0.48,-0.48,28688000,28688000,https://www.sec.gov/Archives/edgar/data/918541/000162828018014020/0001628280-18-014020-index.htm,https://www.sec.gov/Archives/edgar/data/918541/000162828018014020/nnbr-09302018x10q.htm
0,2018-06-30,NNBR,2018-08-09,2018-08-09 16:00:02,Q2,196349000,148640000,47709000,0.24298061105480548,0.0,26641000,0.0,-1887000.0,74000.0,191613000,14763000,0.0,17882000,0.09107252901720915,4736000.0,-0.15841690051897386,-19853000,-31105000,-0.15841690051897386,-5947000.0,-24511000,-0.1248338417817254,-0.89,-0.89,27696000,27696000,https://www.sec.gov/Archives/edgar/data/918541/000162828018010927/0001628280-18-010927-index.htm,https://www.sec.gov/Archives/edgar/data/918541/000162828018010927/nnbr-06302018x10q.htm
0,2018-03-31,NNBR,2018-05-10,2018-04-02 17:11:28,Q1,169148000,126444000,42704000,0.2524652966632771,0.0,22177000,0.0,313000.0,22000.0,162924000,10908000,0.0,19730000,0.1166434128692033,6224000.0,-0.04723673942346347,-2218000.0,-7990000.0,-0.04723673942346347,-1176000.0,-5983000.0,-0.03537139073474117,-0.22,-0.22,27597000,27597000,https://www.sec.gov/Archives/edgar/data/918541/000119312518159255/0001193125-18-159255-index.htm,https://www.sec.gov/Archives/edgar/data/918541/000119312518104987/d480183d10k.htm
0,2017-12-31,NNBR,2018-04-02,2018-04-02 17:11:28,Q4,156135000,119735000,36400000,0.233131584846447,0.0,21506000,0.0,1139000.0,0.0,155566000,11110000,0.0,14623000,0.09365613091235149,569000.0,-0.0805136580523265,-971000.0,-12571000,-0.0805136580523265,-64881000,44491000,0.2849521247638262,1.969063,1.969063,27572000,27572000,https://www.sec.gov/Archives/edgar/data/918541/000119312518104987/0001193125-18-104987-index.htm,https://www.sec.gov/Archives/edgar/data/918541/000119312518104987/d480183d10k.htm
0,2017-09-30,NNBR,2017-11-09,2017-11-09 17:17:11,Q3,148156000,110836000,37320000,0.25189664947757767,0.0,16985000,0.0,848000.0,0.0,140896000,11655000,0.0,20099000,0.1356610599638219,7260000.0,-0.03758200815356786,-89000.0,-5568000.0,-0.03758200815356786,-1436000.0,132895000,0.8969937093334053,-0.12173,-0.12173,27561000,27561000,https://www.sec.gov/Archives/edgar/data/918541/000119312517339005/0001193125-17-339005-index.htm,https://www.sec.gov/Archives/edgar/data/918541/000119312517339005/d440333d10q.htm
0,2017-06-30,NNBR,2017-08-14,2017-08-14 16:12:35,Q2,225875000,166040000,59835000,0.26490315439955725,0.0,23036000,0.0,-645000.0,0.0,204976000,11495000,0.0,35240000,0.15601549529607084,20899000,-0.1425611510791367,-40691000,-32201000,-0.1425611510791367,-9428000.0,-21529000,-0.09531377974543442,-0.78,-0.78,27468000,27468000,https://www.sec.gov/Archives/edgar/data/918541/000119312517257255/0001193125-17-257255-index.htm,https://www.sec.gov/Archives/edgar/data/918541/000119312517257255/d403943d10q.htm
0,2017-03-31,NNBR,2017-05-04,2017-05-04 11:46:58,Q1,226314000,166954000,59360000,0.26229044601748014,0.0,21494000,0.0,724000.0,0.0,204016000,13717000,0.0,37351000,0.16504060729782516,22298000,0.035410977668195516,672000.0,8014000.0,0.035410977668195516,2300000.0,7407000.0,0.032728863437524854,0.27,0.27,27303000,27634000,https://www.sec.gov/Archives/edgar/data/918541/000119312517157840/0001193125-17-157840-index.htm,https://www.sec.gov/Archives/edgar/data/918541/000119312517085150/d287773d10k.htm
0,2016-12-31,NNBR,2017-03-16,2017-03-16 14:10:21,Q4,202029000,151936000,50093000,0.24794955179701925,0.0,19615000,0.0,-97000.0,0.0,186862000,18671000,0.0,33429000,0.16546634394072138,15167000,-0.007667216092739161,-1093000.0,-1549000.0,-0.007667216092739161,-2844000.0,3063000.0,0.015161189730187251,0.12,0.12,27241000,27421000,https://www.sec.gov/Archives/edgar/data/918541/000119312517085150/0001193125-17-085150-index.htm,https://www.sec.gov/Archives/edgar/data/918541/000119312517085150/d287773d10k.htm
0,2016-09-30,NNBR,2016-11-04,2016-11-04 11:53:03,Q3,204961000,152538000,52423000,0.25577061001849133,0.0,18347000,0.0,-2354000.0,0.0,185578000,14809000,0.0,30660000,0.14958943408746053,19383000,-0.018066851742526625,-7215000.0,-3703000.0,-0.018066851742526625,-6423000.0,4147000.0,0.020233117519918423,0.15,0.15,27159000,27322000,https://www.sec.gov/Archives/edgar/data/918541/000119312516759813/0001193125-16-759813-index.htm,https://www.sec.gov/Archives/edgar/data/918541/000119312516759813/d267626d10q.htm
0,2016-06-30,NNBR,2016-08-04,2016-08-04 15:52:32,Q2,214272000,156794000,57478000,0.2682478345280765,0.0,21592000,0.0,824000.0,0.0,193522000,14652000,0.0,35663000,0.16643798536439666,20750000,0.006356406810035842,-3689000.0,1362000.0,0.006356406810035842,674000.0,2031000.0,0.009478606630824372,0.08,0.07,27024000,27187000,https://www.sec.gov/Archives/edgar/data/918541/000119312516671730/0001193125-16-671730-index.htm,https://www.sec.gov/Archives/edgar/data/918541/000119312516671730/d222946d10q.htm
0,2016-03-31,NNBR,2016-05-05,2016-05-05 10:06:37,Q1,212226000,159754000,52472000,0.2472458605448908,0.0,20712000,0.0,1129000.0,0.0,197814000,15022000,0.0,31950000,0.1505470583246162,14412000,-0.016110184426036397,-1870000.0,-3419000.0,-0.016110184426036397,-720000.0,-1299000.0,-0.0061208334511322834,-0.05,-0.05,26869000,26869000,https://www.sec.gov/Archives/edgar/data/918541/000119312516578995/0001193125-16-578995-index.htm,https://www.sec.gov/Archives/edgar/data/918541/000119312516505292/d82218d10k.htm
0,2015-12-31,NNBR,2016-03-15,2016-03-15 16:53:04,Q4,183855000,147773000,36082000,0.19625248157515435,0.0,13835000,0.0,-17836000,0.0,180388000,13356000,0.0,4411000.0,0.023991732615376248,3467000.0,-0.22865845367273122,-32151000,-42040000,-0.22865845367273122,-14527000,-25015000,-0.1360583068178728,-1.01,-1.01,26840000,26840000,https://www.sec.gov/Archives/edgar/data/918541/000119312516505292/0001193125-16-505292-index.htm,https://www.sec.gov/Archives/edgar/data/918541/000119312516505292/d82218d10k.htm
0,2015-09-30,NNBR,2015-11-05,2015-11-05 10:11:09,Q3,154824000,120195000,34629000,0.22366687335296853,0.0,11949000,0.0,-593000.0,0.0,140754000,4584000.0,0.0,22088000,0.14266521986255362,14070000,0.03193949258512892,-4541000.0,4945000.0,0.03193949258512892,936000.0,4630000.0,0.02990492430114194,0.17,0.17,26839000,27167000,https://www.sec.gov/Archives/edgar/data/918541/000119312515367477/0001193125-15-367477-index.htm,https://www.sec.gov/Archives/edgar/data/918541/000119312515367477/d59857d10q.htm
0,2015-06-30,NNBR,2015-08-06,2015-08-06 10:04:57,Q2,164856000,128708000,36148000,0.21927015091959043,0.0,13962000,0.0,-19000.0,0.0,151267000,6021000.0,0.0,22167000,0.13446280390158685,13589000,0.045791478623768624,-19000.0,7549000.0,0.045791478623768624,1617000.0,6953000.0,0.04217620226136749,0.36,0.36,19215000,19582000,https://www.sec.gov/Archives/edgar/data/918541/000119312515280186/0001193125-15-280186-index.htm,https://www.sec.gov/Archives/edgar/data/918541/000119312515280186/d57152d10q.htm
0,2015-03-31,NNBR,2015-05-07,2015-05-07 10:04:11,Q1,163746000,129317000,34429000,0.21025857120173927,0.0,12001000,0.0,-1400000.0,0.0,149812000,5938000.0,0.0,21028000,0.12841840411368827,13934000,0.04028190001587825,-1400000.0,6596000.0,0.04028190001587825,1456000.0,6001000.0,0.03664822346805418,0.32,0.31,18996000,19380000,https://www.sec.gov/Archives/edgar/data/918541/000119312515176202/0001193125-15-176202-index.htm,https://www.sec.gov/Archives/edgar/data/918541/000119312515093835/d863758d10k.htm
0,2014-12-31,NNBR,2015-03-16,2015-03-16 16:37:10,Q4,153761000,119879000,33882000,0.22035496647394331,0.0,13957000,0.0,-453000.0,0.0,142158000,5556000.0,0.0,19472000,0.12663809418513147,11603000,0.016590682943008955,-3496000.0,2551000.0,0.016590682943008955,1539000.0,1618000.0,0.010522824383296154,0.085234,0.08,18983000,19317000,https://www.sec.gov/Archives/edgar/data/918541/000119312515093835/0001193125-15-093835-index.htm,https://www.sec.gov/Archives/edgar/data/918541/000119312515093835/d863758d10k.htm
0,2014-09-30,NNBR,2014-11-10,2014-11-10 06:12:58,Q3,125632000,100441000,25191000,0.20051420020376973,0.0,11124000,0.0,-1557000.0,0.0,117429000,5622000.0,0.0,12510000,0.09957654100866022,8203000.0,-0.036829788588894546,-7208000.0,-4627000.0,-0.036829788588894546,-562000.0,-3840000.0,-0.030565461029037188,-0.203465,-0.21,18873000,18873000,https://www.sec.gov/Archives/edgar/data/918541/000119312514404471/0001193125-14-404471-index.htm,https://www.sec.gov/Archives/edgar/data/918541/000119312514404471/d804009d10q.htm
0,2014-06-30,NNBR,2014-08-08,2014-08-08 12:06:55,Q2,106680000,84285000,22395000,0.20992688413948257,0.0,10074000,0.0,-129000.0,0.0,98443000,551000.0,0.0,12192000,0.11428571428571428,8237000.0,0.07083802024746906,-129000.0,7557000.0,0.07083802024746906,2357000.0,5200000.0,0.048743907011623545,0.292365,0.29,17786000,18172000,https://www.sec.gov/Archives/edgar/data/918541/000119312514302391/0001193125-14-302391-index.htm,https://www.sec.gov/Archives/edgar/data/918541/000119312514302391/d757076d10q.htm
0,2014-03-31,NNBR,2014-05-09,2014-05-09 08:31:22,Q1,102528000,80283000,22245000,0.21696512172284643,0.0,10030000,0.0,-83000.0,0.0,94190000,564000.0,0.0,12132000,0.11832865168539326,8338000.0,0.07501365480649189,-83000.0,7691000.0,0.07501365480649189,2453000.0,5238000.0,0.05108848314606742,0.295115,0.29,17749000,17962000,https://www.sec.gov/Archives/edgar/data/918541/000119312514191226/0001193125-14-191226-index.htm,https://www.sec.gov/Archives/edgar/data/918541/000119312514098906/d672581d10k.htm
0,2013-12-31,NNBR,2014-03-14,2014-03-14 08:40:01,Q4,90081000,71848000,18233000,0.20240672283833439,0.0,7737000.0,0.0,-191000.0,0.0,83607000,225000.0,0.0,10305000,0.11439704266160455,6474000.0,0.06725058558408543,-191000.0,6058000.0,0.06725058558408543,1573000.0,4485000.0,0.0497885236620375,0.254396,0.25,17630000,17817000,https://www.sec.gov/Archives/edgar/data/918541/000119312514098906/0001193125-14-098906-index.htm,https://www.sec.gov/Archives/edgar/data/918541/000119312514098906/d672581d10k.htm
0,2013-09-30,NNBR,2013-11-08,2013-11-08 13:23:52,Q3,93023000,73020000,20003000,0.2150328413403137,0.0,8099000.0,0.0,281000.0,0.0,85229000,655000.0,0.0,12185000,0.1309891102200531,7794000.0,0.07976521935435323,281000.0,7420000.0,0.07976521935435323,2368000.0,5052000.0,0.054309149350160714,0.29,0.29,17302000,17450000,https://www.sec.gov/Archives/edgar/data/918541/000119312513434773/0001193125-13-434773-index.htm,https://www.sec.gov/Archives/edgar/data/918541/000119312513434773/d608911d10q.htm
0,2013-06-30,NNBR,2013-08-08,2013-08-08 10:22:52,Q2,96305000,75751000,20554000,0.21342609417994912,0.0,8339000.0,0.0,214000.0,0.0,88384000,709000.0,0.0,12429000,0.12905871969264315,7921000.0,0.07709880068532267,213000.0,7425000.0,0.07709880068532267,2655000.0,4770000.0,0.04953013862208608,0.27617,0.27617,17272000,17272000,https://www.sec.gov/Archives/edgar/data/918541/000119312513325893/0001193125-13-325893-index.htm,https://www.sec.gov/Archives/edgar/data/918541/000119312513325893/d564498d10q.htm
0,2013-03-31,NNBR,2013-05-10,2013-05-10 09:28:35,Q1,93797000,74517000,19280000,0.2055502841242257,0.0,9106000.0,0.0,-579000.0,0.0,88154000,785000.0,0.0,9595000.0,0.10229538258153247,5643000.0,0.045577150655138225,-583000.0,4275000.0,0.045577150655138225,1404000.0,2871000.0,0.03060865486102967,0.167806,0.167806,17109000,17162000,https://www.sec.gov/Archives/edgar/data/918541/000119312513212759/0001193125-13-212759-index.htm,https://www.sec.gov/Archives/edgar/data/918541/000119312513110140/d444489d10k.htm
0,2012-12-31,NNBR,2013-03-15,2013-03-15 16:57:04,Q4,80155000,65616000,14539000,0.1813860645000312,0.0,7295000.0,0.0,-888000.0,0.0,77351000,490000.0,0.0,6320000.0,0.07884723348512257,2804000.0,0.005838687542885659,-1774000.0,468000.0,0.005838687542885659,-7738000.0,8206000.0,0.10237664524982845,0.48146,0.48,17044000,17150000,https://www.sec.gov/Archives/edgar/data/918541/000119312513110140/0001193125-13-110140-index.htm,https://www.sec.gov/Archives/edgar/data/918541/000119312513110140/d444489d10k.htm
0,2012-09-30,NNBR,2012-11-08,2012-11-08 12:36:10,Q3,86586000,68426000,18160000,0.20973367518998454,0.0,7886000.0,0.0,0.0,0.0,80669000,1061000.0,0.0,8744000.0,0.10098630263552999,5917000.0,0.047247822973690894,765000.0,4091000.0,0.047247822973690894,976000.0,3115000.0,0.035975792853348114,0.18,0.18,17044000,17150000,https://www.sec.gov/Archives/edgar/data/918541/000119312512459731/0001193125-12-459731-index.htm,https://www.sec.gov/Archives/edgar/data/918541/000119312512459731/d398075d10q.htm
0,2012-06-30,NNBR,2012-08-08,2012-08-08 15:32:33,Q2,98824000,77848000,20976000,0.2122561321136566,0.0,8312000.0,0.0,0.0,0.0,90549000,1116000.0,0.0,12664000,0.1281470088237675,8275000.0,0.08497935724115599,1239000.0,8398000.0,0.08497935724115599,1360000.0,7038000.0,0.071217518011819,0.41,0.41,17026000,17139000,https://www.sec.gov/Archives/edgar/data/918541/000119312512343852/0001193125-12-343852-index.htm,https://www.sec.gov/Archives/edgar/data/918541/000119312512343852/d355589d10q.htm
0,2012-03-31,NNBR,2012-05-08,2012-05-08 11:10:33,Q1,104519000,82969000,21550000,0.20618260794688048,0.0,8068000.0,0.0,0.0,-8000.0,95486000,1211000.0,0.0,13490000,0.12906744228322123,9033000.0,0.07064744209186846,-438000.0,7384000.0,0.07064744209186846,1475000.0,5909000.0,0.05653517542265043,0.35,0.35,16961000,17075000,https://www.sec.gov/Archives/edgar/data/918541/000119312512217276/0001193125-12-217276-index.htm,https://www.sec.gov/Archives/edgar/data/918541/000119312512115981/d264436d10k.htm
0,2011-12-31,NNBR,2012-03-15,2012-03-15 06:17:49,Q4,96320000,79092000,17228000,0.17886212624584719,0.0,7473000.0,0.0,0.0,193000.0,91150000,1102000.0,0.0,10371000,0.10767234219269103,5170000.0,0.05383098006644518,1117000.0,5185000.0,0.05383098006644518,282000.0,4903000.0,0.05090323920265781,0.0,0.0,0.0,0.0,https://www.sec.gov/Archives/edgar/data/918541/000119312512115981/0001193125-12-115981-index.htm,https://www.sec.gov/Archives/edgar/data/918541/000119312512115981/d264436d10k.htm
0,2011-09-30,NNBR,2011-11-08,2011-11-08 17:01:41,Q3,101143000,83575000,17568000,0.1736946699227826,0.0,7498000.0,0.0,0.0,-23000.0,95348000,1169000.0,0.0,10093000,0.09978940707710865,5795000.0,0.060192005378523476,1462000.0,6088000.0,0.060192005378523476,1386000.0,4702000.0,0.046488634903058046,0.27742,0.27742,16949000,17061000,https://www.sec.gov/Archives/edgar/data/918541/000119312511302334/0001193125-11-302334-index.htm,https://www.sec.gov/Archives/edgar/data/918541/000119312511302334/d253910d10q.htm
0,2011-06-30,NNBR,2011-08-09,2011-08-09 06:08:08,Q2,115922000,94657000,21265000,0.1834423146598575,0.0,7720000.0,0.0,0.0,3000.0,106671000,1220000.0,0.0,13542000,0.11681993064301859,9251000.0,0.06794223702144546,-155000.0,7876000.0,0.06794223702144546,2049000.0,5827000.0,0.050266558547989164,0.343999,0.34,16939000,17119000,https://www.sec.gov/Archives/edgar/data/918541/000095012311074671/0000950123-11-074671-index.htm,https://www.sec.gov/Archives/edgar/data/918541/000095012311074671/g24494e10vq.htm
0,2011-03-31,NNBR,2011-05-10,2011-05-10 14:17:39,Q1,111307000,90299000,21008000,0.1887392526974943,0.0,7966000.0,0.0,0.0,-210000.0,102090000,1224000.0,0.0,13252000,0.11905810056869738,9217000.0,0.06250280755028884,-1036000.0,6957000.0,0.06250280755028884,1450000.0,5507000.0,0.04947577421006765,0.327856,0.327856,16797000,16910000,https://www.sec.gov/Archives/edgar/data/918541/000100579411000075/0001005794-11-000075-index.htm,https://www.sec.gov/Archives/edgar/data/918541/000100579411000053/nn10k123110.htm
0,2010-12-31,NNBR,2011-03-15,2011-03-15 16:35:31,Q4,96340000,79019000,17321000,0.17979032592900146,0.0,8050000.0,0.0,0.0,129000.0,91241000,1557000.0,0.0,9142000.0,0.09489308698359974,5099000.0,0.03556155283371393,-116000.0,3426000.0,0.03556155283371393,1348000.0,2078000.0,0.021569441561137638,0.0,0.0,0.0,0.0,https://www.sec.gov/Archives/edgar/data/918541/000100579411000053/0001005794-11-000053-index.htm,https://www.sec.gov/Archives/edgar/data/918541/000100579411000053/nn10k123110.htm
0,2010-09-30,NNBR,2010-11-09,2010-11-09 16:34:05,Q3,90996000,75066000,15930000,0.17506264011604905,0.0,7316000.0,0.0,0.0,676000.0,87247000,1775000.0,0.0,7938000.0,0.08723460371884478,3749000.0,-0.0028133104751857227,-2230000.0,-256000.0,-0.0028133104751857227,752000.0,-1008000.0,-0.011077409996043782,-0.06091,-0.06091,16549000,16646000,https://www.sec.gov/Archives/edgar/data/918541/000100579410000192/0001005794-10-000192-index.htm,https://www.sec.gov/Archives/edgar/data/918541/000100579410000192/nn10q093010.htm
0,2010-06-30,NNBR,2010-08-11,2010-08-11 15:44:00,Q2,92693000,73423000,19270000,0.2078905634729699,0.0,7150000.0,0.0,0.0,2000.0,85417000,1755000.0,0.0,12489000,0.13473509326486358,7276000.0,0.0716666846471686,1122000.0,6643000.0,0.0716666846471686,1520000.0,5123000.0,0.05526846687452127,0.31,0.31,16522000,16633000,https://www.sec.gov/Archives/edgar/data/918541/000100579410000148/0001005794-10-000148-index.htm,https://www.sec.gov/Archives/edgar/data/918541/000100579410000148/nn10q063010.htm
0,2010-03-31,NNBR,2010-05-10,2010-05-10 13:58:46,Q1,85340000,68916000,16424000,0.1924537145535505,0.0,7890000.0,0.0,0.0,570000.0,83496000,1728000.0,0.0,9511000.0,0.11144832434966018,1844000.0,0.013756737754862901,-130000.0,1174000.0,0.013756737754862901,949000.0,225000.0,0.002636512772439653,0.013622,0.01,16517000,16517000,https://www.sec.gov/Archives/edgar/data/918541/000100579410000083/0001005794-10-000083-index.htm,https://www.sec.gov/Archives/edgar/data/918541/000100579410000061/nn10k123109.htm
0,2009-12-31,NNBR,2010-03-31,2010-03-31 16:12:15,Q4,78264000,66282000,11982000,0.15309720944495553,0.0,7987000.0,0.0,0.0,5018000.0,85700000,1640000.0,0.0,-663000.0,-0.008471327813554124,-7436000.0,-0.05261678421752019,4958000.0,-4118000.0,-0.05261678421752019,-758000.0,-3360000.0,-0.04293161606869059,0.0,0.0,0.0,0.0,https://www.sec.gov/Archives/edgar/data/918541/000100579410000061/0001005794-10-000061-index.htm,https://www.sec.gov/Archives/edgar/data/918541/000100579410000061/nn10k123109.htm
0,2009-09-30,NNBR,2009-11-05,2009-11-05 15:11:48,Q3,66110000,58981000,7129000.0,0.10783542580547573,0.0,6465000.0,0.0,0.0,-13000.0,70688000,1833000.0,0.0,1026000.0,0.01551958856451369,-4578000.0,-0.15837240962032975,-4059000.0,-10470000,-0.15837240962032975,-1487000.0,-8983000.0,-0.13587959461503554,-0.55,-0.55,16268000,16268000,https://www.sec.gov/Archives/edgar/data/918541/000100579409000212/0001005794-09-000212-index.htm,https://www.sec.gov/Archives/edgar/data/918541/000100579409000212/nn10q093009.htm
0,2009-06-30,NNBR,2009-08-07,2009-08-07 16:00:40,Q2,57088000,54149000,2939000.0,0.05148192264573991,0.0,6419000.0,0.0,0.0,-42000.0,65726000,1848000.0,0.0,-3133000.0,-0.054880184977578475,-8638000.0,-0.18497757847533633,-74000.0,-10560000,-0.18497757847533633,2906000.0,-13466000,-0.2358814461883408,-0.83,-0.83,16268000,16268000,https://www.sec.gov/Archives/edgar/data/918541/000100579409000151/0001005794-09-000151-index.htm,https://www.sec.gov/Archives/edgar/data/918541/000100579409000151/nninc10q080609.htm
0,2009-03-31,NNBR,2009-05-06,2009-05-06 14:53:18,Q1,57921000,56054000,1867000.0,0.032233559503461615,0.0,6895000.0,0.0,0.0,14000.0,68281000,1038000.0,0.0,-4909000.0,-0.08475337097080506,-10360000,-0.2153795687229157,-1077000.0,-12475000,-0.2153795687229157,-2950000.0,-9525000.0,-0.16444812762210598,-0.59,-0.59,16268000,16268000,https://www.sec.gov/Archives/edgar/data/918541/000100579409000087/0001005794-09-000087-index.htm,https://www.sec.gov/Archives/edgar/data/918541/000100579409000055/nn10k123108.htm
0,2008-12-31,NNBR,2009-03-31,2009-03-31 17:29:09,Q4,76190000,67159000,9031000.0,0.11853261582884893,0.0,6116000.0,0.0,0.0,15000.0,82387000,1135000.0,0.0,8107000.0,0.1064050400315002,-6197000.0,-0.6478146738417115,-46178000,-49357000,-0.6478146738417115,-14495000,-34862000,-0.4575666097913112,0.0,0.0,0.0,0.0,https://www.sec.gov/Archives/edgar/data/918541/000100579409000055/0001005794-09-000055-index.htm,https://www.sec.gov/Archives/edgar/data/918541/000100579409000055/nn10k123108.htm
0,2008-09-30,NNBR,2008-11-10,2008-11-10 15:58:51,Q3,104866000,83784000,21082000,0.20103751454236835,0.0,9732000.0,0.0,0.0,6000.0,99756000,1259000.0,0.0,10959000,0.10450479659756261,5110000.0,0.040451623977266225,385000.0,4242000.0,0.040451623977266225,1295000.0,2947000.0,0.028102530848892873,0.18,0.18,16222000,16391000,https://www.sec.gov/Archives/edgar/data/918541/000100579408000355/0001005794-08-000355-index.htm,https://www.sec.gov/Archives/edgar/data/918541/000100579408000355/nn10q093008.htm
0,2008-06-30,NNBR,2008-08-08,2008-08-08 15:11:29,Q2,122240000,97248000,24992000,0.20445026178010473,0.0,10011000,0.0,0.0,-4018000.0,109628000,1268000.0,0.0,14760000,0.12074607329842932,12612000,0.09512434554973823,4302000.0,11628000,0.09512434554973823,2455000.0,9173000.0,0.07504090314136126,0.58,0.57,15899000,16054000,https://www.sec.gov/Archives/edgar/data/918541/000100579408000243/0001005794-08-000243-index.htm,https://www.sec.gov/Archives/edgar/data/918541/000100579408000243/nn10q063008.htm
0,2008-03-31,NNBR,2008-05-09,2008-05-09 11:54:56,Q1,121542000,96494000,25048000,0.206085139293413,0.0,10209000,0.0,0.0,-141000.0,112825000,1542000.0,0.0,14766000,0.12148886804561386,8717000.0,0.06015204620624969,277000.0,7311000.0,0.06015204620624969,2209000.0,5102000.0,0.041977258889931056,0.32,0.32,15855000,15962000,https://www.sec.gov/Archives/edgar/data/918541/000100579408000141/0001005794-08-000141-index.htm,https://www.sec.gov/Archives/edgar/data/918541/000100579408000084/nn10k123107.htm
0,2007-12-31,NNBR,2008-03-17,2008-03-17 16:54:57,Q4,107027000,85750000,21277000,0.19880030272734917,0.0,9067000.0,0.0,0.0,-48000.0,101042000,1552000.0,0.0,3333000.0,0.03114167453072589,5985000.0,0.1249310921543162,8986000.0,13371000,0.1249310921543162,3272000.0,10099000,0.09435936726246648,0.0,0.0,0.0,0.0,https://www.sec.gov/Archives/edgar/data/918541/000100579408000084/0001005794-08-000084-index.htm,https://www.sec.gov/Archives/edgar/data/918541/000100579408000084/nn10k123107.htm
0,2007-09-30,NNBR,2007-11-09,2007-11-09 10:45:55,Q3,99021000,80264000,18757000,0.18942446551741549,0.0,8423000.0,0.0,0.0,-11000.0,94218000,1496000.0,0.0,17308000,0.17479120590581795,4803000.0,-0.03643671544419871,-6904000.0,-3608000.0,-0.03643671544419871,-400000.0,-3208000.0,-0.0323971682774361,-0.19,-0.19,16765000,16904000,https://www.sec.gov/Archives/edgar/data/918541/000100579407000526/0001005794-07-000526-index.htm,https://www.sec.gov/Archives/edgar/data/918541/000100579407000526/nn10q093007.htm
0,2007-06-30,NNBR,2007-08-09,2007-08-09 12:25:25,Q2,107302000,85929000,21373000,0.19918547650556373,0.0,9558000.0,0.0,0.0,-6000.0,101139000,1630000.0,0.0,27112000,0.25267003410933625,6163000.0,-0.09984902424931502,-15241000,-10714000,-0.09984902424931502,1104000.0,-11818000,-0.1101377420737731,-0.7,-0.7,16815000,17028000,https://www.sec.gov/Archives/edgar/data/918541/000100579407000445/0001005794-07-000445-index.htm,https://www.sec.gov/Archives/edgar/data/918541/000100579407000445/nn10q063007.htm
0,2007-03-31,NNBR,2007-05-10,2007-05-10 15:59:50,Q1,107944000,85082000,22862000,0.21179500481731267,0.0,9424000.0,0.0,0.0,-5000.0,100024000,0.0,0.0,13513000,0.12518528125694806,7920000.0,0.05743718965389461,-21000.0,6200000.0,0.05743718965389461,2445000.0,3755000.0,0.03478655599199585,0.22,0.22,16813000,17033000,https://www.sec.gov/Archives/edgar/data/918541/000100579407000217/0001005794-07-000217-index.htm,https://www.sec.gov/Archives/edgar/data/918541/000100579407000125/nn10k030807.htm
0,2006-12-31,NNBR,2007-03-16,2007-03-16 16:42:00,Q4,85884000,68106000,17778000,0.20700013972334777,0.0,8086000.0,0.0,0.0,21000.0,80926000,1060000.0,0.0,8922000.0,0.10388430906804527,4958000.0,0.05473662148945089,782000.0,4701000.0,0.05473662148945089,1614000.0,3087000.0,0.03594383121419589,0.0,0.0,0.0,0.0,https://www.sec.gov/Archives/edgar/data/918541/000100579407000125/0001005794-07-000125-index.htm,https://www.sec.gov/Archives/edgar/data/918541/000100579407000125/nn10k030807.htm
0,2006-09-30,NNBR,2006-11-08,2006-11-08 17:12:37,Q3,74870000,58693000,16177000,0.21606785094163217,0.0,7178000.0,0.0,0.0,0.0,70063000,916000.0,0.0,8615000.0,0.11506611459863764,4807000.0,0.05931614798984907,550000.0,4441000.0,0.05931614798984907,1808000.0,2633000.0,0.03516762388139442,0.15,0.15,17105000,17339000,https://www.sec.gov/Archives/edgar/data/918541/000100579406000482/0001005794-06-000482-index.htm,https://www.sec.gov/Archives/edgar/data/918541/000100579406000482/nn10q093006.htm
0,2006-06-30,NNBR,2006-08-09,2006-08-09 15:45:33,Q2,83554000,64905000,18649000,0.22319697441175768,0.0,7063000.0,0.0,0.0,4000.0,76397000,1021000.0,0.0,12232000,0.14639634248509945,7157000.0,0.06806376714460109,-453000.0,5687000.0,0.06806376714460109,2234000.0,3453000.0,0.0413265672499222,0.2,0.2,17157000,17369000,https://www.sec.gov/Archives/edgar/data/918541/000100579406000359/0001005794-06-000359-index.htm,https://www.sec.gov/Archives/edgar/data/918541/000100579406000359/nn10q063006.htm
0,2006-03-31,NNBR,2006-05-10,2006-05-10 16:44:20,Q1,86017000,65999000,20018000,0.2327214387853564,0.0,7681000.0,0.0,0.0,-730000.0,77112000,986000.0,0.0,12192000,0.14173942360231118,8905000.0,0.09449294906820745,939000.0,8128000.0,0.09449294906820745,2866000.0,5262000.0,0.06117395398584001,0.31,0.3,17152000,17376000,https://www.sec.gov/Archives/edgar/data/918541/000100579406000234/0001005794-06-000234-index.htm,https://www.sec.gov/Archives/edgar/data/918541/000100579406000234/nn10q033106.htm
0,2005-12-31,NNBR,,Not found...,Q4,75887000,56980000,18907000,0.24914675767918087,0.0,7112000.0,0.0,0.0,0.0,68115000,801000.0,0.0,10574000,0.13933875367322465,7772000.0,0.10635550225993912,1497000.0,8071000.0,0.10635550225993912,2951000.0,5120000.0,0.06746873641071593,0.0,0.0,0.0,0.0,,
0,2005-09-30,NNBR,,,Q3,74998000,58177000,16821000,0.22428598095949226,0.0,7180000.0,0.0,0.0,0.0,69355000,0.0,0.0,9758000.0,0.13011013627030055,5643000.0,0.06164164377716739,-53000.0,4623000.0,0.06164164377716739,2066000.0,2557000.0,0.034094242513133685,0.15,0.15,17191000,17522000,,
0,2005-06-30,NNBR,,,Q2,83787000,66005000,17782000,0.21222862735269193,0.0,7297000.0,0.0,0.0,2000.0,77434000,1025000.0,0.0,10376000,0.1238378268705169,6353000.0,0.06559490135701243,166000.0,5496000.0,0.06559490135701243,2184000.0,3312000.0,0.039528805184575175,0.2,0.19,16971000,17328000,,
0,2005-03-31,NNBR,,,Q1,86715000,67666000,19049000,0.2196736435449461,0.0,7484000.0,0.0,0.0,4000.0,79328000,984000.0,0.0,11453000,0.13207634204001614,7387000.0,0.07581156662630456,167000.0,6574000.0,0.07581156662630456,2551000.0,4023000.0,0.04639335755059678,0.24,0.23,16889000,17261000,,
0,2004-12-31,NNBR,,,Q4,78274000,63990000,14284000,0.1824871604875182,0.0,7446000.0,0.0,0.0,0.0,76507000,1104000.0,0.0,8705000.0,0.1112118966706697,1767000.0,-0.01392544139816542,-2609000.0,-1090000.0,-0.01392544139816542,-837000.0,-253000.0,-0.0032322354804916065,0.0,0.0,0.0,0.0,,
0,2004-09-30,NNBR,,,Q3,72917000,57263000,15654000,0.2146824471659558,0.0,7126000.0,0.0,0.0,0.0,68388000,0.0,0.0,8352000.0,0.11454119066884266,4529000.0,0.04943977398960462,177000.0,3605000.0,0.04943977398960462,1453000.0,2152000.0,0.02951300794053513,0.13,0.13,16767000,17135000,,
0,2004-06-30,NNBR,2004-08-09 00:00:00,2004-08-09 09:27:15,Q2,75265000,58937000,16328000,0.21694014482163024,0.0,8041000.0,0.0,0.0,0.0,70947000,932000.0,0.0,8314000.0,0.11046303062512455,4318000.0,0.044655550388626855,-25000.0,3361000.0,0.044655550388626855,1375000.0,1986000.0,0.026386766757456985,0.12,0.12,16721000,17177000,https://www.sec.gov/Archives/edgar/data/918541/000100579404000586/0001005794-04-000586-index.html,https://www.sec.gov/Archives/edgar/data/918541/000100579404000586/nn10qsb63004.txt
0,2004-03-31,NNBR,,,Q1,77632000,60390000,17242000,0.22209913437757625,0.0,7143000.0,0.0,0.0,0.0,71532000,841000.0,0.0,10097000,0.13006234542456718,6100000.0,0.06846403544929926,56000.0,5315000.0,0.06846403544929926,2097000.0,3218000.0,0.04145197856553998,0.19,0.19,16712000,17189000,,
0,2003-12-31,NNBR,,,Q4,67047000,52900000,14147000,0.21100123793756617,0.0,6050000.0,0.0,0.0,0.0,62583000,1022000.0,0.0,14369000,0.21431234805434993,4464000.0,-0.04220919653377481,-6272000.0,-2830000.0,-0.04220919653377481,1096000.0,-3926000.0,-0.05855593837159008,0.0,0.0,0.0,0.0,,
0,2003-09-30,NNBR,,,Q3,64612000,50294000,14318000,0.22159970284157743,0.0,5247000.0,0.0,0.0,0.0,59183000,881000.0,0.0,8810000.0,0.1363523803627809,5429000.0,0.07444437565777255,262000.0,4810000.0,0.07444437565777255,1646000.0,3164000.0,0.04896923172166161,0.19,0.18,16660000,17167000,,
0,2003-06-30,NNBR,,,Q2,64194000,49721000,14473000,0.22545720783873882,0.0,5771000.0,0.0,0.0,0.0,58974000,0.0,0.0,5214000.0,0.0812225441630059,5220000.0,0.12382777206592517,3488000.0,7949000.0,0.12382777206592517,512000.0,7297000.0,0.11367105960058572,0.46,0.44,16015000,16465000,,
0,2003-03-31,NNBR,,,Q1,57609000,42743000,14866000,0.2580499574719228,0.0,4632000.0,0.0,0.0,0.0,50454000,0.0,0.0,10227000,0.17752434515440296,7155000.0,0.11541599402871079,7000.0,6649000.0,0.11541599402871079,2472000.0,3643000.0,0.06323664705167595,0.24,0.23,15378000,15574000,,
0,2002-12-31,NNBR,,,Q4,49020000,36972000,12048000,0.24577723378212973,0.0,3823000.0,0.0,0.0,0.0,49468000,575000.0,0.0,-8259000.0,-0.16848225214198287,-448000.0,0.19496124031007753,10580000,9557000.0,0.19496124031007753,1500000.0,7289000.0,0.14869441044471643,0.0,0.0,0.0,0.0,,
0,2002-09-30,NNBR,,,Q3,47451000,35631000,11820000,0.24909907062021874,0.0,4076000.0,0.0,0.0,0.0,42588000,597000.0,0.0,7724000.0,0.1627784451328739,4863000.0,0.09032475606415039,20000.0,4286000.0,0.09032475606415039,1612000.0,2119000.0,0.04465659311711028,0.14,0.14,15368000,15648000,,
0,2002-06-30,NNBR,,,Q2,49186000,36139000,13047000,0.2652584068637417,0.0,4819000.0,0.0,0.0,0.0,43753000,539000.0,0.0,8087000.0,0.16441670394014557,5433000.0,0.10236652706054568,141000.0,5035000.0,0.10236652706054568,1840000.0,2408000.0,0.04895702029032652,0.16,0.15,15359000,15868000,,
0,2002-03-31,NNBR,,,Q1,47200000,35532000,11668000,0.24720338983050846,0.0,4498000.0,0.0,0.0,0.0,42855000,601000.0,0.0,6893000.0,0.14603813559322035,4345000.0,0.08519067796610169,277000.0,4021000.0,0.08519067796610169,1505000.0,1848000.0,0.039152542372881356,0.12,0.12,15341000,15735000,,
0,2001-12-31,NNBR,,,Q4,39998000,31198000,8800000.0,0.2200110005500275,0.0,4335000.0,0.0,0.0,0.0,34802000,792000.0,0.0,14104000,0.3526176308815441,5196000.0,-0.044027201360068005,-5751000.0,-1761000.0,-0.044027201360068005,-785000.0,-1036000.0,-0.02590129506475324,0.0,0.0,0.0,0.0,,
0,2001-09-30,NNBR,2001-11-14 00:00:00,2001-11-14 00:00:00,Q3,42576000,32889000,9687000.0,0.22752254791431792,0.0,4147000.0,0.0,0.0,1359000.0,41869000,920000.0,0.0,2228000.0,0.052329951146185646,707000.0,0.05028654641112364,1940000.0,2141000.0,0.05028654641112364,806000.0,744000.0,0.017474633596392335,0.05,0.05,15286000,15584000,https://www.sec.gov/Archives/edgar/data/918541/000092290701500279/0000922907-01-500279-index.html,https://www.sec.gov/Archives/edgar/data/918541/000092290701500279/form10q_111401.htm
0,2001-06-30,NNBR,2001-08-14 00:00:00,2001-08-14 00:00:00,Q2,47350000,35320000,12030000,0.25406546990496304,0.0,3886000.0,0.0,0.0,2542000.0,45134000,1112000.0,0.0,174000.0,0.003674762407602957,2216000.0,0.13746568109820487,5405000.0,6509000.0,0.13746568109820487,2437000.0,3506000.0,0.07404435058078142,0.23,0.23,15253000,15532000,https://www.sec.gov/Archives/edgar/data/918541/000092290701500146/0000922907-01-500146-index.html,https://www.sec.gov/Archives/edgar/data/918541/000092290701500146/form10q_081301.txt
0,2001-03-31,NNBR,,,Q1,50227000,38184000,12043000,0.23977143767296474,0.0,4014000.0,0.0,0.0,0.0,45508000,1182000.0,0.0,7800000.0,0.15529496087761563,4719000.0,0.06402930694646305,229000.0,3216000.0,0.06402930694646305,1654000.0,1562000.0,0.031098811396260976,0.1,0.1,15246909,15396452,,
0,2000-12-31,NNBR,,,Q4,41409000,29511000,11898000,0.28732884155618343,0.0,3554000.0,0.0,0.0,0.0,36127000,564000.0,0.0,7512000.0,0.18140983844091865,5282000.0,0.12832959018570841,832000.0,5314000.0,0.12832959018570841,2122000.0,3192000.0,0.07708469173368108,0.0,0.0,0.0,0.0,,
0,2000-09-30,NNBR,2000-11-14 00:00:00,2000-11-14 00:00:00,Q3,37075000,26103000,10972000,0.2959406608226568,0.0,3236000.0,0.0,0.0,0.0,31874000,651000.0,0.0,7697000.0,0.2076062036412677,5201000.0,0.11233985165205664,39000.0,4165000.0,0.11233985165205664,1722000.0,2443000.0,0.06589345920431558,0.16,0.16,15245000,15424000,https://www.sec.gov/Archives/edgar/data/918541/000092290700000240/0000922907-00-000240-index.html,https://www.sec.gov/Archives/edgar/data/918541/000092290700000240/0000922907-00-000240-0001.txt
0,2000-06-30,NNBR,2000-08-11 00:00:00,2000-08-11 00:00:00,Q2,25643000,17965000,7678000.0,0.2994189447412549,0.0,2463000.0,0.0,0.0,0.0,22151000,0.0,0.0,5162000.0,0.2013024997075225,3492000.0,0.12779315992668563,53000.0,3277000.0,0.12779315992668563,1035000.0,2242000.0,0.08743126779237999,0.15,0.15,15244000,15436000,https://www.sec.gov/Archives/edgar/data/918541/000092290700000153/0000922907-00-000153-index.html,https://www.sec.gov/Archives/edgar/data/918541/000092290700000153/0000922907-00-000153-0001.txt
0,2000-03-31,NNBR,2000-05-15 00:00:00,2000-05-15 00:00:00,Q1,28002000,20346000,7656000.0,0.2734090422112706,0.0,2318000.0,0.0,0.0,0.0,24509000,291000.0,0.0,5350000.0,0.1910577815870295,3493000.0,0.1139204342546961,-12000.0,3190000.0,0.1139204342546961,1080000.0,2110000.0,0.0753517605885294,0.14,0.14,15244271,15457658,https://www.sec.gov/Archives/edgar/data/918541/000092290700000116/0000922907-00-000116-index.html,https://www.sec.gov/Archives/edgar/data/918541/0000922907-00-000116.txt
0,1999-12-31,NNBR,,,Q4,24294000,16567000,7727000.0,0.31806207293982053,0.0,2354000.0,0.0,0.0,0.0,20752000,0.0,0.0,5373000.0,0.22116571993084713,3542000.0,0.13661809500288136,0.0,3319000.0,0.13661809500288136,1160000.0,2159000.0,0.08886967975631843,0.0,0.0,0.0,0.0,,
0,1999-09-30,NNBR,,,Q3,25600000,18300000,7300000.0,0.28515625,0.0,2200000.0,0.0,0.0,0.0,22300000,200000.0,0.0,5100000.0,0.19921875,3300000.0,0.1171875,-100000.0,3000000.0,0.1171875,1100000.0,1900000.0,0.07421875,0.13,0.13,14615385,14615385,,
0,1999-06-30,NNBR,,,Q2,17500000,12600000,4900000.0,0.28,0.0,1000000.0,0.0,0.0,0.0,14800000,0.0,0.0,4000000.0,0.22857142857142856,2700000.0,0.14857142857142858,0.0,2600000.0,0.14857142857142858,900000.0,1700000.0,0.09714285714285714,0.12,0.12,14166667,14166667,,
0,1999-03-31,NNBR,,,Q1,17900000,12500000,5400000.0,0.3016759776536313,0.0,1200000.0,0.0,0.0,0.0,14900000,0.0,0.0,4200000.0,0.2346368715083799,3000000.0,0.16759776536312848,0.0,3000000.0,0.16759776536312848,1000000.0,2000000.0,0.11173184357541899,0.13,0.13,15384615,15384615,,
0,1998-12-31,NNBR,,,Q4,15700000,10500000,5200000.0,0.33121019108280253,0.0,1500000.0,0.0,0.0,0.0,13000000,0.0,0.0,3700000.0,0.2356687898089172,2700000.0,0.1592356687898089,-200000.0,2500000.0,0.1592356687898089,1100000.0,1400000.0,0.08917197452229299,0.0,0.0,0.0,0.0,,
0,1998-09-30,NNBR,,,Q3,16800000,12200000,4600000.0,0.27380952380952384,0.0,1500000.0,0.0,0.0,0.0,14900000,0.0,0.0,2800000.0,0.16666666666666666,1900000.0,0.13095238095238096,400000.0,2200000.0,0.13095238095238096,700000.0,1500000.0,0.08928571428571429,0.08,0.08,18750000,18750000,,
0,1998-06-30,NNBR,,,Q2,19700000,13600000,6100000.0,0.3096446700507614,0.0,1500000.0,0.0,0.0,0.0,16300000,0.0,0.0,4600000.0,0.233502538071066,3400000.0,0.17258883248730963,0.0,3400000.0,0.17258883248730963,1100000.0,2300000.0,0.116751269035533,0.16,0.16,14375000,14375000,,
0,1998-03-31,NNBR,,,Q1,20900000,14200000,6700000.0,0.32057416267942584,0.0,1300000.0,0.0,0.0,0.0,16700000,0.0,0.0,5400000.0,0.2583732057416268,4200000.0,0.20574162679425836,0.0,4300000.0,0.20574162679425836,1600000.0,2700000.0,0.1291866028708134,0.18,0.18,15000000,15000000,,
0,1997-12-31,NNBR,,,Q4,16800000,11200000,5600000.0,0.3333333333333333,0.0,1400000.0,0.0,0.0,0.0,13500000,0.0,0.0,4200000.0,0.25,3300000.0,0.18452380952380953,0.0,3100000.0,0.18452380952380953,1300000.0,1800000.0,0.10714285714285714,0.0,0.0,0.0,0.0,,
0,1997-09-30,NNBR,,,Q3,17200000,12400000,4800000.0,0.27906976744186046,0.0,1500000.0,0.0,0.0,0.0,15000000,0.0,0.0,3300000.0,0.19186046511627908,2200000.0,0.13372093023255813,0.0,2300000.0,0.13372093023255813,1000000.0,1300000.0,0.0755813953488372,0.09,0.09,14444444,14444444,,
0,1997-06-30,NNBR,,,Q2,21000000,14300000,6700000.0,0.319047619047619,0.0,1200000.0,0.0,0.0,0.0,16600000,0.0,0.0,5500000.0,0.2619047619047619,4400000.0,0.20476190476190476,-100000.0,4300000.0,0.20476190476190476,1600000.0,2700000.0,0.12857142857142856,0.19,0.19,14210526,14210526,,
0,1997-03-31,NNBR,,,Q1,20300000,13800000,6500000.0,0.32019704433497537,0.0,1300000.0,0.0,0.0,0.0,16200000,0.0,0.0,5200000.0,0.2561576354679803,4100000.0,0.2019704433497537,0.0,4100000.0,0.2019704433497537,1500000.0,2600000.0,0.12807881773399016,0.18,0.18,14444444,14444444,,
0,1996-12-31,NNBR,,,Q4,19000000,12900000,6100000.0,0.32105263157894737,0.0,1400000.0,0.0,0.0,0.0,15200000,0.0,0.0,4700000.0,0.24736842105263157,3800000.0,0.21052631578947367,200000.0,4000000.0,0.21052631578947367,1400000.0,2600000.0,0.1368421052631579,0.0,0.0,0.0,0.0,,
0,1996-09-30,NNBR,,,Q3,16600000,10800000,5800000.0,0.3493975903614458,0.0,1300000.0,0.0,0.0,0.0,12900000,100000.0,0.0,4500000.0,0.2710843373493976,3700000.0,0.21686746987951808,0.0,3600000.0,0.21686746987951808,1400000.0,2200000.0,0.13253012048192772,0.15,0.15,14666667,14666667,,
