,date,symbol,fillingDate,acceptedDate,period,revenue,costOfRevenue,grossProfit,grossProfitRatio,researchAndDevelopmentExpenses,generalAndAdministrativeExpenses,sellingAndMarketingExpenses,otherExpenses,operatingExpenses,costAndExpenses,interestExpense,depreciationAndAmortization,ebitda,ebitdaratio,operatingIncome,operatingIncomeRatio,totalOtherIncomeExpensesNet,incomeBeforeTax,incomeBeforeTaxRatio,incomeTaxExpense,netIncome,netIncomeRatio,eps,epsdiluted,weightedAverageShsOut,weightedAverageShsOutDil,link,finalLink
0,2020-09-30,DPW,2020-11-18,2020-11-18 17:24:21,Q3,99666.0,-117353.0,187483.0,0.0018811129171432586,0.0,-66962.0,-78514.0,-972.117,-1117593.0,-1234946.0,1279578.0,182136.0,1487212.0,14.921959344209661,1305.076,0.013094495615355287,1604.801,-11900700,-119.40581542351454,0.0,-10202808,-102.36999578592498,-1.7397871905054225,-1.7397871905054225,5864400.0,5864400.0,https://www.sec.gov/Archives/edgar/data/896493/000121465920009743/0001214659-20-009743-index.htm,https://www.sec.gov/Archives/edgar/data/896493/000121465920009743/dpw111520010q.htm
0,2020-06-30,DPW,2020-07-06 00:00:00,2020-07-06 16:33:12,Q2,5400980.0,3495570.0,1905410.0,0.35279,462160.0,3212970.0,294974.0,-1000000.0,2686650.0,6182220.0,962714.0,168369.99999999997,-250336.00000000003,-0.04635,-781240.0,-0.144648,0.0,-1381420.0,-0.255772,-5890.0,-1375530.0,-0.254682,-0.23456,-0.23456,5864400.0,5864400.0,https://www.sec.gov/Archives/edgar/data/896493/000121465920006141/0001214659-20-006141-index.htm,https://www.sec.gov/Archives/edgar/data/896493/000121465920006141/s62620010q.htm
0,2020-03-31,DPW,2020-07-06,2020-05-29 17:25:18,Q1,5605430.0,3853440.0,1751990.0,0.312552293044423,440630.0,3241070.0,338163.0,1000000.0,5144910.0,8998350.0,1086163.0,258240.0,-5193057.0,-0.926433,-3392920.0,-0.605292,0.0,-4839710.0,-0.863397,-5910.0,-6531550.0,-1.165218,-1.44082,-1.44082,4533220.0,4533220.0,https://www.sec.gov/Archives/edgar/data/896493/000121465920006141/0001214659-20-006141-index.htm,https://www.sec.gov/Archives/edgar/data/896493/000121465920006141/s62620010q.htm
0,2019-12-31,DPW,2020-05-29,2020-05-29 17:25:18,Q4,7042870.0,6102250.0,940620.0,0.133556,452260.0,5424870.0,338628.0,4000000.0,11408340,17510590,1676007.0,391089.9999999998,-9782963.0,-1.389059,-10467720,-1.486286,0.0,-11850060,-1.682561,-15010.0,-11835050,-1.68043,-3.74078,-3.74078,3163790.0,3163790.0,https://www.sec.gov/Archives/edgar/data/896493/000121465920005205/s51920110k.htm,https://www.sec.gov/Archives/edgar/data/896493/000121465920005205/s51920110k.htm
0,2019-09-30,DPW,2019-11-19 00:00:00,2019-11-19 17:17:06,Q3,6381660.0,4642530.0,1739130.0,0.27252,481900.0,4912370.0,392725.0,4308923.0,9864619.999999998,14507149.999999998,2954843.0,947830.0000000002,-6443317.0,-1.009662,-8125490.0,-1.273256,0.0,-10345990,-1.621207,-5140.0,-10340850,-1.620401,-6.46582,-6.46582,1599310.0,1599310.0,https://www.sec.gov/Archives/edgar/data/896493/000121465919007279/0001214659-19-007279-index.html,https://www.sec.gov/Archives/edgar/data/896493/000121465919007279/dpw111719110q.htm
0,2019-06-30,DPW,2019-08-19,2019-08-19 16:51:32,Q2,6148070.0,4589200.0,1558870.0,0.253554,471270.0,5060260.0,426113.0,350747000,5527060.000000001,10116260,2631796.0,1164740.0,-336344.0000000001,-0.054707,-3968190.0,-0.645437,0.0,-4132870.0,-0.672222,-73980.0,-4058900.0,-0.660191,-4.99643,-4.99643,812360.0,812360.0,https://www.sec.gov/Archives/edgar/data/896493/000121465919005375/dpw81219110q.htm,https://www.sec.gov/Archives/edgar/data/896493/000121465919005375/dpw81219110q.htm
0,2019-03-31,DPW,2019-04-16 00:00:00,2019-04-16 17:21:00,Q1,6939040.0,5118310.0,1820730.0,0.262389,455680.0,5905310.0,474343.0,114539.0,7283309.999999999,12401619.999999998,-1262610.0,961440.0,-6993950.0,-1.007913,-5462580.0,-0.787224,0.0,-6725190.0,-0.969182,-14170.0,-6678610.0,-0.962469,-46.90364,-46.90364,142390.0,142390.0,https://www.sec.gov/Archives/edgar/data/896493/000121465919002759/0001214659-19-002759-index.html,https://www.sec.gov/Archives/edgar/data/896493/000121465919002759/dpw41019010k.htm
0,2018-12-31,DPW,2019-04-16,2019-04-16 17:21:00,Q4,6170220.0,5570660.0,599560.0,0.09717,386540.0,7864170.0,719790.0,698311.0,8949019.999999998,14519679.999999998,-4075340.0,1163910.0,-14805910,-2.399576,-8349460.0,-1.353187,0.0,-12424800,-2.013672,-59600.0,-11834880,-1.918065,-129.5979,-129.5979,91320.0,91320.0,https://www.sec.gov/Archives/edgar/data/896493/000121465919002759/dpw41019010k.htm,https://www.sec.gov/Archives/edgar/data/896493/000121465919002759/dpw41019010k.htm
0,2018-09-30,DPW,2018-11-15 00:00:00,2018-11-15 17:15:18,Q3,8344000.0,6317000.0,2027000.0,0.242929,334000.0,5879000.0,791000.0,3000.0,6215999.999999999,12532999.999999998,-3359000.0,912999.9999999999,-9920000.0,-1.188878,-4189000.0,-0.502037,0.0,-7548000.0,-0.904602,-23000.0,-7451000.0,-0.892977,-87.82414,-87.82414,84840.0,84840.0,https://www.sec.gov/Archives/edgar/data/896493/000121465918007191/0001214659-18-007191-index.html,https://www.sec.gov/Archives/edgar/data/896493/000121465918007191/dpw11101801q.htm
0,2018-06-30,DPW,2018-08-20 00:00:00,2018-08-20 17:05:13,Q2,7440000.0,6080000.0,1360000.0,0.182796,370000.0,5160000.0,775000.0,297000.0,5459999.999999999,11539999.999999998,-2890000.0,680000.0,-9090000.0,-1.221774,-4100000.0,-0.551075,0.0,-6990000.0,-0.939516,10000.0,-6890000.0,-0.926075,-98.42857,-98.42857,70000.0,70000.0,https://www.sec.gov/Archives/edgar/data/896493/000121465918005630/0001214659-18-005630-index.html,https://www.sec.gov/Archives/edgar/data/896493/000121465918005630/dpw81018110q.htm
0,2018-03-31,DPW,2018-04-17 00:00:00,2018-04-17 17:17:59,Q1,5200000.0,3800000.0,1390000.0,0.267308,340000.0,3950000.0,725000.0,70000.0,4360000.0,8160000.0,-3130000.0,150000.0,-9040000.0,-1.738462,-2970000.0,-0.571154,0.0,-6100000.0,-1.173077,0.0,-6060000.0,-1.165385,-121.2,-121.2,50000.0,50000.0,https://www.sec.gov/Archives/edgar/data/896493/000121465918002858/0001214659-18-002858-index.html,https://www.sec.gov/Archives/edgar/data/896493/000121465918002858/dpw33018010k.htm
0,2017-12-31,DPW,2018-04-17,2018-04-17 17:17:59,Q4,3510000.0,2190000.0,1320000.0,0.376068,320000.0,3430000.0,676000.0,322000.0,3750000.0000000005,5940000.0,-1367000.0,109999.99999999999,-7257000.0,-2.067521,-2430000.0,-0.692308,0.0,-6060000.0,-1.726496,-80000.0,-5920000.0,-1.68661,-296.0,-296.0,20000.0,20000.0,https://www.sec.gov/Archives/edgar/data/896493/000121465918002858/dpw33018010k.htm,https://www.sec.gov/Archives/edgar/data/896493/000121465918002858/dpw33018010k.htm
0,2017-09-30,DPW,2017-11-20 00:00:00,2017-11-20 17:08:36,Q3,3220000.0,2120000.0,1100000.0,0.341615,310000.0,2110000.0,423000.0,306000.0,2420000.0,4540000.0,1367000.0,60000.00000000001,-543000.0,-0.168634,-1320000.0,-0.409938,0.0,-2070000.0,-0.642857,0.0,-1970000.0,-0.611801,-98.5,-98.5,20000.0,20000.0,https://www.sec.gov/Archives/edgar/data/896493/000121465917006852/0001214659-17-006852-index.html,https://www.sec.gov/Archives/edgar/data/896493/000121465917006852/dp111517010q.htm
0,2017-06-30,DPW,2017-08-21 00:00:00,2017-08-21 16:38:17,Q2,1820000.0,1090000.0,730000.0,0.401099,270000.0,1910000.0,327000.0,265000.0,2179999.9999999995,3269999.9999999995,-410000.0,50000.0,-2100000.0,-1.153846,-1440000.0,-0.791209,0.0,-1850000.0,-1.016484,0.0,-1740000.0,-0.956044,-174.0,-174.0,10000.0,10000.0,https://www.sec.gov/Archives/edgar/data/896493/000121465917005231/0001214659-17-005231-index.html,https://www.sec.gov/Archives/edgar/data/896493/000121465917005231/dp81517010q.htm
0,2017-03-31,DPW,2017-04-10 00:00:00,2017-04-10 17:10:57,Q1,1630000.0,920000.0,710000.0,0.435583,230000.0,1270000.0,295000.0,227000.0,1500000.0,2420000.0,-210000.0,30000.0,-1170000.0,-0.717791,-790000.0,-0.484663,0.0,-990000.0,-0.607362,0.0,-990000.0,-0.607362,-99.0,-99.0,10000.0,10000.0,https://www.sec.gov/Archives/edgar/data/896493/000143774917006372/0001437749-17-006372-index.html,https://www.sec.gov/Archives/edgar/data/896493/000143774917006372/dpw20161231_10k.htm
0,2016-12-31,DPW,2017-04-10,2017-04-10 17:10:57,Q4,1990000.0,1360000.0,630000.0,0.316583,200000.0,1380000.0,193000.0,198000.0,1579999.9999999998,2940000.0,0.0,40000.00000000001,-920000.0,-0.462312,-950000.0,-0.477387,-10000.0,-960000.0,-0.482412,0.0,-960000.0,-0.482412,-96.0,-96.0,10000.0,10000.0,https://www.sec.gov/Archives/edgar/data/896493/000143774917006372/dpw20161231_10k.htm,https://www.sec.gov/Archives/edgar/data/896493/000143774917006372/dpw20161231_10k.htm
0,2016-09-30,DPW,2016-11-14 00:00:00,2016-11-14 17:13:37,Q3,1830000.0,1120000.0,700000.0,0.382514,150000.0,640000.0,235000.0,147000.0,789999.9999999998,1909999.9999999998,20000.0,39999.99999999999,-6e-12,0.0,-80000.0,-0.043716,0.0,-60000.0,-0.032787,-20000.0,-40000.0,-0.021858,-4.0,-4.0,10000.0,10000.0,https://www.sec.gov/Archives/edgar/data/896493/000143774916042099/0001437749-16-042099-index.html,https://www.sec.gov/Archives/edgar/data/896493/000143774916042099/dpw20160901_10q.htm
0,2016-06-30,DPW,2016-08-15,2016-08-15 16:18:29,Q2,2060000.0,1310000.0,750000.0,0.364078,170000.0,570000.0,233000.0,170000.0,739999.9999999998,2049999.9999999998,60000.0,40000.0,170000.0,0.082524,10000.0,0.004854,0.0,70000.0,0.033981,0.0,70000.0,0.033981,7.0,7.0,10000.0,10000.0,https://www.sec.gov/Archives/edgar/data/896493/000143774916037476/dpw20160531_10q.htm,https://www.sec.gov/Archives/edgar/data/896493/000143774916037476/dpw20160531_10q.htm
0,2016-03-31,DPW,2016-05-16 00:00:00,2016-05-16 17:02:53,Q1,1710000.0,1090000.0,620000.0,0.362573,190000.0,630000.0,255000.0,194000.0,819999.9999999998,1909999.9999999998,10000.0,40000.0,-140000.0,-0.081871,-200000.0,-0.116959,0.0,-190000.0,-0.111111,0.0,-190000.0,-0.111111,-19.0,-19.0,10000.0,10000.0,https://www.sec.gov/Archives/edgar/data/896493/000143774916032049/0001437749-16-032049-index.html,https://www.sec.gov/Archives/edgar/data/896493/000143774916032049/dpw20160401_10q.htm
0,2015-12-31,DPW,2016-03-30 00:00:00,2016-03-30 15:59:05,Q4,2300000.0,1590000.0,720000.0,0.313043,230000.0,710000.0,360000.0,231000.0,939999.9999999997,2529999.9999999995,0.0,39999.99999999999,-190000.0,-0.082609,-220000.0,-0.095652,0.0,-230000.0,-0.1,0.0,-230000.0,-0.1,-23.0,-23.0,10000.0,10000.0,https://www.sec.gov/Archives/edgar/data/896493/000143774916028665/0001437749-16-028665-index.html,https://www.sec.gov/Archives/edgar/data/896493/000143774916028665/dpw20151119_10k.htm
0,2015-09-30,DPW,2015-11-16 00:00:00,2015-11-16 17:02:35,Q3,1420000.0,940000.0,480000.0,0.338028,200000.0,690000.0,316000.0,203000.0,890000.0000000001,1830000.0,20000.0,60000.0,-320000.0,-0.225352,-420000.0,-0.295775,0.0,-400000.0,-0.28169,0.0,-400000.0,-0.28169,-40.0,-40.0,10000.0,10000.0,https://www.sec.gov/Archives/edgar/data/896493/000143774915020972/0001437749-15-020972-index.html,https://www.sec.gov/Archives/edgar/data/896493/000143774915020972/dpw20150930_10q.htm
0,2015-06-30,DPW,2015-08-12 00:00:00,2015-08-12 16:39:33,Q2,2150000.0,1350000.0,800000.0,0.372093,230000.0,720000.0,259000.0,226000.0,1000000.0,2350000.0,-70000.0,70000.0,-270000.0,-0.125581,-200000.0,-0.093023,0.0,-270000.0,-0.125581,0.0,-270000.0,-0.125581,-27.0,-27.0,10000.0,10000.0,https://www.sec.gov/Archives/edgar/data/896493/000143774915015631/0001437749-15-015631-index.html,https://www.sec.gov/Archives/edgar/data/896493/000143774915015631/dpw20150630_10q.htm
0,2015-03-31,DPW,2015-05-15 00:00:00,2015-05-15 08:00:06,Q1,1900000.0,1180000.0,710000.0,0.373684,230000.0,700000.0,260000.0,234000.0,990000.0,2170000.0,70000.0,50000.0,-80000.0,-0.042105,-270000.0,-0.142105,0.0,-200000.0,-0.105263,0.0,-200000.0,-0.105263,-20.0,-20.0,10000.0,10000.0,https://www.sec.gov/Archives/edgar/data/896493/000143774915010244/0001437749-15-010244-index.html,https://www.sec.gov/Archives/edgar/data/896493/000143774915010244/dpw20150331_10q.htm
0,2014-12-31,DPW,2015-03-27,2015-03-27 17:24:59,Q4,2110000.0,1420000.0,700000.0,0.331754,230000.0,830000.0,324000.0,225000.0,1230000.0,2650000.0,-20000.0,70000.0,-450000.0,-0.21327,-540000.0,-0.255924,60000.0,-500000.0,-0.236967,0.0,-500000.0,-0.236967,-50.0,-50.0,10000.0,10000.0,https://www.sec.gov/Archives/edgar/data/896493/000143774915006253/dpw20141231_10k.htm,https://www.sec.gov/Archives/edgar/data/896493/000143774915006253/dpw20141231_10k.htm
0,2014-09-30,DPW,2014-11-13 00:00:00,2014-11-13 16:53:48,Q3,2230000.0,1490000.0,750000.0,0.336323,200000.0,730000.0,292000.0,197000.0,920000.0000000002,2410000.0,30000.0,60000.0,-60000.0,-0.026906,-180000.0,-0.080717,0.0,-150000.0,-0.067265,0.0,-150000.0,-0.067265,-15.0,-15.0,10000.0,10000.0,https://www.sec.gov/Archives/edgar/data/896493/000143774914020684/0001437749-14-020684-index.html,https://www.sec.gov/Archives/edgar/data/896493/000143774914020684/dpw20140930_10q.htm
0,2014-06-30,DPW,2014-08-13 00:00:00,2014-08-13 16:51:39,Q2,2640000.0,1560000.0,1080000.0,0.409091,210000.0,720000.0,330000.0,211000.0,930000.0000000002,2490000.0,0.0,50000.00000000001,200000.0,0.075758,150000.0,0.056818,0.0,150000.0,0.056818,0.0,150000.0,0.056818,15.0,15.0,10000.0,10000.0,https://www.sec.gov/Archives/edgar/data/896493/000143774914015296/0001437749-14-015296-index.html,https://www.sec.gov/Archives/edgar/data/896493/000143774914015296/dpw20140630_10q.htm
0,2014-03-31,DPW,2014-05-13 00:00:00,2014-05-13 12:39:22,Q1,2040000.0,1280000.0,760000.0,0.372549,180000.0,730000.0,312000.0,183000.0,909999.9999999999,2190000.0,0.0,70000.0,-90000.0,-0.044118,-160000.0,-0.078431,0.0,-160000.0,-0.078431,0.0,-160000.0,-0.078431,-16.0,-16.0,10000.0,10000.0,https://www.sec.gov/Archives/edgar/data/896493/000143774914008821/0001437749-14-008821-index.html,https://www.sec.gov/Archives/edgar/data/896493/000143774914008821/dpw20140331_10q.htm
0,2013-12-31,DPW,2014-03-28,2014-03-28 08:39:13,Q4,2270000.0,1500000.0,770000.0,0.339207,200000.0,740000.0,268000.0,195000.0,1060000.0,2560000.0,-70000.0,60000.0,-370000.0,-0.162996,-290000.0,-0.127753,0.0,-360000.0,-0.15859,0.0,-360000.0,-0.15859,-36.0,-36.0,10000.0,10000.0,https://www.sec.gov/Archives/edgar/data/896493/000143774914005312/dpw20131231_10k.htm,https://www.sec.gov/Archives/edgar/data/896493/000143774914005312/dpw20131231_10k.htm
0,2013-09-30,DPW,2013-11-13 00:00:00,2013-11-13 12:58:12,Q3,2090000.0,1400000.0,690000.0,0.330144,220000.0,700000.0,270000.0,28000.0,919999.9999999999,2320000.0,-20000.0,50000.0,-220000.0,-0.105263,-230000.0,-0.110048,0.0,-250000.0,-0.119617,0.0,-250000.0,-0.119617,-25.0,-25.0,10000.0,10000.0,https://www.sec.gov/Archives/edgar/data/896493/000143774913014582/0001437749-13-014582-index.html,https://www.sec.gov/Archives/edgar/data/896493/000143774913014582/dpw20130930_10q.htm
0,2013-06-30,DPW,2013-08-19 00:00:00,2013-08-19 15:41:13,Q2,2230000.0,1340000.0,890000.0,0.399103,180000.0,630000.0,257000.0,373000.0,1010000.0,2350000.0,0.0,50000.0,-80000.0,-0.035874,-120000.0,-0.053812,0.0,-130000.0,-0.058296,0.0,-130000.0,-0.058296,-13.0,-13.0,10000.0,10000.0,https://www.sec.gov/Archives/edgar/data/896493/000143774913011064/0001437749-13-011064-index.html,https://www.sec.gov/Archives/edgar/data/896493/000143774913011064/dpw20130630_10q.htm
0,2013-03-31,DPW,2013-05-20 00:00:00,2013-05-20 14:21:22,Q1,2190000.0,1360000.0,830000.0,0.378995,170000.0,640000.0,267000.0,172000.0,820000.0000000001,2180000.0,0.0,50000.0,160000.0,0.073059,10000.0,0.004566,90000.0,110000.0,0.050228,0.0,110000.0,0.050228,11.0,11.0,10000.0,10000.0,https://www.sec.gov/Archives/edgar/data/896493/000143774913006417/0001437749-13-006417-index.html,https://www.sec.gov/Archives/edgar/data/896493/000143774913006417/dpw_10q-033113.htm
0,2012-12-31,DPW,2013-03-29 00:00:00,2013-03-29 16:54:25,Q4,1730000.0,1110000.0,620000.0,0.358382,190000.0,860000.0,307000.0,191000.0,1059999.9999999998,2170000.0,0.0,60000.0,-380000.0,-0.219653,-440000.0,-0.254335,10000.0,-430000.0,-0.248555,-20000.0,-420000.0,-0.242775,-42.0,-42.0,10000.0,10000.0,https://www.sec.gov/Archives/edgar/data/896493/000143774913003708/0001437749-13-003708-index.html,https://www.sec.gov/Archives/edgar/data/896493/000143774913003708/dpw_10k-123112.htm
0,2012-09-30,DPW,2012-11-20 00:00:00,2012-11-20 11:53:10,Q3,1680000.0,1040000.0,640000.0,0.380952,190000.0,690000.0,270000.0,191000.0,879999.9999999999,1920000.0,-220000.0,50000.0,-630000.0,-0.375,-240000.0,-0.142857,0.0,-460000.0,-0.27381,10000.0,-470000.0,-0.279762,-47.0,-47.0,10000.0,10000.0,https://www.sec.gov/Archives/edgar/data/896493/000143774912012001/0001437749-12-012001-index.html,https://www.sec.gov/Archives/edgar/data/896493/000143774912012001/dpc_10q-093012.htm
0,2012-06-30,DPW,2012-08-14 00:00:00,2012-08-14 17:21:05,Q2,2940000.0,1670000.0,1280000.0,0.435374,160000.0,650000.0,252000.0,160000.0,800000.0000000003,2470000.0000000005,10000.0,50000.0,540000.0,0.183673,470000.0,0.159864,0.0,480000.0,0.163265,0.0,480000.0,0.163265,48.0,48.0,10000.0,10000.0,https://www.sec.gov/Archives/edgar/data/896493/000143774912008513/0001437749-12-008513-index.html,https://www.sec.gov/Archives/edgar/data/896493/000143774912008513/dpc_10q-063012.htm
0,2012-03-31,DPW,2012-04-03 00:00:00,2012-04-03 16:57:18,Q1,2240000.0,1310000.0,930000.0,0.415179,160000.0,650000.0,238000.0,162000.0,810000.0,2120000.0,-30000.0,50000.0,110000.0,0.049107,120000.0,0.053571,0.0,90000.0,0.040179,10000.0,80000.0,0.035714,8.0,8.0,10000.0,10000.0,https://www.sec.gov/Archives/edgar/data/896493/000143774912003297/0001437749-12-003297-index.html,https://www.sec.gov/Archives/edgar/data/896493/000143774912003297/digipower_10k-123111.htm
0,2011-12-31,DPW,2012-04-03,2012-04-03 16:57:18,Q4,2060000.0,1150000.0,900000.0,0.436893,180000.0,660000.0,245000.0,175000.0,840000.0000000001,1990000.0,20000.0,50000.0,160000.0,0.07767,70000.0,0.033981,0.0,90000.0,0.043689,-10000.0,100000.0,0.048544,10.0,10.0,10000.0,10000.0,https://www.sec.gov/Archives/edgar/data/896493/000143774912003297/digipower_10k-123111.htm,https://www.sec.gov/Archives/edgar/data/896493/000143774912003297/digipower_10k-123111.htm
0,2011-09-30,DPW,2011-11-14 00:00:00,2011-11-14 09:02:44,Q3,3020000.0,1810000.0,1210000.0,0.400662,190000.0,550000.0,250000.0,186000.0,739999.9999999998,2550000.0,10000.0,40000.00000000001,540000.0,0.178808,470000.0,0.155629,0.0,490000.0,0.162252,40000.0,450000.0,0.149007,45.0,45.0,10000.0,10000.0,https://www.sec.gov/Archives/edgar/data/896493/000143774911008475/0001437749-11-008475-index.html,https://www.sec.gov/Archives/edgar/data/896493/000143774911008475/digitalpower_10q-093011.htm
0,2011-06-30,DPW,2011-08-15 00:00:00,2011-08-15 14:27:53,Q2,3170000.0,1880000.0,1290000.0,0.40694,200000.0,670000.0,514000.0,202000.0,870000.0000000001,2750000.0,-82200000,40000.0,-81740000,-25.785489,420000.0,0.132492,0.0,420000.0,0.132492,10000.0,410000.0,0.129338,41.0,41.0,10000.0,10000.0,https://www.sec.gov/Archives/edgar/data/896493/000143774911005995/0001437749-11-005995-index.html,https://www.sec.gov/Archives/edgar/data/896493/000143774911005995/digitalpower_10q-063011.htm
0,2011-03-31,DPW,2011-05-13 00:00:00,2011-05-13 14:40:16,Q1,2980000.0,1870000.0,1110000.0,0.372483,190000.0,720000.0,275000.0,186000.0,909999.9999999997,2779999.9999999995,-30000.0,40000.0,180000.0,0.060403,200000.0,0.067114,0.0,170000.0,0.057047,0.0,170000.0,0.057047,17.0,17.0,10000.0,10000.0,https://www.sec.gov/Archives/edgar/data/896493/000114420411029018/0001144204-11-029018-index.html,https://www.sec.gov/Archives/edgar/data/896493/000114420411029018/v222375_10q.htm
0,2010-12-31,DPW,2011-03-30,2011-03-29 20:42:53,Q4,3070000.0,2100000.0,970000.0,0.315961,130000.0,680000.0,273000.0,132000.0,810000.0,2910000.0,50000.0,49999.99999999999,310000.0,0.100977,170000.0,0.055375,0.0,220000.0,0.071661,0.0,210000.0,0.068404,21.0,21.0,10000.0,10000.0,https://www.sec.gov/Archives/edgar/data/896493/000114420411018077/v216521_10k.htm,https://www.sec.gov/Archives/edgar/data/896493/000114420411018077/v216521_10k.htm
0,2010-09-30,DPW,2010-11-05 00:00:00,2010-11-05 17:23:20,Q3,3190000.0,2040000.0,1150000.0,0.360502,160000.0,610000.0,253000.0,161000.0,759999.9999999998,2800000.0,-80000.0,10000.000000000002,230000.0,0.0721,380000.0,0.119122,0.0,300000.0,0.094044,0.0,300000.0,0.094044,30.0,30.0,10000.0,10000.0,https://www.sec.gov/Archives/edgar/data/896493/000114420410058002/0001144204-10-058002-index.html,https://www.sec.gov/Archives/edgar/data/896493/000114420410058002/v201242_10q.htm
0,2010-06-30,DPW,2010-08-13 00:00:00,2010-08-13 16:12:46,Q2,2170000.0,1300000.0,870000.0,0.400922,100000.0,650000.0,290000.0,96000.0,749999.9999999998,2049999.9999999998,-20000.0,9999.999999999998,90000.0,0.041475,120000.0,0.0553,0.0,100000.0,0.046083,0.0,100000.0,0.046083,10.0,10.0,10000.0,10000.0,https://www.sec.gov/Archives/edgar/data/896493/000114420410043649/0001144204-10-043649-index.html,https://www.sec.gov/Archives/edgar/data/896493/000114420410043649/v193738_10q.htm
0,2010-03-31,DPW,2010-05-13 00:00:00,2010-05-13 16:47:25,Q1,1970000.0,1290000.0,680000.0,0.345178,170000.0,680000.0,314000.0,172000.0,850000.0000000001,2140000.0,40000.0,20000.0,-70000.0,-0.035533,-170000.0,-0.086294,0.0,-130000.0,-0.06599,0.0,-130000.0,-0.06599,-13.0,-13.0,10000.0,10000.0,https://www.sec.gov/Archives/edgar/data/896493/000114420410026925/0001144204-10-026925-index.html,https://www.sec.gov/Archives/edgar/data/896493/000114420410026925/v184836_10q.htm
0,2009-12-31,DPW,2010-03-25 00:00:00,2010-03-25 17:19:10,Q4,2440000.0,1580000.0,860000.0,0.352459,150000.0,700000.0,312000.0,151000.0,850000.0000000001,2430000.0,30000.0,40000.00000000001,110000.00000000001,0.045082,10000.0,0.004098,0.0,40000.0,0.016393,30000.0,10000.0,0.004098,1.0,1.0,10000.0,10000.0,https://www.sec.gov/Archives/edgar/data/896493/000114420410015683/0001144204-10-015683-index.html,https://www.sec.gov/Archives/edgar/data/896493/000114420410015683/v178639_10k.htm
0,2009-09-30,DPW,2009-11-16 00:00:00,2009-11-16 17:29:38,Q3,1710000.0,1200000.0,510000.0,0.298246,140000.0,610000.0,250000.0,136000.0,740000.0,1940000.0,30000.0,0.0,-180000.0,-0.105263,-230000.0,-0.134503,0.0,-210000.0,-0.122807,0.0,-210000.0,-0.122807,-21.0,-21.0,10000.0,10000.0,https://www.sec.gov/Archives/edgar/data/896493/000114420409060131/0001144204-09-060131-index.html,https://www.sec.gov/Archives/edgar/data/896493/000114420409060131/v166713_10q.htm
0,2009-06-30,DPW,2009-08-14 00:00:00,2009-08-14 14:57:25,Q2,2100000.0,1390000.0,710000.0,0.338095,130000.0,600000.0,265000.0,133000.0,720000.0,2110000.0,-100000.0,30000.0,-190000.0,-0.090476,-20000.0,-0.009524,0.0,-120000.0,-0.057143,0.0,-120000.0,-0.057143,-12.0,-12.0,10000.0,10000.0,https://www.sec.gov/Archives/edgar/data/896493/000114420409043528/0001144204-09-043528-index.html,https://www.sec.gov/Archives/edgar/data/896493/000114420409043528/v157949_10q.htm
0,2009-03-31,DPW,2009-05-14 00:00:00,2009-05-14 17:19:59,Q1,2420000.0,1490000.0,930000.0,0.384298,140000.0,650000.0,319000.0,136000.0,789999.9999999998,2280000.0,30000.0,30000.0,230000.0,0.095041,140000.0,0.057851,0.0,170000.0,0.070248,0.0,170000.0,0.070248,17.0,17.0,10000.0,10000.0,https://www.sec.gov/Archives/edgar/data/896493/000114420409026673/0001144204-09-026673-index.html,https://www.sec.gov/Archives/edgar/data/896493/000114420409026673/v149589_10q.htm
0,2008-12-31,DPW,2009-03-30 00:00:00,2009-03-30 17:24:51,Q4,2560000.0,1780000.0,780000.0,0.304688,160000.0,560000.0,337000.0,162000.0,729999.9999999998,2510000.0,60000.0,19999.99999999999,190000.0,0.074219,50000.0,0.019531,0.0,110000.0,0.042969,-30000.0,140000.0,0.054688,14.0,14.0,10000.0,10000.0,https://www.sec.gov/Archives/edgar/data/896493/000114420409017124/0001144204-09-017124-index.html,https://www.sec.gov/Archives/edgar/data/896493/000114420409017124/v144392_10k.htm
0,2008-09-30,DPW,2008-11-14 00:00:00,2008-11-14 16:43:01,Q3,2830000.0,1760000.0,1060000.0,0.374558,160000.0,610000.0,242000.0,158000.0,769999.9999999998,2530000.0,60000.0,20000.000000000004,440000.0,0.155477,300000.0,0.106007,0.0,360000.0,0.127208,0.0,360000.0,0.127208,36.0,36.0,10000.0,10000.0,https://www.sec.gov/Archives/edgar/data/896493/000114420408064510/0001144204-08-064510-index.html,https://www.sec.gov/Archives/edgar/data/896493/000114420408064510/v132257_10q.htm
0,2008-06-30,DPW,2008-08-14 00:00:00,2008-08-14 17:23:06,Q2,3350000.0,2490000.0,860000.0,0.256716,140000.0,510000.0,190000.0,142000.0,649999.9999999999,3140000.0,10000.0,20000.000000000004,250000.0,0.074627,210000.0,0.062687,0.0,220000.0,0.065672,0.0,220000.0,0.065672,22.0,22.0,10000.0,10000.0,https://www.sec.gov/Archives/edgar/data/896493/000114420408047549/0001144204-08-047549-index.html,https://www.sec.gov/Archives/edgar/data/896493/000114420408047549/v123719_10q.htm
0,2008-03-31,DPW,2008-05-15 00:00:00,2008-05-15 16:17:48,Q1,3170000.0,2350000.0,820000.0,0.258675,160000.0,830000.0,270000.0,160000.0,980000.0,3330000.0,0.0,30000.0,-130000.0,-0.041009,-170000.0,-0.053628,0.0,-160000.0,-0.050473,0.0,-160000.0,-0.050473,-16.0,-16.0,10000.0,10000.0,https://www.sec.gov/Archives/edgar/data/896493/000114420408029708/0001144204-08-029708-index.html,https://www.sec.gov/Archives/edgar/data/896493/000114420408029708/v114706_10q.htm
0,2007-12-31,DPW,2008-03-31,2008-03-31 16:54:19,Q4,3850000.0,2870000.0,980000.0,0.254545,140000.0,630000.0,259000.0,141000.0,779999.9999999998,3650000.0,30000.0,20000.000000000004,290000.0,0.075325,210000.0,0.054545,0.0,240000.0,0.062338,0.0,240000.0,0.062338,24.0,24.0,10000.0,10000.0,https://www.sec.gov/Archives/edgar/data/896493/000114420408019245/v108898_10ksb.htm,https://www.sec.gov/Archives/edgar/data/896493/000114420408019245/v108898_10ksb.htm
0,2007-09-30,DPW,2007-11-15,2007-11-15 16:36:24,Q3,3030000.0,2240000.0,790000.0,0.260726,190000.0,580000.0,238000.0,185000.0,769999.9999999997,3009999.9999999995,10000.0,30000.0,70000.0,0.023102,20000.0,0.006601,0.0,30000.0,0.009901,-10000.0,40000.0,0.013201,4.0,4.0,10000.0,10000.0,https://www.sec.gov/Archives/edgar/data/896493/000114420407062263/v094448_10qsb.htm,https://www.sec.gov/Archives/edgar/data/896493/000114420407062263/v094448_10qsb.htm
0,2007-06-30,DPW,2007-08-15,2007-08-15 16:43:38,Q2,2540000.0,1970000.0,560000.0,0.220472,180000.0,580000.0,478000.0,402000.0,770000.0000000002,2740000.0,10000.0,9999.999999999998,-170000.0,-0.066929,-200000.0,-0.07874,0.0,-190000.0,-0.074803,10000.0,-200000.0,-0.07874,-20.0,-20.0,10000.0,10000.0,https://www.sec.gov/Archives/edgar/data/896493/000127528707001590/dp9462.htm,https://www.sec.gov/Archives/edgar/data/896493/000127528707001590/dp9462.htm
0,2007-03-31,DPW,,,Q1,2740000.0,1970000.0,780000.0,0.284672,220000.0,530000.0,0.0,0.0,750000.0000000002,2720000.0,20000.0,20000.0,80000.0,0.029197,30000.0,0.010949,0.0,40000.0,0.014599,0.0,40000.0,0.014599,4.0,4.0,10000.0,10000.0,,
0,2006-12-31,DPW,2007-04-02,2007-03-30 19:38:42,Q4,3190000.0,2460000.0,730000.0,0.22884,180000.0,580000.0,254000.0,181000.0,750000.0,3210000.0,30000.0,20000.000000000004,50000.00000000001,0.015674,-30000.0,-0.009404,0.0,0.0,0.0,0.0,0.0,0.0,0.25,0.25,10000.0,10000.0,https://www.sec.gov/Archives/edgar/data/896493/000127528707001590/dp9462.htm,https://www.sec.gov/Archives/edgar/data/896493/000127528707001590/dp9462.htm
0,2006-09-30,DPW,2006-11-15,2006-11-15 17:06:46,Q3,3400000.0,2500000.0,910000.0,0.267647,170000.0,660000.0,292000.0,172000.0,830000.0000000001,3330000.0,0.0,19999.999999999996,100000.0,0.029412,80000.0,0.023529,0.0,80000.0,0.023529,0.0,80000.0,0.023529,8.0,8.0,10000.0,10000.0,https://www.sec.gov/Archives/edgar/data/896493/000127528706006097/dp7967.htm,https://www.sec.gov/Archives/edgar/data/896493/000127528706006097/dp7967.htm
0,2006-06-30,DPW,2006-08-15,2006-08-15 13:02:45,Q2,3330000.0,2470000.0,860000.0,0.258258,170000.0,660000.0,315000.0,172000.0,839999.9999999999,3310000.0,-10000.0,20000.0,30000.0,0.009009,30000.0,0.009009,0.0,20000.0,0.006006,0.0,20000.0,0.006006,2.0,2.0,10000.0,10000.0,https://www.sec.gov/Archives/edgar/data/896493/000127528706004434/dp6840.htm,https://www.sec.gov/Archives/edgar/data/896493/000127528706004434/dp6840.htm
0,2006-03-31,DPW,2006-05-16,2006-05-16 10:55:46,Q1,2710000.0,1930000.0,780000.0,0.287823,140000.0,610000.0,302000.0,138000.0,740000.0,2670000.0,0.0,20000.0,60000.0,0.02214,40000.0,0.01476,0.0,40000.0,0.01476,0.0,40000.0,0.01476,4.0,4.0,10000.0,10000.0,https://www.sec.gov/Archives/edgar/data/896493/000127528706002828/dp5894.htm,https://www.sec.gov/Archives/edgar/data/896493/000127528706002828/dp5894.htm
0,2005-12-31,DPW,,,Q4,3670000.0,2650000.0,1020000.0,0.277929,210000.0,630000.0,0.0,0.0,830000.0000000001,3480000.0,0.0,30000.0,220000.0,0.059946,190000.0,0.051771,0.0,190000.0,0.051771,0.0,190000.0,0.051771,19.0,19.0,10000.0,10000.0,,
0,2005-09-30,DPW,,,Q3,2970000.0,2120000.0,850000.0,0.286195,150000.0,590000.0,0.0,0.0,739999.9999999998,2860000.0,0.0,19999.999999999996,130000.0,0.043771,110000.0,0.037037,0.0,110000.0,0.037037,0.0,110000.0,0.037037,11.0,11.0,10000.0,10000.0,,
0,2005-06-30,DPW,,,Q2,2280000.0,1640000.0,640000.0,0.280702,100000.0,550000.0,0.0,0.0,659999.9999999999,2300000.0,-80000.0,20000.0,-150000.0,-0.065789,-10000.0,-0.004386,0.0,-90000.0,-0.039474,0.0,-90000.0,-0.039474,-9.0,-9.0,10000.0,10000.0,,
0,2005-03-31,DPW,,,Q1,1940000.0,1330000.0,610000.0,0.314433,130000.0,660000.0,0.0,0.0,779999.9999999998,2110000.0,-10000.0,20000.0,-170000.0,-0.087629,-170000.0,-0.087629,0.0,-180000.0,-0.092784,0.0,-180000.0,-0.092784,-18.0,-18.0,10000.0,10000.0,,
0,2004-12-31,DPW,,,Q4,2560000.0,2190000.0,370000.0,0.144531,180000.0,720000.0,0.0,0.0,890000.0000000001,3080000.0,50000.0,20000.000000000004,-400000.0,-0.15625,-520000.0,-0.203125,10000.0,-470000.0,-0.183594,-30000.0,-440000.0,-0.171875,-44.0,-44.0,10000.0,10000.0,,
0,2004-09-30,DPW,,,Q3,2190000.0,1670000.0,520000.0,0.237443,160000.0,580000.0,0.0,0.0,740000.0000000002,2410000.0,-10000.0,30000.0,-210000.0,-0.09589,-220000.0,-0.100457,-10000.0,-230000.0,-0.105023,0.0,-230000.0,-0.105023,-23.0,-23.0,10000.0,10000.0,,
0,2004-06-30,DPW,,,Q2,2140000.0,1610000.0,530000.0,0.247664,160000.0,590000.0,0.0,0.0,749999.9999999998,2360000.0,-30000.0,20000.000000000004,-260000.0,-0.121495,-220000.0,-0.102804,0.0,-250000.0,-0.116822,0.0,-250000.0,-0.116822,-25.0,-25.0,10000.0,10000.0,,
0,2004-03-31,DPW,,,Q1,1830000.0,1390000.0,440000.0,0.240437,140000.0,580000.0,0.0,0.0,720000.0,2110000.0,30000.0,30000.0,-190000.0,-0.103825,-280000.0,-0.153005,0.0,-250000.0,-0.136612,0.0,-250000.0,-0.136612,-25.0,-25.0,10000.0,10000.0,,
0,2003-12-31,DPW,,,Q4,2030000.0,1490000.0,540000.0,0.26601,170000.0,770000.0,0.0,0.0,950000.0,2440000.0,10000.0,30000.0,-350000.0,-0.172414,-410000.0,-0.20197,0.0,-390000.0,-0.192118,0.0,-390000.0,-0.192118,-39.0,-39.0,10000.0,10000.0,,
0,2003-09-30,DPW,,,Q3,1610000.0,1180000.0,430000.0,0.267081,110000.0,570000.0,0.0,0.0,680000.0000000002,1860000.0000000002,10000.0,30000.0,-200000.0,-0.124224,-250000.0,-0.15528,0.0,-240000.0,-0.149068,-50000.0,-190000.0,-0.118012,-19.0,-19.0,10000.0,10000.0,,
0,2003-06-30,DPW,,,Q2,1600000.0,1170000.0,430000.0,0.26875,130000.0,600000.0,0.0,0.0,720000.0,1890000.0,10000.0,30000.000000000007,-250000.0,-0.15625,-290000.0,-0.18125,0.0,-280000.0,-0.175,-20000.0,-270000.0,-0.16875,-27.0,-27.0,10000.0,10000.0,,
0,2003-03-31,DPW,,,Q1,2130000.0,1540000.0,600000.0,0.28169,150000.0,570000.0,0.0,0.0,710000.0,2250000.0,0.0,40000.0,-90000.0,-0.042254,-120000.0,-0.056338,0.0,-120000.0,-0.056338,-10000.0,-120000.0,-0.056338,-12.0,-12.0,10000.0,10000.0,,
0,2002-12-31,DPW,,,Q4,2000000.0,1440000.0,570000.0,0.285,150000.0,610000.0,0.0,0.0,760000.0000000002,2200000.0,-10000.0,79999.99999999999,-140000.0,-0.07,-190000.0,-0.095,-10000.0,-210000.0,-0.105,-580000.0,370000.0,0.185,37.0,37.0,10000.0,10000.0,,
0,2002-09-30,DPW,,,Q3,2230000.0,1590000.0,640000.0,0.286996,230000.0,580000.0,0.0,0.0,809999.9999999998,2400000.0,280000.0,60000.0,450000.0,0.201794,-170000.0,-0.076233,0.0,110000.0,0.049327,10000.0,100000.0,0.044843,10.0,10.0,10000.0,10000.0,,
0,2002-06-30,DPW,,,Q2,2360000.0,1640000.0,720000.0,0.305085,180000.0,550000.0,0.0,0.0,730000.0000000002,2370000.0,20000.0,70000.0,110000.0,0.04661,-10000.0,-0.004237,10000.0,20000.0,0.008475,10000.0,10000.0,0.004237,1.0,1.0,10000.0,10000.0,,
0,2002-03-31,DPW,,,Q1,2180000.0,1650000.0,540000.0,0.247706,190000.0,500000.0,0.0,0.0,690000.0,2340000.0,-10000.0,90000.0,-90000.0,-0.041284,-160000.0,-0.073394,0.0,-170000.0,-0.077982,30000.0,-200000.0,-0.091743,-20.0,-20.0,10000.0,10000.0,,
0,2001-12-31,DPW,,,Q4,2230000.0,1060000.0,1170000.0,0.524664,210000.0,-140000.0,0.0,0.0,1020000.0,2080000.0,-10000.0,160000.00000000003,290000.00000000006,0.130045,150000.0,0.067265,0.0,140000.0,0.06278,-10000.0,150000.0,0.067265,158.75,158.75,0.0,0.0,,
0,2001-09-30,DPW,,,Q3,2350000.0,2160000.0,190000.0,0.080851,220000.0,780000.0,0.0,0.0,1009999.9999999998,3170000.0,-20000.0,69999.99999999999,-790000.0,-0.33617,-820000.0,-0.348936,0.0,-830000.0,-0.353191,30000.0,-870000.0,-0.370213,-212.72,-212.72,0.0,0.0,,
0,2001-06-30,DPW,,,Q2,2490000.0,6090000.0,-3600000.0,-1.445783,310000.0,1680000.0,0.0,0.0,1990000.0000000002,8080000.0,-10000.0,90000.0,-5550000.0,-2.228916,-5590000.0,-2.24498,0.0,-5630000.0,-2.261044,-90000.0,-5540000.0,-2.2249,-1355.8,-1355.8,0.0,0.0,,
0,2001-03-31,DPW,,,Q1,3260000.0,2630000.0,630000.0,0.193252,320000.0,720000.0,0.0,0.0,1040000.0,3670000.0,-10000.0,130000.0,-290000.0,-0.088957,-410000.0,-0.125767,0.0,-410000.0,-0.125767,370000.0,-780000.0,-0.239264,-191.62,-191.62,0.0,0.0,,
0,2000-12-31,DPW,,,Q4,4240000.0,3520000.0,720000.0,0.169811,300000.0,670000.0,0.0,0.0,970000.0000000002,4490000.0,10000.0,70000.0,-160000.0,-0.037736,-250000.0,-0.058962,0.0,-240000.0,-0.056604,-110000.0,-130000.0,-0.03066,-32.36,-32.36,0.0,0.0,,
0,2000-09-30,DPW,,,Q3,5120000.0,3690000.0,1430000.0,0.279297,320000.0,900000.0,0.0,0.0,1210000.0000000005,4900000.0,-20000.0,209999.99999999997,389999.99999999994,0.076172,220000.0,0.042969,0.0,200000.0,0.039063,90000.0,110000.0,0.021484,23.38,23.38,0.0,0.0,,
0,2000-06-30,DPW,,,Q2,4290000.0,3040000.0,1250000.0,0.291375,270000.0,910000.0,0.0,0.0,1179999.9999999998,4220000.0,-20000.0,80000.00000000001,110000.00000000001,0.025641,70000.0,0.016317,0.0,50000.0,0.011655,30000.0,20000.0,0.004662,5.03,5.03,0.0,0.0,,
0,2000-03-31,DPW,,,Q1,4240000.0,2980000.0,1260000.0,0.29717,280000.0,770000.0,0.0,0.0,1050000.0000000002,4030000.0000000005,-20000.0,120000.0,290000.0,0.068396,210000.0,0.049528,0.0,190000.0,0.044811,100000.0,90000.0,0.021226,22.64,22.64,0.0,0.0,,
0,1999-12-31,DPW,,,Q4,3380000.0,2270000.0,1110000.0,0.328402,190000.0,840000.0,0.0,0.0,1029999.9999999998,3300000.0,-20000.0,140000.0,170000.0,0.050296,90000.0,0.026627,0.0,50000.0,0.014793,20000.0,30000.0,0.008876,10.3,10.3,0.0,0.0,,
0,1999-09-30,DPW,,,Q3,4430000.0,3250000.0,1180000.0,0.266366,330000.0,650000.0,0.0,0.0,980000.0000000003,4230000.0,-40000.0,89999.99999999997,209999.99999999997,0.047404,200000.0,0.045147,0.0,160000.0,0.036117,60000.0,100000.0,0.022573,27.36,27.36,0.0,0.0,,
0,1999-06-30,DPW,,,Q2,4330000.0,3280000.0,1050000.0,0.242494,210000.0,680000.0,0.0,0.0,890000.0000000001,4170000.0,-50000.0,140000.0,200000.0,0.046189,160000.0,0.036952,0.0,110000.0,0.025404,50000.0,60000.0,0.013857,16.92,16.92,0.0,0.0,,
0,1999-03-31,DPW,,,Q1,3220000.0,2480000.0,730000.0,0.226708,220000.0,630000.0,0.0,0.0,859999.9999999999,3340000.0,-50000.0,130000.0,-100000.0,-0.031056,-120000.0,-0.037267,0.0,-170000.0,-0.052795,-20000.0,-160000.0,-0.049689,-45.03,-45.03,0.0,0.0,,
0,1998-12-31,DPW,,,Q4,4430000.0,4320000.0,110000.0,0.024831,610000.0,890000.0,0.0,0.0,1500000.0,5820000.0,-60000.0,149999.99999999997,-1360000.0,-0.306998,-1390000.0,-0.31377,-10000.0,-1450000.0,-0.327314,-490000.0,-960000.0,-0.216704,-277.31,-277.31,0.0,0.0,,
0,1998-09-30,DPW,,,Q3,4680000.0,3390000.0,1290000.0,0.275641,250000.0,840000.0,0.0,0.0,1090000.0000000002,4480000.0,-70000.0,90000.00000000001,150000.00000000003,0.032051,200000.0,0.042735,0.0,140000.0,0.029915,50000.0,80000.0,0.017094,22.23,22.23,0.0,0.0,,
0,1998-06-30,DPW,,,Q2,4580000.0,3540000.0,1040000.0,0.227074,270000.0,760000.0,0.0,0.0,1030000.0000000002,4570000.0,-70000.0,109999.99999999999,-30000.00000000001,-0.00655,10000.0,0.002183,-10000.0,-70000.0,-0.015284,-70000.0,0.0,0.0,1.02,1.02,0.0,0.0,,
0,1998-03-31,DPW,,,Q1,5060000.0,3540000.0,1520000.0,0.300395,270000.0,650000.0,0.0,0.0,919999.9999999999,4460000.0,-50000.0,70000.0,580000.0,0.114625,600000.0,0.118577,0.0,550000.0,0.108696,260000.0,300000.0,0.059289,71.93,71.93,0.0,0.0,,
0,1997-12-31,DPW,,,Q4,4880000.0,3370000.0,1510000.0,0.309426,220000.0,530000.0,0.0,0.0,750000.0,4120000.0,-10000.0,70000.0,810000.0,0.165984,760000.0,0.155738,0.0,750000.0,0.153689,360000.0,390000.0,0.079918,89.08,89.08,0.0,0.0,,
0,1997-09-30,DPW,,,Q3,5190000.0,3950000.0,1240000.0,0.238921,230000.0,350000.0,0.0,0.0,580000.0000000001,4530000.0,-20000.0,30000.0,660000.0,0.127168,660000.0,0.127168,10000.0,650000.0,0.125241,240000.0,410000.0,0.078998,91.35,91.35,0.0,0.0,,
0,1997-06-30,DPW,,,Q2,5020000.0,3840000.0,1180000.0,0.23506,210000.0,370000.0,0.0,0.0,580000.0000000001,4420000.0,-20000.0,40000.00000000001,600000.0,0.119522,600000.0,0.119522,0.0,580000.0,0.115538,210000.0,370000.0,0.073705,84.11,84.11,0.0,0.0,,
0,1997-03-31,DPW,,,Q1,3800000.0,2800000.0,1000000.0,0.263158,210000.0,350000.0,0.0,0.0,550000.0000000003,3350000.0000000005,-30000.0,30000.0,450000.0,0.118421,450000.0,0.118421,20000.0,440000.0,0.115789,210000.0,240000.0,0.063158,58.74,58.74,0.0,0.0,,
