,date,symbol,fillingDate,acceptedDate,period,revenue,costOfRevenue,grossProfit,grossProfitRatio,researchAndDevelopmentExpenses,generalAndAdministrativeExpenses,sellingAndMarketingExpenses,otherExpenses,operatingExpenses,costAndExpenses,interestExpense,depreciationAndAmortization,ebitda,ebitdaratio,operatingIncome,operatingIncomeRatio,totalOtherIncomeExpensesNet,incomeBeforeTax,incomeBeforeTaxRatio,incomeTaxExpense,netIncome,netIncomeRatio,eps,epsdiluted,weightedAverageShsOut,weightedAverageShsOutDil,link,finalLink
0,2020-08-31,EBF,2020-10-07,2020-10-07 17:21:32,Q2,86612000,61457000,25155000,0.290433196323835,0.0,16535000,0.0,16235000,16234999.999999993,77691999.99999999,-3000.0,4405000.0,13079000,0.151007,8920000.0,0.102988,-240000.0,8677000.0,0.100182,2256000.0,6421000.0,0.074135,0.2472,0.2472,25974410,25974410,https://www.sec.gov/Archives/edgar/data/33002/000156459020046031/0001564590-20-046031-index.htm,https://www.sec.gov/Archives/edgar/data/33002/000156459020046031/ebf-10q_20200831.htm
0,2020-05-31,EBF,2020-07-02,2020-07-02 14:56:07,Q1,88996000,65089000,23907000,0.2686300507887995,0.0,18123000,0.0,-241000.0,18010999.999999996,83100000,3000.0,4416000.0,10074000,0.113196,5896000.0,0.06625,-238000.0,5655000.0,0.063542,1470000.0,4185000.0,0.047025,0.16112,0.16112,25975010,25975010,https://www.sec.gov/Archives/edgar/data/33002/000156459020031646/0001564590-20-031646-index.htm,https://www.sec.gov/Archives/edgar/data/33002/000156459020020699/ebf-10k_20200229.htm
0,2020-02-29,EBF,2020-05-04,2020-05-04 12:20:57,Q4,106703000,76769000,29934000,0.28053569252973204,0.0,19075000,0.0,142000.0,18983999.999999996,95753000,4000.0,4562000.000000001,15658000.000000002,0.146744,10950000,0.102621,146000.0,11092000,0.103952,2518000.0,8574000.0,0.080354,0.32924,0.32924,26041720,26041720,https://www.sec.gov/Archives/edgar/data/33002/000156459020020699/0001564590-20-020699-index.htm,https://www.sec.gov/Archives/edgar/data/33002/000156459020020699/ebf-10k_20200229.htm
0,2019-11-30,EBF,2020-01-03,2020-01-03 12:39:58,Q3,114860000,81024000,33836000,0.294584711823089,0.0,19751000,0.0,180000.0,19754999.999999996,100779000,5000.0,4755999.999999999,19022000,0.16561,14081000,0.122593,185000.0,14261000,0.12416,3708000.0,10553000,0.091877,0.40572,0.40572,26010570,26010570,https://www.sec.gov/Archives/edgar/data/33002/000156459020000181/0001564590-20-000181-index.htm,https://www.sec.gov/Archives/edgar/data/33002/000156459020000181/ebf-10q_20191130.htm
0,2019-08-31,EBF,2019-10-02,2019-10-02 11:47:28,Q2,108816000,76358000,32458000,0.29828334068519335,0.0,19644000,0.0,68000.0,19643999.99999999,96001999.99999999,280000.0,4495000.000000001,17657000,0.162265,12814000,0.117758,348000.0,12882000,0.118383,3349000.0,9533000.0,0.087607,0.36624,0.36624,26029360,26029360,https://www.sec.gov/Archives/edgar/data/33002/000156459019036187/0001564590-19-036187-index.htm,https://www.sec.gov/Archives/edgar/data/33002/000156459019036187/ebf-10q_20190831.htm
0,2019-05-31,EBF,2019-07-03,2019-07-03 12:25:41,Q1,108033000,75337000,32696000,0.3026482648820268,0.0,19703000,0.0,23000.0,19703000.000000004,95040000,317000.0,4381000.0,17714000,0.163968,12993000,0.120269,340000.0,13016000,0.120482,3384000.0,9632000.0,0.089158,0.37006,0.37006,26028340,26028340,https://www.sec.gov/Archives/edgar/data/33002/000156459019024496/0001564590-19-024496-index.htm,https://www.sec.gov/Archives/edgar/data/33002/000156459019015928/ebf-10k_20190228.htm
0,2019-02-28,EBF,2019-05-06,2019-05-06 14:46:34,Q4,100702000,71611000,29091000,0.28888204802287937,0.0,18246000,0.0,94000.0,18227999.999999993,89839000,241000.0,4184000.0,15382000,0.152748,10863000,0.107873,335000.0,10957000,0.108806,2753000.0,8204000.0,0.081468,0.31435,0.31435,26098220,26098220,https://www.sec.gov/Archives/edgar/data/33002/000156459019015928/0001564590-19-015928-index.htm,https://www.sec.gov/Archives/edgar/data/33002/000156459019015928/ebf-10k_20190228.htm
0,2018-11-30,EBF,2019-01-04,2019-01-04 13:13:18,Q3,108070000,74315000,33755000,0.31234385120755065,0.0,19942000,0.0,-114000.0,19748999.999999996,94064000,365000.0,4775000.0,19032000,0.176108,14006000,0.129601,251000.0,13892000,0.128546,3473000.0,10419000,0.09641,0.39763,0.39763,26202430,26202430,https://www.sec.gov/Archives/edgar/data/33002/000156459019000166/0001564590-19-000166-index.htm,https://www.sec.gov/Archives/edgar/data/33002/000156459019000166/ebf-10q_20181130.htm
0,2018-08-31,EBF,2018-10-05,2018-10-05 12:10:20,Q2,98600000,68300000,30300000,0.30730223123732253,0.0,17600000,0.0,-2000.0,17500000,85800000,287000.0,3769999.9999999995,16857000,0.170963,12800000,0.129817,300000.0,12800000,0.129817,3200000.0,9600000.0,0.097363,0.37354,0.37354,25700000,25700000,https://www.sec.gov/Archives/edgar/data/33002/000156459018024009/0001564590-18-024009-index.htm,https://www.sec.gov/Archives/edgar/data/33002/000156459018024009/ebf-10q_20180831.htm
0,2018-05-31,EBF,2018-07-06,2018-07-06 11:55:55,Q1,93400000,63200000,30200000,0.3233404710920771,0.0,17500000,0.0,-131000.0,17799999.999999996,81000000,261000.0,3460000.0,16021000,0.171531,12500000,0.133833,100000.0,12300000,0.131692,3100000.0,9200000.0,0.098501,0.3622,0.3622,25400000,25400000,https://www.sec.gov/Archives/edgar/data/33002/000156459018016634/0001564590-18-016634-index.htm,https://www.sec.gov/Archives/edgar/data/33002/000156459018013187/ebf-10k_20180228.htm
0,2018-02-28,EBF,2018-05-11,2018-05-11 14:43:49,Q4,87100000,60700000,26400000,0.3030998851894374,0.0,18200000,0.0,-73000.0,18299999.999999996,79000000,220000.0,3499999.999999999,8119999.999999999,0.093226,8100000.0,0.092997,-392000.0,7900000.0,0.0907,-3900000.0,8300000.0,0.095293,0.32677,0.32677,25400000,25400000,https://www.sec.gov/Archives/edgar/data/33002/000156459018013187/0001564590-18-013187-index.htm,https://www.sec.gov/Archives/edgar/data/33002/000156459018013187/ebf-10k_20180228.htm
0,2017-11-30,EBF,2018-01-05,2018-01-05 12:09:40,Q3,93600000,63700000,29900000,0.3194444444444444,0.0,16600000,0.0,-319000.0,16599999.999999994,80300000,163000.0,3510000.0,16873000,0.180267,13300000,0.142094,0.0,13100000,0.139957,4900000.0,8300000.0,0.088675,0.32677,0.32677,25400000,25400000,https://www.sec.gov/Archives/edgar/data/33002/000156459018000111/0001564590-18-000111-index.htm,https://www.sec.gov/Archives/edgar/data/33002/000156459018000111/ebf-10q_20171130.htm
0,2017-08-31,EBF,2017-10-06,2017-10-06 12:35:57,Q2,94900000,64000000,30900000,0.3256059009483667,0.0,17000000,0.0,0.0,17099999.999999993,81100000,204000.0,3550000.0,17254000,0.181812,13800000,0.145416,0.0,13600000,0.143309,5000000.0,8500000.0,0.089568,0.33465,0.33465,25400000,25400000,https://www.sec.gov/Archives/edgar/data/33002/000156459017019320/0001564590-17-019320-index.htm,https://www.sec.gov/Archives/edgar/data/33002/000156459017019320/ebf-10q_20170831.htm
0,2017-05-31,EBF,2017-07-07,2017-07-07 12:45:57,Q1,94600000,64600000,30000000,0.3171247357293869,0.0,17300000,0.0,0.0,17300000.00000001,81900000.00000001,190000.0,3530000.0,16120000,0.170402,12700000,0.134249,-100000.0,12400000,0.131078,4600000.0,7800000.0,0.082452,0.30709,0.30709,25400000,25400000,https://www.sec.gov/Archives/edgar/data/33002/000119312517224015/0001193125-17-224015-index.htm,https://www.sec.gov/Archives/edgar/data/33002/000119312517168434/d353204d10k.htm
0,2017-02-28,EBF,2017-05-12,2017-05-12 14:31:14,Q4,86600000,61600000,25000000,0.28868360277136257,0.0,15200000,0.0,0.0,15199999.999999996,76800000,208000.0,3169999.999999999,11777999.999999998,0.136005,9700000.0,0.112009,0.0,9500000.0,0.1097,2300000.0,6100000.0,0.070439,0.23828,0.23828,25600000,25600000,https://www.sec.gov/Archives/edgar/data/33002/000119312517168434/0001193125-17-168434-index.htm,https://www.sec.gov/Archives/edgar/data/33002/000119312517168434/d353204d10k.htm
0,2016-11-30,EBF,2017-01-06,2017-01-06 12:39:30,Q3,88700000,63400000,25300000,0.2852311161217587,0.0,15800000,0.0,0.0,16100000,79500000,172000.0,3110000.000000001,12382000,0.139594,9200000.0,0.10372,100000.0,9100000.0,0.102593,3400000.0,5700000.0,0.064262,0.22179,0.22179,25700000,25700000,https://www.sec.gov/Archives/edgar/data/33002/000119312517004099/0001193125-17-004099-index.htm,https://www.sec.gov/Archives/edgar/data/33002/000119312517004099/d256030d10q.htm
0,2016-08-31,EBF,2016-10-05,2016-10-05 15:01:31,Q2,91200000,64200000,27000000,0.29605263157894735,0.0,16100000,0.0,0.0,16099999.999999994,80300000,231000.0,3179999.9999999995,14211000,0.155822,11000000,0.120614,0.0,10800000,0.118421,4000000.0,6800000.0,0.074561,0.26255,0.26255,25900000,25900000,https://www.sec.gov/Archives/edgar/data/33002/000119312516731451/0001193125-16-731451-index.htm,https://www.sec.gov/Archives/edgar/data/33002/000119312516731451/d226666d10q.htm
0,2016-05-31,EBF,2016-07-08,2016-07-08 15:55:29,Q1,90400000,63700000,26700000,0.29535398230088494,0.0,16100000,0.0,0.0,16099999.999999994,79800000,2000.0,3139999.9999999995,-9858000.0,-0.109049,10600000,0.117257,0.0,10600000,0.117257,3900000.0,-16900000,-0.186947,-0.65504,-0.65504,25800000,25800000,https://www.sec.gov/Archives/edgar/data/33002/000119312516644473/0001193125-16-644473-index.htm,https://www.sec.gov/Archives/edgar/data/33002/000119312516587329/d120404d10k.htm
0,2016-02-29,EBF,2016-05-11,2016-05-11 17:19:59,Q4,91200000,65900000,25300000,0.2774122807017544,0.0,17100000,0.0,0.0,17099999.999999993,83000000,238000.0,3169999.999999999,11107999.999999998,0.121798,8200000.0,0.089912,0.0,8200000.0,0.089912,2900000.0,4800000.0,0.052632,0.18605,0.18605,25800000,25800000,https://www.sec.gov/Archives/edgar/data/33002/000119312516587329/0001193125-16-587329-index.htm,https://www.sec.gov/Archives/edgar/data/33002/000119312516587329/d120404d10k.htm
0,2015-11-30,EBF,2015-12-30,2015-12-30 12:12:32,Q3,97500000,67800000,29700000,0.3046153846153846,0.0,16400000,0.0,0.0,16100000.00000001,83900000.00000001,260000.0,3130000.000000001,19090000,0.195795,13700000,0.140513,0.0,13600000,0.139487,5000000.0,10700000,0.109744,0.41634,0.41634,25700000,25700000,https://www.sec.gov/Archives/edgar/data/33002/000119312515417151/0001193125-15-417151-index.htm,https://www.sec.gov/Archives/edgar/data/33002/000119312515417151/d68675d10q.htm
0,2015-08-31,EBF,2015-09-29,2015-09-29 12:40:28,Q2,100500000,69100000,31400000,0.3124378109452736,0.0,16100000,0.0,0.0,16100000.00000001,85200000.00000001,382000.0,3119999.9999999995,20102000,0.20002,15300000,0.152239,0.0,15300000,0.152239,5600000.0,11000000,0.109453,0.42802,0.42802,25700000,25700000,https://www.sec.gov/Archives/edgar/data/33002/000119312515332035/0001193125-15-332035-index.htm,https://www.sec.gov/Archives/edgar/data/33002/000119312515332035/d55287d10q.htm
0,2015-05-31,EBF,2015-07-09,2015-07-09 12:58:55,Q1,96800000,66800000,30000000,0.30991735537190085,0.0,16100000,0.0,0.0,16100000.00000001,82900000.00000001,478000.0,2940000.0,17718000,0.183037,13900000,0.143595,0.0,13900000,0.143595,5100000.0,9200000.0,0.095041,0.35938,0.35938,25600000,25600000,https://www.sec.gov/Archives/edgar/data/33002/000119312515248857/0001193125-15-248857-index.htm,https://www.sec.gov/Archives/edgar/data/33002/000119312515178878/d873581d10k.htm
0,2015-02-28,EBF,2015-05-08,2015-05-08 11:50:09,Q4,-59600000,64600000,-5000000.0,0.08389261744966443,0.0,-6800000.0,0.0,0.0,-100100000,-164700000,526000.0,-980000.0000000003,27046000,-0.453792,105100000,-1.763423,-100000.0,106500000,-1.786913,18900000,8600000.0,-0.144295,0.327,0.327,26300000,26300000,https://www.sec.gov/Archives/edgar/data/33002/000119312515178878/0001193125-15-178878-index.htm,https://www.sec.gov/Archives/edgar/data/33002/000119312515178878/d873581d10k.htm
0,2014-11-30,EBF,2015-01-09,2015-01-09 12:57:32,Q3,147000000,110500000,36500000,0.24829931972789115,0.0,23800000,0.0,0.0,117100000,227600000,472000.0,4010000.000000001,-76318000,-0.51917,-80600000,-0.548299,300000.0,-80700000,-0.54898,-9600000.0,-71200000,-0.484354,-2.75969,-2.75969,25800000,25800000,https://www.sec.gov/Archives/edgar/data/33002/000119312515006116/0001193125-15-006116-index.htm,https://www.sec.gov/Archives/edgar/data/33002/000119312515006116/d823934d10q.htm
0,2014-08-31,EBF,2014-09-30,2014-09-30 13:09:57,Q2,151800000,113700000,38100000,0.2509881422924901,0.0,21800000,0.0,0.0,21799999.999999996,135500000,525000.0,4060000.0,20485000,0.134947,16400000,0.108037,100000.0,15900000,0.104743,5900000.0,10000000,0.065876,0.38462,0.38462,26000000,26000000,https://www.sec.gov/Archives/edgar/data/33002/000119312514358603/0001193125-14-358603-index.htm,https://www.sec.gov/Archives/edgar/data/33002/000119312514358603/d758551d10q.htm
0,2014-05-31,EBF,2014-07-01,2014-07-01 15:20:45,Q1,141200000,105800000,35400000,0.2507082152974504,0.0,21800000,0.0,0.0,21799999.999999996,127600000,502000.0,4000000.0,17202000,0.121827,13600000,0.096317,-300000.0,12700000,0.089943,4700000.0,8000000.0,0.056657,0.30769,0.30769,26000000,26000000,https://www.sec.gov/Archives/edgar/data/33002/000119312514257556/0001193125-14-257556-index.htm,https://www.sec.gov/Archives/edgar/data/33002/000119312514192331/d671747d10k.htm
0,2014-02-28,EBF,2014-05-09,2014-05-09 15:34:05,Q4,132100000,98600000,33500000,0.25359576078728235,0.0,21000000,0.0,0.0,45200000.00000002,143800000.00000003,459000.0,3980000.0,-7661000.0,-0.057994,-11700000,-0.088569,0.0,-12100000,-0.091597,2400000.0,-14500000,-0.109765,-0.55344,-0.55344,26200000,26200000,https://www.sec.gov/Archives/edgar/data/33002/000119312514192331/0001193125-14-192331-index.htm,https://www.sec.gov/Archives/edgar/data/33002/000119312514192331/d671747d10k.htm
0,2013-11-30,EBF,2014-01-03,2014-01-03 15:38:01,Q3,136600000,98800000,37800000,0.2767203513909224,0.0,22300000,0.0,0.0,22299999.999999996,121100000,342000.0,3749999.999999999,18892000,0.138302,15400000,0.112738,-300000.0,14800000,0.108346,5500000.0,9300000.0,0.068082,0.35496,0.35496,26200000,26200000,https://www.sec.gov/Archives/edgar/data/33002/000119312514001772/0001193125-14-001772-index.htm,https://www.sec.gov/Archives/edgar/data/33002/000119312514001772/d613508d10q.htm
0,2013-08-31,EBF,2013-10-04,2013-10-04 14:34:02,Q2,135300000,98600000,36700000,0.2712490761271249,0.0,21100000,0.0,0.0,20900000.000000007,119500000,216000.0,3150000.0,18966000,0.140177,15800000,0.116778,-100000.0,15600000,0.115299,5800000.0,9800000.0,0.072432,0.37548,0.37548,26100000,26100000,https://www.sec.gov/Archives/edgar/data/33002/000119312513391430/0001193125-13-391430-index.htm,https://www.sec.gov/Archives/edgar/data/33002/000119312513391430/d585758d10q.htm
0,2013-05-31,EBF,2013-07-02,2013-07-02 14:34:21,Q1,138500000,102700000,35800000,0.2584837545126354,0.0,22200000,0.0,0.0,22200000.000000004,124900000,251000.0,3190000.0000000005,16941000,0.122318,13600000,0.098195,200000.0,13500000,0.097473,5000000.0,8500000.0,0.061372,0.32567,0.32567,26100000,26100000,https://www.sec.gov/Archives/edgar/data/33002/000119312513280852/0001193125-13-280852-index.htm,https://www.sec.gov/Archives/edgar/data/33002/000119312513214067/d445052d10k.htm
0,2013-02-28,EBF,2013-05-10,2013-05-10 15:57:00,Q4,123600000,92300000,31300000,0.2532362459546926,0.0,19800000,0.0,-247000.0,19799999.999999996,112100000,322000.0,3240000.000000001,14662000.000000002,0.118625,11500000,0.093042,-200000.0,11100000,0.089806,4000000.0,7100000.0,0.057443,0.27099,0.27099,26200000,26200000,https://www.sec.gov/Archives/edgar/data/33002/000119312513214067/0001193125-13-214067-index.htm,https://www.sec.gov/Archives/edgar/data/33002/000119312513214067/d445052d10k.htm
0,2012-11-30,EBF,2013-01-04,2013-01-04 12:32:14,Q3,129000000,98400000,30600000,0.2372093023255814,0.0,20600000,0.0,0.0,20599999.999999993,119000000,335000.0,3290000.0,13125000,0.101744,10000000,0.077519,-200000.0,9500000.0,0.073643,3300000.0,6200000.0,0.048062,0.23846,0.23846,26000000,26000000,https://www.sec.gov/Archives/edgar/data/33002/000119312513003346/0001193125-13-003346-index.htm,https://www.sec.gov/Archives/edgar/data/33002/000119312513003346/d398303d10q.htm
0,2012-08-31,EBF,2012-10-05,2012-10-05 14:36:46,Q2,138300000,104400000,33900000,0.24511930585683298,0.0,21300000,0.0,0.0,21299999.999999996,125700000,871000.0,3310000.0,16181000,0.116999,12600000,0.091106,-300000.0,12000000,0.086768,4400000.0,7600000.0,0.054953,0.29231,0.29231,26000000,26000000,https://www.sec.gov/Archives/edgar/data/33002/000119312512416643/0001193125-12-416643-index.htm,https://www.sec.gov/Archives/edgar/data/33002/000119312512416643/d351657d10q.htm
0,2012-05-31,EBF,2012-06-29,2012-06-29 10:32:48,Q1,142500000,114300000,28200000,0.19789473684210526,0.0,22000000,0.0,0.0,22000000.000000015,136300000,-500000.0,3400000.0,9000000.0,0.063158,6200000.0,0.043509,400000.0,6100000.0,0.042807,2200000.0,3900000.0,0.027368,0.15,0.15,26000000,26000000,https://www.sec.gov/Archives/edgar/data/33002/000119312512288912/0001193125-12-288912-index.htm,https://www.sec.gov/Archives/edgar/data/33002/000119312512227898/d326020d10k.htm
0,2012-02-29,EBF,2012-05-11,2012-05-11 14:01:34,Q4,121500000,95000000,26500000,0.21810699588477367,0.0,20600000,0.0,0.0,20599999.999999993,115600000,-400000.0,2979999.9999999995,7779999.999999999,0.064033,6000000.0,0.049383,-300000.0,5200000.0,0.042798,1900000.0,3300000.0,0.02716,0.12692,0.12692,26000000,26000000,https://www.sec.gov/Archives/edgar/data/33002/000119312512227898/0001193125-12-227898-index.htm,https://www.sec.gov/Archives/edgar/data/33002/000119312512227898/d326020d10k.htm
0,2011-11-30,EBF,2011-12-29,2011-12-29 11:10:50,Q3,121800000,91700000,30100000,0.2471264367816092,0.0,19100000,0.0,0.0,19000000,110700000,-400000.0,2920000.0000000005,13520000,0.111002,11100000,0.091133,300000.0,11000000,0.090312,4100000.0,6900000.0,0.05665,0.26538,0.26538,26000000,26000000,https://www.sec.gov/Archives/edgar/data/33002/000119312511354936/0001193125-11-354936-index.htm,https://www.sec.gov/Archives/edgar/data/33002/000119312511354936/d274596d10q.htm
0,2011-08-31,EBF,2011-09-30,2011-09-30 11:31:40,Q2,130400000,96300000,34100000,0.26150306748466257,0.0,18400000,0.0,0.0,18299999.999999996,114600000,-700000.0,2959999.9999999995,17560000,0.134663,15800000,0.121166,200000.0,15300000,0.117331,5600000.0,9700000.0,0.074387,0.37308,0.37308,26000000,26000000,https://www.sec.gov/Archives/edgar/data/33002/000095012311087773/0000950123-11-087773-index.htm,https://www.sec.gov/Archives/edgar/data/33002/000095012311087773/d84122e10vq.htm
0,2011-05-31,EBF,2011-06-28,2011-06-28 16:04:48,Q1,143300000,103600000,39700000,0.27704117236566644,0.0,20900000,0.0,0.0,20800000.00000001,124400000.00000001,818000.0,3090000.0000000005,21708000,0.151486,18800000,0.131193,-200000.0,17900000,0.124913,6400000.0,11400000,0.079553,0.44015,0.44015,25900000,25900000,https://www.sec.gov/Archives/edgar/data/33002/000095012311062363/0000950123-11-062363-index.htm,https://www.sec.gov/Archives/edgar/data/33002/000095012311048069/d82151e10vk.htm
0,2011-02-28,EBF,2011-05-10,2011-05-10 13:09:27,Q4,131400000,95300000,36100000,0.2747336377473364,0.0,21200000,0.0,0.0,21200000.000000004,116500000,262000.0,2490000.0,17352000,0.132055,14900000,0.113394,-100000.0,14600000,0.111111,4800000.0,9800000.0,0.074581,0.37838,0.37838,25900000,25900000,https://www.sec.gov/Archives/edgar/data/33002/000095012311048069/0000950123-11-048069-index.htm,https://www.sec.gov/Archives/edgar/data/33002/000095012311048069/d82151e10vk.htm
0,2010-11-30,EBF,2010-12-22,2010-12-22 16:43:03,Q3,134800000,98300000,36500000,0.2707715133531157,0.0,21000000,0.0,0.0,21000000,119300000,214000.0,2629999.9999999995,17944000,0.133116,15500000,0.114985,-100000.0,15200000,0.11276,5500000.0,9600000.0,0.071217,0.37066,0.37066,25900000,25900000,https://www.sec.gov/Archives/edgar/data/33002/000095012310115836/0000950123-10-115836-index.htm,https://www.sec.gov/Archives/edgar/data/33002/000095012310115836/d78502e10vq.htm
0,2010-08-31,EBF,2010-09-24,2010-09-24 16:15:43,Q2,143000000,103300000,39700000,0.2776223776223776,0.0,20300000,0.0,0.0,20299999.999999996,123600000,321000.0,2680000.0000000005,22101000,0.154552,19400000,0.135664,0.0,19100000,0.133566,7000000.0,12100000,0.084615,0.46718,0.46718,25900000,25900000,https://www.sec.gov/Archives/edgar/data/33002/000095012310088833/0000950123-10-088833-index.htm,https://www.sec.gov/Archives/edgar/data/33002/000095012310088833/d76439e10vq.htm
0,2010-05-31,EBF,2010-06-28,2010-06-28 16:23:07,Q1,140700000,98600000,42100000,0.2992181947405828,0.0,21200000,0.0,0.0,21200000.000000004,119800000,437000.0,2670000.0,23607000,0.167783,20900000,0.148543,0.0,20500000,0.1457,7500000.0,13000000,0.092395,0.50388,0.50388,25800000,25800000,https://www.sec.gov/Archives/edgar/data/33002/000095012310061678/0000950123-10-061678-index.htm,https://www.sec.gov/Archives/edgar/data/33002/000095012310047124/d72890e10vk.htm
0,2010-02-28,EBF,2010-05-10,2010-05-10 15:48:08,Q4,121400000,87200000,34200000,0.28171334431630973,0.0,18300000,0.0,0.0,18299999.999999996,105500000,545000.0,2750000.0,18695000,0.153995,15900000,0.130972,0.0,15400000,0.126853,5600000.0,9800000.0,0.080725,0.37984,0.37984,25800000,25800000,https://www.sec.gov/Archives/edgar/data/33002/000095012310047124/0000950123-10-047124-index.htm,https://www.sec.gov/Archives/edgar/data/33002/000095012310047124/d72890e10vk.htm
0,2009-11-30,EBF,2009-12-23,2009-12-23 14:54:11,Q3,127800000,93500000,34300000,0.2683881064162754,0.0,19000000,0.0,0.0,19000000,112500000,662000.0,2820000.0,18082000,0.141487,15300000,0.119718,0.0,14600000,0.114241,5400000.0,9200000.0,0.071987,0.35659,0.35659,25800000,25800000,https://www.sec.gov/Archives/edgar/data/33002/000095012309073039/0000950123-09-073039-index.htm,https://www.sec.gov/Archives/edgar/data/33002/000095012309073039/d70542e10vq.htm
0,2009-08-31,EBF,2009-09-25,2009-09-25 17:01:11,Q2,137800000,101900000,35900000,0.260522496371553,0.0,20000000,0.0,0.0,20000000,121900000,725000.0,2850000.0000000005,18675000,0.135522,15900000,0.115385,0.0,15200000,0.110305,5600000.0,9500000.0,0.06894,0.36822,0.36822,25800000,25800000,https://www.sec.gov/Archives/edgar/data/33002/000095012309046183/0000950123-09-046183-index.htm,https://www.sec.gov/Archives/edgar/data/33002/000095012309046183/d69278e10vq.htm
0,2009-05-31,EBF,2009-06-26,2009-06-26 15:04:37,Q1,130800000,99800000,31000000,0.23700305810397554,0.0,19500000,0.0,0.0,19500000,119300000,695000.0,2960000.0,14155000,0.108219,11500000,0.08792,-300000.0,10500000,0.080275,3900000.0,6600000.0,0.050459,0.25581,0.25581,25800000,25800000,https://www.sec.gov/Archives/edgar/data/33002/000095012309017844/0000950123-09-017844-index.htm,https://www.sec.gov/Archives/edgar/data/33002/000095013409010267/d67684e10vk.htm
0,2009-02-28,EBF,2009-05-11,2009-05-11 15:00:35,Q4,117300000,91400000,25900000,0.2208013640238704,0.0,18400000,0.0,0.0,86000000,177400000,660000.0,3030000.0,-56810000,-0.484314,-60100000,-0.512361,200000.0,-60500000,-0.515772,2400000.0,-62900000,-0.536232,-2.44747,-2.44747,25700000,25700000,https://www.sec.gov/Archives/edgar/data/33002/000095013409010267/0000950134-09-010267-index.htm,https://www.sec.gov/Archives/edgar/data/33002/000095013409010267/d67684e10vk.htm
0,2008-11-30,EBF,2008-12-24,2008-12-24 12:25:18,Q3,142500000,104600000,37900000,0.26596491228070174,0.0,21900000,0.0,173000.0,21900000.000000007,126500000,778000.0,3010000.0,19388000,0.136056,16000000,0.112281,300000.0,15600000,0.109474,5700000.0,9900000.0,0.069474,0.38372,0.38372,25800000,25800000,https://www.sec.gov/Archives/edgar/data/33002/000095013408022753/0000950134-08-022753-index.htm,https://www.sec.gov/Archives/edgar/data/33002/000095013408022753/d65689e10vq.htm
0,2008-08-31,EBF,2008-09-30,2008-09-30 15:51:26,Q2,161100000,121800000,39300000,0.24394785847299813,0.0,23700000,0.0,-112000.0,23500000.000000015,145300000,892000.0,3080000.0,18672000,0.115903,15700000,0.097455,-100000.0,14700000,0.091248,5400000.0,9300000.0,0.057728,0.36047,0.36047,25800000,25800000,https://www.sec.gov/Archives/edgar/data/33002/000095013408017369/0000950134-08-017369-index.htm,https://www.sec.gov/Archives/edgar/data/33002/000095013408017369/d60651e10vq.htm
0,2008-05-31,EBF,2008-06-30,2008-06-30 15:58:36,Q1,163200000,122700000,40500000,0.24816176470588236,0.0,22200000,0.0,-61000.0,22200000.000000004,144900000,1033000.0,3290000.0,21523000,0.131881,18300000,0.112132,-100000.0,17200000,0.105392,6300000.0,10900000,0.066789,0.42085,0.42085,25900000,25900000,https://www.sec.gov/Archives/edgar/data/33002/000095013408012135/0000950134-08-012135-index.htm,https://www.sec.gov/Archives/edgar/data/33002/000095013408009039/d56588e10vk.htm
0,2008-02-29,EBF,2008-05-09,2008-05-09 10:56:24,Q4,149500000,110400000,39100000,0.26153846153846155,0.0,21500000,0.0,1600000.0,21000000,131400000,1395000.0,3390000.0000000005,21385000,0.143043,18100000,0.12107,-100000.0,16600000,0.111037,5500000.0,11100000,0.074247,0.43023,0.43023,25800000,25800000,https://www.sec.gov/Archives/edgar/data/33002/000095013408009039/0000950134-08-009039-index.htm,https://www.sec.gov/Archives/edgar/data/33002/000095013408009039/d56588e10vk.htm
0,2007-11-30,EBF,2007-12-28,2007-12-28 15:44:16,Q3,158200000,116200000,42000000,0.26548672566371684,0.0,22500000,0.0,-163000.0,22100000.00000001,138300000,1398000.0,3530000.000000001,23328000,0.147459,19900000,0.12579,-100000.0,18400000,0.116308,6800000.0,11600000,0.073325,0.44788,0.44788,25900000,25900000,https://www.sec.gov/Archives/edgar/data/33002/000095013407026277/0000950134-07-026277-index.htm,https://www.sec.gov/Archives/edgar/data/33002/000095013407026277/d52754e10vq.htm
0,2007-08-31,EBF,2007-09-28,2007-09-28 14:55:33,Q2,150100000,108700000,41400000,0.27581612258494337,0.0,22300000,0.0,-803000.0,22299999.999999996,131000000,1393000.0,3590000.0,22583000,0.150453,19100000,0.127249,-803000.0,17700000,0.117921,6500000.0,11100000,0.073951,0.42857,0.42857,25900000,25900000,https://www.sec.gov/Archives/edgar/data/33002/000095013407020621/0000950134-07-020621-index.htm,https://www.sec.gov/Archives/edgar/data/33002/000095013407020621/d50196e10vq.htm
0,2007-05-31,EBF,2007-07-03,2007-07-02 17:56:22,Q1,152800000,111400000,41400000,0.2709424083769634,0.0,22600000,0.0,-951000.0,22699999.99999999,134099999.99999999,1492000.0,3769999.9999999995,22362000,0.146348,18700000,0.122382,-100000.0,17100000,0.111911,6300000.0,10800000,0.070681,0.41699,0.41699,25900000,25900000,https://www.sec.gov/Archives/edgar/data/33002/000095013407014569/0000950134-07-014569-index.htm,https://www.sec.gov/Archives/edgar/data/33002/000095013407010922/d46514e10vk.htm
0,2007-02-28,EBF,2007-05-09,2007-05-09 17:29:58,Q4,136100000,104200000,31900000,0.23438648052902278,0.0,17700000,0.0,117000.0,17799999.999999996,122000000,1573000.0,3919999.999999999,18193000,0.133674,14200000,0.104335,100000.0,12700000,0.093314,4900000.0,7800000.0,0.057311,0.3035,0.3035,25700000,25700000,https://www.sec.gov/Archives/edgar/data/33002/000095013407010922/0000950134-07-010922-index.htm,https://www.sec.gov/Archives/edgar/data/33002/000095013407010922/d46514e10vk.htm
0,2006-11-30,EBF,2006-12-22,2006-12-22 11:24:02,Q3,151700000,113800000,37900000,0.24983520105471324,0.0,18500000,0.0,-174000.0,18399999.99999999,132199999.99999999,1853000.0,4150000.000000001,23203000,0.152953,19500000,0.128543,-500000.0,17200000,0.113382,6400000.0,10800000,0.071193,0.4186,0.4186,25800000,25800000,https://www.sec.gov/Archives/edgar/data/33002/000095013406023606/0000950134-06-023606-index.htm,https://www.sec.gov/Archives/edgar/data/33002/000095013406023606/d42265e10vq.htm
0,2006-08-31,EBF,2006-09-29,2006-09-28 18:18:36,Q2,151700000,113500000,38200000,0.25181278839815424,0.0,18300000,0.0,0.0,18300000.00000001,131800000.00000001,1718000.0,4170000.0,24288000,0.160105,19900000,0.13118,300000.0,18500000,0.121951,6800000.0,11600000,0.076467,0.45136,0.45136,25700000,25700000,https://www.sec.gov/Archives/edgar/data/33002/000095013406018403/0000950134-06-018403-index.htm,https://www.sec.gov/Archives/edgar/data/33002/000095013406018403/d39954e10vq.htm
0,2006-05-31,EBF,2006-07-10,2006-07-10 16:45:25,Q1,145100000,107300000,37800000,0.2605099931082012,0.0,18100000,0.0,0.0,18100000.00000001,125400000.00000001,1792000.0,4390000.000000001,24182000,0.166657,19700000,0.135768,38000.0,18000000,0.124052,6700000.0,11300000,0.077877,0.43798,0.43798,25800000,25800000,https://www.sec.gov/Archives/edgar/data/33002/000095013406012954/0000950134-06-012954-index.htm,https://www.sec.gov/Archives/edgar/data/33002/000095013406009796/d36104e10vk.htm
0,2006-02-28,EBF,2006-05-12,2006-05-12 17:17:13,Q4,130500000,98700000,31800000,0.24367816091954023,0.0,16600000,0.0,272000.0,16700000.000000004,115400000,1530000.0,4640000.000000002,19370000,0.148429,15100000,0.115709,-400000.0,13200000,0.101149,3900000.0,9300000.0,0.071264,0.36047,0.36047,25800000,25800000,https://www.sec.gov/Archives/edgar/data/33002/000095013406009796/0000950134-06-009796-index.htm,https://www.sec.gov/Archives/edgar/data/33002/000095013406009796/d36104e10vk.htm
0,2005-11-30,EBF,,Not found...,Q3,131700000,96100000,35600000,0.270311,0.0,17800000,0.0,0.0,17800000.00000001,113900000.00000001,-2200000.0,4350000.0,18550000,0.14085,17800000,0.135156,800000.0,16400000,0.124525,6300000.0,10100000,0.076689,0.393,0.393,25700000,25700000,,
0,2005-08-31,EBF,,,Q2,148100000,110900000,37300000,0.251857,0.0,17800000,0.0,0.0,17799999.99999998,128699999.99999999,-2300000.0,4430000.0,19230000,0.129845,19500000,0.131668,-100000.0,17100000,0.115463,6500000.0,10600000,0.071573,0.41085,0.41085,25800000,25800000,,
0,2005-05-31,EBF,,,Q1,149100000,111600000,37500000,0.251509,0.0,17800000,0.0,0.0,17900000.000000007,129500000,-2200000.0,4390000.000000001,19590000,0.131388,19600000,0.131455,-100000.0,17300000,0.11603,6800000.0,10600000,0.071093,0.41245,0.41245,25700000,25700000,,
0,2005-02-28,EBF,,,Q4,134500000,103000000,31500000,0.234201,0.0,18100000,0.0,0.0,18099999.999999993,121100000,-2100000.0,4309999.999999999,13709999.999999998,0.101933,13400000,0.099628,300000.0,11500000,0.085502,4600000.0,6900000.0,0.051301,0.26848,0.26848,25700000,25700000,,
0,2004-11-30,EBF,,,Q3,91800000,68900000,22900000,0.249455,0.0,12900000,0.0,0.0,12899999.99999999,81799999.99999999,-200000.0,2340000.0,12040000,0.131155,10000000,0.108932,100000.0,9900000.0,0.107843,3800000.0,6100000.0,0.066449,0.3526,0.3526,17300000,17300000,,
0,2004-08-31,EBF,,,Q2,73400000,54000000,19400000,0.264305,0.0,10800000,0.0,0.0,10799999.999999996,64800000,0.0,2190000.0000000005,10790000,0.147003,8500000.0,0.115804,100000.0,8600000.0,0.117166,3200000.0,5400000.0,0.073569,0.32335,0.32335,16700000,16700000,,
0,2004-05-31,EBF,,,Q1,65700000,48700000,17100000,0.260274,0.0,9400000.0,0.0,0.0,9399999.999999998,58100000,-100000.0,2240000.0,9640000.0,0.146728,7700000.0,0.117199,-100000.0,7500000.0,0.114155,2900000.0,4600000.0,0.070015,0.27545,0.27545,16700000,16700000,,
0,2004-02-29,EBF,,,Q4,63100000,46200000,16900000,0.267829,0.0,9100000.0,0.0,0.0,9000000.0,55200000,0.0,2270000.0,9970000.0,0.158003,7900000.0,0.125198,-200000.0,7700000.0,0.122029,2800000.0,4900000.0,0.077655,0.29341,0.29341,16700000,16700000,,
0,2003-11-30,EBF,,,Q3,66400000,48800000,17600000,0.26506,0.0,9900000.0,0.0,0.0,10000000,58800000,-200000.0,2300000.0000000005,9500000.0,0.143072,7600000.0,0.114458,-100000.0,7300000.0,0.10994,2900000.0,4500000.0,0.067771,0.27108,0.27108,16600000,16600000,,
0,2003-08-31,EBF,,,Q2,65000000,47500000,17500000,0.269231,0.0,9900000.0,0.0,0.0,9899999.999999998,57400000,-400000.0,2370000.0,9270000.0,0.142615,7600000.0,0.116923,0.0,7300000.0,0.112308,2800000.0,4500000.0,0.069231,0.27108,0.27108,16600000,16600000,,
0,2003-05-31,EBF,,,Q1,64900000,48300000,16600000,0.255778,0.0,9700000.0,0.0,0.0,9700000.000000004,58000000,-300000.0,2409999.9999999995,8710000.0,0.134206,6900000.0,0.106317,0.0,6600000.0,0.101695,2500000.0,4100000.0,0.063174,0.24848,0.24848,16500000,16500000,,
0,2003-02-28,EBF,,,Q4,67200000,50100000,17100000,0.254464,0.0,9800000.0,0.0,0.0,9799999.999999996,59900000,-500000.0,2270000.0000000005,8770000.0,0.130506,7300000.0,0.108631,100000.0,6900000.0,0.102679,2500000.0,4500000.0,0.066964,0.27273,0.27273,16500000,16500000,,
0,2002-11-30,EBF,,,Q3,59200000,43600000,15600000,0.263514,0.0,9300000.0,0.0,0.0,9299999.999999996,52900000,-300000.0,2210000.0,7910000.0,0.133615,6300000.0,0.106419,-100000.0,5900000.0,0.099662,2300000.0,3700000.0,0.0625,0.22424,0.22424,16500000,16500000,,
0,2002-08-31,EBF,2002-10-15 00:00:00,2002-10-15 09:21:33,Q2,56600000,41100000,15600000,0.275618,0.0,9100000.0,0.0,0.0,9100000.000000002,50200000,-300000.0,2470000.0,8270000.0,0.146113,6500000.0,0.114841,0.0,6200000.0,0.109541,2300000.0,3800000.0,0.067138,0.2303,0.2303,16500000,16500000,https://www.sec.gov/Archives/edgar/data/33002/000003300202000018/0000033002-02-000018-index.html,https://www.sec.gov/Archives/edgar/data/33002/000003300202000018/q10main.txt
0,2002-05-31,EBF,2002-06-27 00:00:00,2002-06-27 11:29:03,Q1,57700000,42700000,15000000,0.259965,0.0,9400000.0,0.0,0.0,9399999.999999998,52100000,-300000.0,2250000.0,7250000.0,0.12565,5700000.0,0.098787,-100000.0,5300000.0,0.091854,2000000.0,3300000.0,0.057192,0.2,0.2,16500000,16500000,https://www.sec.gov/Archives/edgar/data/33002/000003300202000016/0000033002-02-000016-index.html,https://www.sec.gov/Archives/edgar/data/33002/000003300202000016/q10main.txt
0,2002-02-28,EBF,2002-05-20 00:00:00,2002-05-20 16:15:26,Q4,58900000,43700000,15200000,0.258065,0.0,9000000.0,0.0,0.0,9099999.999999994,52799999.99999999,-400000.0,2570000.0000000005,7970000.0,0.135314,6200000.0,0.105263,0.0,5800000.0,0.098472,2200000.0,3600000.0,0.061121,0.21818,0.21818,16500000,16500000,https://www.sec.gov/Archives/edgar/data/33002/000003300202000009/0000033002-02-000009-index.html,https://www.sec.gov/Archives/edgar/data/33002/000003300202000009/kmain.txt
0,2001-11-30,EBF,2001-12-21 00:00:00,2001-12-21 00:00:00,Q3,59500000,42800000,16700000,0.280672,0.0,10100000,0.0,0.0,10000000,52800000,-400000.0,3319999.9999999995,9220000.0,0.154958,6600000.0,0.110924,0.0,6300000.0,0.105882,2400000.0,3900000.0,0.065546,0.23926,0.23926,16300000,16300000,https://www.sec.gov/Archives/edgar/data/33002/000003300201500019/0000033002-01-500019-index.html,https://www.sec.gov/Archives/edgar/data/33002/000003300201500019/qnov2001main.txt
0,2001-08-31,EBF,2001-09-28 00:00:00,2001-09-28 00:00:00,Q2,58700000,41700000,17000000,0.289608,0.0,10000000,0.0,0.0,10099999.999999994,51799999.99999999,-200000.0,2610000.0000000005,9110000.0,0.155196,6900000.0,0.117547,0.0,6700000.0,0.11414,2700000.0,4000000.0,0.068143,0.2454,0.2454,16300000,16300000,https://www.sec.gov/Archives/edgar/data/33002/000003300201500015/0000033002-01-500015-index.html,https://www.sec.gov/Archives/edgar/data/33002/000003300201500015/qaug2001main.txt
0,2001-05-31,EBF,2001-06-29 00:00:00,2001-06-29 00:00:00,Q1,59800000,43700000,16100000,0.269231,0.0,9900000.0,0.0,0.0,9899999.999999998,53600000,-500000.0,2610000.0000000005,7710000.0,0.12893,6200000.0,0.103679,-100000.0,5600000.0,0.093645,2200000.0,3400000.0,0.056856,0.20859,0.20859,16300000,16300000,https://www.sec.gov/Archives/edgar/data/33002/000003300201500011/0000033002-01-500011-index.html,https://www.sec.gov/Archives/edgar/data/33002/000003300201500011/kmay2001main.txt
0,2001-02-28,EBF,,,Q4,59700000,46100000,13600000,0.227806,0.0,10500000,0.0,0.0,10500000,56600000,-400000.0,2680000.0000000005,4880000.000000001,0.081742,3000000.0,0.050251,0.0,2600000.0,0.043551,1100000.0,1500000.0,0.025126,0.09202,0.09202,16300000,16300000,,
0,2000-11-30,EBF,2000-12-22 00:00:00,2000-12-22 00:00:00,Q3,61400000,43900000,17400000,0.283388,0.0,10900000,0.0,0.0,11000000,54900000,-100000.0,2740000.0,9040000.0,0.147231,6500000.0,0.105863,0.0,6500000.0,0.105863,2400000.0,4000000.0,0.065147,0.2454,0.2454,16300000,16300000,https://www.sec.gov/Archives/edgar/data/33002/000003300200000020/0000033002-00-000020-index.html,https://www.sec.gov/Archives/edgar/data/33002/000003300200000020/0000033002-00-000020-0001.txt
0,2000-08-31,EBF,2000-09-26 00:00:00,2000-09-26 00:00:00,Q2,58800000,41700000,17100000,0.290816,0.0,10300000,0.0,0.0,10299999.999999996,52000000,-500000.0,2679999.9999999995,8480000.0,0.144218,6800000.0,0.115646,0.0,6300000.0,0.107143,2500000.0,3800000.0,0.064626,0.23313,0.23313,16300000,16300000,https://www.sec.gov/Archives/edgar/data/33002/000003300200000018/0000033002-00-000018-index.html,https://www.sec.gov/Archives/edgar/data/33002/000003300200000018/0000033002-00-000018-0001.txt
0,2000-05-31,EBF,2000-06-23 00:00:00,2000-06-23 00:00:00,Q1,49300000,34700000,14700000,0.298174,0.0,8500000.0,0.0,0.0,8500000.0,43200000,100000.0,1630000.0,8030000.0,0.16288,6100000.0,0.123732,0.0,6200000.0,0.125761,2400000.0,3900000.0,0.079108,0.24074,0.24074,16200000,16200000,https://www.sec.gov/Archives/edgar/data/33002/000003300200000011/0000033002-00-000011-index.html,https://www.sec.gov/Archives/edgar/data/33002/000003300200000011/0000033002-00-000011-0001.txt
0,2000-02-29,EBF,,,Q4,47500000,32800000,14800000,0.311579,0.0,8700000.0,0.0,0.0,8600000.000000002,41400000,300000.0,1000000.0,7700000.0,0.162105,6100000.0,0.128421,0.0,6400000.0,0.134737,2400000.0,4000000.0,0.084211,0.24691,0.24691,16200000,16200000,,
0,1999-11-30,EBF,1999-12-22 00:00:00,1999-12-22 00:00:00,Q3,41200000,27600000,13600000,0.330097,0.0,7500000.0,0.0,0.0,7399999.999999999,35000000,200000.0,1490000.0000000002,8090000.0,0.196359,6100000.0,0.148058,0.0,6300000.0,0.152913,2400000.0,4000000.0,0.097087,0.2454,0.2454,16300000,16300000,https://www.sec.gov/Archives/edgar/data/33002/000003300299000023/0000033002-99-000023-index.html,https://www.sec.gov/Archives/edgar/data/33002/0000033002-99-000023.txt
0,1999-08-31,EBF,1999-09-24 00:00:00,1999-09-24 00:00:00,Q2,38200000,25800000,12400000,0.324607,0.0,7700000.0,0.0,0.0,7699999.999999999,33500000,1400000.0,1990000.0,9490000.0,0.248429,4700000.0,0.123037,0.0,6100000.0,0.159686,2200000.0,3900000.0,0.102094,0.23926,0.23926,16300000,16300000,https://www.sec.gov/Archives/edgar/data/33002/000003300299000017/0000033002-99-000017-index.html,https://www.sec.gov/Archives/edgar/data/33002/0000033002-99-000017.txt
0,1999-05-31,EBF,1999-07-02 00:00:00,1999-07-02 00:00:00,Q1,39700000,27700000,12000000,0.302267,0.0,7000000.0,0.0,0.0,7000000.000000004,34700000,200000.0,1390000.0,6690000.0,0.168514,5000000.0,0.125945,0.0,5200000.0,0.130982,1900000.0,3200000.0,0.080605,0.19632,0.19632,16300000,16300000,https://www.sec.gov/Archives/edgar/data/33002/000003300299000016/0000033002-99-000016-index.html,https://www.sec.gov/Archives/edgar/data/33002/0000033002-99-000016.txt
0,1999-02-28,EBF,,,Q4,38900000,24500000,14400000,0.37018,0.0,7500000.0,0.0,0.0,7600000.000000001,32100000,100000.0,1369999.9999999998,8370000.0,0.215167,6800000.0,0.174807,0.0,7000000.0,0.179949,2700000.0,4200000.0,0.107969,0.2625,0.2625,16000000,16000000,,
0,1998-11-30,EBF,,,Q3,38800000,26900000,11900000,0.306701,0.0,7000000.0,0.0,0.0,7000000.0,33900000,300000.0,1310000.0,6810000.0,0.175515,4900000.0,0.126289,0.0,5200000.0,0.134021,1900000.0,3300000.0,0.085052,0.2037,0.2037,16200000,16200000,,
0,1998-08-31,EBF,1998-10-15 00:00:00,1998-10-15 00:00:00,Q2,36900000,25100000,11800000,0.319783,0.0,6800000.0,0.0,0.0,6899999.999999999,32000000,400000.0,1309999.9999999998,7010000.0,0.189973,4900000.0,0.132791,0.0,5300000.0,0.143631,1900000.0,3400000.0,0.092141,0.20732,0.20732,16400000,16400000,https://www.sec.gov/Archives/edgar/data/33002/000003300298000018/0000033002-98-000018-index.html,https://www.sec.gov/Archives/edgar/data/33002/0000033002-98-000018.txt
0,1998-05-31,EBF,1998-07-14 00:00:00,1998-07-14 00:00:00,Q1,36300000,24800000,11500000,0.316804,0.0,6700000.0,0.0,0.0,6800000.000000001,31600000,300000.0,1360000.0,6760000.0,0.186226,4800000.0,0.132231,0.0,5100000.0,0.140496,1900000.0,3200000.0,0.088154,0.19512,0.19512,16400000,16400000,https://www.sec.gov/Archives/edgar/data/33002/000003300298000011/0000033002-98-000011-index.html,https://www.sec.gov/Archives/edgar/data/33002/0000033002-98-000011.txt
0,1998-02-28,EBF,,,Q4,37800000,23900000,13900000,0.367725,0.0,8200000.0,0.0,0.0,8100000.000000001,32000000,200000.0,1479999.9999999995,7679999.999999999,0.203175,5800000.0,0.153439,0.0,5900000.0,0.156085,1900000.0,4100000.0,0.108466,0.25,0.25,16400000,16400000,,
0,1997-11-30,EBF,1998-01-09 00:00:00,1998-01-09 00:00:00,Q3,40300000,27800000,12500000,0.310174,0.0,7800000.0,0.0,0.0,10900000.000000002,38700000,300000.0,1580000.0000000005,3780000.0000000005,0.093797,1700000.0,0.042184,0.0,1900000.0,0.047146,800000.0,1100000.0,0.027295,0.06707,0.06707,16400000,16400000,https://www.sec.gov/Archives/edgar/data/33002/000003300298000002/0000033002-98-000002-index.html,https://www.sec.gov/Archives/edgar/data/33002/0000033002-98-000002.txt
0,1997-08-31,EBF,1997-10-09 00:00:00,1997-10-09 00:00:00,Q2,38300000,26600000,11700000,0.305483,0.0,7800000.0,0.0,0.0,7799999.999999997,34400000,200000.0,1650000.0,6050000.0,0.157963,4000000.0,0.104439,0.0,4200000.0,0.109661,1500000.0,2700000.0,0.070496,0.16463,0.16463,16400000,16400000,https://www.sec.gov/Archives/edgar/data/33002/000003300297000011/0000033002-97-000011-index.html,https://www.sec.gov/Archives/edgar/data/33002/0000033002-97-000011.txt
0,1997-05-31,EBF,1997-07-07 00:00:00,1997-07-07 00:00:00,Q1,37900000,27000000,10900000,0.287599,0.0,7400000.0,0.0,0.0,7399999.999999999,34400000,300000.0,1460000.0,5460000.0,0.144063,3500000.0,0.092348,0.0,3700000.0,0.097625,1400000.0,2300000.0,0.060686,0.14024,0.14024,16400000,16400000,https://www.sec.gov/Archives/edgar/data/33002/000003300297000009/0000033002-97-000009-index.html,https://www.sec.gov/Archives/edgar/data/33002/0000033002-97-000009.txt
0,1997-02-28,EBF,,,Q4,37900000,26700000,11200000,0.295515,0.0,7500000.0,0.0,0.0,7400000.000000002,34100000,200000.0,1300000.0000000002,5500000.0,0.145119,3800000.0,0.100264,0.0,4000000.0,0.105541,1400000.0,2600000.0,0.068602,0.15663,0.15663,16600000,16600000,,
0,1996-11-30,EBF,1997-01-14 00:00:00,1997-01-14 00:00:00,Q3,40200000,28000000,12200000,0.303483,0.0,7500000.0,0.0,0.0,7500000.0,35500000,300000.0,1240000.0000000002,6540000.0,0.162687,4700000.0,0.116915,0.0,5000000.0,0.124378,1900000.0,3100000.0,0.077114,0.18902,0.18902,16400000,16400000,https://www.sec.gov/Archives/edgar/data/33002/000003300297000002/0000033002-97-000002-index.html,https://www.sec.gov/Archives/edgar/data/33002/0000033002-97-000002.txt
0,1996-08-31,EBF,1996-10-08 00:00:00,1996-10-08 00:00:00,Q2,38700000,26400000,12300000,0.317829,0.0,6900000.0,0.0,0.0,6899999.999999999,33300000,400000.0,1270000.0,7470000.0,0.193023,5400000.0,0.139535,0.0,5700000.0,0.147287,2200000.0,3600000.0,0.093023,0.21951,0.21951,16400000,16400000,https://www.sec.gov/Archives/edgar/data/33002/000003300296000016/0000033002-96-000016-index.html,https://www.sec.gov/Archives/edgar/data/33002/0000033002-96-000016.txt
0,1996-05-31,EBF,1996-07-10 00:00:00,1996-07-10 00:00:00,Q1,36900000,24200000,12800000,0.346883,0.0,6500000.0,0.0,0.0,6400000.000000002,30600000.000000004,500000.0,1130000.0,8330000.0,0.225745,6300000.0,0.170732,0.0,6800000.0,0.184282,2500000.0,4200000.0,0.113821,0.2561,0.2561,16400000,16400000,https://www.sec.gov/Archives/edgar/data/33002/000003300296000010/0000033002-96-000010-index.html,https://www.sec.gov/Archives/edgar/data/33002/0000033002-96-000010.txt
0,1996-02-29,EBF,,,Q4,34500000,20500000,13900000,0.402899,0.0,6800000.0,0.0,0.0,6800000.000000001,27300000,500000.0,1710000.0,9910000.0,0.287246,7200000.0,0.208696,0.0,7700000.0,0.223188,3100000.0,4600000.0,0.133333,0.28049,0.28049,16400000,16400000,,
0,1995-11-30,EBF,1996-01-05 00:00:00,1996-01-05 00:00:00,Q3,36800000,23200000,13700000,0.372283,0.0,6200000.0,0.0,0.0,6100000.000000001,29300000,300000.0,939999.9999999997,8940000.0,0.242935,7500000.0,0.203804,0.0,7800000.0,0.211957,2900000.0,4800000.0,0.130435,0.29268,0.29268,16400000,16400000,https://www.sec.gov/Archives/edgar/data/33002/000003300296000002/0000033002-96-000002-index.html,https://www.sec.gov/Archives/edgar/data/33002/0000033002-96-000002.txt
0,1995-08-31,EBF,1995-10-04 00:00:00,1995-10-04 00:00:00,Q2,35700000,22800000,12900000,0.361345,0.0,6000000.0,0.0,0.0,5899999.999999999,28700000,400000.0,940000.0000000001,8740000.0,0.244818,7000000.0,0.196078,0.0,7400000.0,0.207283,2800000.0,4600000.0,0.128852,0.28049,0.28049,16400000,16400000,https://www.sec.gov/Archives/edgar/data/33002/000003300295000017/0000033002-95-000017-index.html,https://www.sec.gov/Archives/edgar/data/33002/0000033002-95-000017.txt
0,1995-05-31,EBF,1995-07-07 00:00:00,1995-07-07 00:00:00,Q1,35100000,22300000,12800000,0.364672,0.0,6100000.0,0.0,0.0,6000000.0,28300000,400000.0,920000.0,8520000.0,0.242735,6800000.0,0.193732,0.0,7200000.0,0.205128,2700000.0,4500000.0,0.128205,0.27439,0.27439,16400000,16400000,https://www.sec.gov/Archives/edgar/data/33002/000003300295000014/0000033002-95-000014-index.html,https://www.sec.gov/Archives/edgar/data/33002/0000033002-95-000014.txt
