,date,symbol,fillingDate,acceptedDate,period,revenue,costOfRevenue,grossProfit,grossProfitRatio,researchAndDevelopmentExpenses,generalAndAdministrativeExpenses,sellingAndMarketingExpenses,otherExpenses,operatingExpenses,costAndExpenses,interestExpense,depreciationAndAmortization,ebitda,ebitdaratio,operatingIncome,operatingIncomeRatio,totalOtherIncomeExpensesNet,incomeBeforeTax,incomeBeforeTaxRatio,incomeTaxExpense,netIncome,netIncomeRatio,eps,epsdiluted,weightedAverageShsOut,weightedAverageShsOutDil,link,finalLink
0,2019-09-31,NEX.PA,,2019-09-31,Q3,1683750000,1487250000,196500000,8.568702290076336,23500000,110500000,0.0,-2750000.0,4750000.0,1626000000,10750000,0.0,88000000,19.133522727272727,57750000,29.155844155844157,0.0,-18250000,-92.26027397260275,11000000,-30500000,-55.204918032786885,-0.7025,-0.7025,43405477,43405477,https://www.infogreffe.com/recherche-entreprise-dirigeants/resultats-entreprise-dirigeants.html?ga_cat=globale&ga_q=N.E.X#phrase=N.E.X,https://www.infogreffe.com/recherche-entreprise-dirigeants/resultats-entreprise-dirigeants.html?ga_cat=globale&ga_q=N.E.X#phrase=N.E.X
0,2019-06-31,NEX.PA,,2019-06-31,Q2,1683750000,1487250000,196500000,8.568702290076336,23500000,110500000,0.0,-2750000.0,4750000.0,1626000000,10750000,0.0,88000000,19.133522727272727,57750000,29.155844155844157,0.0,-18250000,-92.26027397260275,11000000,-30500000,-55.204918032786885,-0.7025,-0.7025,43405477,43405477,https://www.infogreffe.com/recherche-entreprise-dirigeants/resultats-entreprise-dirigeants.html?ga_cat=globale&ga_q=N.E.X#phrase=N.E.X,https://www.infogreffe.com/recherche-entreprise-dirigeants/resultats-entreprise-dirigeants.html?ga_cat=globale&ga_q=N.E.X#phrase=N.E.X
0,2019-03-31,NEX.PA,,2019-03-31,Q1,1683750000,1487250000,196500000,8.568702290076336,23500000,110500000,0.0,-2750000.0,4750000.0,1626000000,10750000,0.0,88000000,19.133522727272727,57750000,29.155844155844157,0.0,-18250000,-92.26027397260275,11000000,-30500000,-55.204918032786885,-0.7025,-0.7025,43405477,43405477,https://www.infogreffe.com/recherche-entreprise-dirigeants/resultats-entreprise-dirigeants.html?ga_cat=globale&ga_q=N.E.X#phrase=N.E.X,https://www.infogreffe.com/recherche-entreprise-dirigeants/resultats-entreprise-dirigeants.html?ga_cat=globale&ga_q=N.E.X#phrase=N.E.X
0,2019-01-31,NEX.PA,,2019-01-31,Q1,1683750000,1487250000,196500000,8.568702290076336,23500000,110500000,0.0,-2750000.0,4750000.0,1626000000,10750000,0.0,88000000,19.133522727272727,57750000,29.155844155844157,0.0,-18250000,-92.26027397260275,11000000,-30500000,-55.204918032786885,-0.7025,-0.7025,43405477,43405477,https://www.infogreffe.com/recherche-entreprise-dirigeants/resultats-entreprise-dirigeants.html?ga_cat=globale&ga_q=N.E.X#phrase=N.E.X,https://www.infogreffe.com/recherche-entreprise-dirigeants/resultats-entreprise-dirigeants.html?ga_cat=globale&ga_q=N.E.X#phrase=N.E.X
0,2018-09-31,NEX.PA,,2018-09-31,Q3,1622500000,1432000000,190500000,8.517060367454068,26250000,117250000,0.0,-3750000.0,250000.0,1575750000,13000000,0.0,87000000,18.649425287356323,46750000,34.705882352941174,0.0,14000000,115.89285714285714,11000000,3500000.0,463.57142857142856,0.08,0.08,43307515,44215600,https://www.infogreffe.com/recherche-entreprise-dirigeants/resultats-entreprise-dirigeants.html?ga_cat=globale&ga_q=N.E.X#phrase=N.E.X,https://www.infogreffe.com/recherche-entreprise-dirigeants/resultats-entreprise-dirigeants.html?ga_cat=globale&ga_q=N.E.X#phrase=N.E.X
0,2018-06-31,NEX.PA,,2018-06-31,Q2,1622500000,1432000000,190500000,8.517060367454068,26250000,117250000,0.0,-3750000.0,250000.0,1575750000,13000000,0.0,87000000,18.649425287356323,46750000,34.705882352941174,0.0,14000000,115.89285714285714,11000000,3500000.0,463.57142857142856,0.08,0.08,43307515,44215600,https://www.infogreffe.com/recherche-entreprise-dirigeants/resultats-entreprise-dirigeants.html?ga_cat=globale&ga_q=N.E.X#phrase=N.E.X,https://www.infogreffe.com/recherche-entreprise-dirigeants/resultats-entreprise-dirigeants.html?ga_cat=globale&ga_q=N.E.X#phrase=N.E.X
0,2018-03-31,NEX.PA,,2018-03-31,Q1,1622500000,1432000000,190500000,8.517060367454068,26250000,117250000,0.0,-3750000.0,250000.0,1575750000,13000000,0.0,87000000,18.649425287356323,46750000,34.705882352941174,0.0,14000000,115.89285714285714,11000000,3500000.0,463.57142857142856,0.08,0.08,43307515,44215600,https://www.infogreffe.com/recherche-entreprise-dirigeants/resultats-entreprise-dirigeants.html?ga_cat=globale&ga_q=N.E.X#phrase=N.E.X,https://www.infogreffe.com/recherche-entreprise-dirigeants/resultats-entreprise-dirigeants.html?ga_cat=globale&ga_q=N.E.X#phrase=N.E.X
0,2018-01-31,NEX.PA,,2018-01-31,Q1,1622500000,1432000000,190500000,8.517060367454068,26250000,117250000,0.0,-3750000.0,250000.0,1575750000,13000000,0.0,87000000,18.649425287356323,46750000,34.705882352941174,0.0,14000000,115.89285714285714,11000000,3500000.0,463.57142857142856,0.08,0.08,43307515,44215600,https://www.infogreffe.com/recherche-entreprise-dirigeants/resultats-entreprise-dirigeants.html?ga_cat=globale&ga_q=N.E.X#phrase=N.E.X,https://www.infogreffe.com/recherche-entreprise-dirigeants/resultats-entreprise-dirigeants.html?ga_cat=globale&ga_q=N.E.X#phrase=N.E.X
0,2017-09-31,NEX.PA,,2017-09-31,Q3,1592500000,1377500000,215000000,7.406976744186046,24750000,122250000,0.0,16000000,1000000.0,1525500000,15500000,0.0,119500000,13.326359832635983,67000000,23.76865671641791,0.0,54750000,29.08675799086758,22750000,31250000,50.96,0.76,0.6775,43328672,48554822,https://www.infogreffe.com/recherche-entreprise-dirigeants/resultats-entreprise-dirigeants.html?ga_cat=globale&ga_q=N.E.X#phrase=N.E.X,https://www.infogreffe.com/recherche-entreprise-dirigeants/resultats-entreprise-dirigeants.html?ga_cat=globale&ga_q=N.E.X#phrase=N.E.X
0,2017-06-31,NEX.PA,,2017-06-31,Q2,1592500000,1377500000,215000000,7.406976744186046,24750000,122250000,0.0,16000000,1000000.0,1525500000,15500000,0.0,119500000,13.326359832635983,67000000,23.76865671641791,0.0,54750000,29.08675799086758,22750000,31250000,50.96,0.76,0.6775,43328672,48554822,https://www.infogreffe.com/recherche-entreprise-dirigeants/resultats-entreprise-dirigeants.html?ga_cat=globale&ga_q=N.E.X#phrase=N.E.X,https://www.infogreffe.com/recherche-entreprise-dirigeants/resultats-entreprise-dirigeants.html?ga_cat=globale&ga_q=N.E.X#phrase=N.E.X
0,2017-03-31,NEX.PA,,2017-03-31,Q1,1592500000,1377500000,215000000,7.406976744186046,24750000,122250000,0.0,16000000,1000000.0,1525500000,15500000,0.0,119500000,13.326359832635983,67000000,23.76865671641791,0.0,54750000,29.08675799086758,22750000,31250000,50.96,0.76,0.6775,43328672,48554822,https://www.infogreffe.com/recherche-entreprise-dirigeants/resultats-entreprise-dirigeants.html?ga_cat=globale&ga_q=N.E.X#phrase=N.E.X,https://www.infogreffe.com/recherche-entreprise-dirigeants/resultats-entreprise-dirigeants.html?ga_cat=globale&ga_q=N.E.X#phrase=N.E.X
0,2017-01-31,NEX.PA,,2017-01-31,Q1,1592500000,1377500000,215000000,7.406976744186046,24750000,122250000,0.0,16000000,1000000.0,1525500000,15500000,0.0,119500000,13.326359832635983,67000000,23.76865671641791,0.0,54750000,29.08675799086758,22750000,31250000,50.96,0.76,0.6775,43328672,48554822,https://www.infogreffe.com/recherche-entreprise-dirigeants/resultats-entreprise-dirigeants.html?ga_cat=globale&ga_q=N.E.X#phrase=N.E.X,https://www.infogreffe.com/recherche-entreprise-dirigeants/resultats-entreprise-dirigeants.html?ga_cat=globale&ga_q=N.E.X#phrase=N.E.X
0,2016-09-31,NEX.PA,,2016-09-31,Q3,1453500000,1250500000,203000000,7.1600985221674875,20250000,122250000,0.0,-1500000.0,5250000.0,1398250000,18500000,0.0,86750000,16.755043227665706,55250000,26.307692307692307,0.0,24250000,59.93814432989691,9250000.0,15250000,95.31147540983606,0.3575,0.35,42930486,43917223,https://www.infogreffe.com/recherche-entreprise-dirigeants/resultats-entreprise-dirigeants.html?ga_cat=globale&ga_q=N.E.X#phrase=N.E.X,https://www.infogreffe.com/recherche-entreprise-dirigeants/resultats-entreprise-dirigeants.html?ga_cat=globale&ga_q=N.E.X#phrase=N.E.X
0,2016-06-31,NEX.PA,,2016-06-31,Q2,1453500000,1250500000,203000000,7.1600985221674875,20250000,122250000,0.0,-1500000.0,5250000.0,1398250000,18500000,0.0,86750000,16.755043227665706,55250000,26.307692307692307,0.0,24250000,59.93814432989691,9250000.0,15250000,95.31147540983606,0.3575,0.35,42930486,43917223,https://www.infogreffe.com/recherche-entreprise-dirigeants/resultats-entreprise-dirigeants.html?ga_cat=globale&ga_q=N.E.X#phrase=N.E.X,https://www.infogreffe.com/recherche-entreprise-dirigeants/resultats-entreprise-dirigeants.html?ga_cat=globale&ga_q=N.E.X#phrase=N.E.X
0,2016-03-31,NEX.PA,,2016-03-31,Q1,1453500000,1250500000,203000000,7.1600985221674875,20250000,122250000,0.0,-1500000.0,5250000.0,1398250000,18500000,0.0,86750000,16.755043227665706,55250000,26.307692307692307,0.0,24250000,59.93814432989691,9250000.0,15250000,95.31147540983606,0.3575,0.35,42930486,43917223,https://www.infogreffe.com/recherche-entreprise-dirigeants/resultats-entreprise-dirigeants.html?ga_cat=globale&ga_q=N.E.X#phrase=N.E.X,https://www.infogreffe.com/recherche-entreprise-dirigeants/resultats-entreprise-dirigeants.html?ga_cat=globale&ga_q=N.E.X#phrase=N.E.X
0,2016-01-31,NEX.PA,,2016-01-31,Q1,1453500000,1250500000,203000000,7.1600985221674875,20250000,122250000,0.0,-1500000.0,5250000.0,1398250000,18500000,0.0,86750000,16.755043227665706,55250000,26.307692307692307,0.0,24250000,59.93814432989691,9250000.0,15250000,95.31147540983606,0.3575,0.35,42930486,43917223,https://www.infogreffe.com/recherche-entreprise-dirigeants/resultats-entreprise-dirigeants.html?ga_cat=globale&ga_q=N.E.X#phrase=N.E.X,https://www.infogreffe.com/recherche-entreprise-dirigeants/resultats-entreprise-dirigeants.html?ga_cat=globale&ga_q=N.E.X#phrase=N.E.X
0,2015-09-31,NEX.PA,,2015-09-31,Q3,1559750000,1364000000,195750000,7.968071519795657,20500000,126500000,0.0,-13000000,-8000000.0,1503000000,22250000,0.0,95500000,16.332460732984295,56750000,27.484581497797357,0.0,-42750000,-36.485380116959064,6250000.0,-48500000,-32.15979381443299,-1.1375,-1.1375,42529353,42529353,https://www.infogreffe.com/recherche-entreprise-dirigeants/resultats-entreprise-dirigeants.html?ga_cat=globale&ga_q=N.E.X#phrase=N.E.X,https://www.infogreffe.com/recherche-entreprise-dirigeants/resultats-entreprise-dirigeants.html?ga_cat=globale&ga_q=N.E.X#phrase=N.E.X
0,2015-06-31,NEX.PA,,2015-06-31,Q2,1559750000,1364000000,195750000,7.968071519795657,20500000,126500000,0.0,-13000000,-8000000.0,1503000000,22250000,0.0,95500000,16.332460732984295,56750000,27.484581497797357,0.0,-42750000,-36.485380116959064,6250000.0,-48500000,-32.15979381443299,-1.1375,-1.1375,42529353,42529353,https://www.infogreffe.com/recherche-entreprise-dirigeants/resultats-entreprise-dirigeants.html?ga_cat=globale&ga_q=N.E.X#phrase=N.E.X,https://www.infogreffe.com/recherche-entreprise-dirigeants/resultats-entreprise-dirigeants.html?ga_cat=globale&ga_q=N.E.X#phrase=N.E.X
0,2015-03-31,NEX.PA,,2015-03-31,Q1,1559750000,1364000000,195750000,7.968071519795657,20500000,126500000,0.0,-13000000,-8000000.0,1503000000,22250000,0.0,95500000,16.332460732984295,56750000,27.484581497797357,0.0,-42750000,-36.485380116959064,6250000.0,-48500000,-32.15979381443299,-1.1375,-1.1375,42529353,42529353,https://www.infogreffe.com/recherche-entreprise-dirigeants/resultats-entreprise-dirigeants.html?ga_cat=globale&ga_q=N.E.X#phrase=N.E.X,https://www.infogreffe.com/recherche-entreprise-dirigeants/resultats-entreprise-dirigeants.html?ga_cat=globale&ga_q=N.E.X#phrase=N.E.X
0,2015-01-31,NEX.PA,,2015-01-31,Q1,1559750000,1364000000,195750000,7.968071519795657,20500000,126500000,0.0,-13000000,-8000000.0,1503000000,22250000,0.0,95500000,16.332460732984295,56750000,27.484581497797357,0.0,-42750000,-36.485380116959064,6250000.0,-48500000,-32.15979381443299,-1.1375,-1.1375,42529353,42529353,https://www.infogreffe.com/recherche-entreprise-dirigeants/resultats-entreprise-dirigeants.html?ga_cat=globale&ga_q=N.E.X#phrase=N.E.X,https://www.infogreffe.com/recherche-entreprise-dirigeants/resultats-entreprise-dirigeants.html?ga_cat=globale&ga_q=N.E.X#phrase=N.E.X
0,2014-09-31,NEX.PA,,2014-09-31,Q3,1600750000,1414500000,186250000,8.594630872483222,18750000,130500000,0.0,-1000000.0,-11250000,1552500000,22500000,0.0,97500000,16.41794871794872,48250000,33.17616580310881,0.0,-34500000,-46.39855072463768,8000000.0,-42000000,-38.11309523809524,-1.0025,-1.0025,42044684,42044684,https://www.infogreffe.com/recherche-entreprise-dirigeants/resultats-entreprise-dirigeants.html?ga_cat=globale&ga_q=N.E.X#phrase=N.E.X,https://www.infogreffe.com/recherche-entreprise-dirigeants/resultats-entreprise-dirigeants.html?ga_cat=globale&ga_q=N.E.X#phrase=N.E.X
0,2014-06-31,NEX.PA,,2014-06-31,Q2,1600750000,1414500000,186250000,8.594630872483222,18750000,130500000,0.0,-1000000.0,-11250000,1552500000,22500000,0.0,97500000,16.41794871794872,48250000,33.17616580310881,0.0,-34500000,-46.39855072463768,8000000.0,-42000000,-38.11309523809524,-1.0025,-1.0025,42044684,42044684,https://www.infogreffe.com/recherche-entreprise-dirigeants/resultats-entreprise-dirigeants.html?ga_cat=globale&ga_q=N.E.X#phrase=N.E.X,https://www.infogreffe.com/recherche-entreprise-dirigeants/resultats-entreprise-dirigeants.html?ga_cat=globale&ga_q=N.E.X#phrase=N.E.X
0,2014-03-31,NEX.PA,,2014-03-31,Q1,1600750000,1414500000,186250000,8.594630872483222,18750000,130500000,0.0,-1000000.0,-11250000,1552500000,22500000,0.0,97500000,16.41794871794872,48250000,33.17616580310881,0.0,-34500000,-46.39855072463768,8000000.0,-42000000,-38.11309523809524,-1.0025,-1.0025,42044684,42044684,https://www.infogreffe.com/recherche-entreprise-dirigeants/resultats-entreprise-dirigeants.html?ga_cat=globale&ga_q=N.E.X#phrase=N.E.X,https://www.infogreffe.com/recherche-entreprise-dirigeants/resultats-entreprise-dirigeants.html?ga_cat=globale&ga_q=N.E.X#phrase=N.E.X
0,2014-01-31,NEX.PA,,2014-01-31,Q1,1600750000,1414500000,186250000,8.594630872483222,18750000,130500000,0.0,-1000000.0,-11250000,1552500000,22500000,0.0,97500000,16.41794871794872,48250000,33.17616580310881,0.0,-34500000,-46.39855072463768,8000000.0,-42000000,-38.11309523809524,-1.0025,-1.0025,42044684,42044684,https://www.infogreffe.com/recherche-entreprise-dirigeants/resultats-entreprise-dirigeants.html?ga_cat=globale&ga_q=N.E.X#phrase=N.E.X,https://www.infogreffe.com/recherche-entreprise-dirigeants/resultats-entreprise-dirigeants.html?ga_cat=globale&ga_q=N.E.X#phrase=N.E.X
0,2013-09-31,NEX.PA,,2013-09-31,Q3,1677750000,1487500000,190250000,8.818659658344284,19000000,128500000,0.0,-10250000,2250000.0,1637250000,27500000,0.0,84750000,19.79646017699115,40500000,41.425925925925924,0.0,-72750000,-23.061855670103093,9750000.0,-83250000,-20.153153153153152,-2.665,-2.665,31271353,31271353,https://www.infogreffe.com/recherche-entreprise-dirigeants/resultats-entreprise-dirigeants.html?ga_cat=globale&ga_q=N.E.X#phrase=N.E.X,https://www.infogreffe.com/recherche-entreprise-dirigeants/resultats-entreprise-dirigeants.html?ga_cat=globale&ga_q=N.E.X#phrase=N.E.X
0,2013-06-31,NEX.PA,,2013-06-31,Q2,1677750000,1487500000,190250000,8.818659658344284,19000000,128500000,0.0,-10250000,2250000.0,1637250000,27500000,0.0,84750000,19.79646017699115,40500000,41.425925925925924,0.0,-72750000,-23.061855670103093,9750000.0,-83250000,-20.153153153153152,-2.665,-2.665,31271353,31271353,https://www.infogreffe.com/recherche-entreprise-dirigeants/resultats-entreprise-dirigeants.html?ga_cat=globale&ga_q=N.E.X#phrase=N.E.X,https://www.infogreffe.com/recherche-entreprise-dirigeants/resultats-entreprise-dirigeants.html?ga_cat=globale&ga_q=N.E.X#phrase=N.E.X
0,2013-03-31,NEX.PA,,2013-03-31,Q1,1677750000,1487500000,190250000,8.818659658344284,19000000,128500000,0.0,-10250000,2250000.0,1637250000,27500000,0.0,84750000,19.79646017699115,40500000,41.425925925925924,0.0,-72750000,-23.061855670103093,9750000.0,-83250000,-20.153153153153152,-2.665,-2.665,31271353,31271353,https://www.infogreffe.com/recherche-entreprise-dirigeants/resultats-entreprise-dirigeants.html?ga_cat=globale&ga_q=N.E.X#phrase=N.E.X,https://www.infogreffe.com/recherche-entreprise-dirigeants/resultats-entreprise-dirigeants.html?ga_cat=globale&ga_q=N.E.X#phrase=N.E.X
0,2013-01-31,NEX.PA,,2013-01-31,Q1,1677750000,1487500000,190250000,8.818659658344284,19000000,128500000,0.0,-10250000,2250000.0,1637250000,27500000,0.0,84750000,19.79646017699115,40500000,41.425925925925924,0.0,-72750000,-23.061855670103093,9750000.0,-83250000,-20.153153153153152,-2.665,-2.665,31271353,31271353,https://www.infogreffe.com/recherche-entreprise-dirigeants/resultats-entreprise-dirigeants.html?ga_cat=globale&ga_q=N.E.X#phrase=N.E.X,https://www.infogreffe.com/recherche-entreprise-dirigeants/resultats-entreprise-dirigeants.html?ga_cat=globale&ga_q=N.E.X#phrase=N.E.X
0,2012-09-31,NEX.PA,,2012-09-31,Q3,1794500000,1588250000,206250000,8.700606060606061,18750000,137000000,0.0,-2750000.0,1750000.0,1745750000,28750000,0.0,89500000,20.050279329608937,48750000,36.81025641025641,0.0,7500000.0,239.26666666666668,1250000.0,6750000.0,265.85185185185185,0.2030625,0.200831,32453624,32619903,https://www.infogreffe.com/recherche-entreprise-dirigeants/resultats-entreprise-dirigeants.html?ga_cat=globale&ga_q=N.E.X#phrase=N.E.X,https://www.infogreffe.com/recherche-entreprise-dirigeants/resultats-entreprise-dirigeants.html?ga_cat=globale&ga_q=N.E.X#phrase=N.E.X
0,2012-06-31,NEX.PA,,2012-06-31,Q2,1794500000,1588250000,206250000,8.700606060606061,18750000,137000000,0.0,-2750000.0,1750000.0,1745750000,28750000,0.0,89500000,20.050279329608937,48750000,36.81025641025641,0.0,7500000.0,239.26666666666668,1250000.0,6750000.0,265.85185185185185,0.2030625,0.200831,32453624,32619903,https://www.infogreffe.com/recherche-entreprise-dirigeants/resultats-entreprise-dirigeants.html?ga_cat=globale&ga_q=N.E.X#phrase=N.E.X,https://www.infogreffe.com/recherche-entreprise-dirigeants/resultats-entreprise-dirigeants.html?ga_cat=globale&ga_q=N.E.X#phrase=N.E.X
0,2012-03-31,NEX.PA,,2012-03-31,Q1,1794500000,1588250000,206250000,8.700606060606061,18750000,137000000,0.0,-2750000.0,1750000.0,1745750000,28750000,0.0,89500000,20.050279329608937,48750000,36.81025641025641,0.0,7500000.0,239.26666666666668,1250000.0,6750000.0,265.85185185185185,0.2030625,0.200831,32453624,32619903,https://www.infogreffe.com/recherche-entreprise-dirigeants/resultats-entreprise-dirigeants.html?ga_cat=globale&ga_q=N.E.X#phrase=N.E.X,https://www.infogreffe.com/recherche-entreprise-dirigeants/resultats-entreprise-dirigeants.html?ga_cat=globale&ga_q=N.E.X#phrase=N.E.X
0,2012-01-31,NEX.PA,,2012-01-31,Q1,1794500000,1588250000,206250000,8.700606060606061,18750000,137000000,0.0,-2750000.0,1750000.0,1745750000,28750000,0.0,89500000,20.050279329608937,48750000,36.81025641025641,0.0,7500000.0,239.26666666666668,1250000.0,6750000.0,265.85185185185185,0.2030625,0.200831,32453624,32619903,https://www.infogreffe.com/recherche-entreprise-dirigeants/resultats-entreprise-dirigeants.html?ga_cat=globale&ga_q=N.E.X#phrase=N.E.X,https://www.infogreffe.com/recherche-entreprise-dirigeants/resultats-entreprise-dirigeants.html?ga_cat=globale&ga_q=N.E.X#phrase=N.E.X
0,2011-09-31,NEX.PA,,2011-09-31,Q3,1148500000,941750000,206750000,5.555018137847642,18750000,124000000,0.0,3000000.0,12500000,1097000000,20750000,0.0,39250000,29.261146496815286,51500000,22.300970873786408,0.0,-38750000,-29.638709677419357,7750000.0,-44500000,-25.808988764044944,-1.38573375,-1.38573375,32151928,32151928,https://www.infogreffe.com/recherche-entreprise-dirigeants/resultats-entreprise-dirigeants.html?ga_cat=globale&ga_q=N.E.X#phrase=N.E.X,https://www.infogreffe.com/recherche-entreprise-dirigeants/resultats-entreprise-dirigeants.html?ga_cat=globale&ga_q=N.E.X#phrase=N.E.X
0,2011-06-31,NEX.PA,,2011-06-31,Q2,1148500000,941750000,206750000,5.555018137847642,18750000,124000000,0.0,3000000.0,12500000,1097000000,20750000,0.0,39250000,29.261146496815286,51500000,22.300970873786408,0.0,-38750000,-29.638709677419357,7750000.0,-44500000,-25.808988764044944,-1.38573375,-1.38573375,32151928,32151928,https://www.infogreffe.com/recherche-entreprise-dirigeants/resultats-entreprise-dirigeants.html?ga_cat=globale&ga_q=N.E.X#phrase=N.E.X,https://www.infogreffe.com/recherche-entreprise-dirigeants/resultats-entreprise-dirigeants.html?ga_cat=globale&ga_q=N.E.X#phrase=N.E.X
0,2011-03-31,NEX.PA,,2011-03-31,Q1,1148500000,941750000,206750000,5.555018137847642,18750000,124000000,0.0,3000000.0,12500000,1097000000,20750000,0.0,39250000,29.261146496815286,51500000,22.300970873786408,0.0,-38750000,-29.638709677419357,7750000.0,-44500000,-25.808988764044944,-1.38573375,-1.38573375,32151928,32151928,https://www.infogreffe.com/recherche-entreprise-dirigeants/resultats-entreprise-dirigeants.html?ga_cat=globale&ga_q=N.E.X#phrase=N.E.X,https://www.infogreffe.com/recherche-entreprise-dirigeants/resultats-entreprise-dirigeants.html?ga_cat=globale&ga_q=N.E.X#phrase=N.E.X
0,2011-01-31,NEX.PA,,2011-01-31,Q1,1148500000,941750000,206750000,5.555018137847642,18750000,124000000,0.0,3000000.0,12500000,1097000000,20750000,0.0,39250000,29.261146496815286,51500000,22.300970873786408,0.0,-38750000,-29.638709677419357,7750000.0,-44500000,-25.808988764044944,-1.38573375,-1.38573375,32151928,32151928,https://www.infogreffe.com/recherche-entreprise-dirigeants/resultats-entreprise-dirigeants.html?ga_cat=globale&ga_q=N.E.X#phrase=N.E.X,https://www.infogreffe.com/recherche-entreprise-dirigeants/resultats-entreprise-dirigeants.html?ga_cat=globale&ga_q=N.E.X#phrase=N.E.X
0,2010-09-31,NEX.PA,,2010-09-31,Q3,1544750000,1359750000,185000000,8.35,17750000,115500000,0.0,2750000.0,0.0,1468000000,23750000,0.0,128250000,12.044834307992202,76750000,20.127035830618894,0.0,27500000,56.17272727272727,6500000.0,21000000,73.55952380952381,0.651585,0.63373325,31687217,36437232,https://www.infogreffe.com/recherche-entreprise-dirigeants/resultats-entreprise-dirigeants.html?ga_cat=globale&ga_q=N.E.X#phrase=N.E.X,https://www.infogreffe.com/recherche-entreprise-dirigeants/resultats-entreprise-dirigeants.html?ga_cat=globale&ga_q=N.E.X#phrase=N.E.X
0,2010-06-31,NEX.PA,,2010-06-31,Q2,1544750000,1359750000,185000000,8.35,17750000,115500000,0.0,2750000.0,0.0,1468000000,23750000,0.0,128250000,12.044834307992202,76750000,20.127035830618894,0.0,27500000,56.17272727272727,6500000.0,21000000,73.55952380952381,0.651585,0.63373325,31687217,36437232,https://www.infogreffe.com/recherche-entreprise-dirigeants/resultats-entreprise-dirigeants.html?ga_cat=globale&ga_q=N.E.X#phrase=N.E.X,https://www.infogreffe.com/recherche-entreprise-dirigeants/resultats-entreprise-dirigeants.html?ga_cat=globale&ga_q=N.E.X#phrase=N.E.X
0,2010-03-31,NEX.PA,,2010-03-31,Q1,1544750000,1359750000,185000000,8.35,17750000,115500000,0.0,2750000.0,0.0,1468000000,23750000,0.0,128250000,12.044834307992202,76750000,20.127035830618894,0.0,27500000,56.17272727272727,6500000.0,21000000,73.55952380952381,0.651585,0.63373325,31687217,36437232,https://www.infogreffe.com/recherche-entreprise-dirigeants/resultats-entreprise-dirigeants.html?ga_cat=globale&ga_q=N.E.X#phrase=N.E.X,https://www.infogreffe.com/recherche-entreprise-dirigeants/resultats-entreprise-dirigeants.html?ga_cat=globale&ga_q=N.E.X#phrase=N.E.X
0,2010-01-31,NEX.PA,,2010-01-31,Q1,1544750000,1359750000,185000000,8.35,17750000,115500000,0.0,2750000.0,0.0,1468000000,23750000,0.0,128250000,12.044834307992202,76750000,20.127035830618894,0.0,27500000,56.17272727272727,6500000.0,21000000,73.55952380952381,0.651585,0.63373325,31687217,36437232,https://www.infogreffe.com/recherche-entreprise-dirigeants/resultats-entreprise-dirigeants.html?ga_cat=globale&ga_q=N.E.X#phrase=N.E.X,https://www.infogreffe.com/recherche-entreprise-dirigeants/resultats-entreprise-dirigeants.html?ga_cat=globale&ga_q=N.E.X#phrase=N.E.X
0,2009-09-31,NEX.PA,,2009-09-31,Q3,1006500000,818500000,188000000,5.3537234042553195,16000000,111750000,0.0,0.0,-14000000,932250000,11250000,0.0,94750000,10.62269129287599,74250000,13.555555555555555,0.0,12750000,78.94117647058823,9750000.0,3000000.0,335.5,0.06471225,0.06471225,31340681,38116095,https://www.infogreffe.com/recherche-entreprise-dirigeants/resultats-entreprise-dirigeants.html?ga_cat=globale&ga_q=N.E.X#phrase=N.E.X,https://www.infogreffe.com/recherche-entreprise-dirigeants/resultats-entreprise-dirigeants.html?ga_cat=globale&ga_q=N.E.X#phrase=N.E.X
0,2009-06-31,NEX.PA,,2009-06-31,Q2,1006500000,818500000,188000000,5.3537234042553195,16000000,111750000,0.0,0.0,-14000000,932250000,11250000,0.0,94750000,10.62269129287599,74250000,13.555555555555555,0.0,12750000,78.94117647058823,9750000.0,3000000.0,335.5,0.06471225,0.06471225,31340681,38116095,https://www.infogreffe.com/recherche-entreprise-dirigeants/resultats-entreprise-dirigeants.html?ga_cat=globale&ga_q=N.E.X#phrase=N.E.X,https://www.infogreffe.com/recherche-entreprise-dirigeants/resultats-entreprise-dirigeants.html?ga_cat=globale&ga_q=N.E.X#phrase=N.E.X
0,2009-03-31,NEX.PA,,2009-03-31,Q1,1006500000,818500000,188000000,5.3537234042553195,16000000,111750000,0.0,0.0,-14000000,932250000,11250000,0.0,94750000,10.62269129287599,74250000,13.555555555555555,0.0,12750000,78.94117647058823,9750000.0,3000000.0,335.5,0.06471225,0.06471225,31340681,38116095,https://www.infogreffe.com/recherche-entreprise-dirigeants/resultats-entreprise-dirigeants.html?ga_cat=globale&ga_q=N.E.X#phrase=N.E.X,https://www.infogreffe.com/recherche-entreprise-dirigeants/resultats-entreprise-dirigeants.html?ga_cat=globale&ga_q=N.E.X#phrase=N.E.X
0,2009-01-31,NEX.PA,,2009-01-31,Q1,1006500000,818500000,188000000,5.3537234042553195,16000000,111750000,0.0,0.0,-14000000,932250000,11250000,0.0,94750000,10.62269129287599,74250000,13.555555555555555,0.0,12750000,78.94117647058823,9750000.0,3000000.0,335.5,0.06471225,0.06471225,31340681,38116095,https://www.infogreffe.com/recherche-entreprise-dirigeants/resultats-entreprise-dirigeants.html?ga_cat=globale&ga_q=N.E.X#phrase=N.E.X,https://www.infogreffe.com/recherche-entreprise-dirigeants/resultats-entreprise-dirigeants.html?ga_cat=globale&ga_q=N.E.X#phrase=N.E.X
0,2008-09-31,NEX.PA,,2008-09-31,Q3,1194000000,954750000,239250000,4.990595611285267,15750000,116750000,0.0,4500000.0,44250000,1130500000,24250000,0.0,99500000,12.0,63500000,18.80314960629921,0.0,33750000,35.37777777777778,12500000,21000000,56.857142857142854,0.70514,0.68505675,29072244,29924524,https://www.infogreffe.com/recherche-entreprise-dirigeants/resultats-entreprise-dirigeants.html?ga_cat=globale&ga_q=N.E.X#phrase=N.E.X,https://www.infogreffe.com/recherche-entreprise-dirigeants/resultats-entreprise-dirigeants.html?ga_cat=globale&ga_q=N.E.X#phrase=N.E.X
0,2008-06-31,NEX.PA,,2008-06-31,Q2,1194000000,954750000,239250000,4.990595611285267,15750000,116750000,0.0,4500000.0,44250000,1130500000,24250000,0.0,99500000,12.0,63500000,18.80314960629921,0.0,33750000,35.37777777777778,12500000,21000000,56.857142857142854,0.70514,0.68505675,29072244,29924524,https://www.infogreffe.com/recherche-entreprise-dirigeants/resultats-entreprise-dirigeants.html?ga_cat=globale&ga_q=N.E.X#phrase=N.E.X,https://www.infogreffe.com/recherche-entreprise-dirigeants/resultats-entreprise-dirigeants.html?ga_cat=globale&ga_q=N.E.X#phrase=N.E.X
0,2008-03-31,NEX.PA,,2008-03-31,Q1,1194000000,954750000,239250000,4.990595611285267,15750000,116750000,0.0,4500000.0,44250000,1130500000,24250000,0.0,99500000,12.0,63500000,18.80314960629921,0.0,33750000,35.37777777777778,12500000,21000000,56.857142857142854,0.70514,0.68505675,29072244,29924524,https://www.infogreffe.com/recherche-entreprise-dirigeants/resultats-entreprise-dirigeants.html?ga_cat=globale&ga_q=N.E.X#phrase=N.E.X,https://www.infogreffe.com/recherche-entreprise-dirigeants/resultats-entreprise-dirigeants.html?ga_cat=globale&ga_q=N.E.X#phrase=N.E.X
0,2008-01-31,NEX.PA,,2008-01-31,Q1,1194000000,954750000,239250000,4.990595611285267,15750000,116750000,0.0,4500000.0,44250000,1130500000,24250000,0.0,99500000,12.0,63500000,18.80314960629921,0.0,33750000,35.37777777777778,12500000,21000000,56.857142857142854,0.70514,0.68505675,29072244,29924524,https://www.infogreffe.com/recherche-entreprise-dirigeants/resultats-entreprise-dirigeants.html?ga_cat=globale&ga_q=N.E.X#phrase=N.E.X,https://www.infogreffe.com/recherche-entreprise-dirigeants/resultats-entreprise-dirigeants.html?ga_cat=globale&ga_q=N.E.X#phrase=N.E.X
0,2007-09-31,NEX.PA,,2007-09-31,Q3,1205500000,982500000,223000000,5.4058295964125564,15000000,105750000,0.0,3250000.0,4000000.0,1106250000,23500000,0.0,133000000,9.063909774436091,99250000,12.146095717884132,0.0,70250000,17.160142348754448,21000000,49250000,24.477157360406093,1.6535085,1.48838075,28629190,33493389,https://www.infogreffe.com/recherche-entreprise-dirigeants/resultats-entreprise-dirigeants.html?ga_cat=globale&ga_q=N.E.X#phrase=N.E.X,https://www.infogreffe.com/recherche-entreprise-dirigeants/resultats-entreprise-dirigeants.html?ga_cat=globale&ga_q=N.E.X#phrase=N.E.X
0,2007-06-31,NEX.PA,,2007-06-31,Q2,1205500000,982500000,223000000,5.4058295964125564,15000000,105750000,0.0,3250000.0,4000000.0,1106250000,23500000,0.0,133000000,9.063909774436091,99250000,12.146095717884132,0.0,70250000,17.160142348754448,21000000,49250000,24.477157360406093,1.6535085,1.48838075,28629190,33493389,https://www.infogreffe.com/recherche-entreprise-dirigeants/resultats-entreprise-dirigeants.html?ga_cat=globale&ga_q=N.E.X#phrase=N.E.X,https://www.infogreffe.com/recherche-entreprise-dirigeants/resultats-entreprise-dirigeants.html?ga_cat=globale&ga_q=N.E.X#phrase=N.E.X
0,2007-03-31,NEX.PA,,2007-03-31,Q1,1205500000,982500000,223000000,5.4058295964125564,15000000,105750000,0.0,3250000.0,4000000.0,1106250000,23500000,0.0,133000000,9.063909774436091,99250000,12.146095717884132,0.0,70250000,17.160142348754448,21000000,49250000,24.477157360406093,1.6535085,1.48838075,28629190,33493389,https://www.infogreffe.com/recherche-entreprise-dirigeants/resultats-entreprise-dirigeants.html?ga_cat=globale&ga_q=N.E.X#phrase=N.E.X,https://www.infogreffe.com/recherche-entreprise-dirigeants/resultats-entreprise-dirigeants.html?ga_cat=globale&ga_q=N.E.X#phrase=N.E.X
0,2007-01-31,NEX.PA,,2007-01-31,Q1,1205500000,982500000,223000000,5.4058295964125564,15000000,105750000,0.0,3250000.0,4000000.0,1106250000,23500000,0.0,133000000,9.063909774436091,99250000,12.146095717884132,0.0,70250000,17.160142348754448,21000000,49250000,24.477157360406093,1.6535085,1.48838075,28629190,33493389,https://www.infogreffe.com/recherche-entreprise-dirigeants/resultats-entreprise-dirigeants.html?ga_cat=globale&ga_q=N.E.X#phrase=N.E.X,https://www.infogreffe.com/recherche-entreprise-dirigeants/resultats-entreprise-dirigeants.html?ga_cat=globale&ga_q=N.E.X#phrase=N.E.X
0,2006-09-31,NEX.PA,,2006-09-31,Q3,1872250000,1700500000,171750000,10.901018922852984,13750000,93000000,93000000,-2000000.0,-52750000,1754500000,11250000,0.0,152250000,12.29720853858785,117750000,15.900212314225053,0.0,74250000,25.215488215488215,12250000,60250000,31.074688796680498,2.287242,1.99268975,26361191,31131885,https://www.infogreffe.com/recherche-entreprise-dirigeants/resultats-entreprise-dirigeants.html?ga_cat=globale&ga_q=N.E.X#phrase=N.E.X,https://www.infogreffe.com/recherche-entreprise-dirigeants/resultats-entreprise-dirigeants.html?ga_cat=globale&ga_q=N.E.X#phrase=N.E.X
0,2006-06-31,NEX.PA,,2006-06-31,Q2,1872250000,1700500000,171750000,10.901018922852984,13750000,93000000,93000000,-2000000.0,-52750000,1754500000,11250000,0.0,152250000,12.29720853858785,117750000,15.900212314225053,0.0,74250000,25.215488215488215,12250000,60250000,31.074688796680498,2.287242,1.99268975,26361191,31131885,https://www.infogreffe.com/recherche-entreprise-dirigeants/resultats-entreprise-dirigeants.html?ga_cat=globale&ga_q=N.E.X#phrase=N.E.X,https://www.infogreffe.com/recherche-entreprise-dirigeants/resultats-entreprise-dirigeants.html?ga_cat=globale&ga_q=N.E.X#phrase=N.E.X
0,2006-03-31,NEX.PA,,2006-03-31,Q1,1872250000,1700500000,171750000,10.901018922852984,13750000,93000000,93000000,-2000000.0,-52750000,1754500000,11250000,0.0,152250000,12.29720853858785,117750000,15.900212314225053,0.0,74250000,25.215488215488215,12250000,60250000,31.074688796680498,2.287242,1.99268975,26361191,31131885,https://www.infogreffe.com/recherche-entreprise-dirigeants/resultats-entreprise-dirigeants.html?ga_cat=globale&ga_q=N.E.X#phrase=N.E.X,https://www.infogreffe.com/recherche-entreprise-dirigeants/resultats-entreprise-dirigeants.html?ga_cat=globale&ga_q=N.E.X#phrase=N.E.X
0,2006-01-31,NEX.PA,,2006-01-31,Q1,1872250000,1700500000,171750000,10.901018922852984,13750000,93000000,93000000,-2000000.0,-52750000,1754500000,11250000,0.0,152250000,12.29720853858785,117750000,15.900212314225053,0.0,74250000,25.215488215488215,12250000,60250000,31.074688796680498,2.287242,1.99268975,26361191,31131885,https://www.infogreffe.com/recherche-entreprise-dirigeants/resultats-entreprise-dirigeants.html?ga_cat=globale&ga_q=N.E.X#phrase=N.E.X,https://www.infogreffe.com/recherche-entreprise-dirigeants/resultats-entreprise-dirigeants.html?ga_cat=globale&ga_q=N.E.X#phrase=N.E.X
0,2005-09-31,NEX.PA,,2005-09-31,Q3,1362250000,1206250000,156000000,8.732371794871796,13000000,96500000,96500000,-500000.0,-38250000,1277500000,6500000.0,0.0,113000000,12.055309734513274,84750000,16.073746312684367,0.0,63500000,21.45275590551181,9000000.0,40750000,33.42944785276074,1.14250525,0.99522925,23691110,28469607,https://www.infogreffe.com/recherche-entreprise-dirigeants/resultats-entreprise-dirigeants.html?ga_cat=globale&ga_q=N.E.X#phrase=N.E.X,https://www.infogreffe.com/recherche-entreprise-dirigeants/resultats-entreprise-dirigeants.html?ga_cat=globale&ga_q=N.E.X#phrase=N.E.X
0,2005-06-31,NEX.PA,,2005-06-31,Q2,1362250000,1206250000,156000000,8.732371794871796,13000000,96500000,96500000,-500000.0,-38250000,1277500000,6500000.0,0.0,113000000,12.055309734513274,84750000,16.073746312684367,0.0,63500000,21.45275590551181,9000000.0,40750000,33.42944785276074,1.14250525,0.99522925,23691110,28469607,https://www.infogreffe.com/recherche-entreprise-dirigeants/resultats-entreprise-dirigeants.html?ga_cat=globale&ga_q=N.E.X#phrase=N.E.X,https://www.infogreffe.com/recherche-entreprise-dirigeants/resultats-entreprise-dirigeants.html?ga_cat=globale&ga_q=N.E.X#phrase=N.E.X
0,2005-03-31,NEX.PA,,2005-03-31,Q1,1362250000,1206250000,156000000,8.732371794871796,13000000,96500000,96500000,-500000.0,-38250000,1277500000,6500000.0,0.0,113000000,12.055309734513274,84750000,16.073746312684367,0.0,63500000,21.45275590551181,9000000.0,40750000,33.42944785276074,1.14250525,0.99522925,23691110,28469607,https://www.infogreffe.com/recherche-entreprise-dirigeants/resultats-entreprise-dirigeants.html?ga_cat=globale&ga_q=N.E.X#phrase=N.E.X,https://www.infogreffe.com/recherche-entreprise-dirigeants/resultats-entreprise-dirigeants.html?ga_cat=globale&ga_q=N.E.X#phrase=N.E.X
0,2005-01-31,NEX.PA,,2005-01-31,Q1,1362250000,1206250000,156000000,8.732371794871796,13000000,96500000,96500000,-500000.0,-38250000,1277500000,6500000.0,0.0,113000000,12.055309734513274,84750000,16.073746312684367,0.0,63500000,21.45275590551181,9000000.0,40750000,33.42944785276074,1.14250525,0.99522925,23691110,28469607,https://www.infogreffe.com/recherche-entreprise-dirigeants/resultats-entreprise-dirigeants.html?ga_cat=globale&ga_q=N.E.X#phrase=N.E.X,https://www.infogreffe.com/recherche-entreprise-dirigeants/resultats-entreprise-dirigeants.html?ga_cat=globale&ga_q=N.E.X#phrase=N.E.X
0,2004-09-31,NEX.PA,,2004-09-31,Q3,1001250000,862250000,139000000,7.203237410071942,11750000,94250000,94250000,-1000000.0,-4000000.0,964250000,4750000.0,0.0,52000000,19.254807692307693,37000000,27.06081081081081,0.0,30000000,33.375,7000000.0,23000000,43.53260869565217,97.960896,89.70451075,23467674,25951965,https://www.infogreffe.com/recherche-entreprise-dirigeants/resultats-entreprise-dirigeants.html?ga_cat=globale&ga_q=N.E.X#phrase=N.E.X,https://www.infogreffe.com/recherche-entreprise-dirigeants/resultats-entreprise-dirigeants.html?ga_cat=globale&ga_q=N.E.X#phrase=N.E.X
0,2004-06-31,NEX.PA,,2004-06-31,Q2,1001250000,862250000,139000000,7.203237410071942,11750000,94250000,94250000,-1000000.0,-4000000.0,964250000,4750000.0,0.0,52000000,19.254807692307693,37000000,27.06081081081081,0.0,30000000,33.375,7000000.0,23000000,43.53260869565217,97.960896,89.70451075,23467674,25951965,https://www.infogreffe.com/recherche-entreprise-dirigeants/resultats-entreprise-dirigeants.html?ga_cat=globale&ga_q=N.E.X#phrase=N.E.X,https://www.infogreffe.com/recherche-entreprise-dirigeants/resultats-entreprise-dirigeants.html?ga_cat=globale&ga_q=N.E.X#phrase=N.E.X
0,2004-03-31,NEX.PA,,2004-03-31,Q1,1001250000,862250000,139000000,7.203237410071942,11750000,94250000,94250000,-1000000.0,-4000000.0,964250000,4750000.0,0.0,52000000,19.254807692307693,37000000,27.06081081081081,0.0,30000000,33.375,7000000.0,23000000,43.53260869565217,97.960896,89.70451075,23467674,25951965,https://www.infogreffe.com/recherche-entreprise-dirigeants/resultats-entreprise-dirigeants.html?ga_cat=globale&ga_q=N.E.X#phrase=N.E.X,https://www.infogreffe.com/recherche-entreprise-dirigeants/resultats-entreprise-dirigeants.html?ga_cat=globale&ga_q=N.E.X#phrase=N.E.X
0,2004-01-31,NEX.PA,,2004-01-31,Q1,1001250000,862250000,139000000,7.203237410071942,11750000,94250000,94250000,-1000000.0,-4000000.0,964250000,4750000.0,0.0,52000000,19.254807692307693,37000000,27.06081081081081,0.0,30000000,33.375,7000000.0,23000000,43.53260869565217,97.960896,89.70451075,23467674,25951965,https://www.infogreffe.com/recherche-entreprise-dirigeants/resultats-entreprise-dirigeants.html?ga_cat=globale&ga_q=N.E.X#phrase=N.E.X,https://www.infogreffe.com/recherche-entreprise-dirigeants/resultats-entreprise-dirigeants.html?ga_cat=globale&ga_q=N.E.X#phrase=N.E.X
0,2003-09-31,NEX.PA,,2003-09-31,Q3,981000000,845750000,135250000,7.2532347504621075,11750000,100500000,0.0,0.0,-10000000,948000000,0.0,0.0,71500000,13.72027972027972,33000000,29.727272727272727,0.0,4500000.0,218.0,-2000000.0,250000.0,3924.0,0.01338875,0.01338875,23478627,24617971,https://www.infogreffe.com/recherche-entreprise-dirigeants/resultats-entreprise-dirigeants.html?ga_cat=globale&ga_q=N.E.X#phrase=N.E.X,https://www.infogreffe.com/recherche-entreprise-dirigeants/resultats-entreprise-dirigeants.html?ga_cat=globale&ga_q=N.E.X#phrase=N.E.X
0,2003-06-31,NEX.PA,,2003-06-31,Q2,981000000,845750000,135250000,7.2532347504621075,11750000,100500000,0.0,0.0,-10000000,948000000,0.0,0.0,71500000,13.72027972027972,33000000,29.727272727272727,0.0,4500000.0,218.0,-2000000.0,250000.0,3924.0,0.01338875,0.01338875,23478627,24617971,https://www.infogreffe.com/recherche-entreprise-dirigeants/resultats-entreprise-dirigeants.html?ga_cat=globale&ga_q=N.E.X#phrase=N.E.X,https://www.infogreffe.com/recherche-entreprise-dirigeants/resultats-entreprise-dirigeants.html?ga_cat=globale&ga_q=N.E.X#phrase=N.E.X
0,2003-03-31,NEX.PA,,2003-03-31,Q1,981000000,845750000,135250000,7.2532347504621075,11750000,100500000,0.0,0.0,-10000000,948000000,0.0,0.0,71500000,13.72027972027972,33000000,29.727272727272727,0.0,4500000.0,218.0,-2000000.0,250000.0,3924.0,0.01338875,0.01338875,23478627,24617971,https://www.infogreffe.com/recherche-entreprise-dirigeants/resultats-entreprise-dirigeants.html?ga_cat=globale&ga_q=N.E.X#phrase=N.E.X,https://www.infogreffe.com/recherche-entreprise-dirigeants/resultats-entreprise-dirigeants.html?ga_cat=globale&ga_q=N.E.X#phrase=N.E.X
0,2003-01-31,NEX.PA,,2003-01-31,Q1,981000000,845750000,135250000,7.2532347504621075,11750000,100500000,0.0,0.0,-10000000,948000000,0.0,0.0,71500000,13.72027972027972,33000000,29.727272727272727,0.0,4500000.0,218.0,-2000000.0,250000.0,3924.0,0.01338875,0.01338875,23478627,24617971,https://www.infogreffe.com/recherche-entreprise-dirigeants/resultats-entreprise-dirigeants.html?ga_cat=globale&ga_q=N.E.X#phrase=N.E.X,https://www.infogreffe.com/recherche-entreprise-dirigeants/resultats-entreprise-dirigeants.html?ga_cat=globale&ga_q=N.E.X#phrase=N.E.X
0,2002-09-31,NEX.PA,,2002-09-31,Q3,1024000000,892750000,131250000,7.801904761904762,12000000,105250000,0.0,0.0,-22500000,987500000,0.0,0.0,96000000,10.666666666666666,36500000,28.054794520547944,0.0,-10750000,-95.25581395348837,-2500000.0,-10000000,-102.4,-0.397199,-0.397199,25466556,26069115,https://www.infogreffe.com/recherche-entreprise-dirigeants/resultats-entreprise-dirigeants.html?ga_cat=globale&ga_q=N.E.X#phrase=N.E.X,https://www.infogreffe.com/recherche-entreprise-dirigeants/resultats-entreprise-dirigeants.html?ga_cat=globale&ga_q=N.E.X#phrase=N.E.X
0,2002-06-31,NEX.PA,,2002-06-31,Q2,1024000000,892750000,131250000,7.801904761904762,12000000,105250000,0.0,0.0,-22500000,987500000,0.0,0.0,96000000,10.666666666666666,36500000,28.054794520547944,0.0,-10750000,-95.25581395348837,-2500000.0,-10000000,-102.4,-0.397199,-0.397199,25466556,26069115,https://www.infogreffe.com/recherche-entreprise-dirigeants/resultats-entreprise-dirigeants.html?ga_cat=globale&ga_q=N.E.X#phrase=N.E.X,https://www.infogreffe.com/recherche-entreprise-dirigeants/resultats-entreprise-dirigeants.html?ga_cat=globale&ga_q=N.E.X#phrase=N.E.X
0,2002-03-31,NEX.PA,,2002-03-31,Q1,1024000000,892750000,131250000,7.801904761904762,12000000,105250000,0.0,0.0,-22500000,987500000,0.0,0.0,96000000,10.666666666666666,36500000,28.054794520547944,0.0,-10750000,-95.25581395348837,-2500000.0,-10000000,-102.4,-0.397199,-0.397199,25466556,26069115,https://www.infogreffe.com/recherche-entreprise-dirigeants/resultats-entreprise-dirigeants.html?ga_cat=globale&ga_q=N.E.X#phrase=N.E.X,https://www.infogreffe.com/recherche-entreprise-dirigeants/resultats-entreprise-dirigeants.html?ga_cat=globale&ga_q=N.E.X#phrase=N.E.X
0,2002-01-31,NEX.PA,,2002-01-31,Q1,1024000000,892750000,131250000,7.801904761904762,12000000,105250000,0.0,0.0,-22500000,987500000,0.0,0.0,96000000,10.666666666666666,36500000,28.054794520547944,0.0,-10750000,-95.25581395348837,-2500000.0,-10000000,-102.4,-0.397199,-0.397199,25466556,26069115,https://www.infogreffe.com/recherche-entreprise-dirigeants/resultats-entreprise-dirigeants.html?ga_cat=globale&ga_q=N.E.X#phrase=N.E.X,https://www.infogreffe.com/recherche-entreprise-dirigeants/resultats-entreprise-dirigeants.html?ga_cat=globale&ga_q=N.E.X#phrase=N.E.X
0,2001-09-31,NEX.PA,,2001-09-31,Q3,1116750000,958250000,158500000,7.045741324921136,12500000,111250000,0.0,0.0,-9000000.0,1073000000,0.0,0.0,88500000,12.61864406779661,43750000,25.525714285714287,0.0,18250000,61.19178082191781,7000000.0,7500000.0,148.9,0.2722375,0.2722375,27500215,27599459,https://www.infogreffe.com/recherche-entreprise-dirigeants/resultats-entreprise-dirigeants.html?ga_cat=globale&ga_q=N.E.X#phrase=N.E.X,https://www.infogreffe.com/recherche-entreprise-dirigeants/resultats-entreprise-dirigeants.html?ga_cat=globale&ga_q=N.E.X#phrase=N.E.X
0,2001-06-31,NEX.PA,,2001-06-31,Q2,1116750000,958250000,158500000,7.045741324921136,12500000,111250000,0.0,0.0,-9000000.0,1073000000,0.0,0.0,88500000,12.61864406779661,43750000,25.525714285714287,0.0,18250000,61.19178082191781,7000000.0,7500000.0,148.9,0.2722375,0.2722375,27500215,27599459,https://www.infogreffe.com/recherche-entreprise-dirigeants/resultats-entreprise-dirigeants.html?ga_cat=globale&ga_q=N.E.X#phrase=N.E.X,https://www.infogreffe.com/recherche-entreprise-dirigeants/resultats-entreprise-dirigeants.html?ga_cat=globale&ga_q=N.E.X#phrase=N.E.X
0,2001-03-31,NEX.PA,,2001-03-31,Q1,1116750000,958250000,158500000,7.045741324921136,12500000,111250000,0.0,0.0,-9000000.0,1073000000,0.0,0.0,88500000,12.61864406779661,43750000,25.525714285714287,0.0,18250000,61.19178082191781,7000000.0,7500000.0,148.9,0.2722375,0.2722375,27500215,27599459,https://www.infogreffe.com/recherche-entreprise-dirigeants/resultats-entreprise-dirigeants.html?ga_cat=globale&ga_q=N.E.X#phrase=N.E.X,https://www.infogreffe.com/recherche-entreprise-dirigeants/resultats-entreprise-dirigeants.html?ga_cat=globale&ga_q=N.E.X#phrase=N.E.X
0,2001-01-31,NEX.PA,,2001-01-31,Q1,1116750000,958250000,158500000,7.045741324921136,12500000,111250000,0.0,0.0,-9000000.0,1073000000,0.0,0.0,88500000,12.61864406779661,43750000,25.525714285714287,0.0,18250000,61.19178082191781,7000000.0,7500000.0,148.9,0.2722375,0.2722375,27500215,27599459,https://www.infogreffe.com/recherche-entreprise-dirigeants/resultats-entreprise-dirigeants.html?ga_cat=globale&ga_q=N.E.X#phrase=N.E.X,https://www.infogreffe.com/recherche-entreprise-dirigeants/resultats-entreprise-dirigeants.html?ga_cat=globale&ga_q=N.E.X#phrase=N.E.X
