,date,symbol,fillingDate,acceptedDate,period,revenue,costOfRevenue,grossProfit,grossProfitRatio,researchAndDevelopmentExpenses,generalAndAdministrativeExpenses,sellingAndMarketingExpenses,otherExpenses,operatingExpenses,costAndExpenses,interestExpense,depreciationAndAmortization,ebitda,ebitdaratio,operatingIncome,operatingIncomeRatio,totalOtherIncomeExpensesNet,incomeBeforeTax,incomeBeforeTaxRatio,incomeTaxExpense,netIncome,netIncomeRatio,eps,epsdiluted,weightedAverageShsOut,weightedAverageShsOutDil,link,finalLink
0,2020-07-31,AOBC,2020-09-03 00:00:00,2020-09-03 16:16:12,Q1,277965000,161199000,116766000,0.420074469807,2965000.0,29080000,19269000,0.0,51314000,212513000,0.0,12888000,78340000,0.281834043854,65452000,0.235468494235,-1165000.0,64287000,0.231277319087,15902000,48385000,0.174068677711,0.85977,0.85977,55494000,56277000,https://www.sec.gov/Archives/edgar/data/1092796/000156459020042517/0001564590-20-042517-index.htm,https://www.sec.gov/Archives/edgar/data/1092796/000156459020042517/swbi-10q_20200731.htm
0,2020-04-30,AOBC,2020-06-19 00:00:00,2020-06-19 16:47:03,Q4,233637000,152295000,81342000,0.34815547195,2952000.0,26384000,19096000,98662000,147094000,299389000,0.0,12975000,-52777000,-0.225893159046,-65752000,-0.281428027239,-2652000.0,-68404000,-0.292778969085,-2258000.0,-66146000,-0.283114403969,-1.20303,-1.20303,54983000,54983000,https://www.sec.gov/Archives/edgar/data/1092796/000156459020029954/0001564590-20-029954-index.html,https://www.sec.gov/Archives/edgar/data/1092796/000156459020029954/swbi-10k_20200430.htm
0,2020-01-31,AOBC,2020-03-05 00:00:00,2020-03-05 16:16:47,Q3,166695000,111492000,55203000,0.331162,3192000.0,41104000,19294000,-18000.0,44296000.00000001,155788000,-2885000.0,13090000,18209000,0.109235,10907000,0.065431,-18000.0,8004000.0,0.048016,2273000.0,5731000.0,0.03438,0.10281,0.10281,55744000,55744000,https://www.sec.gov/Archives/edgar/data/1092796/000156459020008970/0001564590-20-008970-index.html,https://www.sec.gov/Archives/edgar/data/1092796/000156459020008970/aobc-10q_20200131.htm
0,2019-10-31,AOBC,2019-12-05 00:00:00,2019-12-05 16:17:12,Q2,154388000,104082000,50306000,0.325841,2988000.0,42434000,19352000,86000.0,45422000,149504000,-3039000.0,13646999.999999998,12538999.999999998,0.081217,4884000.0,0.031635,86000.0,1931000.0,0.012507,638000.0,1293000.0,0.008375,0.02333,0.02333,55424000,55424000,https://www.sec.gov/Archives/edgar/data/1092796/000156459019045371/0001564590-19-045371-index.html,https://www.sec.gov/Archives/edgar/data/1092796/000156459019045371/aobc-10q_20191031.htm
0,2019-07-31,AOBC,2019-08-29,2019-08-29 16:16:45,Q1,123669000,75816000,47853000,0.386944,3229000.0,43482000,16773000,5000.0,46711000,122527000,-2627000.0,14346000,10239000,0.082794,1142000.0,0.009234,5000.0,-1480000.0,-0.011967,628000.0,-2108000.0,-0.017046,-0.03841,-0.03841,54880000,54880000,https://www.sec.gov/Archives/edgar/data/1092796/000156459019033589/aobc-10q_20190731.htm,https://www.sec.gov/Archives/edgar/data/1092796/000156459019033589/aobc-10q_20190731.htm
0,2019-04-30,AOBC,2019-06-19 00:00:00,2019-06-19 16:17:02,Q4,175733000,112369000,63364000,0.36057,3508000.0,44569000,14984000,0.0,48077000,160446000,-2529000.0,14235000,24529000,0.139581,15287000,0.08699,-5000.0,12753000,0.07257,2999000.0,9824000.0,0.055903,0.17711,0.17711,55468000,55468000,https://www.sec.gov/Archives/edgar/data/1092796/000156459019022862/0001564590-19-022862-index.html,https://www.sec.gov/Archives/edgar/data/1092796/000156459019022862/aobc-10k_20190430.htm
0,2019-01-31,AOBC,2019-03-07 00:00:00,2019-03-07 16:16:30,Q3,162008000,107949000,54059000,0.333681,3297000.0,42399000,15373000,10396000,56092000,164041000,-2548000.0,13630000.000000004,6548000.000000003,0.040418,-2033000.0,-0.012549,47000.0,-4534000.0,-0.027986,1191000.0,-5725000.0,-0.035338,-0.10496,-0.10496,54544000,54544000,https://www.sec.gov/Archives/edgar/data/1092796/000156459019006791/0001564590-19-006791-index.html,https://www.sec.gov/Archives/edgar/data/1092796/000156459019006791/aobc-10q_20190131.htm
0,2018-10-31,AOBC,2018-12-06 00:00:00,2018-12-06 16:16:46,Q2,161703000,105317000,56386000,0.348701,3251000.0,41809000,15291000,9000.0,45060000.00000002,150377000.00000003,-2274000.0,13094000,19880000,0.122941,11326000,0.070042,8000.0,9060000.0,0.056029,2395000.0,6665000.0,0.041218,0.12095,0.12095,55107000,55107000,https://www.sec.gov/Archives/edgar/data/1092796/000156459018030605/0001564590-18-030605-index.html,https://www.sec.gov/Archives/edgar/data/1092796/000156459018030605/aobc-10q_20181031.htm
0,2018-07-31,AOBC,2018-08-30 00:00:00,2018-08-30 16:16:23,Q1,138800000,86400000,52400000,0.377522,2800000.0,36100000,11615000,-18000.0,39000000,125400000,-2000000.0,12900000,22300000,0.160663,13500000,0.097262,0.0,11500000,0.082853,3800000.0,7600000.0,0.054755,0.13843,0.13843,54900000,54900000,https://www.sec.gov/Archives/edgar/data/1092796/000156459018022505/0001564590-18-022505-index.html,https://www.sec.gov/Archives/edgar/data/1092796/000156459018022505/aobc-10q_20180731.htm
0,2018-04-30,AOBC,2018-06-20 00:00:00,2018-06-20 16:17:50,Q4,172000000,114600000,57400000,0.333721,2700000.0,38300000,12595000,355000.0,41000000,155600000,-2800000.0,13300000.000000004,24500000.000000004,0.142442,16400000,0.095349,400000.0,14000000,0.081395,6300000.0,7700000.0,0.044767,0.14051,0.14051,54800000,54800000,https://www.sec.gov/Archives/edgar/data/1092796/000156459018015882/0001564590-18-015882-index.html,https://www.sec.gov/Archives/edgar/data/1092796/000156459018015882/aobc-10k_20180430.htm
0,2018-01-31,AOBC,2018-03-01 00:00:00,2018-03-01 17:12:19,Q3,157400000,110500000,46900000,0.297967,3100000.0,37800000,16141000,87000.0,41000000,151500000,-3000000.0,12499999.999999996,21799999.999999996,0.138501,5800000.0,0.036849,100000.0,2900000.0,0.018424,900000.0,11400000,0.072427,0.20841,0.20841,54700000,54700000,https://www.sec.gov/Archives/edgar/data/1092796/000156459018004151/0001564590-18-004151-index.html,https://www.sec.gov/Archives/edgar/data/1092796/000156459018004151/aobc-10q_20180131.htm
0,2017-10-31,AOBC,2017-12-07 00:00:00,2017-12-07 16:17:52,Q2,148400000,97600000,50800000,0.342318,2700000.0,39800000,15351000,2388000.0,42800000.00000001,140400000,-3000000.0,12500000,14500000,0.097709,8000000.0,0.053908,0.0,5000000.0,0.033693,1800000.0,3200000.0,0.021563,0.0585,0.0585,54700000,54700000,https://www.sec.gov/Archives/edgar/data/1092796/000156459017024701/0001564590-17-024701-index.html,https://www.sec.gov/Archives/edgar/data/1092796/000156459017024701/aobc-10q_20171031.htm
0,2017-07-31,AOBC,2017-09-07 00:00:00,2017-09-07 16:17:10,Q1,129000000,88400000,40600000,0.314729,2800000.0,40600000,11718000,-1093000.0,43799999.99999998,132199999.99999999,-2400000.0,13800000,7100000.0,0.055039,-3200000.0,-0.024806,1300000.0,-4300000.0,-0.033333,-2100000.0,-2200000.0,-0.017054,-0.04082,-0.04082,53900000,53900000,https://www.sec.gov/Archives/edgar/data/1092796/000156459017018410/0001564590-17-018410-index.html,https://www.sec.gov/Archives/edgar/data/1092796/000156459017018410/aobc-10q_20170731.htm
0,2017-04-30,AOBC,2017-06-29 00:00:00,2017-06-29 16:16:50,Q4,229200000,138400000,90800000,0.396161,2600000.0,43100000,12565000,-15000.0,45699999.99999999,184100000,-2500000.0,13000000,53100000,0.231675,45100000,0.196771,0.0,42600000,0.185864,14900000,27700000,0.120855,0.49376,0.49376,56100000,56100000,https://www.sec.gov/Archives/edgar/data/1092796/000156459017013115/0001564590-17-013115-index.html,https://www.sec.gov/Archives/edgar/data/1092796/000156459017013115/aobc-10k_20170430.htm
0,2017-01-31,AOBC,2017-03-02 00:00:00,2017-03-02 16:16:25,Q3,233500000,134200000,99300000,0.425268,2800000.0,45700000,15052000,-7000.0,49100000.00000002,183300000.00000003,-1900000.0,13400000.000000002,59800000,0.256103,50200000,0.214989,0.0,48300000,0.206852,15800000,32500000,0.139186,0.56918,0.56918,57100000,57100000,https://www.sec.gov/Archives/edgar/data/1092796/000156459017003228/0001564590-17-003228-index.html,https://www.sec.gov/Archives/edgar/data/1092796/000156459017003228/aobc-10q_20170131.htm
0,2016-10-31,AOBC,2016-12-01 00:00:00,2016-12-01 16:16:35,Q2,233500000,135900000,97600000,0.417987,2700000.0,41000000,12526000,1982000.0,45500000,181400000,-2200000.0,13500000,61300000,0.262527,52200000,0.223555,0.0,49900000,0.213704,17500000,32500000,0.139186,0.56918,0.56918,57100000,57100000,https://www.sec.gov/Archives/edgar/data/1092796/000156459016029728/0001564590-16-029728-index.html,https://www.sec.gov/Archives/edgar/data/1092796/000156459016029728/swhc-10q_20161031.htm
0,2016-07-31,AOBC,2016-09-01,2016-09-01 16:16:14,Q1,207000000,119400000,87600000,0.423188,2200000.0,31500000,9195000.0,-2012000.0,35000000,154400000,-2000000.0,10300000,58800000,0.284058,52500000,0.253623,0.0,50500000,0.243961,15300000,35200000,0.170048,0.61646,0.61646,57100000,57100000,https://www.sec.gov/Archives/edgar/data/1092796/000156459016024863/swhc-10q_20160731.htm,https://www.sec.gov/Archives/edgar/data/1092796/000156459016024863/swhc-10q_20160731.htm
0,2016-04-30,AOBC,2016-06-16 00:00:00,2016-06-16 16:19:13,Q4,221100000,129000000,92100000,0.416554,2400000.0,32800000,8997000.0,-5000.0,35199999.99999999,164200000,1990000.0,10400000.000000002,67290000,0.304342,56900000,0.25735,0.0,54900000,0.248304,19300000,35600000,0.161013,0.63009,0.63009,56500000,56500000,https://www.sec.gov/Archives/edgar/data/1092796/000156459016020629/0001564590-16-020629-index.html,https://www.sec.gov/Archives/edgar/data/1092796/000156459016020629/swhc-10k_20160430.htm
0,2016-01-31,AOBC,2016-03-03 00:00:00,2016-03-03 16:16:41,Q3,210800000,124100000,86700000,0.41129,2500000.0,34000000,11506000,-5000.0,36500000,160600000,2141000.0,9700000.0,59841000,0.283876,50100000,0.237666,0.0,48100000,0.228178,16600000,31400000,0.148956,0.57195,0.57195,54900000,54900000,https://www.sec.gov/Archives/edgar/data/1092796/000156459016013986/0001564590-16-013986-index.html,https://www.sec.gov/Archives/edgar/data/1092796/000156459016013986/swhc-10q_20160131.htm
0,2015-10-31,AOBC,2015-12-08 00:00:00,2015-12-08 16:05:52,Q2,143200000,87000000,56200000,0.392458,2700000.0,31700000,12535000,-6000.0,34500000,121500000,2322000.0,10100000.000000002,31922000,0.222919,21800000,0.152235,0.0,19500000,0.136173,7000000.0,12500000,0.087291,0.22442,0.22442,55700000,55700000,https://www.sec.gov/Archives/edgar/data/1092796/000156459015011337/0001564590-15-011337-index.html,https://www.sec.gov/Archives/edgar/data/1092796/000156459015011337/swhc-10q_20151031.htm
0,2015-07-31,AOBC,2015-08-27 00:00:00,2015-08-27 16:15:40,Q1,147800000,88900000,58900000,0.398512,2400000.0,26700000,9219000.0,-6000.0,29000000,117900000,7251000.0,11000000,40851000,0.276394,29800000,0.201624,0.0,22600000,0.152909,8200000.0,14400000,0.097429,0.25946,0.25946,55500000,55500000,https://www.sec.gov/Archives/edgar/data/1092796/000156459015007612/0001564590-15-007612-index.html,https://www.sec.gov/Archives/edgar/data/1092796/000156459015007612/swhc-10q_20150731.htm
0,2015-04-30,AOBC,2015-06-22 00:00:00,2015-06-22 06:24:08,Q4,181000000,113900000,67100000,0.370718,2100000.0,27700000,9149000.0,40000.0,29799999.99999998,143699999.99999997,3240000.0,9700000.0,47140000,0.260442,37300000,0.206077,0.0,34200000,0.18895,12300000,21900000,0.120994,0.39746,0.39746,55100000,55100000,https://www.sec.gov/Archives/edgar/data/1092796/000156459015005183/0001564590-15-005183-index.html,https://www.sec.gov/Archives/edgar/data/1092796/000156459015005183/swhc-10k_20150430.htm
0,2015-01-31,AOBC,2015-03-03,2015-03-03 16:16:08,Q3,130600000,86700000,43800000,0.335375,1900000.0,26300000,10087000,16000.0,28200000.000000004,114900000,3192000.0,8200000.0,24092000,0.184472,15600000,0.119449,0.0,12700000,0.097243,4600000.0,8100000.0,0.062021,0.14754,0.14754,54900000,54900000,https://www.sec.gov/Archives/edgar/data/1092796/000156459015001242/swhc-10q_20150131.htm,https://www.sec.gov/Archives/edgar/data/1092796/000156459015001242/swhc-10q_20150131.htm
0,2014-10-31,AOBC,2014-12-04 00:00:00,2014-12-04 16:16:27,Q2,108400000,73600000,34800000,0.321033,1500000.0,22600000,8850000.0,-11000.0,24100000.00000001,97700000.00000001,2914000.0,6900000.0,17714000,0.163413,10800000,0.099631,0.0,7900000.0,0.072878,2800000.0,5100000.0,0.047048,0.09324,0.09324,54700000,54700000,https://www.sec.gov/Archives/edgar/data/1092796/000156459014006058/0001564590-14-006058-index.html,https://www.sec.gov/Archives/edgar/data/1092796/000156459014006058/swhc-10q_20141031.htm
0,2014-07-31,AOBC,2014-08-26 00:00:00,2014-08-26 16:16:30,Q1,131900000,82800000,49100000,0.372252,1500000.0,22000000,7947000.0,-6000.0,23400000.000000007,106200000,1984000.0,6100000.0,31884000,0.241729,25700000,0.194845,0.0,23700000,0.179682,9200000.0,14600000,0.11069,0.26025,0.26025,56100000,56100000,https://www.sec.gov/Archives/edgar/data/1092796/000119312514321638/0001193125-14-321638-index.html,https://www.sec.gov/Archives/edgar/data/1092796/000119312514321638/d769074d10q.htm
0,2014-04-30,AOBC,2014-06-19 00:00:00,2014-06-19 16:47:52,Q4,170400000,100700000,69700000,0.409038,1500000.0,25100000,9365000.0,-2189000.0,26599999.999999993,127300000,1771000.0,5599999.999999998,46671000,0.273891,43100000,0.252934,-2200000.0,39100000,0.22946,14200000,25100000,0.1473,0.44425,0.44425,56500000,56500000,https://www.sec.gov/Archives/edgar/data/1092796/000119312514242483/0001193125-14-242483-index.html,https://www.sec.gov/Archives/edgar/data/1092796/000119312514242483/d704464d10k.htm
0,2014-01-31,AOBC,2014-03-04,2014-03-04 16:17:33,Q3,145900000,87200000,58700000,0.40233,1500000.0,26100000,8921000.0,-6000.0,27599999.999999993,114800000,1771000.0,4900000.000000002,36771000,0.252029,31100000,0.21316,0.0,29400000,0.201508,9300000.0,20800000,0.142563,0.36491,0.36491,57000000,57000000,https://www.sec.gov/Archives/edgar/data/1092796/000119312514082293/d666310d10q.htm,https://www.sec.gov/Archives/edgar/data/1092796/000119312514082293/d666310d10q.htm
0,2013-10-31,AOBC,2013-12-10 00:00:00,2013-12-10 16:16:29,Q2,139300000,81400000,57900000,0.41565,1300000.0,27900000,7681000.0,36000.0,29099999.999999993,110500000,2046000.0,5499999.999999999,34146000,0.245126,28800000,0.206748,0.0,26800000,0.192391,9600000.0,17000000,0.122039,0.27464,0.27464,61900000,61900000,https://www.sec.gov/Archives/edgar/data/1092796/000119312513468440/0001193125-13-468440-index.html,https://www.sec.gov/Archives/edgar/data/1092796/000119312513468440/d618787d10q.htm
0,2013-07-31,AOBC,2013-09-05 00:00:00,2013-09-05 16:16:27,Q1,171000000,98200000,72800000,0.425731,1400000.0,23400000,7548000.0,5000.0,24799999.999999996,123000000,6673000.0,5700000.0,53773000,0.314462,48000000,0.280702,0.0,41400000,0.242105,14900000,26500000,0.154971,0.42468,0.42468,62400000,62400000,https://www.sec.gov/Archives/edgar/data/1092796/000119312513358385/0001193125-13-358385-index.html,https://www.sec.gov/Archives/edgar/data/1092796/000119312513358385/d578385d10q.htm
0,2013-04-30,AOBC,2013-06-25 00:00:00,2013-06-25 16:09:28,Q4,178700000,110200000,68500000,0.383324,1400000.0,20200000,6817000.0,0.0,21700000.000000004,131900000,1210000.0,4699999.999999999,48210000,0.269782,46900000,0.262451,0.0,45700000,0.255736,17100000,25200000,0.141018,0.38298,0.38298,65800000,65800000,https://www.sec.gov/Archives/edgar/data/1092796/000119312513270582/0001193125-13-270582-index.html,https://www.sec.gov/Archives/edgar/data/1092796/000119312513270582/d522688d10k.htm
0,2013-01-31,AOBC,2013-03-05 00:00:00,2013-03-05 16:32:25,Q3,136200000,86300000,49900000,0.366373,1000000.0,20900000,23203000,0.0,21900000.000000007,108200000,4571000.0,3900000.0000000005,32471000,0.238407,28000000,0.20558,0.0,26900000,0.197504,9400000.0,14600000,0.107195,0.21988,0.21988,66400000,66400000,https://www.sec.gov/Archives/edgar/data/1092796/000119312513091783/0001193125-13-091783-index.html,https://www.sec.gov/Archives/edgar/data/1092796/000119312513091783/d467899d10q.htm
0,2012-10-31,AOBC,2012-12-06 00:00:00,2012-12-06 16:32:14,Q2,136600000,88100000,48500000,0.355051,1300000.0,20600000,8042000.0,1658000.0,21800000.00000001,109900000.00000001,-1000000.0,4100000.0,33600000,0.245974,26600000,0.194729,0.0,25700000,0.188141,9300000.0,21200000,0.155198,0.31642,0.31642,67000000,67000000,https://www.sec.gov/Archives/edgar/data/1092796/000119312512493761/0001193125-12-493761-index.html,https://www.sec.gov/Archives/edgar/data/1092796/000119312512493761/d420990d10q.htm
0,2012-07-31,AOBC,2012-09-06 00:00:00,2012-09-06 16:16:02,Q1,136000000,84800000,51200000,0.376471,1200000.0,18800000,6828000.0,-1619000.0,19900000.000000007,104700000,-1600000.0,4000000.0,31000000,0.227941,31300000,0.230147,0.0,29700000,0.218382,10800000,17800000,0.130882,0.26528,0.26528,67100000,67100000,https://www.sec.gov/Archives/edgar/data/1092796/000119312512382944/0001193125-12-382944-index.html,https://www.sec.gov/Archives/edgar/data/1092796/000119312512382944/d382683d10q.htm
0,2012-04-30,AOBC,2012-06-28 00:00:00,2012-06-28 17:01:07,Q4,129800000,83000000,46900000,0.361325,1000000.0,20200000,6494000.0,16000.0,21200000.000000004,104200000,-1100000.0,4199999.999999999,22300000,0.171803,25700000,0.197997,0.0,24600000,0.189522,6700000.0,12500000,0.096302,0.18825,0.18825,66400000,66400000,https://www.sec.gov/Archives/edgar/data/1092796/000119312512287910/0001193125-12-287910-index.html,https://www.sec.gov/Archives/edgar/data/1092796/000119312512287910/d364692d10k.htm
0,2012-01-31,AOBC,2012-03-08 00:00:00,2012-03-08 17:16:01,Q3,98100000,68100000,30000000,0.30581,1000000.0,18700000,8062000.0,3622000.0,19700000.000000004,87800000,-1200000.0,3400000.0000000005,10300000,0.104995,10300000,0.104995,0.0,9100000.0,0.092762,3700000.0,4400000.0,0.044852,0.05859,0.05859,75100000,75100000,https://www.sec.gov/Archives/edgar/data/1092796/000119312512104123/0001193125-12-104123-index.html,https://www.sec.gov/Archives/edgar/data/1092796/000119312512104123/d310718d10q.htm
0,2011-10-31,AOBC,2011-12-08 00:00:00,2011-12-08 17:15:30,Q2,92300000,67700000,24600000,0.266522,1200000.0,19900000,8047000.0,-1736000.0,21200000.000000004,88900000,-2100000.0,4300000.000000001,1000000.000000001,0.010834,3400000.0,0.036836,0.0,1400000.0,0.015168,400000.0,-1600000.0,-0.017335,-0.02458,-0.02458,65100000,65100000,https://www.sec.gov/Archives/edgar/data/1092796/000095012311102518/0000950123-11-102518-index.html,https://www.sec.gov/Archives/edgar/data/1092796/000095012311102518/c25416e10vq.htm
0,2011-07-31,AOBC,2011-09-07 00:00:00,2011-09-07 17:00:32,Q1,91700000,65200000,26500000,0.288986,1300000.0,19600000,8714000.0,-1824000.0,21000000,86200000,-1500000.0,3600000.0,4700000.0,0.051254,5500000.0,0.059978,0.0,4000000.0,0.043621,1800000.0,800000.0,0.008724,0.01233,0.01233,64900000,64900000,https://www.sec.gov/Archives/edgar/data/1092796/000095012311083071/0000950123-11-083071-index.html,https://www.sec.gov/Archives/edgar/data/1092796/000095012311083071/c21861e10vq.htm
0,2011-04-30,AOBC,2011-06-30 00:00:00,2011-06-30 17:16:59,Q4,101700000,70400000,31200000,0.306785,1300000.0,22000000,9083000.0,0.0,23299999.999999996,93700000,2024000.0,2399999.9999999986,7023999.999999998,0.069066,8000000.0,0.078663,-500000.0,5900000.0,0.058014,1500000.0,1100000.0,0.010816,0.01622,0.01622,67800000,67800000,https://www.sec.gov/Archives/edgar/data/1092796/000095012311063347/0000950123-11-063347-index.html,https://www.sec.gov/Archives/edgar/data/1092796/000095012311063347/p18934e10vk.htm
0,2011-01-31,AOBC,2011-03-10,2011-03-10 17:15:50,Q3,79200000,59800000,19400000,0.244949,1200000.0,20100000,9573000.0,51008000,21400000.000000007,81200000,1453000.0,3800000.000000001,-48447000,-0.611705,-1900000.0,-0.02399,-500000.0,-3600000.0,-0.045455,-900000.0,-52800000,-0.666667,-0.87708,-0.87708,60200000,60200000,https://www.sec.gov/Archives/edgar/data/1092796/000095012311024199/c13821e10vq.htm,https://www.sec.gov/Archives/edgar/data/1092796/000095012311024199/c13821e10vq.htm
0,2010-10-31,AOBC,2010-12-08 00:00:00,2010-12-08 17:16:54,Q2,83600000,58100000,25400000,0.303828,900000.0,19700000,9781000.0,39495000,20699999.999999996,78800000,1035000.0,3600000.0,-30565000,-0.36561,4800000.0,0.057416,700000.0,4700000.0,0.05622,2100000.0,-37300000,-0.446172,-0.58372,-0.58372,63900000,63900000,https://www.sec.gov/Archives/edgar/data/1092796/000095012310112076/0000950123-10-112076-index.html,https://www.sec.gov/Archives/edgar/data/1092796/000095012310112076/p18364e10vq.htm
0,2010-07-31,AOBC,2010-09-09 00:00:00,2010-09-09 17:17:50,Q1,77800000,49100000,28600000,0.367609,1000000.0,20700000,8822000.0,0.0,21699999.999999996,70800000,1171000.0,3400000.0,13571000,0.174434,6900000.0,0.088689,500000.0,6600000.0,0.084833,2800000.0,6200000.0,0.079692,0.10231,0.10231,60600000,60600000,https://www.sec.gov/Archives/edgar/data/1092796/000095012310084980/0000950123-10-084980-index.html,https://www.sec.gov/Archives/edgar/data/1092796/000095012310084980/p18133e10vq.htm
0,2010-04-30,AOBC,2010-07-01 00:00:00,2010-07-01 06:01:02,Q4,55500000,35000000,20600000,0.371171,1100000.0,12800000,6848000.0,-1996000.0,13899999.999999998,48900000,1067000.0,3500000.0,9667000.0,0.17418,6600000.0,0.118919,-11600000,-5400000.0,-0.097297,2400000.0,2700000.0,0.048649,0.04515,0.04515,59800000,59800000,https://www.sec.gov/Archives/edgar/data/1092796/000095012310062947/0000950123-10-062947-index.html,https://www.sec.gov/Archives/edgar/data/1092796/000095012310062947/p17881e10vk.htm
0,2010-01-31,AOBC,2010-03-11 00:00:00,2010-03-11 17:16:02,Q3,91000000,63600000,27300000,0.3,1200000.0,21900000,8703000.0,976000.0,23100000,86700000,1235000.0,3599999.9999999995,8935000.0,0.098187,4200000.0,0.046154,1000000.0,4100000.0,0.045055,1000000.0,3100000.0,0.034066,0.05132,0.05132,60400000,60400000,https://www.sec.gov/Archives/edgar/data/1092796/000095012310023664/0000950123-10-023664-index.html,https://www.sec.gov/Archives/edgar/data/1092796/000095012310023664/p17106e10vq.htm
0,2009-10-31,AOBC,2009-12-10 00:00:00,2009-12-10 16:06:04,Q2,109700000,73400000,36300000,0.330902,1000000.0,22400000,8461000.0,7281000.0,23399999.99999999,96799999.99999999,1191000.0,3600000.0,23891000,0.217785,12900000,0.117593,7300000.0,19100000,0.174111,4700000.0,14400000,0.131267,0.21557,0.21557,66800000,66800000,https://www.sec.gov/Archives/edgar/data/1092796/000095012309069860/0000950123-09-069860-index.html,https://www.sec.gov/Archives/edgar/data/1092796/000095012309069860/p16483e10vq.htm
0,2009-07-31,AOBC,2009-09-09 00:00:00,2009-09-09 17:16:24,Q1,101700000,66400000,35300000,0.347099,900000.0,18000000,7045000.0,3206000.0,19000000,85400000,1331000.0,2900000.0,22531000,0.221544,16300000,0.160275,3200000.0,18400000,0.180924,6000000.0,12300000,0.120944,0.20131,0.20131,61100000,61100000,https://www.sec.gov/Archives/edgar/data/1092796/000095012309042134/0000950123-09-042134-index.html,https://www.sec.gov/Archives/edgar/data/1092796/000095012309042134/p15842e10vq.htm
0,2009-04-30,AOBC,2009-06-30 00:00:00,2009-06-30 17:08:08,Q4,99500000,68600000,31000000,0.311558,800000.0,18100000,28378000,98243000,18900000.000000007,87500000,5892000.0,2699999.999999999,19892000,0.19992,12100000,0.121608,400000.0,11300000,0.113568,3900000.0,7400000.0,0.074372,0.15612,0.15612,47400000,47400000,https://www.sec.gov/Archives/edgar/data/1092796/000095012309019227/0000950123-09-019227-index.html,https://www.sec.gov/Archives/edgar/data/1092796/000095012309019227/p15228e10vk.htm
0,2009-01-31,AOBC,2009-03-12 00:00:00,2009-03-12 17:15:43,Q3,83700000,62200000,21500000,0.25687,700000.0,16300000,7244038000,0.0,17000000,79200000,1218819000,2500000.0,1225019000,14.63583,4500000.0,0.053763,400000.0,3700000.0,0.044205,1300000.0,2400000.0,0.028674,0.0499,0.0499,48100000,48100000,https://www.sec.gov/Archives/edgar/data/1092796/000095015309000193/0000950153-09-000193-index.html,https://www.sec.gov/Archives/edgar/data/1092796/000095015309000193/p14404e10vq.htm
0,2008-10-31,AOBC,2008-12-15 00:00:00,2008-12-15 17:19:10,Q2,73200000,53400000,19800000,0.270492,600000.0,16600000,7375909000,98883540000,115500000,168900000,1414046000,3500000.0,1319846000,18.030683,-95700000,-1.307377,-800000.0,-97700000,-1.334699,-21500000,-76200000,-1.040984,-1.61783,-1.61783,47100000,47100000,https://www.sec.gov/Archives/edgar/data/1092796/000095015308002067/0000950153-08-002067-index.html,https://www.sec.gov/Archives/edgar/data/1092796/000095015308002067/p13705e10vq.htm
0,2008-07-31,AOBC,2008-09-09 00:00:00,2008-09-09 14:23:56,Q1,78500000,53600000,24800000,0.315924,800000.0,18400000,7703206000,-640352000,19199999.999999996,72800000,2051278000,4000000.0,2058978000,26.229019,5700000.0,0.072611,-100000.0,3600000.0,0.04586,1400000.0,2300000.0,0.029299,0.04936,0.04936,46600000,46600000,https://www.sec.gov/Archives/edgar/data/1092796/000095015308001592/0000950153-08-001592-index.html,https://www.sec.gov/Archives/edgar/data/1092796/000095015308001592/p76372e10vq.htm
0,2008-04-30,AOBC,2008-06-30 00:00:00,2008-06-30 17:06:39,Q4,83100000,57600000,25500000,0.306859,500000.0,17400000,7098591000,581674000,17999999.999999993,75600000,2071111000,3299999.999999999,2079711000,25.026606,7500000.0,0.090253,-200000.0,5300000.0,0.063779,2000000.0,3300000.0,0.039711,0.08148,0.08148,40500000,40500000,https://www.sec.gov/Archives/edgar/data/1092796/000095015308001189/0000950153-08-001189-index.html,https://www.sec.gov/Archives/edgar/data/1092796/000095015308001189/p75737e10vk.htm
0,2008-01-31,AOBC,2008-03-10,2008-03-10 11:54:13,Q3,66600000,49900000,16600000,0.249249,500000.0,15800000,6884341000,-729072000,16400000,66300000,2354864000,3200000.000000001,2355264000,35.364324,300000.0,0.004505,-700000.0,-2800000.0,-0.042042,-1000000.0,-1800000.0,-0.027027,-0.04455,-0.04455,40400000,40400000,https://www.sec.gov/Archives/edgar/data/1092796/000095015308000472/p75086e10vq.htm,https://www.sec.gov/Archives/edgar/data/1092796/000095015308000472/p75086e10vq.htm
0,2007-10-31,AOBC,2007-12-10 00:00:00,2007-12-10 09:30:28,Q2,71400000,48300000,23100000,0.323529,500000.0,16100000,7223154000,213419000,16600000.00000001,64900000.00000001,2082840000,3199999.9999999995,2090640000,29.280672,6500000.0,0.091036,200000.0,4700000.0,0.065826,1700000.0,2900000.0,0.040616,0.06004,0.06004,48300000,48300000,https://www.sec.gov/Archives/edgar/data/1092796/000095015307002578/0000950153-07-002578-index.html,https://www.sec.gov/Archives/edgar/data/1092796/000095015307002578/p74726e10vq.htm
0,2007-07-31,AOBC,2007-09-10 00:00:00,2007-09-10 14:36:38,Q1,74800000,47600000,27200000,0.363636,400000.0,17000000,6650446000,-37166000,17400000,65000000,2233969000,2900000.0,2244469000,30.00627,9800000.0,0.131016,0.0,7600000.0,0.101604,2900000.0,4700000.0,0.062834,0.09771,0.09771,48100000,48100000,https://www.sec.gov/Archives/edgar/data/1092796/000095015307001953/0000950153-07-001953-index.html,https://www.sec.gov/Archives/edgar/data/1092796/000095015307001953/p74340e10vq.htm
0,2007-04-30,AOBC,2007-07-16 00:00:00,2007-07-16 17:28:55,Q4,82800000,56200000,26600000,0.321256,400000.0,16600000,7017253000,844393000,17000000,73200000,1797725000,3200000.0,1809025000,21.848128,9600000.0,0.115942,300000.0,8100000.0,0.097826,2900000.0,5200000.0,0.062802,0.1244,0.1244,41800000,41800000,https://www.sec.gov/Archives/edgar/data/1092796/000095015307001514/0000950153-07-001514-index.html,https://www.sec.gov/Archives/edgar/data/1092796/000095015307001514/p74086e10vk.htm
0,2007-01-31,AOBC,2007-03-19,2007-03-19 12:20:12,Q3,54400000,37400000,17000000,0.3125,300000.0,13100000,6059236000,-424848000,13300000.000000004,50700000.00000001,1052846000,1799999.9999999998,1056946000,19.429154,3600000.0,0.066176,-400000.0,2300000.0,0.042279,700000.0,1600000.0,0.029412,0.03874,0.03874,41300000,41300000,https://www.sec.gov/Archives/edgar/data/1092796/000095015307000593/p73594e10vq.htm,https://www.sec.gov/Archives/edgar/data/1092796/000095015307000593/p73594e10vq.htm
0,2006-10-31,AOBC,2006-12-11,2006-12-11 16:59:09,Q2,51400000,35300000,16100000,0.31323,400000.0,10300000,4573201000,-205574000,10700000.000000004,46000000,373259000,1300000.0,379359000,7.380525,5300000.0,0.103113,-200000.0,4800000.0,0.093385,1900000.0,2900000.0,0.05642,0.06988,0.06988,41500000,41500000,https://www.sec.gov/Archives/edgar/data/1092796/000095015306002968/p73240e10vq.htm,https://www.sec.gov/Archives/edgar/data/1092796/000095015306002968/p73240e10vq.htm
0,2006-07-31,AOBC,2006-09-08,2006-09-08 15:17:31,Q1,48000000,31300000,16700000,0.347917,200000.0,10600000,4711932000,-123737000,10800000,42100000,344961000,1200000.0,351661000,7.326271,5900000.0,0.122917,-100000.0,5400000.0,0.1125,2100000.0,3400000.0,0.070833,0.08293,0.08293,41000000,41000000,https://www.sec.gov/Archives/edgar/data/1092796/000095015306002322/p72882e10vq.htm,https://www.sec.gov/Archives/edgar/data/1092796/000095015306002322/p72882e10vq.htm
0,2006-04-30,AOBC,2006-07-14,2006-07-14 16:52:23,Q4,52300000,34100000,18200000,0.347992,100000.0,11400000,4682358000000,284020000000,11600000.000000002,45700000,336905000000,1400000.0000000005,336913000000,6441.931166,6600000.0,0.126195,300000.0,6600000.0,0.126195,2400000.0,4200000.0,0.080306,0.10219,0.10219,41100000,41100000,https://www.sec.gov/Archives/edgar/data/1092796/000095015306001837/p72607e10vk.htm,https://www.sec.gov/Archives/edgar/data/1092796/000095015306001837/p72607e10vk.htm
0,2006-01-31,AOBC,2006-03-17,2006-03-17 14:08:58,Q3,39100000,27800000,11300000,0.289003,100000.0,9300000.0,4143553000,239880000,9400000.000000002,37200000,389498000,899999.9999999999,392098000,10.028082,1900000.0,0.048593,200000.0,1800000.0,0.046036,600000.0,1100000.0,0.028133,0.02757,0.02757,39900000,39900000,https://www.sec.gov/Archives/edgar/data/1092796/000095015306000713/p72032e10vq.htm,https://www.sec.gov/Archives/edgar/data/1092796/000095015306000713/p72032e10vq.htm
0,2005-10-31,AOBC,2005-12-20,2005-12-20 11:52:30,Q2,36000000,25500000,10500000,0.291667,100000.0,9200000.0,3770483000,178786000,9299999.999999996,34800000,362282000,1000000.0,364382000,10.121722,1200000.0,0.033333,200000.0,1100000.0,0.030556,400000.0,700000.0,0.019444,0.01763,0.01763,39700000,39700000,https://www.sec.gov/Archives/edgar/data/1092796/000095015305003192/p71627e10vq.htm,https://www.sec.gov/Archives/edgar/data/1092796/000095015305003192/p71627e10vq.htm
0,2005-07-31,AOBC,2005-09-14,2005-09-14 17:00:23,Q1,32700000,23100000,9600000.0,0.293578,0.0,4700000.0,3950277000,42891000,4699999.999999999,27800000,549337000,1100000.0,554737000,16.964434,4800000.0,0.146789,0.0,4300000.0,0.131498,1600000.0,2700000.0,0.082569,0.07013,0.07013,38500000,38500000,https://www.sec.gov/Archives/edgar/data/1092796/000095015305002367/p71205e10vq.htm,https://www.sec.gov/Archives/edgar/data/1092796/000095015305002367/p71205e10vq.htm
0,2005-04-30,AOBC,2005-08-15,2005-08-15 17:33:39,Q4,36500000,25100000,11400000,0.312329,100000.0,7900000.0,3844479000000,-2060935000000,7899999.999999999,33000000,309574000000,1100000.0,309578100000,8481.591781,3500000.0,0.09589,-100000.0,3100000.0,0.084932,1200000.0,1800000.0,0.049315,0.04225,0.04225,42600000,42600000,https://www.sec.gov/Archives/edgar/data/1092796/000095015305002045/p70988ke10vk.htm,https://www.sec.gov/Archives/edgar/data/1092796/000095015305002045/p70988ke10vk.htm
0,2005-01-31,AOBC,2005-03-10 00:00:00,2005-03-10 16:26:56,Q3,31600000,23800000,7700000.0,0.243671,100000.0,7000000.0,3716024000,-234744000,7099999.999999998,30899999.999999996,711161000,599999.9999999999,711461000,22.514589,600000.0,0.018987,-200000.0,-200000.0,-0.006329,-100000.0,-200000.0,-0.006329,-0.00635,-0.00635,31500000,31500000,https://www.sec.gov/Archives/edgar/data/1092796/000095012405001428/0000950124-05-001428-index.html,https://www.sec.gov/Archives/edgar/data/1092796/000095012405001428/p70189e10vq.htm
0,2004-10-31,AOBC,2004-12-10 00:00:00,2004-12-10 12:06:01,Q2,29600000,17200000,12400000,0.418919,0.0,8100000.0,3160186000,1860313000,8100000.000000001,25300000,819261000,600000.0000000001,823361000,27.81625,4300000.0,0.14527,-100000.0,3500000.0,0.118243,1400000.0,2100000.0,0.070946,0.05785,0.05785,36300000,36300000,https://www.sec.gov/Archives/edgar/data/1092796/000095012404006156/0000950124-04-006156-index.html,https://www.sec.gov/Archives/edgar/data/1092796/000095012404006156/p69972e10vq.htm
0,2004-07-31,AOBC,2004-09-10 00:00:00,2004-09-10 14:04:36,Q1,28200000,18800000,9400000.0,0.333333,0.0,6500000.0,2861250000,314993000,6599999.999999998,25399999.999999996,835377000,500000.0,838277000,29.726135,2800000.0,0.099291,300000.0,2400000.0,0.085106,900000.0,1500000.0,0.053191,0.04155,0.04155,36100000,36100000,https://www.sec.gov/Archives/edgar/data/1092796/000095012404004273/0000950124-04-004273-index.html,https://www.sec.gov/Archives/edgar/data/1092796/000095012404004273/p69605e10vq.htm
0,2004-04-30,AOBC,2004-07-16 00:00:00,2004-07-15 18:09:38,Q4,33100000,20900000,12200000,0.36858,0.0,8400000.0,3267752000000,-6886000000,8500000.0,29400000,829312000000,599999.9999999999,829314600000,25054.821752,3700000.0,0.111782,-900000.0,2100000.0,0.063444,200000.0,1800000.0,0.054381,0.04891,0.04891,36800000,36800000,https://www.sec.gov/Archives/edgar/data/1092796/000095015304001625/0000950153-04-001625-index.html,https://www.sec.gov/Archives/edgar/data/1092796/000095015304001625/p69358e10vk.htm
0,2004-01-31,AOBC,2004-03-16 00:00:00,2004-03-16 17:04:30,Q3,27900000,19700000,8200000.0,0.293907,0.0,9300000.0,3180184000,1192601000,10400000.000000002,30100000.000000004,831751000,400000.0000000001,829451000,29.729427,-2200000.0,-0.078853,200000.0,-2700000.0,-0.096774,-1000000.0,-1700000.0,-0.060932,-0.05519,-0.05519,30800000,30800000,https://www.sec.gov/Archives/edgar/data/1092796/000095015304000654/0000950153-04-000654-index.html,https://www.sec.gov/Archives/edgar/data/1092796/000095015304000654/p68930ae10vq.htm
0,2003-10-31,AOBC,2004-01-09 00:00:00,2004-01-09 17:16:33,Q2,29200000,19900000,9400000.0,0.321918,200000.0,7900000.0,3319079000,494836000,8000000.0,27900000,827499000,399999.99999999994,828999000,28.390377,1300000.0,0.044521,500000.0,1000000.0,0.034247,400000.0,700000.0,0.023973,0.01887,0.01887,37100000,37100000,https://www.sec.gov/Archives/edgar/data/1092796/000095015304000052/0000950153-04-000052-index.html,https://www.sec.gov/Archives/edgar/data/1092796/000095015304000052/p68649e10vq.htm
0,2003-07-31,AOBC,2004-01-09,2004-01-09 17:14:41,Q1,29200000,20300000,9000000.0,0.308219,300000.0,6300000.0,2956901000,-679620000,6599999.999999998,26899999.999999996,851813000,300000.0,853013000,29.212774,2300000.0,0.078767,-700000.0,900000.0,0.030822,300000.0,600000.0,0.020548,0.01648,0.01648,36400000,36400000,https://www.sec.gov/Archives/edgar/data/1092796/000095015304000051/p68630e10vq.htm,https://www.sec.gov/Archives/edgar/data/1092796/000095015304000051/p68630e10vq.htm
0,2003-04-30,AOBC,2003-12-18,2003-12-17 20:54:16,Q4,28000000,18900000,9100000.0,0.325,200000.0,7500000.0,3186658000000,1750629000000,7700000.000000003,26600000.000000004,891375000000,400000.0,891377900000,31834.925,1400000.0,0.05,1800000.0,2500000.0,0.089286,-12400000,14900000,0.532143,0.41972,0.41972,35500000,35500000,https://www.sec.gov/Archives/edgar/data/1092796/000095013303004301/p68547e10ksb.htm,https://www.sec.gov/Archives/edgar/data/1092796/000095013303004301/p68547e10ksb.htm
0,2003-01-31,AOBC,2004-03-16,2004-03-16 17:01:34,Q3,25900000,18900000,7000000.0,0.27027,200000.0,5900000.0,2834906000000,558153000000,6100000.000000001,25000000,899250000000,199999.99999999997,899250900000,34720.111969,1000000.0,0.03861,600000.0,700000.0,0.027027,0.0,700000.0,0.027027,0.01923,0.01923,36400000,36400000,https://www.sec.gov/Archives/edgar/data/1092796/000095015304000653/p68930be10qsbza.htm,https://www.sec.gov/Archives/edgar/data/1092796/000095015304000653/p68930be10qsbza.htm
0,2002-10-31,AOBC,2004-01-09,2004-01-09 17:12:51,Q2,24500000,17000000,7500000.0,0.306122,300000.0,6400000.0,3039861000000,54059000000,6600000.000000001,23600000,900081000000,200000.0,900081300000,36738.012245,800000.0,0.032653,0.0,100000.0,0.004082,0.0,100000.0,0.004082,0.00297,0.00297,33700000,33700000,https://www.sec.gov/Archives/edgar/data/1092796/000095015304000050/p68648e10qsbza.htm,https://www.sec.gov/Archives/edgar/data/1092796/000095015304000050/p68648e10qsbza.htm
0,2002-07-31,AOBC,2004-01-09,2004-01-09 17:09:03,Q1,21600000,15400000,6200000.0,0.287037,200000.0,5400000.0,2278284000000,0.0,5600000.0,21000000,896813000000,200000.0,896813100000,41519.125,600000.0,0.027778,0.0,-100000.0,-0.00463,0.0,-100000.0,-0.00463,-0.00337,-0.00337,29700000,29700000,https://www.sec.gov/Archives/edgar/data/1092796/000095015304000049/p68631e10qsbza.htm,https://www.sec.gov/Archives/edgar/data/1092796/000095015304000049/p68631e10qsbza.htm
0,2002-04-30,AOBC,2002-07-29,2002-07-29 15:30:56,Q4,23800000,15000000,8800000.0,0.369748,200000.0,6300000.0,8075218000,0.0,6500000.0,21500000,9404759000,-299999.99999999994,9406259000,395.220966,2300000.0,0.096639,1200000.0,1800000.0,0.07563,2000000.0,-200000.0,-0.008403,-0.00772,-0.00772,25900000,25900000,https://www.sec.gov/Archives/edgar/data/1092796/000095015302001305/p66844e10ksb.htm,https://www.sec.gov/Archives/edgar/data/1092796/000095015302001305/p66844e10ksb.htm
0,2002-01-31,AOBC,,,Q3,21600000,15200000,6400000.0,0.296296,100000.0,3600000.0,0.0,0.0,3699999.999999999,18900000,-1800000.0,199999.99999999997,-400000.00000000006,-0.018519,2700000.0,0.125,300000.0,1100000.0,0.050926,-100000.0,1300000.0,0.060185,0.06701,0.06701,19400000,19400000,,
0,2001-10-31,AOBC,,,Q2,19900000,15800000,4100000.0,0.20603,100000.0,3900000.0,0.0,0.0,4099999.999999998,19899999.999999996,-2400000.0,99999.99999999999,-4400000.0,-0.221106,0.0,0.0,300000.0,-2100000.0,-0.105528,-1700000.0,-400000.0,-0.020101,-0.02139,-0.02139,18700000,18700000,,
0,2001-07-31,AOBC,,,Q1,11200000,10800000,400000.0,0.035714,100000.0,4100000.0,0.0,0.0,4199999.999999999,14999999.999999998,-2700000.0,400000.0,-8500000.0,-0.758929,-3800000.0,-0.339286,300000.0,-6200000.0,-0.553571,-100000.0,-6100000.0,-0.544643,-0.33333,-0.33333,18300000,18300000,,
0,2001-03-31,AOBC,,,Q4,0.0,0.0,0.0,0.0,0.0,400000.0,0.0,0.0,500000.0,500000.0,0.0,0.0,-400000.0,0.0,-400000.0,0.0,0.0,-400000.0,0.0,0.0,-400000.0,0.0,-0.02516,-0.02516,15900000,15900000,,
0,2000-12-31,AOBC,,,Q3,0.0,0.0,0.0,0.0,0.0,700000.0,0.0,0.0,700000.0,700000.0,0.0,0.0,-700000.0,0.0,-700000.0,0.0,0.0,-700000.0,0.0,0.0,-700000.0,0.0,-0.05072,-0.05072,13800000,13800000,,
0,2000-09-30,AOBC,,,Q2,0.0,0.0,0.0,0.0,0.0,700000.0,0.0,0.0,700000.0,700000.0,0.0,0.0,-700000.0,0.0,-700000.0,0.0,0.0,-700000.0,0.0,0.0,-700000.0,0.0,-0.0625,-0.0625,11200000,11200000,,
0,2000-06-30,AOBC,,,Q1,0.0,0.0,0.0,0.0,0.0,600000.0,0.0,0.0,600000.0,600000.0,0.0,0.0,-600000.0,0.0,-600000.0,0.0,0.0,-600000.0,0.0,0.0,-600000.0,0.0,-0.05882,-0.05882,10200000,10200000,,
0,2000-03-31,AOBC,,,Q4,0.0,0.0,0.0,0.0,0.0,500000.0,0.0,0.0,500000.0,500000.0,0.0,0.0,-500000.0,0.0,-500000.0,0.0,0.0,-500000.0,0.0,0.0,-500000.0,0.0,-0.05618,-0.05618,8900000.0,8900000.0,,
