,date,symbol,fillingDate,acceptedDate,period,revenue,costOfRevenue,grossProfit,grossProfitRatio,researchAndDevelopmentExpenses,generalAndAdministrativeExpenses,sellingAndMarketingExpenses,otherExpenses,operatingExpenses,costAndExpenses,interestExpense,depreciationAndAmortization,ebitda,ebitdaratio,operatingIncome,operatingIncomeRatio,totalOtherIncomeExpensesNet,incomeBeforeTax,incomeBeforeTaxRatio,incomeTaxExpense,netIncome,netIncomeRatio,eps,epsdiluted,weightedAverageShsOut,weightedAverageShsOutDil,link,finalLink
0,2020-08-31,PAYX,2020-10-09,2020-10-09 16:46:37,Q1,932200000,307100000,625100000,0.6705642565972967,0.0,341100000,0.0,500000.0,0.0,648200000,9000000.0,0.0,334700000,0.35904312379317743,284000000,0.2961810770220983,500000.0,276100000,0.2961810770220983,64500000,211600000,0.22698991632696847,0.59,0.59,359100000,361300000,https://www.sec.gov/Archives/edgar/data/723531/000072353120000059/0000723531-20-000059-index.htm,https://www.sec.gov/Archives/edgar/data/723531/000072353120000048/payx-20200531x10k.htm
0,2020-05-31,PAYX,2020-07-17,2020-07-17 16:53:00,Q4,915100000,291700000,623400000,0.6812370232761447,0.0,323800000,0.0,-300000.0,0.0,615500000,9100000.0,0.0,352400000,0.385094525188504,299600000,0.31865369904928426,-300000.0,291600000,0.31865369904928426,70900000,220700000,0.24117582777838487,0.62,0.61,358700000,360700000,https://www.sec.gov/Archives/edgar/data/723531/000072353120000048/0000723531-20-000048-index.htm,https://www.sec.gov/Archives/edgar/data/723531/000072353120000048/payx-20200531x10k.htm
0,2020-02-29,PAYX,2020-03-27,2020-03-27 16:25:35,Q3,1142700000,340300000,802400000,0.7021965520259036,0.0,332300000,0.0,300000.0,0.0,672600000,9300000.0,0.0,523600000,0.4582130042880896,470100000,0.4062308567428021,300000.0,464200000,0.4062308567428021,109700000,354500000,0.3102301566465389,0.99,0.98,358500000,361000000,https://www.sec.gov/Archives/edgar/data/723531/000072353120000017/0000723531-20-000017-index.htm,https://www.sec.gov/Archives/edgar/data/723531/000072353120000017/payx-20200229x10q.htm
0,2019-11-30,PAYX,2019-12-20,2019-12-20 16:03:03,Q2,990700000,323400000,667300000,0.6735641465630362,0.0,325600000,0.0,2100000.0,0.0,649000000,10100000,0.0,402100000,0.40587463409710306,341700000,0.34016352074290906,2100000.0,337000000,0.34016352074290906,78300000,258700000,0.26112849500353286,0.72,0.72,358100000,360600000,https://www.sec.gov/Archives/edgar/data/723531/000072353119000057/0000723531-19-000057-index.htm,https://www.sec.gov/Archives/edgar/data/723531/000072353119000057/payx-20191130x10q.htm
0,2019-08-31,PAYX,2019-10-04,2019-10-04 17:22:56,Q1,992000000,325400000,666600000,0.6719758064516129,0.0,317500000,0.0,-4800000.0,0.0,642900000,10300000,0.0,407500000,0.4107862903225806,349100000,0.34707661290322583,1000000.0,344300000,0.34707661290322583,80100000,264200000,0.26633064516129035,0.74,0.73,358600000,361500000,https://www.sec.gov/Archives/edgar/data/723531/000072353119000046/0000723531-19-000046-index.htm,https://www.sec.gov/Archives/edgar/data/723531/000072353119000032/payx-20190531x10k.htm
0,2019-05-31,PAYX,2019-07-24,2019-07-24 17:25:48,Q4,980400000,322100000,658300000,0.6714606283149734,0.0,343800000,0.0,0.0,0.0,665900000,9200000.0,0.0,375500000,0.38300693594451246,314500000,0.31670746634026925,0.0,310500000,0.31670746634026925,80100000,230400000,0.2350061199510404,0.64,0.64,359400000,362500000,https://www.sec.gov/Archives/edgar/data/723531/000072353119000032/0000723531-19-000032-index.htm,https://www.sec.gov/Archives/edgar/data/723531/000072353119000032/payx-20190531x10k.htm
0,2019-02-28,PAYX,2019-03-29,2019-03-29 17:08:58,Q3,1070400000,325300000,745100000,0.6960949177877429,0.0,315800000,0.0,0.0,0.0,641100000,6700000.0,0.0,485300000,0.45338191330343797,429300000,0.3976083707025411,-100000.0,425600000,0.3976083707025411,101000000,324600000,0.3032511210762332,0.9,0.9,359200000,361600000,https://www.sec.gov/Archives/edgar/data/723531/000072353119000015/0000723531-19-000015-index.htm,https://www.sec.gov/Archives/edgar/data/723531/000072353119000015/payx-20190228x10q.htm
0,2018-11-30,PAYX,2018-12-21,2018-12-21 17:03:06,Q2,858900000,264900000,594000000,0.6915822563744324,0.0,286800000,0.0,0.0,0.0,551700000,800000.0,0.0,346900000,0.40388869484224005,307200000,0.3601117708697171,100000.0,309300000,0.3601117708697171,73500000,235800000,0.2745371987425777,0.66,0.65,359100000,361500000,https://www.sec.gov/Archives/edgar/data/723531/000072353118000048/0000723531-18-000048-index.htm,https://www.sec.gov/Archives/edgar/data/723531/000072353118000048/payx-20181130x10q.htm
0,2018-08-31,PAYX,2018-10-05,2018-10-05 17:05:29,Q1,862800000,265500000,597300000,0.6922809457579973,0.0,277000000,0.0,0.0,0.0,542500000,900000.0,0.0,359400000,0.41655076495132126,320300000,0.37389893370421884,2300000.0,322600000,0.37389893370421884,79000000,243600000,0.282336578581363,0.68,0.67,359100000,361500000,https://www.sec.gov/Archives/edgar/data/723531/000072353118000034/0000723531-18-000034-index.htm,https://www.sec.gov/Archives/edgar/data/723531/000072353118000026/payx-20180531x10k.htm
0,2018-05-31,PAYX,2018-07-20,2018-07-20 17:11:56,Q4,871100000,266300000,604800000,0.6942945700838021,0.0,287000000,0.0,0.0,0.0,553300000,700000.0,0.0,356700000,0.40948226380438524,317800000,0.3676960165308231,0.0,320300000,0.3676960165308231,91800000,228500000,0.26231201928596026,0.64,0.63,359000000,361500000,https://www.sec.gov/Archives/edgar/data/723531/000072353118000026/0000723531-18-000026-index.htm,https://www.sec.gov/Archives/edgar/data/723531/000072353118000026/payx-20180531x10k.htm
0,2018-02-28,PAYX,2018-03-28,2018-03-28 16:37:36,Q3,866500000,270700000,595800000,0.6875937680323139,0.0,303300000,0.0,0.0,0.0,574000000,1100000.0,0.0,332500000,0.3837276399307559,292500000,0.3402192729371033,300000.0,294800000,0.3402192729371033,34400000,260400000,0.3005193306405078,0.72,0.72,359200000,362000000,https://www.sec.gov/Archives/edgar/data/723531/000072353118000009/0000723531-18-000009-index.htm,https://www.sec.gov/Archives/edgar/data/723531/000072353118000009/payx-20180228x10q.htm
0,2017-11-30,PAYX,2017-12-21,2017-12-21 17:09:08,Q2,826500000,248700000,577800000,0.6990925589836661,0.0,245600000,0.0,0.0,0.0,494300000,1300000.0,0.0,368900000,0.44633998790078644,332200000,0.40399274047186934,300000.0,333900000,0.40399274047186934,116900000,217000000,0.26255293405928615,0.6,0.6,359100000,361400000,https://www.sec.gov/Archives/edgar/data/723531/000072353117000059/0000723531-17-000059-index.htm,https://www.sec.gov/Archives/edgar/data/723531/000072353117000059/payx-20171130x10q.htm
0,2017-08-31,PAYX,2017-10-06,2017-10-05 17:38:05,Q1,816800000,232100000,584700000,0.7158423114593536,0.0,239700000,0.0,0.0,0.0,471800000,800000.0,0.0,379900000,0.4651077375122429,345000000,0.42495102840352594,2100000.0,347100000,0.42495102840352594,119300000,227800000,0.27889324191968656,0.63,0.63,358900000,361300000,https://www.sec.gov/Archives/edgar/data/723531/000072353117000038/0000723531-17-000038-index.htm,https://www.sec.gov/Archives/edgar/data/723531/000072353117000023/payx-20170531x10k.htm
0,2017-05-31,PAYX,2017-07-21,2017-07-21 17:29:04,Q4,798600000,231400000,567200000,0.7102429251189581,0.0,268300000,0.0,0.0,0.0,499700000,600000.0,0.0,337300000,0.4223641372401703,298900000,0.3762834961182069,-500000.0,300500000,0.3762834961182069,105200000,195300000,0.24455296769346357,0.54,0.54,359300000,362100000,https://www.sec.gov/Archives/edgar/data/723531/000072353117000023/0000723531-17-000023-index.htm,https://www.sec.gov/Archives/edgar/data/723531/000072353117000023/payx-20170531x10k.htm
0,2017-02-28,PAYX,2017-03-31,2017-03-31 14:33:58,Q3,795800000,236800000,559000000,0.7024377984418195,0.0,252400000,0.0,0.0,0.0,489200000,600000.0,0.0,339400000,0.4264890676049259,306600000,0.38678059814023624,-600000.0,307800000,0.38678059814023624,105300000,202500000,0.2544609198291028,0.56,0.56,359000000,361800000,https://www.sec.gov/Archives/edgar/data/723531/000072353117000010/0000723531-17-000010-index.htm,https://www.sec.gov/Archives/edgar/data/723531/000072353117000010/payx-20170228x10q.htm
0,2016-11-30,PAYX,2016-12-23,2016-12-23 14:52:52,Q2,771400000,226300000,545100000,0.7066372828623282,0.0,234000000,0.0,0.0,0.0,460300000,600000.0,0.0,342600000,0.4441275602800104,311100000,0.40445942442312677,-900000.0,312000000,0.40445942442312677,109900000,202100000,0.2619911848586985,0.56,0.56,360200000,362600000,https://www.sec.gov/Archives/edgar/data/723531/000072353116000061/0000723531-16-000061-index.htm,https://www.sec.gov/Archives/edgar/data/723531/000072353116000061/payx-20161130x10q.htm
0,2016-08-31,PAYX,2016-09-30,2016-09-30 17:28:42,Q1,785500000,225100000,560400000,0.713430935709739,0.0,237400000,0.0,0.0,0.0,462500000,700000.0,0.0,354900000,0.4518141311266709,323000000,0.41311266709102484,-200000.0,324500000,0.41311266709102484,107100000,217400000,0.2767663908338638,0.6,0.6,361000000,364100000,https://www.sec.gov/Archives/edgar/data/723531/000072353116000053/0000723531-16-000053-index.htm,https://www.sec.gov/Archives/edgar/data/723531/000072353116000046/payx-20160531x10k.htm
0,2016-05-31,PAYX,2016-07-22,2016-07-22 17:28:47,Q4,753900000,220300000,533600000,0.7077861785382676,0.0,257300000,0.0,0.0,0.0,477600000,400000.0,0.0,306500000,0.40655259318211967,276300000,0.36622894283061413,-2100000.0,276100000,0.36622894283061413,98000000,178100000,0.23623822788168192,0.49,0.49,360300000,362600000,https://www.sec.gov/Archives/edgar/data/723531/000072353116000046/0000723531-16-000046-index.htm,https://www.sec.gov/Archives/edgar/data/723531/000072353116000046/payx-20160531x10k.htm
0,2016-02-29,PAYX,2016-03-30,2016-03-30 17:24:20,Q3,752600000,225900000,526700000,0.6998405527504651,0.0,246700000,0.0,0.0,0.0,472600000,200000.0,0.0,312300000,0.4149614669146957,280000000,0.3743024182832846,-200000.0,281700000,0.3743024182832846,101300000,180400000,0.23970236513420143,0.5,0.5,360500000,362200000,https://www.sec.gov/Archives/edgar/data/723531/000072353116000034/0000723531-16-000034-index.htm,https://www.sec.gov/Archives/edgar/data/723531/000072353116000034/payx-022916x10q3fy16.htm
0,2015-11-30,PAYX,2015-12-23,2015-12-23 13:50:37,Q2,722400000,205200000,517200000,0.7159468438538206,0.0,223000000,0.0,0.0,0.0,428200000,300000.0,0.0,323800000,0.4482281284606866,294200000,0.40946843853820597,-200000.0,295800000,0.40946843853820597,106600000,189200000,0.2619047619047619,0.52,0.52,360700000,362300000,https://www.sec.gov/Archives/edgar/data/723531/000072353115000030/0000723531-15-000030-index.htm,https://www.sec.gov/Archives/edgar/data/723531/000072353115000030/payx-113015x10q2fy16.htm
0,2015-08-31,PAYX,2015-09-30,2015-09-30 17:06:47,Q1,723000000,205700000,517300000,0.7154910096818811,0.0,221200000,0.0,0.0,0.0,426900000,200000.0,0.0,324700000,0.44910096818810513,296100000,0.4114799446749654,-300000.0,297500000,0.4114799446749654,88400000,209100000,0.28921161825726144,0.58,0.58,361100000,362800000,https://www.sec.gov/Archives/edgar/data/723531/000072353115000015/0000723531-15-000015-index.htm,https://www.sec.gov/Archives/edgar/data/723531/000072353115000011/payx-053115x10k.htm
0,2015-05-31,PAYX,2015-07-21,2015-07-21 16:39:00,Q4,692200000,203600000,488600000,0.7058653568332852,0.0,237000000,0.0,0.0,0.0,440600000,0.0,0.0,281100000,0.40609650390060675,251600000,0.3663681017047096,100000.0,253600000,0.3663681017047096,92400000,161200000,0.23288067032649523,0.44,0.44,362300000,364500000,https://www.sec.gov/Archives/edgar/data/723531/000072353115000011/0000723531-15-000011-index.htm,https://www.sec.gov/Archives/edgar/data/723531/000072353115000011/payx-053115x10k.htm
0,2015-02-28,PAYX,2015-03-25,2015-03-25 16:49:56,Q3,704300000,211000000,493300000,0.7004117563538265,0.0,229000000,0.0,0.0,0.0,440000000,100000.0,0.0,292600000,0.4154479625159733,264300000,0.37753798097401675,-300000.0,265900000,0.37753798097401675,96500000,169400000,0.24052250461451086,0.47,0.46,363200000,365000000,https://www.sec.gov/Archives/edgar/data/723531/000072353115000004/0000723531-15-000004-index.htm,https://www.sec.gov/Archives/edgar/data/723531/000072353115000004/payx-022815x10q3fy15.htm
0,2014-11-30,PAYX,2014-12-19,2014-12-19 15:17:41,Q2,676300000,199100000,477200000,0.7056040218837794,0.0,207000000,0.0,0.0,0.0,406100000,300000.0,0.0,297900000,0.44048499186751444,270200000,0.4015969244418158,-300000.0,271600000,0.4015969244418158,98600000,173000000,0.25580363743900636,0.48,0.47,363000000,364600000,https://www.sec.gov/Archives/edgar/data/723531/000072353114000031/0000723531-14-000031-index.htm,https://www.sec.gov/Archives/edgar/data/723531/000072353114000031/payx-113014x10q2fy15.htm
0,2014-08-31,PAYX,2014-09-24,2014-09-24 14:38:36,Q1,666800000,194300000,472500000,0.7086082783443312,0.0,205000000,0.0,0.0,0.0,399300000,300000.0,0.0,295700000,0.4434613077384523,267500000,0.40326934613077386,-200000.0,268900000,0.40326934613077386,97600000,171300000,0.2568986202759448,0.47,0.47,363100000,364700000,https://www.sec.gov/Archives/edgar/data/723531/000072353114000023/0000723531-14-000023-index.htm,https://www.sec.gov/Archives/edgar/data/723531/000072353114000014/payx-053114x10k.htm
0,2014-05-31,PAYX,2014-07-22,2014-07-22 16:54:23,Q4,664000000,223000000,441000000,0.6641566265060241,0.0,212700000,0.0,0.0,0.0,435700000,100000.0,0.0,258100000,0.3887048192771084,228300000,0.34593373493975904,-200000.0,229700000,0.34593373493975904,83800000,145900000,0.2197289156626506,0.4,0.4,363500000,365300000,https://www.sec.gov/Archives/edgar/data/723531/000072353114000014/0000723531-14-000014-index.htm,https://www.sec.gov/Archives/edgar/data/723531/000072353114000014/payx-053114x10k.htm
0,2014-02-28,PAYX,2014-03-26,2014-03-26 16:30:03,Q3,636500000,177100000,459400000,0.7217596229379418,0.0,208700000,0.0,0.0,0.0,385800000,200000.0,0.0,278700000,0.4378633150039277,250700000,0.396229379418696,-200000.0,252200000,0.396229379418696,92100000,160100000,0.25153181461115476,0.44,0.44,364200000,365800000,https://www.sec.gov/Archives/edgar/data/723531/000072353114000005/0000723531-14-000005-index.htm,https://www.sec.gov/Archives/edgar/data/723531/000072353114000005/payx-022814x10q3.htm
0,2013-11-30,PAYX,2013-12-20,2013-12-20 11:59:19,Q2,610500000,167700000,442800000,0.7253071253071253,0.0,194200000,0.0,0.0,0.0,361900000,400000.0,0.0,276300000,0.45257985257985256,248600000,0.4093366093366093,1300000.0,249900000,0.4093366093366093,91200000,158700000,0.2599508599508599,0.43,0.43,364900000,366400000,https://www.sec.gov/Archives/edgar/data/723531/000072353113000043/0000723531-13-000043-index.htm,https://www.sec.gov/Archives/edgar/data/723531/000072353113000043/payx-113013x10q2.htm
0,2013-08-31,PAYX,2013-09-30,2013-09-30 17:21:08,Q1,607900000,164700000,443200000,0.7290672808027636,0.0,188100000,0.0,0.0,0.0,352800000,400000.0,0.0,281100000,0.4624115808521138,255100000,0.4216153972692877,0.0,256300000,0.4216153972692877,93500000,162800000,0.2678072051324231,0.45,0.44,365300000,366700000,https://www.sec.gov/Archives/edgar/data/723531/000072353113000033/0000723531-13-000033-index.htm,https://www.sec.gov/Archives/edgar/data/723531/000072353113000021/payx-053113x10k.htm
0,2013-05-31,PAYX,2013-07-22,2013-07-22 13:56:25,Q4,585300000,170700000,414600000,0.7083546899026141,0.0,202800000,0.0,0.0,0.0,373500000,0.0,0.0,235300000,0.4020160601400991,211800000,0.3642576456518025,1400000.0,213200000,0.3642576456518025,89700000,123500000,0.21100290449342218,0.34,0.34,364600000,365900000,https://www.sec.gov/Archives/edgar/data/723531/000072353113000021/0000723531-13-000021-index.htm,https://www.sec.gov/Archives/edgar/data/723531/000072353113000021/payx-053113x10k.htm
0,2013-02-28,PAYX,2013-03-27,2013-03-27 17:09:20,Q3,593300000,172100000,421200000,0.7099275240182032,0.0,196200000,0.0,0.0,0.0,368300000,0.0,0.0,248600000,0.41901230406202594,225000000,0.3815944715995281,1400000.0,226400000,0.3815944715995281,81900000,144500000,0.24355300859598855,0.4,0.4,363800000,364600000,https://www.sec.gov/Archives/edgar/data/723531/000072353113000006/0000723531-13-000006-index.htm,https://www.sec.gov/Archives/edgar/data/723531/000072353113000006/payx-02282013x10q.htm
0,2012-11-30,PAYX,2012-12-20,2012-12-19 17:32:03,Q2,559400000,164300000,395100000,0.7062924562030747,0.0,175100000,0.0,0.0,0.0,339400000,0.0,0.0,242300000,0.43314265284233106,220000000,0.4145513049696103,1900000.0,231900000,0.4145513049696103,84000000,147900000,0.2643904183053271,0.41,0.41,363600000,364400000,https://www.sec.gov/Archives/edgar/data/723531/000072353112000011/0000723531-12-000011-index.htm,https://www.sec.gov/Archives/edgar/data/723531/000072353112000011/payx-11302012x10q.htm
0,2012-08-31,PAYX,2012-09-24,2012-09-24 16:39:54,Q1,578200000,164200000,414000000,0.716015219647181,0.0,176000000,0.0,0.0,0.0,340200000,0.0,0.0,260200000,0.45001729505361465,238000000,0.4149083362158423,1900000.0,239900000,0.4149083362158423,86800000,153100000,0.2647872708405396,0.42,0.42,363000000,363800000,https://www.sec.gov/Archives/edgar/data/723531/000119312512401628/0001193125-12-401628-index.htm,https://www.sec.gov/Archives/edgar/data/723531/000119312512309041/d336374d10k.htm
0,2012-05-31,PAYX,2012-07-20,2012-07-20 16:48:58,Q4,584300000,171500000,412800000,0.7064863939756975,0.0,184100000,0.0,0.0,0.0,355600000,0.0,0.0,253600000,0.4340236180044498,228700000,0.3383535854869074,1800000.0,197700000,0.3383535854869074,74400000,123300000,0.2110217354098922,0.34,0.34,362600000,363400000,https://www.sec.gov/Archives/edgar/data/723531/000119312512309041/0001193125-12-309041-index.htm,https://www.sec.gov/Archives/edgar/data/723531/000119312512309041/d336374d10k.htm
0,2012-02-29,PAYX,2012-03-28,2012-03-28 16:47:51,Q3,558500000,177100000,381400000,0.6829006266786034,0.0,182000000,0.0,0.0,0.0,359100000,0.0,0.0,222400000,0.3982094897045658,199400000,0.37958818263205013,1600000.0,212000000,0.37958818263205013,76600000,135400000,0.2424350940017905,0.37,0.37,362500000,363100000,https://www.sec.gov/Archives/edgar/data/723531/000119312512137499/0001193125-12-137499-index.htm,https://www.sec.gov/Archives/edgar/data/723531/000119312512137499/d299747d10q.htm
0,2011-11-30,PAYX,2011-12-20,2011-12-20 16:39:52,Q2,535000000,165200000,369800000,0.691214953271028,0.0,162600000,0.0,0.0,0.0,327800000,0.0,0.0,229800000,0.4295327102803738,207200000,0.4100934579439252,1500000.0,219400000,0.4100934579439252,79000000,140400000,0.26242990654205606,0.39,0.39,362400000,362800000,https://www.sec.gov/Archives/edgar/data/723531/000119312511347321/0001193125-11-347321-index.htm,https://www.sec.gov/Archives/edgar/data/723531/000119312511347321/d258874d10q.htm
0,2011-08-31,PAYX,2011-09-27,2011-09-27 17:13:36,Q1,552000000,167000000,385000000,0.697463768115942,0.0,166400000,0.0,0.0,0.0,333400000,0.0,0.0,241300000,0.4371376811594203,218600000,0.41884057971014493,1500000.0,231200000,0.41884057971014493,82300000,148900000,0.2697463768115942,0.41,0.41,362200000,362800000,https://www.sec.gov/Archives/edgar/data/723531/000095012311087071/0000950123-11-087071-index.htm,https://www.sec.gov/Archives/edgar/data/723531/000095012311065947/l42678e10vk.htm
0,2011-05-31,PAYX,2011-07-15,2011-07-15 17:24:01,Q4,510400000,167800000,342600000,0.6712382445141066,0.0,172100000,0.0,0.0,0.0,339900000,0.0,0.0,193500000,0.3791144200626959,170500000,0.36089341692789967,1400000.0,184200000,0.36089341692789967,65300000,118900000,0.23295454545454544,0.33,0.33,362000000,363000000,https://www.sec.gov/Archives/edgar/data/723531/000095012311065947/0000950123-11-065947-index.htm,https://www.sec.gov/Archives/edgar/data/723531/000095012311065947/l42678e10vk.htm
0,2011-02-28,PAYX,2011-03-23,2011-03-23 17:04:19,Q3,519600000,166600000,353000000,0.6793687451886066,0.0,165800000,0.0,0.0,0.0,332400000,0.0,0.0,208500000,0.40127020785219397,187200000,0.3856812933025404,1500000.0,200400000,0.3856812933025404,69800000,130600000,0.2513471901462664,0.36,0.36,361800000,362600000,https://www.sec.gov/Archives/edgar/data/723531/000095012311028301/0000950123-11-028301-index.htm,https://www.sec.gov/Archives/edgar/data/723531/000095012311028301/l41845e10vq.htm
0,2010-11-30,PAYX,2010-12-20,2010-12-20 16:36:03,Q2,500000000,159000000,341000000,0.682,0.0,149100000,0.0,0.0,0.0,308100000,0.0,0.0,211000000,0.422,191900000,0.4108,1500000.0,205400000,0.4108,71500000,133900000,0.2678,0.37,0.37,361700000,362100000,https://www.sec.gov/Archives/edgar/data/723531/000095012310115032/0000950123-10-115032-index.htm,https://www.sec.gov/Archives/edgar/data/723531/000095012310115032/l41227e10vq.htm
0,2010-08-31,PAYX,2010-09-27,2010-09-27 16:42:40,Q1,506200000,160200000,346000000,0.6835242986961675,0.0,157300000,0.0,0.0,0.0,317500000,0.0,0.0,208200000,0.4112998814697748,188700000,0.399446858949032,1400000.0,202200000,0.399446858949032,70300000,131900000,0.26056894508099565,0.36,0.36,361600000,362000000,https://www.sec.gov/Archives/edgar/data/723531/000095012310089222/0000950123-10-089222-index.htm,https://www.sec.gov/Archives/edgar/data/723531/000095012310066009/l39983e10vk.htm
0,2010-05-31,PAYX,2010-07-16,2010-07-16 16:17:20,Q4,482484000,163083000,319401000,0.6619929365533365,0.0,159514000,0.0,0.0,0.0,322597000,0.0,0.0,180157000,0.37339476542227307,159887000,0.3624887042886396,1281000.0,174895000,0.3624887042886396,59373000,115522000,0.23943177390338333,0.0,0.0,0.0,0.0,https://www.sec.gov/Archives/edgar/data/723531/000095012310066009/0000950123-10-066009-index.htm,https://www.sec.gov/Archives/edgar/data/723531/000095012310066009/l39983e10vk.htm
0,2010-02-28,PAYX,2010-03-24,2010-03-24 17:01:32,Q3,493790000,164508000,329282000,0.6668462301788209,0.0,175062000,0.0,0.0,0.0,339570000,0.0,0.0,174621000,0.35363413596873167,154220000,0.34311954474574213,1180000.0,169429000,0.34311954474574213,57422000,112007000,0.22683124405111485,0.31,0.31,361417000,361860000,https://www.sec.gov/Archives/edgar/data/723531/000095012310027758/0000950123-10-027758-index.htm,https://www.sec.gov/Archives/edgar/data/723531/000095012310027758/l39187e10vq.htm
0,2009-11-30,PAYX,2009-12-16,2009-12-16 16:53:28,Q2,483024000,162648000,320376000,0.6632713902414786,0.0,140863000,0.0,0.0,0.0,303511000,0.0,0.0,200052000,0.4141657557388453,179513000,0.402075259200371,1147000.0,194212000,0.402075259200371,68362000,125850000,0.2605460598231144,0.35,0.35,361392000,361692000,https://www.sec.gov/Archives/edgar/data/723531/000095012309071276/0000950123-09-071276-index.htm,https://www.sec.gov/Archives/edgar/data/723531/000095012309071276/l37753e10vq.htm
0,2009-08-31,PAYX,2009-09-23,2009-09-23 17:11:52,Q1,486491000,163346000,323145000,0.66423633736287,0.0,147001000,0.0,0.0,0.0,310347000,0.0,0.0,196866000,0.4046652456057769,176144000,0.39213880626774184,905000.0,190772000,0.39213880626774184,67152000,123620000,0.2541054202441566,0.34,0.34,361208000,361362000,https://www.sec.gov/Archives/edgar/data/723531/000095012309045262/0000950123-09-045262-index.htm,https://www.sec.gov/Archives/edgar/data/723531/000095012309023519/l36954ae10vk.htm
0,2009-05-31,PAYX,2009-07-20,2009-07-20 16:24:51,Q4,420479000,166872000,253607000,0.603138325576307,0.0,154747000,0.0,0.0,0.0,321619000,0.0,0.0,120643000,0.28691801493059105,98860000,0.4165225849566804,825000.0,175139000,0.4165225849566804,61335000,113804000,0.27065323119585044,0.0,0.0,0.0,0.0,https://www.sec.gov/Archives/edgar/data/723531/000095012309023519/0000950123-09-023519-index.htm,https://www.sec.gov/Archives/edgar/data/723531/000095012309023519/l36954ae10vk.htm
0,2009-02-28,PAYX,2009-03-25,2009-03-25 17:07:42,Q3,528581000,174503000,354078000,0.6698651673064299,0.0,156677000,0.0,0.0,0.0,331180000,0.0,0.0,217820000,0.412084429822487,197401000,0.3754732008906866,1067000.0,198468000,0.3754732008906866,67678000,130790000,0.24743605994161727,0.36,0.36,360821000,360913000,https://www.sec.gov/Archives/edgar/data/723531/000095015209003088/0000950152-09-003088-index.htm,https://www.sec.gov/Archives/edgar/data/723531/000095015209003088/l35905ae10vq.htm
0,2008-11-30,PAYX,2008-12-17,2008-12-17 17:19:30,Q2,524160000,170675000,353485000,0.674383775946276,0.0,141585000,0.0,0.0,0.0,312260000,0.0,0.0,224422000,0.428155525030525,211900000,0.40795177045177045,1932000.0,213832000,0.40795177045177045,73590000,140242000,0.2675557081807082,0.39,0.39,360812000,360977000,https://www.sec.gov/Archives/edgar/data/723531/000095015208010385/0000950152-08-010385-index.htm,https://www.sec.gov/Archives/edgar/data/723531/000095015208010385/l34830ae10vq.htm
0,2008-08-31,PAYX,2008-09-24,2008-09-24 16:30:48,Q1,534085000,168468000,365617000,0.6845670632951684,0.0,144032000,0.0,0.0,0.0,312500000,0.0,0.0,245758000,0.46014772929402625,221585000,0.42059971727346773,3051000.0,224636000,0.42059971727346773,75927000,148709000,0.2784369529194791,0.41,0.41,360629000,361040000,https://www.sec.gov/Archives/edgar/data/723531/000095015208007408/0000950152-08-007408-index.htm,https://www.sec.gov/Archives/edgar/data/723531/000095015208005502/l32343ae10vk.htm
0,2008-05-31,PAYX,2008-07-18,2008-07-18 17:22:53,Q4,519228000,167973000,351255000,0.6764947190829462,0.0,153451000,0.0,0.0,0.0,321424000,0.0,0.0,222318000,0.4281702835748457,197804000,0.3871420647576787,3211000.0,201015000,0.3871420647576787,65531000,135484000,0.2609335397936937,0.0,0.0,0.0,0.0,https://www.sec.gov/Archives/edgar/data/723531/000095015208005502/0000950152-08-005502-index.htm,https://www.sec.gov/Archives/edgar/data/723531/000095015208005502/l32343ae10vk.htm
0,2008-02-29,PAYX,2008-03-26,2008-03-26 16:53:36,Q3,532172000,170995000,361177000,0.6786847109581113,0.0,150778000,0.0,0.0,0.0,321773000,0.0,0.0,232028000,0.436001894124456,210399000,0.40211811218929217,3597000.0,213996000,0.40211811218929217,71522000,142474000,0.2677217140323053,0.39,0.39,361178000,361770000,https://www.sec.gov/Archives/edgar/data/723531/000095015208002321/0000950152-08-002321-index.htm,https://www.sec.gov/Archives/edgar/data/723531/000095015208002321/l30716ae10vq.htm
0,2007-11-30,PAYX,2007-12-19,2007-12-19 16:35:18,Q2,507793000,162452000,345341000,0.6800822382348714,0.0,135865000,0.0,0.0,0.0,298317000,0.0,0.0,225573000,0.44422235044594943,209476000,0.427298131325166,7503000.0,216979000,0.427298131325166,69867000,147112000,0.2897086017333835,0.4,0.4,369914000,371404000,https://www.sec.gov/Archives/edgar/data/723531/000095015207009727/0000950152-07-009727-index.htm,https://www.sec.gov/Archives/edgar/data/723531/000095015207009727/l29191ae10vq.htm
0,2007-08-31,PAYX,2007-09-26,2007-09-26 16:40:41,Q1,507130000,159315000,347815000,0.685849782107152,0.0,137227000,0.0,0.0,0.0,296542000,0.0,0.0,221447000,0.436667126772228,210588000,0.43938437875889813,12237000,222825000,0.43938437875889813,71750000,151075000,0.2979019186401909,0.4,0.4,380539000,382255000,https://www.sec.gov/Archives/edgar/data/723531/000095015207007744/0000950152-07-007744-index.htm,https://www.sec.gov/Archives/edgar/data/723531/000095015207005944/l26913ae10vk.htm
0,2007-05-31,PAYX,2007-07-20,2007-07-20 16:45:30,Q4,487348000,157982000,329366000,0.6758332854551573,0.0,169484000,0.0,0.0,0.0,327466000,0.0,0.0,172511000,0.3539790868127088,159882000,0.3524216781437494,11870000,171752000,0.3524216781437494,50652000,121100000,0.24848773361130033,0.0,0.0,0.0,0.0,https://www.sec.gov/Archives/edgar/data/723531/000095015207005944/0000950152-07-005944-index.htm,https://www.sec.gov/Archives/edgar/data/723531/000095015207005944/l26913ae10vk.htm
0,2007-02-28,PAYX,2007-03-28,2007-03-28 17:18:18,Q3,485287000,158543000,326744000,0.6733005417412788,0.0,153760000,0.0,0.0,0.0,312303000,0.0,0.0,187605000,0.38658566992315885,172984000,0.3780814239820972,10494000,183478000,0.3780814239820972,56878000,126600000,0.26087655346217803,0.33,0.33,381475000,383335000,https://www.sec.gov/Archives/edgar/data/723531/000095015207002709/0000950152-07-002709-index.htm,https://www.sec.gov/Archives/edgar/data/723531/000095015207002709/l25367ae10vq.htm
0,2006-11-30,PAYX,2006-12-20,2006-12-20 17:08:12,Q2,454955000,150870000,304085000,0.6683847853084371,0.0,121757000,0.0,0.0,0.0,272627000,0.0,0.0,196549000,0.43201855128529193,182328000,0.4226110274642547,9941000.0,192269000,0.4226110274642547,59603000,132666000,0.29160246617797364,0.35,0.35,380747000,382433000,https://www.sec.gov/Archives/edgar/data/723531/000095015206010316/0000950152-06-010316-index.htm,https://www.sec.gov/Archives/edgar/data/723531/000095015206010316/l23652ae10vq.htm
0,2006-08-31,PAYX,2006-09-26,2006-09-26 17:14:27,Q1,459374000,148084000,311290000,0.6776395703718538,0.0,124936000,0.0,0.0,0.0,273020000,0.0,0.0,200148000,0.4356972749872653,186354000,0.426166914104847,9416000.0,195770000,0.426166914104847,60689000,135081000,0.2940545176696983,0.36,0.35,380360000,381876000,https://www.sec.gov/Archives/edgar/data/723531/000095015206007806/0000950152-06-007806-index.htm,https://www.sec.gov/Archives/edgar/data/723531/000095015206005992/l20831ae10vk.htm
0,2006-05-31,PAYX,2006-07-21,2006-07-21 10:32:39,Q4,440480000,145998000,294482000,0.6685479476934254,0.0,126936000,0.0,0.0,0.0,272754000,0.0,0.0,183774000,0.4172130403196513,167726000,0.3995005448601526,8426000.0,175972000,0.3995005448601526,53232000,122740000,0.2786505630221576,0.0,0.0,0.0,0.0,https://www.sec.gov/Archives/edgar/data/723531/000095015206005992/0000950152-06-005992-index.htm,https://www.sec.gov/Archives/edgar/data/723531/000095015206005992/l20831ae10vk.htm
0,2006-02-28,PAYX,2006-03-28,2006-03-28 16:52:45,Q3,430586000,145486000,285100000,0.662120923578565,0.0,124500000,0.0,0.0,0.0,269986000,0.0,0.0,177539000,0.4123194901831458,160600000,0.3877460019601195,6358000.0,166958000,0.3877460019601195,52424000,114534000,0.26599564314678137,0.3,0.3,379680000,381751000,https://www.sec.gov/Archives/edgar/data/723531/000095015206002607/0000950152-06-002607-index.htm,https://www.sec.gov/Archives/edgar/data/723531/000095015206002607/l19268ae10vq.htm
0,2005-11-30,PAYX,2005-12-21,2005-12-21 17:20:53,Q2,399815000,135350000,264465000,0.6614684291484811,0.0,105860000,0.0,0.0,0.0,241210000,0.0,0.0,176992000,0.442684741693033,158605000,0.4105823943573903,5552000.0,164157000,0.4105823943573903,51545000,112612000,0.2816602678738917,0.3,0.3,379268000,381256000,https://www.sec.gov/Archives/edgar/data/723531/000095015205010147/0000950152-05-010147-index.htm,https://www.sec.gov/Archives/edgar/data/723531/000095015205010147/l17504ae10vq.htm
0,2005-08-31,PAYX,2005-09-27,2005-09-27 17:11:14,Q1,403715000,133421000,270294000,0.6695168621428483,0.0,107474000,0.0,0.0,0.0,240895000,0.0,0.0,180665000,0.44750628537458353,162820000,0.41534002947623944,4859000.0,167679000,0.41534002947623944,52651000,115028000,0.2849237704816517,0.3,0.3,378810000,380180000,https://www.sec.gov/Archives/edgar/data/723531/000095015205007850/0000950152-05-007850-index.htm,https://www.sec.gov/Archives/edgar/data/723531/000095015205006110/l14112ae10vk.htm
0,2005-05-31,PAYX,2005-07-22,2005-07-22 13:29:19,Q4,379022000,83198000,295824000,0.7804929529156619,0.0,152997000,0.0,0.0,0.0,236195000,0.0,0.0,164526000,0.4340803436212146,142827000,0.38812786592862686,4282000.0,147109000,0.38812786592862686,45628000,101481000,0.26774435257056317,0.0,0.0,0.0,0.0,https://www.sec.gov/Archives/edgar/data/723531/000095015205006110/0000950152-05-006110-index.htm,https://www.sec.gov/Archives/edgar/data/723531/000095015205006110/l14112ae10vk.htm
0,2005-02-28,PAYX,2005-03-22,2005-03-21 20:43:24,Q3,373861000,86035000,287826000,0.7698743650715105,0.0,152444000,0.0,0.0,0.0,238479000,0.0,0.0,154580000,0.41346917704708436,135382000,0.3704077183766159,3099000.0,138481000,0.3704077183766159,45699000,92782000,0.24817244911879013,0.25,0.24,378403000,379814000,https://www.sec.gov/Archives/edgar/data/723531/000095015205002355/0000950152-05-002355-index.htm,https://www.sec.gov/Archives/edgar/data/723531/000095015205002355/l12884ae10vq.htm
0,2004-11-30,PAYX,2004-12-22,2004-12-21 20:02:55,Q2,347285000,79928000,267357000,0.7698489713059878,0.0,140459000,0.0,0.0,0.0,220387000,0.0,0.0,146087000,0.4206545056653757,126898000,0.37332162345048014,2751000.0,129649000,0.37332162345048014,42784000,86865000,0.25012597722331803,0.23,0.23,378265000,379696000,https://www.sec.gov/Archives/edgar/data/723531/000095015204009117/0000950152-04-009117-index.htm,https://www.sec.gov/Archives/edgar/data/723531/000095015204009117/l11075ae10vq.htm
0,2004-08-31,PAYX,2004-09-22,2004-09-21 19:45:51,Q1,344975000,80346000,264629000,0.7670961663888688,0.0,135961000,0.0,0.0,0.0,216307000,0.0,0.0,148046000,0.4291499384013334,128668000,0.37952605261250816,2259000.0,130927000,0.37952605261250816,43206000,87721000,0.2542821943619103,0.23,0.23,378107000,379706000,https://www.sec.gov/Archives/edgar/data/723531/000095015204006996/0000950152-04-006996-index.htm,https://www.sec.gov/Archives/edgar/data/723531/000095015204005452/l08538ae10vk.htm
0,2004-05-31,PAYX,2004-07-20,2004-07-19 20:03:53,Q4,330389000,78091000,252298000,0.7636392252768706,0.0,165349000,0.0,0.0,0.0,243440000,0.0,0.0,104341000,0.3158125724524727,86949000,0.27613510135022656,4283000.0,91232000,0.27613510135022656,29827000,61405000,0.18585667198363143,0.0,0.0,0.0,0.0,https://www.sec.gov/Archives/edgar/data/723531/000095015204005452/0000950152-04-005452-index.htm,https://www.sec.gov/Archives/edgar/data/723531/000095015204005452/l08538ae10vk.htm
0,2004-02-29,PAYX,2004-03-18,2004-03-18 16:44:09,Q3,342606000,79239000,263367000,0.7687168350816973,0.0,146894000,0.0,0.0,0.0,226133000,0.0,0.0,134269000,0.39190498706969523,116473000,0.3492028744388598,3166000.0,119639000,0.3492028744388598,39121000,80518000,0.23501631611822327,0.21,0.21,377601000,379795000,https://www.sec.gov/Archives/edgar/data/723531/000095015204002076/0000950152-04-002076-index.htm,https://www.sec.gov/Archives/edgar/data/723531/000095015204002076/l06387ae10vq.htm
0,2003-11-30,PAYX,2003-12-19,2003-12-18 18:11:18,Q2,312099000,74435000,237664000,0.761501959314192,0.0,122849000,0.0,0.0,0.0,197284000,0.0,0.0,130102000,0.4168613164412574,114815000,0.38412811319485163,5071000.0,119886000,0.38412811319485163,39202000,80684000,0.2585205335486496,0.21,0.21,377263000,379649000,https://www.sec.gov/Archives/edgar/data/723531/000095015203010395/0000950152-03-010395-index.htm,https://www.sec.gov/Archives/edgar/data/723531/000095015203010395/l04602ae10vq.htm
0,2003-08-31,PAYX,2003-09-24,2003-09-23 18:18:59,Q1,309253000,71671000,237582000,0.768244770463019,0.0,122504000,0.0,0.0,0.0,194175000,0.0,0.0,130925000,0.42335886798187894,115078000,0.3848855144493344,3949000.0,119027000,0.3848855144493344,38684000,80343000,0.2597969946936651,0.21,0.21,376836000,378815000,https://www.sec.gov/Archives/edgar/data/723531/000095015203008396/0000950152-03-008396-index.htm,https://www.sec.gov/Archives/edgar/data/723531/000095015203007265/l01352ae10vk.htm
0,2003-05-31,PAYX,2003-08-01,2003-08-01 15:25:25,Q4,236758000,69293000,167465000,0.70732562363257,0.0,122564000,0.0,0.0,0.0,138807000,0.0,0.0,110483000,0.46664949019674096,97951000,0.44310223941746424,6957000.0,104908000,0.44310223941746424,33568000,71340000,0.30132033553248466,0.0,0.0,0.0,0.0,https://www.sec.gov/Archives/edgar/data/723531/000095015203007265/0000950152-03-007265-index.htm,https://www.sec.gov/Archives/edgar/data/723531/000095015203007265/l01352ae10vk.htm
0,2003-02-28,PAYX,2003-03-21,2003-03-20 18:17:20,Q3,287789000,68794000,218995000,0.7609568121088714,0.0,117576000,0.0,0.0,0.0,186370000,0.0,0.0,114472000,0.39776363933298353,101419000,0.36547262056576174,3760000.0,105179000,0.36547262056576174,33658000,71521000,0.24851888015177787,0.19,0.19,376356000,378081000,https://www.sec.gov/Archives/edgar/data/723531/000095015203003161/0000950152-03-003161-index.htm,https://www.sec.gov/Archives/edgar/data/723531/000095015203003161/l99629ae10vq.htm
0,2002-11-30,PAYX,2002-12-19,2002-12-19 16:15:02,Q2,268807000,63618000,205189000,0.763332056084849,0.0,105995000,0.0,0.0,0.0,169613000,0.0,0.0,102894000,0.3827802103367844,99194000,0.41142901784551744,11401000,110595000,0.41142901784551744,35944000,74651000,0.2777122619574639,0.2,0.2,376191000,377934000,https://www.sec.gov/Archives/edgar/data/723531/000095015202009471/0000950152-02-009471-index.htm,https://www.sec.gov/Archives/edgar/data/723531/000095015202009471/l97784ae10vq.htm
0,2002-08-31,PAYX,2002-09-19,2002-09-19 09:40:12,Q1,252675000,55944000,196731000,0.778593054318789,0.0,94254000,0.0,0.0,0.0,150198000,0.0,0.0,107244000,0.42443455031166516,102477000,0.438753339269813,8385000.0,110862000,0.438753339269813,34922000,75940000,0.3005441773028594,0.2,0.2,375955000,377949000,https://www.sec.gov/Archives/edgar/data/723531/000095015202007083/0000950152-02-007083-index.htm,https://www.sec.gov/Archives/edgar/data/723531/000095015202007083/l96298ae10vq.htm
0,2002-05-31,PAYX,2002-07-22 00:00:00,2002-07-22 14:00:34,Q4,244308000,55471000,188837000,0.7729464446518329,0.0,97205000,0.0,0.0,0.0,152676000,0.0,0.0,97424000,0.39877531640388364,91632000,0.4044157375116656,7170000.0,98802000,0.4044157375116656,30135000,68667000,0.28106734122501104,0.0,0.0,0.0,0.0,https://www.sec.gov/Archives/edgar/data/723531/000095015202005612/0000950152-02-005612-index.html,https://www.sec.gov/Archives/edgar/data/723531/000095015202005612/l95299ae10vk.htm
0,2002-02-28,PAYX,,Not found...,Q3,242800000,56739000,186061000,0.7663138385502472,0.0,98844000,0.0,0.0,0.0,155583000,0.0,0.0,90713000,0.3736120263591433,87217000,0.3939209225700165,8427000.0,95644000,0.3939209225700165,28671000,66973000,0.27583607907742996,0.18,0.18,374922000,378096000,,
0,2001-11-30,PAYX,2001-12-19 00:00:00,2001-12-19 00:00:00,Q2,232988000,54731000,178257000,0.7650909059694061,0.0,87174000,0.0,0.0,0.0,141905000,0.0,0.0,94328000,0.4048620529812694,91083000,0.42609061410888116,8191000.0,99274000,0.42609061410888116,30576000,68698000,0.29485638745343107,0.18,0.18,374512000,377614000,https://www.sec.gov/Archives/edgar/data/723531/000072353101500028/0000723531-01-500028-index.html,https://www.sec.gov/Archives/edgar/data/723531/000072353101500028/payx10q2q02edgar.txt
0,2001-08-31,PAYX,2001-09-20 00:00:00,2001-09-20 00:00:00,Q1,234814000,53756000,181058000,0.7710698680657883,0.0,87296000,0.0,0.0,0.0,141052000,0.0,0.0,97306000,0.4143960751914281,93762000,0.43135843689047504,7527000.0,101289000,0.43135843689047504,31096000,70193000,0.2989302171080089,0.19,0.19,373978000,377747000,https://www.sec.gov/Archives/edgar/data/723531/000072353101500020/0000723531-01-500020-index.html,https://www.sec.gov/Archives/edgar/data/723531/000072353101500020/payx10q1q02.txt
0,2001-05-31,PAYX,2001-08-24 00:00:00,2001-08-24 00:00:00,Q4,228620000,81481000,147139000,0.6435963607733357,0.0,88097000,0.0,0.0,0.0,141051000,0.0,0.0,89635000,0.39206981016533987,87569000,0.42041378707024757,8546000.0,96115000,0.42041378707024757,28354000,67761000,0.2963913918292363,0.0,0.0,0.0,0.0,https://www.sec.gov/Archives/edgar/data/723531/000072353101500014/0000723531-01-500014-index.html,https://www.sec.gov/Archives/edgar/data/723531/000072353101500014/body10k.txt
0,2001-02-28,PAYX,2001-03-19 00:00:00,2001-03-19 00:00:00,Q3,229256000,44573000,184683000,0.8055754265973409,0.0,87998000,0.0,0.0,0.0,142374000,0.0,0.0,89451000,0.39017953728582894,86882000,0.4105279687336427,7234000.0,94116000,0.4105279687336427,27764000,66352000,0.2894231775831385,0.18,0.18,373057000,377681000,https://www.sec.gov/Archives/edgar/data/723531/000072353101000003/0000723531-01-000003-index.html,https://www.sec.gov/Archives/edgar/data/723531/000072353101000003/0000723531-01-000003-0001.txt
0,2000-11-30,PAYX,2000-12-20 00:00:00,2000-12-20 00:00:00,Q2,208098000,37680000,170418000,0.8189314649828446,0.0,77578000,0.0,0.0,0.0,124673000,0.0,0.0,86875000,0.41747157589212774,83425000,0.42955722784457323,5965000.0,89390000,0.42955722784457323,27264000,62126000,0.2985420330805678,0.17,0.16,372618000,377839000,https://www.sec.gov/Archives/edgar/data/723531/000072353100000027/0000723531-00-000027-index.html,https://www.sec.gov/Archives/edgar/data/723531/000072353100000027/0000723531-00-000027-0001.txt
0,2000-08-31,PAYX,2000-09-20 00:00:00,2000-09-20 00:00:00,Q1,203883000,36618000,167265000,0.8203969923926958,0.0,79130000,0.0,0.0,0.0,125057000,0.0,0.0,82601000,0.40513922200477726,78826000,0.4137667191477465,5534000.0,84360000,0.4137667191477465,25730000,58630000,0.28756688885292053,0.16,0.16,372015000,377165000,https://www.sec.gov/Archives/edgar/data/723531/000072353100000022/0000723531-00-000022-index.html,https://www.sec.gov/Archives/edgar/data/723531/000072353100000022/0000723531-00-000022-0001.txt
0,2000-05-31,PAYX,2000-08-28 00:00:00,2000-08-28 00:00:00,Q4,197219000,37197000,160022000,0.8113924114816524,0.0,80545000,0.0,0.0,0.0,127326000,0.0,0.0,74598000,0.3782495601336585,69893000,0.3791318280693037,4879000.0,74772000,0.3791318280693037,23165000,51607000,0.261673571004822,0.0,0.0,0.0,0.0,https://www.sec.gov/Archives/edgar/data/723531/000072353100000020/0000723531-00-000020-index.html,https://www.sec.gov/Archives/edgar/data/723531/000072353100000020/0000723531-00-000020-0001.txt
0,2000-02-29,PAYX,,,Q3,192200000,36800000,155400000,0.8085327783558793,0.0,78300000,0.0,0.0,0.0,124300000,0.0,0.0,73100000,0.3803329864724246,67900000,0.3740894901144641,4000000.0,71900000,0.3740894901144641,22300000,49600000,0.25806451612903225,0.133333,0.133333,370972500,377722500,,
0,1999-11-30,PAYX,1999-12-16 00:00:00,1999-12-16 00:00:00,Q2,172400000,32500000,139900000,0.8114849187935035,0.0,68500000,0.0,0.0,0.0,109900000,0.0,0.0,67500000,0.39153132250580047,62500000,0.3851508120649652,3900000.0,66400000,0.3851508120649652,20600000,45800000,0.265661252900232,0.086667,0.08,370705500,370705500,https://www.sec.gov/Archives/edgar/data/723531/000072353199000026/0000723531-99-000026-index.html,https://www.sec.gov/Archives/edgar/data/723531/0000723531-99-000026.txt
0,1999-08-31,PAYX,1999-09-16 00:00:00,1999-09-16 00:00:00,Q1,166400000,30600000,135800000,0.8161057692307693,0.0,68300000,0.0,0.0,0.0,107700000,0.0,0.0,63800000,0.38341346153846156,58700000,0.37439903846153844,3700000.0,62300000,0.37439903846153844,19300000,43000000,0.25841346153846156,0.073333,0.073333,369886500,369886500,https://www.sec.gov/Archives/edgar/data/723531/000072353199000022/0000723531-99-000022-index.html,https://www.sec.gov/Archives/edgar/data/723531/0000723531-99-000022.txt
0,1999-05-31,PAYX,1999-08-27 00:00:00,1999-08-27 00:00:00,Q4,304900000,177400000,127500000,0.41816989176779273,0.0,66000000,0.0,0.0,0.0,252500000,0.0,0.0,57900000,0.18989832732043294,52400000,0.18333879960642835,3600000.0,55900000,0.18333879960642835,18000000,37900000,0.12430305018038701,0.0,0.0,0.0,0.0,https://www.sec.gov/Archives/edgar/data/723531/000072353199000020/0000723531-99-000020-index.html,https://www.sec.gov/Archives/edgar/data/723531/0000723531-99-000020.txt
0,1999-02-28,PAYX,,,Q3,306700000,180800000,125900000,0.4104988588196935,0.0,68900000,0.0,0.0,0.0,258200000,0.0,0.0,53900000,0.17574176719921747,48500000,0.16824258232800782,3100000.0,51600000,0.16824258232800782,15400000,36200000,0.11803064884251711,0.044444,0.044444,368921868,368921868,,
0,1998-11-30,PAYX,1998-12-15 00:00:00,1998-12-15 00:00:00,Q2,282000000,168100000,113900000,0.40390070921985816,0.0,61100000,0.0,0.0,0.0,237000000,0.0,0.0,49800000,0.17659574468085107,45000000,0.1702127659574468,3000000.0,48000000,0.1702127659574468,14400000,33600000,0.11914893617021277,0.04,0.04,368139978,368139978,https://www.sec.gov/Archives/edgar/data/723531/000072353198000025/0000723531-98-000025-index.html,https://www.sec.gov/Archives/edgar/data/723531/0000723531-98-000025.txt
0,1998-08-31,PAYX,1998-10-15 00:00:00,1998-10-15 00:00:00,Q1,281800000,170900000,110900000,0.393541518807665,0.0,61800000,0.0,0.0,0.0,240200000,0.0,0.0,46100000,0.16359119943222145,41600000,0.15826827537260468,3000000.0,44600000,0.15826827537260468,13200000,31400000,0.11142654364797729,0.04,0.04,367610213,367610213,https://www.sec.gov/Archives/edgar/data/723531/000072353198000023/0000723531-98-000023-index.html,https://www.sec.gov/Archives/edgar/data/723531/0000723531-98-000023.txt
0,1998-05-31,PAYX,1998-08-27 00:00:00,1998-08-27 00:00:00,Q4,268200000,157100000,111100000,0.41424310216256527,0.0,60600000,0.0,0.0,0.0,231400000,0.0,0.0,47800000,0.17822520507084266,36800000,0.1476510067114094,2700000.0,39600000,0.1476510067114094,11600000,28000000,0.10439970171513796,0.0,0.0,0.0,0.0,https://www.sec.gov/Archives/edgar/data/723531/000072353198000014/0000723531-98-000014-index.html,https://www.sec.gov/Archives/edgar/data/723531/0000723531-98-000014.txt
0,1998-02-28,PAYX,1998-04-07 00:00:00,1998-04-07 00:00:00,Q3,271400000,173800000,97600000,0.3596168017686072,0.0,61700000,0.0,0.0,0.0,236500000,0.0,0.0,33600000,0.12380250552689757,34900000,0.13706705969049374,2300000.0,37200000,0.13706705969049374,10800000,26400000,0.09727339719970524,0.020741,0.020741,367014739,367014739,https://www.sec.gov/Archives/edgar/data/723531/000072353198000005/0000723531-98-000005-index.html,https://www.sec.gov/Archives/edgar/data/723531/0000723531-98-000005.txt
0,1997-11-30,PAYX,,,Q2,235200000,143300000,91900000,0.3907312925170068,0.0,52700000,0.0,0.0,0.0,202600000,0.0,0.0,36900000,0.1568877551020408,32600000,0.14795918367346939,2300000.0,34800000,0.14795918367346939,10100000,24700000,0.1050170068027211,0.020741,0.020741,366843569,366843569,,
0,1997-08-31,PAYX,1997-10-14 00:00:00,1997-10-14 00:00:00,Q1,218600000,129900000,88700000,0.4057639524245197,0.0,52300000,0.0,0.0,0.0,188200000,0.0,0.0,34200000,0.1564501372369625,30400000,0.14913083257090576,2200000.0,32600000,0.14913083257090576,9500000.0,23100000,0.10567246111619397,0.017778,0.017778,366525249,366525249,https://www.sec.gov/Archives/edgar/data/723531/000072353197000033/0000723531-97-000033-index.html,https://www.sec.gov/Archives/edgar/data/723531/0000723531-97-000033.txt
0,1997-05-31,PAYX,1997-08-15 00:00:00,1997-08-15 00:00:00,Q4,203600000,116200000,87400000,0.4292730844793713,0.0,50500000,0.0,0.0,0.0,177400000,0.0,0.0,34900000,0.17141453831041256,26200000,0.13899803536345776,2000000.0,28300000,0.13899803536345776,7500000.0,20800000,0.10216110019646366,0.0,0.0,0.0,0.0,https://www.sec.gov/Archives/edgar/data/723531/000072353197000030/0000723531-97-000030-index.html,https://www.sec.gov/Archives/edgar/data/723531/0000723531-97-000030.txt
0,1997-02-28,PAYX,1997-03-26 00:00:00,1997-03-26 00:00:00,Q3,195600000,116100000,79500000,0.40644171779141103,0.0,51100000,0.0,0.0,0.0,170500000,0.0,0.0,26600000,0.1359918200408998,25100000,0.13701431492842536,1800000.0,26800000,0.13701431492842536,7500000.0,19300000,0.09867075664621677,0.009877,0.009877,366080573,366080573,https://www.sec.gov/Archives/edgar/data/723531/000072353197000010/0000723531-97-000010-index.html,https://www.sec.gov/Archives/edgar/data/723531/0000723531-97-000010.txt
0,1996-11-30,PAYX,1997-01-14 00:00:00,1997-01-14 00:00:00,Q2,169500000,98600000,70900000,0.4182890855457227,0.0,43900000,0.0,0.0,0.0,146200000,0.0,0.0,25300000,0.14926253687315635,23300000,0.1480825958702065,1700000.0,25100000,0.1480825958702065,7000000.0,18100000,0.10678466076696165,0.009877,0.009877,365249827,365249827,https://www.sec.gov/Archives/edgar/data/723531/000072353197000002/0000723531-97-000002-index.html,https://www.sec.gov/Archives/edgar/data/723531/0000723531-97-000002.txt
0,1996-08-31,PAYX,1996-10-15 00:00:00,1996-10-15 00:00:00,Q1,166000000,97600000,68400000,0.41204819277108434,0.0,42600000,0.0,0.0,0.0,143900000,0.0,0.0,24300000,0.1463855421686747,22100000,0.14216867469879518,1500000.0,23600000,0.14216867469879518,6500000.0,17100000,0.10301204819277109,0.009877,0.009877,362855239,362855239,https://www.sec.gov/Archives/edgar/data/723531/000072353196000020/0000723531-96-000020-index.html,https://www.sec.gov/Archives/edgar/data/723531/0000723531-96-000020.txt
0,1996-05-31,PAYX,1996-08-14 00:00:00,1996-08-14 00:00:00,Q4,86000000,21500000,64500000,0.75,0.0,42100000,0.0,0.0,0.0,67000000,0.0,0.0,21400000,0.24883720930232558,19000000,0.23372093023255813,1000000.0,20100000,0.23372093023255813,5700000.0,14400000,0.16744186046511628,0.0,0.0,0.0,0.0,https://www.sec.gov/Archives/edgar/data/723531/000072353196000018/0000723531-96-000018-index.html,https://www.sec.gov/Archives/edgar/data/723531/0000723531-96-000018.txt
0,1996-02-29,PAYX,1996-04-11 00:00:00,1996-04-11 00:00:00,Q3,84900000,22400000,62500000,0.7361601884570083,0.0,42900000,0.0,0.0,0.0,68700000,0.0,0.0,18200000,0.2143698468786808,16200000,0.20848056537102475,1400000.0,17700000,0.20848056537102475,4800000.0,12900000,0.1519434628975265,0.005267,0.005267,346936506,346936506,https://www.sec.gov/Archives/edgar/data/723531/000072353196000008/0000723531-96-000008-index.html,https://www.sec.gov/Archives/edgar/data/723531/0000723531-96-000008.txt
0,1995-11-30,PAYX,1996-01-10 00:00:00,1996-01-10 00:00:00,Q2,78200000,20200000,58000000,0.7416879795396419,0.0,38000000,0.0,0.0,0.0,61800000,0.0,0.0,18600000,0.23785166240409208,16400000,0.2289002557544757,1400000.0,17900000,0.2289002557544757,5100000.0,12800000,0.1636828644501279,0.005267,0.005267,346154950,346154950,https://www.sec.gov/Archives/edgar/data/723531/000072353196000002/0000723531-96-000002-index.html,https://www.sec.gov/Archives/edgar/data/723531/0000723531-96-000002.txt
0,1995-08-31,PAYX,1995-10-13 00:00:00,1995-10-13 00:00:00,Q1,76200000,18900000,57300000,0.7519685039370079,0.0,38000000,0.0,0.0,0.0,60400000,0.0,0.0,17900000,0.23490813648293962,15800000,0.22440944881889763,1400000.0,17100000,0.22440944881889763,4900000.0,12200000,0.16010498687664043,0.003951,0.003951,344608354,344608354,https://www.sec.gov/Archives/edgar/data/723531/000072353195000032/0000723531-95-000032-index.html,https://www.sec.gov/Archives/edgar/data/723531/0000723531-95-000032.txt
0,1995-05-31,PAYX,1995-08-18 00:00:00,1995-08-18 00:00:00,Q4,71900000,18200000,53700000,0.7468706536856745,0.0,37400000,0.0,0.0,0.0,58600000,0.0,0.0,15300000,0.21279554937413073,13300000,0.19749652294853964,1000000.0,14200000,0.19749652294853964,3700000.0,10500000,0.14603616133518776,0.0,0.0,0.0,0.0,https://www.sec.gov/Archives/edgar/data/723531/000072353195000026/0000723531-95-000026-index.html,https://www.sec.gov/Archives/edgar/data/723531/0000723531-95-000026.txt
