,date,symbol,fillingDate,acceptedDate,period,revenue,costOfRevenue,grossProfit,grossProfitRatio,researchAndDevelopmentExpenses,generalAndAdministrativeExpenses,sellingAndMarketingExpenses,otherExpenses,operatingExpenses,costAndExpenses,interestExpense,depreciationAndAmortization,ebitda,ebitdaratio,operatingIncome,operatingIncomeRatio,totalOtherIncomeExpensesNet,incomeBeforeTax,incomeBeforeTaxRatio,incomeTaxExpense,netIncome,netIncomeRatio,eps,epsdiluted,weightedAverageShsOut,weightedAverageShsOutDil,link,finalLink
0,2020-09-26,RGR,2020-10-28,2020-10-28 17:00:37,Q1,145705000,94553000,51152000,0.351065509076559,0.0,9862000.0,8432000.0,0.0,18294000,112847000,114000.0,21644000,54502000,0.374057170309873,32858000,0.225510449195292,38000.0,32894000,0.225757523763769,0.0,32894000,0.225757523763769,1.42,1.42,17763280,17763280,https://www.sec.gov/Archives/edgar/data/95029/000117494720001047/0001174947-20-001047-index.htm,https://www.sec.gov/Archives/edgar/data/95029/000117494720001047/rgr10q0920.htm
0,2020-06-27,RGR,2020-07-29,2020-07-29 17:01:16,Q2,130264000,90179000,40085000,0.3077212430141866,0.0,16059000,7286000.0,0.0,16058999.999999996,106238000,27000.0,7215000.0,31941000,0.245202,24026000,0.184441,306000.0,24699000,0.189607,6105000.0,18594000,0.142741,1.04677,1.04677,17763280,17763280,https://www.sec.gov/Archives/edgar/data/95029/000117494720000850/0001174947-20-000850-index.htm,https://www.sec.gov/Archives/edgar/data/95029/000117494720000850/rgr10q0620.htm
0,2020-03-28,RGR,2020-05-06 00:00:00,2020-05-06 17:18:53,Q1,123639000,87630000,36009000,0.291243,0.0,15846000,7636000.0,0.0,15846000.000000004,103476000,25000.0,7214000.0,28050000,0.22687,20163000,0.16308,107000.0,20811000,0.168321,5473000.0,15338000,0.124055,0.8656,0.8656,17719420,17719420,https://www.sec.gov/Archives/edgar/data/95029/000117494720000643/0001174947-20-000643-index.html,https://www.sec.gov/Archives/edgar/data/95029/000117494720000643/rgr10qq1-2020.htm
0,2019-12-31,RGR,2020-02-20 00:00:00,2020-02-19 17:58:28,Q4,105139000,80358000,24781000,0.23569750520739213,0.0,14846000,6914000.0,392000.0,0.0,95204000,51000.0,0.0,17767000,0.16898581877324304,9935000.0,0.10313014200249195,338000.0,10843000,0.10313014200249195,2635000.0,8208000.0,0.07806808130189559,0.0,0.0,0.0,0.0,https://www.sec.gov/Archives/edgar/data/95029/000117494720000190/0001174947-20-000190-index.html,https://www.sec.gov/Archives/edgar/data/95029/000117494720000190/rgr10k2019.htm
0,2019-09-28,RGR,2019-11-07 00:00:00,2019-11-07 16:56:33,Q3,94999000,75132000,19867000,0.209129,0.0,14292000,7465000.0,0.0,14292000.000000002,89424000,90000.0,7485999.999999999,13948999.999999998,0.146833,5575000.0,0.058685,277000.0,6373000.0,0.067085,1556000.0,4817000.0,0.050706,0.2734,0.2734,17618800,17618800,https://www.sec.gov/Archives/edgar/data/95029/000117494719001162/0001174947-19-001162-index.html,https://www.sec.gov/Archives/edgar/data/95029/000117494719001162/rgr10qq3-2019.htm
0,2019-06-29,RGR,2019-07-31,2019-07-31 16:54:15,Q2,96329000,74027000,22302000,0.231519,0.0,14837000,7265000.0,0.0,14837000.000000004,88864000,25000.0,7486000.0,15921000,0.165277,7465000.0,0.077495,288000.0,8410000.0,0.087305,2177000.0,6233000.0,0.064705,0.35274,0.35274,17670440,17670440,https://www.sec.gov/Archives/edgar/data/95029/000089109219008128/e6011-10q.htm,https://www.sec.gov/Archives/edgar/data/95029/000089109219008128/e6011-10q.htm
0,2019-03-30,RGR,2019-05-07 00:00:00,2019-05-07 17:04:09,Q1,114038000,81441000,32597000,0.285843,0.0,16145000,8131000.0,0.0,16144999.999999996,97586000,26000.0,7486000.0,24912000,0.218453,16452000,0.144268,295000.0,17400000,0.152581,4367000.0,13033000,0.114286,0.73542,0.73542,17721740,17721740,https://www.sec.gov/Archives/edgar/data/95029/000117494719000643/0001174947-19-000643-index.html,https://www.sec.gov/Archives/edgar/data/95029/000117494719000643/form10q-21979_rgr.htm
0,2018-12-31,RGR,2019-02-20 00:00:00,2019-02-20 17:02:19,Q4,121121000,87274000,33847000,0.27944782490237036,0.0,16769000,8066000.0,461000.0,0.0,104043000,189000.0,0.0,25215000,0.20818024950256356,17078000,0.14506980622683102,471000.0,17571000,0.14506980622683102,5297000.0,12274000,0.10133667984907654,0.0,0.0,0.0,0.0,https://www.sec.gov/Archives/edgar/data/95029/000117494719000236/0001174947-19-000236-index.html,https://www.sec.gov/Archives/edgar/data/95029/000117494719000236/form10k-21403_rgr.htm
0,2018-09-29,RGR,2018-10-31 00:00:00,2018-10-31 17:03:08,Q3,114945000,86853000,28092000,0.244395,0.0,16135000,8922000.0,0.0,16135000.000000006,102988000,92000.0,8216999.999999999,20502000,0.178364,11957000,0.104024,328000.0,12193000,0.106077,2987000.0,9206000.0,0.08009,0.51955,0.51955,17719280,17719280,https://www.sec.gov/Archives/edgar/data/95029/000117494718001292/0001174947-18-001292-index.html,https://www.sec.gov/Archives/edgar/data/95029/000117494718001292/e1781_10q.htm
0,2018-06-30,RGR,2018-08-01 00:00:00,2018-08-01 17:01:47,Q2,128411000,91812000,36599000,0.28501452367787805,0.0,17231000,9785000.0,703000.0,0.0,109043000,22000.0,0.0,28243000,0.21994221678828138,19368000,0.15613148406289182,703000.0,20049000,0.15613148406289182,4860000.0,15189000,0.11828425913667832,0.87,0.86,17453404,17650559,https://www.sec.gov/Archives/edgar/data/95029/000117494718001046/0001174947-18-001046-index.html,https://www.sec.gov/Archives/edgar/data/95029/000117494718001046/form10q-20607_rgr.htm
0,2018-03-31,RGR,2018-05-08 00:00:00,2018-05-08 17:02:10,Q1,131159000,95339000,35820000,0.2731036375696673,0.0,17224000,8337000.0,332000.0,0.0,112563000,27000.0,0.0,27100000,0.20661944662585108,18596000,0.14410753360425133,332000.0,18901000,0.14410753360425133,4637000.0,14264000,0.10875349766314168,0.82,0.81,17432829,17636055,https://www.sec.gov/Archives/edgar/data/95029/000117494718000755/0001174947-18-000755-index.html,https://www.sec.gov/Archives/edgar/data/95029/000117494718000755/form10q-20183_rgr.htm
0,2017-12-31,RGR,2018-02-21 00:00:00,2018-02-21 17:01:52,Q4,118230000,85135000,33095000,0.27992049395246554,0.0,19199000,12582000,487000.0,0.0,104334000,56000.0,0.0,22617000,0.19129662522202487,13896000,0.12114522540810285,456000.0,14323000,0.12114522540810285,3974000.0,10349000,0.08753277509938256,0.0,0.0,0.0,0.0,https://www.sec.gov/Archives/edgar/data/95029/000117494718000243/0001174947-18-000243-index.html,https://www.sec.gov/Archives/edgar/data/95029/000117494718000243/form10k-19464_rgr.htm
0,2017-09-30,RGR,2017-10-31 00:00:00,2017-10-31 17:02:39,Q3,104817000,74603000,30214000,0.28825476783346216,0.0,16897000,10606000,154000.0,0.0,91500000,30000.0,0.0,20844000,0.1988608718051461,13317000,0.12823301563677647,154000.0,13441000,0.12823301563677647,4071000.0,9370000.0,0.08939389602831602,0.53,0.53,17590341,17812573,https://www.sec.gov/Archives/edgar/data/95029/000117494717001451/0001174947-17-001451-index.html,https://www.sec.gov/Archives/edgar/data/95029/000117494717001451/form10q-18918_rgr.htm
0,2017-07-01,RGR,2017-08-02 00:00:00,2017-08-02 17:01:22,Q2,131900000,96900000,34900000,0.264594,0.0,19700000,12505000,0.0,19699999.99999999,116599999.99999999,32000.0,9399999.999999998,25132000,0.190538,15300000,0.115997,400000.0,15700000,0.11903,5500000.0,10200000,0.077331,0.56983,0.56983,17900000,17900000,https://www.sec.gov/Archives/edgar/data/95029/000117494717001140/0001174947-17-001140-index.html,https://www.sec.gov/Archives/edgar/data/95029/000117494717001140/form10q-18407_rgr.htm
0,2017-04-01,RGR,2017-05-08 00:00:00,2017-05-08 17:01:44,Q1,167400000,111600000,55800000,0.333333,0.0,21900000,13539000,0.0,21900000.000000007,133500000,34000.0,9300000.0,43534000,0.26006,33900000,0.202509,400000.0,34200000,0.204301,12000000,22200000,0.132616,1.20652,1.20652,18400000,18400000,https://www.sec.gov/Archives/edgar/data/95029/000117494717000801/0001174947-17-000801-index.html,https://www.sec.gov/Archives/edgar/data/95029/000117494717000801/form10q-17852_rgr.htm
0,2016-12-31,RGR,2017-02-22 00:00:00,2017-02-22 17:01:37,Q4,161848000,108352000,53496000,0.3305323513419999,0.0,21844000,14885000,767000.0,0.0,130196000,84000.0,0.0,42536000,0.26281449261035045,31652000,0.1999036132667688,772000.0,32354000,0.1999036132667688,11524000,20830000,0.12870100341060747,0.0,0.0,0.0,0.0,https://www.sec.gov/Archives/edgar/data/95029/000117494717000224/0001174947-17-000224-index.html,https://www.sec.gov/Archives/edgar/data/95029/000117494717000224/form10k-17067_rgr.htm
0,2016-10-01,RGR,2016-11-01 00:00:00,2016-11-01 17:01:34,Q3,161400000,111200000,50300000,0.311648,0.0,20200000,13379000,0.0,20200000.000000004,131400000,32000.0,8600000.000000002,39132000,0.242454,30100000,0.186493,400000.0,30500000,0.188971,10600000,19900000,0.123296,1.03646,1.03646,19200000,19200000,https://www.sec.gov/Archives/edgar/data/95029/000117494716003336/0001174947-16-003336-index.html,https://www.sec.gov/Archives/edgar/data/95029/000117494716003336/form10q-16659_rgr.htm
0,2016-07-02,RGR,2016-08-02,2016-08-02 17:01:46,Q2,167900000,111300000,56700000,0.337701,0.0,20200000,12808000,0.0,20200000.000000004,131500000,35000.0,8399999.999999998,45135000,0.268821,36500000,0.217391,300000.0,36700000,0.218582,13200000,23500000,0.139964,1.22396,1.22396,19200000,19200000,https://www.sec.gov/Archives/edgar/data/95029/000117494716002976/form10q-16313_rgr.htm,https://www.sec.gov/Archives/edgar/data/95029/000117494716002976/form10q-16313_rgr.htm
0,2016-04-02,RGR,2016-05-02 00:00:00,2016-05-02 17:07:15,Q1,173100000,114000000,59100000,0.341421,0.0,22900000,15074000,0.0,22900000.000000007,136900000,35000.0,8300000.0,44735000,0.258434,36200000,0.209128,200000.0,36400000,0.210283,13100000,23300000,0.134604,1.21354,1.21354,19200000,19200000,https://www.sec.gov/Archives/edgar/data/95029/000117494716002574/0001174947-16-002574-index.html,https://www.sec.gov/Archives/edgar/data/95029/000117494716002574/form10q-15794_rgr.htm
0,2015-12-31,RGR,2016-02-24 00:00:00,2016-02-24 17:06:24,Q4,152396000,104153000,48243000,0.31656342686159744,0.0,22259000,15609000,373000.0,0.0,126412000,43000.0,0.0,36017000,0.2363382241003701,25984000,0.17344287251633903,486000.0,26432000,0.17344287251633903,9332000.0,17100000,0.11220766949263761,0.0,0.0,0.0,0.0,https://www.sec.gov/Archives/edgar/data/95029/000117494716002118/0001174947-16-002118-index.html,https://www.sec.gov/Archives/edgar/data/95029/000117494716002118/form10k-15162_rgr.htm
0,2015-09-26,RGR,2015-11-04 00:00:00,2015-11-04 17:02:48,Q3,120900000,86900000,34000000,0.281224,0.0,16100000,9170000.0,0.0,16000000,102900000,36000.0,8899999.999999998,27136000,0.22445,18000000,0.148883,200000.0,18200000,0.150538,6200000.0,12000000,0.099256,0.61856,0.61856,19400000,19400000,https://www.sec.gov/Archives/edgar/data/95029/000117494715001602/0001174947-15-001602-index.html,https://www.sec.gov/Archives/edgar/data/95029/000117494715001602/form10q-14676_rgr.htm
0,2015-06-30,RGR,2015-07-28 00:00:00,2015-07-28 17:04:28,Q2,140872000,92364000,48508000,0.3443409620080641,0.0,21815000,14858000,617000.0,0.0,114179000,37000.0,0.0,36194000,0.25692827531376,26693000,0.1936012834346073,617000.0,27273000,0.1936012834346073,9713000.0,17560000,0.12465216650576409,0.94,0.91,18697623,19347058,https://www.sec.gov/Archives/edgar/data/95029/000117494715001266/0001174947-15-001266-index.html,https://www.sec.gov/Archives/edgar/data/95029/000117494715001266/form10q-14259_rgr.htm
0,2015-06-27,RGR,2015-07-28 00:00:00,2015-07-28 17:04:28,Q2,140900000,92400000,48500000,0.344216,0.0,21800000,0.0,0.0,21799999.999999996,114200000,0.0,8800000.0,36100000,0.25621,26700000,0.189496,600000.0,27300000,0.193754,9700000.0,17600000,0.124911,0.91192,0.91192,19300000,19300000,https://www.sec.gov/Archives/edgar/data/95029/000117494715001266/0001174947-15-001266-index.html,https://www.sec.gov/Archives/edgar/data/95029/000117494715001266/form10q-14259_rgr.htm
0,2015-03-28,RGR,2015-05-04 00:00:00,2015-05-04 17:03:00,Q1,137000000,95600000,41400000,0.30219,0.0,17600000,10226000,0.0,17600000.00000001,113200000.00000001,40000.0,9000000.0,33240000,0.242628,23800000,0.173723,500000.0,24200000,0.176642,8700000.0,15500000,0.113139,0.80729,0.80729,19200000,19200000,https://www.sec.gov/Archives/edgar/data/95029/000117494715000776/0001174947-15-000776-index.html,https://www.sec.gov/Archives/edgar/data/95029/000117494715000776/form10q-13897_rgr.htm
0,2014-12-31,RGR,2015-02-25,2015-02-25 17:02:24,Q4,122605000,88645000,33960000,0.2769870723053709,0.0,58600000,12481000,-116000.0,0.0,147245000,42000.0,0.0,-14867000,-0.1212593287386322,-24640000,-0.2022348191346193,-115000.0,-24795000,-0.2022348191346193,-10036000,-14759000,-0.12037845112352677,0.0,0.0,0.0,0.0,https://www.sec.gov/Archives/edgar/data/95029/000117494715000283/form10k-13005_rgr.htm,https://www.sec.gov/Archives/edgar/data/95029/000117494715000283/form10k-13005_rgr.htm
0,2014-09-27,RGR,2014-10-29 00:00:00,2014-10-29 17:00:56,Q3,98300000,74600000,23700000,0.241099,0.0,13800000,7586000.0,0.0,13800000.000000011,88400000.00000001,37000.0,8900000.000000002,19537000.000000004,0.198749,10000000,0.101729,700000.0,10600000,0.107833,3800000.0,6800000.0,0.069176,0.34171,0.34171,19900000,19900000,https://www.sec.gov/Archives/edgar/data/95029/000117494714000361/0001174947-14-000361-index.html,https://www.sec.gov/Archives/edgar/data/95029/000117494714000361/rgr0914_10q.htm
0,2014-06-28,RGR,2014-07-29 00:00:00,2014-07-29 17:03:11,Q2,153700000,103300000,50400000,0.327912,0.0,17300000,10062000,0.0,17299999.999999996,120600000,37000.0,8999999.999999998,42237000,0.274802,33000000,0.214704,100000.0,33100000,0.215355,10900000,22300000,0.145088,1.10945,1.10945,20100000,20100000,https://www.sec.gov/Archives/edgar/data/95029/000117494714000285/0001174947-14-000285-index.html,https://www.sec.gov/Archives/edgar/data/95029/000117494714000285/rgr072910q.htm
0,2014-03-29,RGR,2014-05-05 00:00:00,2014-05-05 17:01:14,Q1,0.0,0.0,0.0,0.0,0.0,0.0,0.0,0.0,0.0,0.0,0.0,0.0,0.0,0.0,0.0,0.0,0.0,0.0,0.0,0.0,0.0,0.0,0.0,0.0,0.0,0.0,https://www.sec.gov/Archives/edgar/data/95029/000117494714000243/0001174947-14-000243-index.html,https://www.sec.gov/Archives/edgar/data/95029/000117494714000243/rgr031410q.htm
0,2013-12-31,RGR,2014-02-25,2014-02-25 17:02:32,Q4,181900000,118268000,63632000,0.3498185816382628,0.0,21547000,11456000,-312000.0,0.0,139766000,40000.0,0.0,48076000,0.26429906542056075,42134000,0.23007696536558547,-247000.0,41851000,0.23007696536558547,15276000,26575000,0.1460967564595932,0.0,0.0,0.0,0.0,https://www.sec.gov/Archives/edgar/data/95029/000117494714000046/rgr121310k.htm,https://www.sec.gov/Archives/edgar/data/95029/000117494714000046/rgr121310k.htm
0,2013-09-28,RGR,2013-11-05 00:00:00,2013-11-05 17:07:56,Q3,170900000,108000000,62900000,0.368051,0.0,17900000,9662000.0,300000.0,18200000.000000004,126200000,0.0,4799999.999999999,50000000,0.292569,44800000,0.262142,400000.0,45200000,0.264482,16500000,28700000,0.167934,1.44221,1.44221,19900000,19900000,https://www.sec.gov/Archives/edgar/data/95029/000117494713000378/0001174947-13-000378-index.html,https://www.sec.gov/Archives/edgar/data/95029/000117494713000378/rgr0913_10q.htm
0,2013-06-29,RGR,2013-07-31 00:00:00,2013-07-31 17:02:20,Q2,179500000,108800000,70700000,0.393872,0.0,20100000,11824000,-200000.0,20000000.000000015,128800000.00000001,0.0,4900000.0,55800000,0.310864,50800000,0.283008,200000.0,50900000,0.283565,18600000,32300000,0.179944,1.63131,1.63131,19800000,19800000,https://www.sec.gov/Archives/edgar/data/95029/000117494713000304/0001174947-13-000304-index.html,https://www.sec.gov/Archives/edgar/data/95029/000117494713000304/rgr0613_10q.htm
0,2013-03-30,RGR,2013-04-29 00:00:00,2013-04-29 17:03:06,Q1,155900000,94600000,61300000,0.393201,0.0,24200000,15764000,0.0,24200000.000000004,118800000,0.0,4500000.0,41800000,0.268121,37100000,0.237973,300000.0,37400000,0.239897,13600000,23700000,0.152021,1.19697,1.19697,19800000,19800000,https://www.sec.gov/Archives/edgar/data/95029/000117494713000215/0001174947-13-000215-index.html,https://www.sec.gov/Archives/edgar/data/95029/000117494713000215/c341829_10q.htm
0,2012-12-31,RGR,2013-02-27 00:00:00,2013-02-27 16:57:37,Q4,141767000,92306000,49461000,0.34888937481924565,0.0,18373000,10365000,0.0,0.0,110679000,0.0,0.0,37776000,0.26646539744792513,31088000,0.22153956844681766,318000.0,31407000,0.22153956844681766,11620000,19787000,0.13957408987987333,0.0,0.0,0.0,0.0,https://www.sec.gov/Archives/edgar/data/95029/000117494713000078/0001174947-13-000078-index.html,https://www.sec.gov/Archives/edgar/data/95029/000117494713000078/c335807_10k.htm
0,2012-09-29,RGR,2012-10-31 00:00:00,2012-10-31 17:02:28,Q3,118200000,75600000,42600000,0.360406,0.0,15200000,27998000,200000.0,15300000.000000011,90900000.00000001,0.0,3399999.9999999995,30900000,0.261421,27200000,0.230118,300000.0,27500000,0.232657,10200000,17300000,0.146362,0.87374,0.87374,19800000,19800000,https://www.sec.gov/Archives/edgar/data/95029/000117494712000427/0001174947-12-000427-index.html,https://www.sec.gov/Archives/edgar/data/95029/000117494712000427/v326784_10q.htm
0,2012-06-30,RGR,2012-08-01 00:00:00,2012-08-01 17:01:16,Q2,119569000,74435000,45134000,0.3774724217815655,0.0,16835000,9107000.0,0.0,0.0,91270000,0.0,0.0,31369000,0.26235060927163395,28299000,0.2391422525905544,316000.0,28594000,0.2391422525905544,10580000,18014000,0.15065777919025836,0.94,0.91,19155127,19683279,https://www.sec.gov/Archives/edgar/data/95029/000117494712000329/0001174947-12-000329-index.html,https://www.sec.gov/Archives/edgar/data/95029/000117494712000329/d29539_10q.htm
0,2012-03-31,RGR,2012-05-01 00:00:00,2012-05-01 17:00:57,Q1,112337000,70544000,41793000,0.372032366896036,0.0,17377000,10999000,0.0,0.0,87921000,0.0,0.0,27626000,0.24592075629578858,24416000,0.21872579826771232,178000.0,24571000,0.21872579826771232,9091000.0,15480000,0.1377996563910377,0.81,0.79,19116765,19553681,https://www.sec.gov/Archives/edgar/data/95029/000117494712000229/0001174947-12-000229-index.html,https://www.sec.gov/Archives/edgar/data/95029/000117494712000229/d29393.htm
0,2011-12-31,RGR,2012-02-22 00:00:00,2012-02-22 17:01:37,Q4,93241000,63069000,30172000,0.3235915530721464,0.0,14482000,8730000.0,0.0,0.0,77232000,56000.0,0.0,19394000,0.20799862721335036,16009000,0.17907358350940036,715000.0,16697000,0.17907358350940036,6178000.0,10519000,0.11281517787239519,0.0,0.0,0.0,0.0,https://www.sec.gov/Archives/edgar/data/95029/000117494712000070/0001174947-12-000070-index.html,https://www.sec.gov/Archives/edgar/data/95029/000117494712000070/form-10k.htm
0,2011-10-01,RGR,2011-11-02 00:00:00,2011-11-02 16:59:07,Q3,80500000,51400000,29100000,0.361491,0.0,12200000,6581000.0,0.0,12200000.000000004,63600000,21000.0,2900000.0000000005,19921000,0.247466,16900000,0.209938,200000.0,17000000,0.21118,6300000.0,10700000,0.132919,0.5544,0.5544,19300000,19300000,https://www.sec.gov/Archives/edgar/data/95029/000117494711000325/0001174947-11-000325-index.html,https://www.sec.gov/Archives/edgar/data/95029/000117494711000325/d28760.htm
0,2011-07-02,RGR,2011-07-27 00:00:00,2011-07-27 17:00:45,Q2,79600000,51200000,28500000,0.35804,0.0,11400000,6468000.0,0.0,11399999.999999998,62600000,33000.0,3000000.0000000005,20233000,0.254183,17100000,0.214824,100000.0,17200000,0.21608,6400000.0,10800000,0.135678,0.56842,0.56842,19000000,19000000,https://www.sec.gov/Archives/edgar/data/95029/000117494711000256/0001174947-11-000256-index.html,https://www.sec.gov/Archives/edgar/data/95029/000117494711000256/d28453.htm
0,2011-04-02,RGR,2011-04-26 00:00:00,2011-04-26 17:03:22,Q1,75400000,51400000,24000000,0.318302,0.0,11500000,6912000.0,0.0,11600000.000000002,63000000,0.0,2900000.0,15500000,0.20557,12500000,0.165782,200000.0,12600000,0.167109,4700000.0,7900000.0,0.104775,0.41579,0.41579,19000000,19000000,https://www.sec.gov/Archives/edgar/data/95029/000117494711000184/0001174947-11-000184-index.html,https://www.sec.gov/Archives/edgar/data/95029/000117494711000184/d28134.htm
0,2010-12-31,RGR,2011-02-23,2011-02-23 17:05:32,Q4,64139000,43611000,20528000,0.32005488080575,0.0,11959000,7306000.0,0.0,22000.0,55592000,0.0,0.0,11388000,0.17755187951168555,8547000.0,0.13921327117666318,402000.0,8929000.0,0.13921327117666318,3215000.0,5714000.0,0.08908776251578603,0.0,0.0,0.0,0.0,https://www.sec.gov/Archives/edgar/data/95029/000117494711000076/d27924.htm,https://www.sec.gov/Archives/edgar/data/95029/000117494711000076/d27924.htm
0,2010-10-02,RGR,2010-10-27 00:00:00,2010-10-27 17:07:32,Q3,58400000,39800000,18600000,0.318493,0.0,9300000.0,5194000.0,0.0,9300000.000000004,49100000.00000001,18000.0,2500000.0,11918000,0.204075,9300000.0,0.159247,100000.0,9400000.0,0.160959,3400000.0,6000000.0,0.10274,0.31088,0.31088,19300000,19300000,https://www.sec.gov/Archives/edgar/data/95029/000119380510002648/0001193805-10-002648-index.html,https://www.sec.gov/Archives/edgar/data/95029/000119380510002648/e607641_10q-ruger.htm
0,2010-07-03,RGR,2010-07-28 00:00:00,2010-07-28 17:01:12,Q2,64400000,42600000,21700000,0.336957,0.0,9100000.0,5118000.0,0.0,9199999.999999996,51799999.99999999,24000.0,2300000.0000000005,15124000,0.234845,12600000,0.195652,200000.0,12800000,0.198758,4600000.0,8200000.0,0.127329,0.42051,0.42051,19500000,19500000,https://www.sec.gov/Archives/edgar/data/95029/000119380510002056/0001193805-10-002056-index.html,https://www.sec.gov/Archives/edgar/data/95029/000119380510002056/e607313_10q-ruger.htm
0,2010-04-03,RGR,2010-04-27 00:00:00,2010-04-27 17:01:20,Q1,68300000,45100000,23100000,0.338214,0.0,9800000.0,5899000.0,400000.0,10299999.999999996,55400000,33000.0,2100000.0,15133000,0.221567,12900000,0.188873,100000.0,13000000,0.190337,4700000.0,8300000.0,0.121523,0.43005,0.43005,19300000,19300000,https://www.sec.gov/Archives/edgar/data/95029/000119380510001168/0001193805-10-001168-index.html,https://www.sec.gov/Archives/edgar/data/95029/000119380510001168/e606856_10q-ruger.htm
0,2009-12-31,RGR,2010-02-24 00:00:00,2010-02-24 17:01:07,Q4,63879000,42614000,21265000,0.3328950046181061,0.0,11631000,5913000.0,0.0,471000.0,54716000,146000.0,0.0,11989000,0.18768296310211494,9163000.0,0.149188309146981,0.0,9530000.0,0.149188309146981,3622000.0,5908000.0,0.09248735891294478,0.0,0.0,0.0,0.0,https://www.sec.gov/Archives/edgar/data/95029/000119380510000561/0001193805-10-000561-index.html,https://www.sec.gov/Archives/edgar/data/95029/000119380510000561/e606499_10k-ruger.htm
0,2009-10-03,RGR,2009-10-28 00:00:00,2009-10-28 14:43:01,Q3,71200000,49400000,21800000,0.30618,0.0,9700000.0,817000.0,800000.0,10500000,59900000,12000.0,1700000.0000000002,13212000,0.185562,11300000,0.158708,100000.0,11500000,0.161517,4400000.0,7100000.0,0.099719,0.36598,0.36598,19400000,19400000,https://www.sec.gov/Archives/edgar/data/95029/000119380509002048/0001193805-09-002048-index.html,https://www.sec.gov/Archives/edgar/data/95029/000119380509002048/e605974_10q-ruger.htm
0,2009-07-04,RGR,2009-07-29 00:00:00,2009-07-29 17:00:27,Q2,72400000,47400000,25000000,0.345304,0.0,10900000,0.0,200000.0,11000000,58400000,0.0,1600000.0,15600000,0.21547,14000000,0.19337,0.0,14000000,0.19337,5300000.0,8700000.0,0.120166,0.45078,0.45078,19300000,19300000,https://www.sec.gov/Archives/edgar/data/95029/000119380509001480/0001193805-09-001480-index.html,https://www.sec.gov/Archives/edgar/data/95029/000119380509001480/e605683_10q-ruger.txt
0,2009-04-04,RGR,2009-04-28 00:00:00,2009-04-28 16:58:20,Q1,63500000,44000000,19500000,0.307087,0.0,9600000.0,0.0,500000.0,10100000.000000002,54100000,0.0,1700000.0,11100000,0.174803,9400000.0,0.148031,-100000.0,9400000.0,0.148031,3600000.0,5800000.0,0.091339,0.30208,0.30208,19200000,19200000,https://www.sec.gov/Archives/edgar/data/95029/000119380509000903/0001193805-09-000903-index.html,https://www.sec.gov/Archives/edgar/data/95029/000119380509000903/e605364_10q-ruger.txt
0,2008-12-31,RGR,2009-02-24 00:00:00,2009-02-24 16:59:28,Q4,58491000,41745000,16746000,0.2863004564804842,0.0,8182000.0,0.0,0.0,0.0,49087000,0.0,0.0,11419000,0.19522661606059052,9404000.0,0.15881075721051102,-168000.0,9289000.0,0.15881075721051102,3530000.0,5759000.0,0.0984595920739943,0.0,0.0,0.0,0.0,https://www.sec.gov/Archives/edgar/data/95029/000119380509000482/0001193805-09-000482-index.html,https://www.sec.gov/Archives/edgar/data/95029/000119380509000482/e605095_10k-sturmruger.txt
0,2008-09-27,RGR,2008-10-29 00:00:00,2008-10-29 16:55:13,Q3,41800000,35000000,6900000.0,0.165072,0.0,6500000.0,0.0,0.0,6399999.999999999,41400000,100000.0,1100000.0,1800000.0,0.043062,400000.0,0.009569,200000.0,600000.0,0.014354,200000.0,400000.0,0.009569,0.0199,0.0199,20100000,20100000,https://www.sec.gov/Archives/edgar/data/95029/000119380508002585/0001193805-08-002585-index.html,https://www.sec.gov/Archives/edgar/data/95029/000119380508002585/e604469_10q-sturmruger.txt
0,2008-06-28,RGR,2008-07-23 00:00:00,2008-07-23 17:00:38,Q2,38700000,30200000,8500000.0,0.219638,0.0,7100000.0,0.0,0.0,7000000.000000004,37200000,100000.0,1299999.9999999998,3200000.0,0.082687,1400000.0,0.036176,200000.0,1700000.0,0.043928,700000.0,1100000.0,0.028424,0.05213,0.05213,21100000,21100000,https://www.sec.gov/Archives/edgar/data/95029/000119380508001754/0001193805-08-001754-index.html,https://www.sec.gov/Archives/edgar/data/95029/000119380508001754/e604048_10q-srandc.txt
0,2008-03-29,RGR,2008-04-22 00:00:00,2008-04-22 17:01:53,Q1,42500000,31900000,10700000,0.251765,0.0,8300000.0,0.0,0.0,8300000.000000004,40200000.00000001,200000.0,1100000.0,3700000.0,0.087059,2300000.0,0.054118,-100000.0,2300000.0,0.054118,900000.0,1500000.0,0.035294,0.07282,0.07282,20600000,20600000,https://www.sec.gov/Archives/edgar/data/95029/000119380508001152/0001193805-08-001152-index.html,https://www.sec.gov/Archives/edgar/data/95029/000119380508001152/e603728_10q-ruger.txt
0,2007-12-31,RGR,2008-02-26,2008-02-26 16:57:28,Q4,34058000,29046000,5012000.0,0.14716072582065887,0.0,6370000.0,0.0,0.0,-218000.0,35198000,0.0,0.0,4738000.0,0.13911562628457338,-1140000.0,-0.10634799459745141,-4632000.0,-3622000.0,-0.10634799459745141,-1377000.0,-2245000.0,-0.06591696517705091,0.0,0.0,0.0,0.0,https://www.sec.gov/Archives/edgar/data/95029/000119380508000685/e603412_10k-sturm.htm,https://www.sec.gov/Archives/edgar/data/95029/000119380508000685/e603412_10k-sturm.htm
0,2007-09-30,RGR,2007-10-24 00:00:00,2007-10-24 17:07:25,Q3,31863000,26268000,5595000.0,0.1755955183127766,0.0,7671000.0,0.0,0.0,489000.0,34428000,0.0,0.0,-1881000.0,-0.059033989266547404,-2565000.0,-0.05467156262749898,334000.0,-1742000.0,-0.05467156262749898,-1125000.0,-617000.0,-0.01936415277908546,-0.03,-0.03,22759000,22759000,https://www.sec.gov/Archives/edgar/data/95029/000095012307014209/0000950123-07-014209-index.html,https://www.sec.gov/Archives/edgar/data/95029/000095012307014209/y41326e10vq.htm
0,2007-06-30,RGR,2007-07-24 00:00:00,2007-07-24 17:07:42,Q2,42107000,28979000,13128000,0.3117771391930083,0.0,7080000.0,0.0,0.0,0.0,36059000,0.0,0.0,4547000.0,0.10798679554468378,6048000.0,0.20343410834303086,2518000.0,8566000.0,0.20343410834303086,3435000.0,5131000.0,0.12185622343078348,0.23,0.22,22658000,23068000,https://www.sec.gov/Archives/edgar/data/95029/000095012307010227/0000950123-07-010227-index.html,https://www.sec.gov/Archives/edgar/data/95029/000095012307010227/y37449e10vq.htm
0,2007-03-31,RGR,2007-04-23 00:00:00,2007-04-23 17:05:30,Q1,48456000,32893000,15563000,0.32117797589565794,0.0,7648000.0,0.0,0.0,0.0,40541000,0.0,0.0,3465000.0,0.07150817236255572,7915000.0,0.27769522866105334,5541000.0,13456000,0.27769522866105334,5396000.0,8060000.0,0.16633647019976885,0.36,0.36,22639000,22848000,https://www.sec.gov/Archives/edgar/data/95029/000095012307005782/0000950123-07-005782-index.html,https://www.sec.gov/Archives/edgar/data/95029/000095012307005782/y33722e10vq.htm
0,2006-12-31,RGR,2007-03-05,2007-03-05 16:56:07,Q4,43305000,40897000,2408000.0,0.05560558826925297,0.0,6605000.0,0.0,0.0,0.0,47996000,0.0,0.0,-4009000.0,-0.09257591502136012,-4691000.0,-0.10488396259092483,-345000.0,-4542000.0,-0.10488396259092483,-1821000.0,-2721000.0,-0.0628333910633876,0.0,0.0,0.0,0.0,https://www.sec.gov/Archives/edgar/data/95029/000095012307003217/y31428e10vk.htm,https://www.sec.gov/Archives/edgar/data/95029/000095012307003217/y31428e10vk.htm
0,2006-09-30,RGR,2006-11-07,2006-11-07 16:57:22,Q3,41612000,36378000,5234000.0,0.1257810247044122,0.0,4897000.0,0.0,0.0,0.0,41275000,0.0,0.0,-924000.0,-0.02220513313467269,337000.0,0.03840238392771316,1261000.0,1598000.0,0.03840238392771316,641000.0,957000.0,0.022998173603768143,0.04,0.04,26679000,26684000,https://www.sec.gov/Archives/edgar/data/95029/000095012306013644/y26897e10vq.htm,https://www.sec.gov/Archives/edgar/data/95029/000095012306013644/y26897e10vq.htm
0,2006-06-30,RGR,2006-08-07,2006-08-07 16:57:22,Q2,35276000,27819000,7457000.0,0.2113901802925502,0.0,5678000.0,0.0,0.0,0.0,33497000,0.0,0.0,1140000.0,0.03231658918244699,1779000.0,0.06854518652908494,639000.0,2418000.0,0.06854518652908494,970000.0,1448000.0,0.04104773783875723,0.06,0.06,26911000,26912000,https://www.sec.gov/Archives/edgar/data/95029/000095012306010027/y23967e10vq.htm,https://www.sec.gov/Archives/edgar/data/95029/000095012306010027/y23967e10vq.htm
0,2006-03-31,RGR,2006-05-10,2006-05-10 09:59:38,Q1,47427000,38288000,9139000.0,0.19269614354692474,0.0,6843000.0,0.0,0.0,0.0,45131000,0.0,0.0,2223000.0,0.04687203491681953,2296000.0,0.04995045016551753,73000.0,2369000.0,0.04995045016551753,949000.0,1420000.0,0.02994075104898054,0.05,0.05,26911000,26911000,https://www.sec.gov/Archives/edgar/data/95029/000095012306006046/y21087e10vq.htm,https://www.sec.gov/Archives/edgar/data/95029/000095012306006046/y21087e10vq.htm
0,2005-12-31,RGR,,,Q4,40978000,36992000,3986000.0,0.09727170676948607,0.0,6500000.0,0.0,0.0,0.0,43975000,0.0,0.0,-2446000.0,-0.05969056566938357,-2997000.0,-0.07479623212455463,-551000.0,-3065000.0,-0.07479623212455463,-1229000.0,-1836000.0,-0.04480452925960272,0.0,0.0,0.0,0.0,,
0,2005-09-30,RGR,,,Q3,35090000,30190000,4900000.0,0.1396409233399829,0.0,6570000.0,0.0,0.0,0.0,36760000,0.0,0.0,-1705000.0,-0.048589341692789965,-1670000.0,-0.04659447135936164,35000.0,-1635000.0,-0.04659447135936164,-656000.0,-979000.0,-0.027899686520376176,-0.04,-0.04,26911000,26911000,,
0,2005-06-30,RGR,,,Q2,34395000,28750000,5645000.0,0.16412269225178078,0.0,5783000.0,0.0,0.0,0.0,34533000,0.0,0.0,-273000.0,-0.00793720017444396,-138000.0,-8.722197993894462e-05,135000.0,-3000.0,-8.722197993894462e-05,-1000.0,-2000.0,-5.8147986625963075e-05,0.0,0.0,26911000,26911000,,
0,2005-03-31,RGR,,,Q1,44260000,32412000,11848000,0.2676909173068233,0.0,5689000.0,0.0,0.0,0.0,38101000,0.0,0.0,6173000.0,0.1394713059195662,6159000.0,0.13883868052417533,-14000.0,6145000.0,0.13883868052417533,2464000.0,3681000.0,0.08316764572977858,0.14,0.14,26911000,26911000,,
0,2004-12-31,RGR,,,Q4,37295000,30233000,7062000.0,0.18935514143987128,0.0,5609000.0,0.0,0.0,0.0,35842000,0.0,0.0,1392000.0,0.037324038074808955,1453000.0,0.04059525405550342,61000.0,1514000.0,0.04059525405550342,607000.0,907000.0,0.024319613889261293,0.0,0.0,0.0,0.0,,
0,2004-09-30,RGR,,,Q3,35380000,30382000,4998000.0,0.14126625211984173,0.0,5914000.0,0.0,0.0,0.0,36296000,0.0,0.0,-1799000.0,-0.050847936687394006,-916000.0,-0.0009327303561334087,883000.0,-33000.0,-0.0009327303561334087,-13000.0,-20000.0,-0.0005652911249293386,0.0,0.0,26911000,26911000,,
0,2004-06-30,RGR,,,Q2,32713000,27951000,4762000.0,0.14556903983125974,0.0,5525000.0,0.0,0.0,0.0,33476000,0.0,0.0,-756000.0,-0.023110078562039556,-763000.0,-0.023538042979855102,-7000.0,-770000.0,-0.023538042979855102,-309000.0,-461000.0,-0.014092256900926237,-0.02,-0.02,26911000,26911000,,
0,2004-03-31,RGR,,,Q1,40237000,28026000,12211000,0.30347689937122546,0.0,5826000.0,0.0,0.0,0.0,33852000,0.0,0.0,6295000.0,0.15644804533141138,6385000.0,0.1609215398762333,90000.0,6475000.0,0.1609215398762333,2596000.0,3879000.0,0.09640380744091259,0.14,0.14,26911000,27008000,,
0,2003-12-31,RGR,,,Q4,38164000,28098000,10066000,0.2637564196625092,0.0,5287000.0,0.0,0.0,0.0,33385000,0.0,0.0,4633000.0,0.12139712818362855,4779000.0,0.12904831778639556,146000.0,4925000.0,0.12904831778639556,1975000.0,2950000.0,0.07729797715124201,0.0,0.0,0.0,0.0,,
0,2003-09-30,RGR,,,Q3,36820000,31102000,5718000.0,0.15529603476371537,0.0,5452000.0,0.0,0.0,0.0,36554000,0.0,0.0,-5899000.0,-0.16021184139054861,266000.0,0.17466051059206952,6165000.0,6431000.0,0.17466051059206952,2579000.0,3852000.0,0.10461705594785442,0.14,0.14,26911000,26928000,,
0,2003-06-30,RGR,,,Q2,31801000,25294000,6507000.0,0.20461620703751454,0.0,5005000.0,0.0,0.0,0.0,30299000,0.0,0.0,1276000.0,0.040124524386025595,1502000.0,0.05433791390207855,226000.0,1728000.0,0.05433791390207855,693000.0,1035000.0,0.032546146347599135,0.04,0.04,26911000,26911000,,
0,2003-03-31,RGR,,,Q1,41132000,28695000,12437000,0.3023679859963046,0.0,5272000.0,0.0,0.0,0.0,33967000,0.0,0.0,6773000.0,0.16466498103666244,7165000.0,0.1837255664689293,392000.0,7557000.0,0.1837255664689293,3030000.0,4527000.0,0.11006029368861227,0.17,0.17,26911000,26911000,,
0,2002-12-31,RGR,,,Q4,35323000,28262000,7061000.0,0.19989808340174955,0.0,4831000.0,0.0,0.0,0.0,36404000,0.0,0.0,1700000.0,0.04812728250714832,-1081000.0,-0.01559890156555219,-2781000.0,-551000.0,-0.01559890156555219,-221000.0,-330000.0,-0.009342354839622908,0.0,0.0,0.0,0.0,,
0,2002-09-30,RGR,,,Q3,38040000,31115000,6925000.0,0.18204521556256573,0.0,5200000.0,0.0,0.0,0.0,36315000,0.0,0.0,1180000.0,0.031019978969505785,1725000.0,0.05967402733964248,545000.0,2270000.0,0.05967402733964248,910000.0,1360000.0,0.035751840168243953,0.05,0.05,26911000,27093000,,
0,2002-06-30,RGR,,,Q2,39784000,29839000,9945000.0,0.24997486426704202,0.0,5386000.0,0.0,0.0,0.0,35225000,0.0,0.0,4156000.0,0.10446410617333601,4559000.0,0.1247235069374623,403000.0,4962000.0,0.1247235069374623,2057000.0,2905000.0,0.07301930424291173,0.11,0.11,26911000,27106000,,
0,2002-03-31,RGR,,,Q1,48440000,36160000,12280000,0.2535094962840628,0.0,5245000.0,0.0,0.0,0.0,41405000,0.0,0.0,6616000.0,0.1365813377374071,7035000.0,0.15388109000825764,419000.0,7454000.0,0.15388109000825764,2922000.0,4532000.0,0.09355904211395541,0.17,0.17,26658824,26658824,,
0,2001-12-31,RGR,,,Q4,51660000,39157000,12503000,0.24202477739063105,0.0,5083000.0,0.0,0.0,0.0,44240000,0.0,0.0,6823000.0,0.13207510646535037,7420000.0,0.15518776616337593,597000.0,8017000.0,0.15518776616337593,3143000.0,4874000.0,0.09434765776229191,0.0,0.0,0.0,0.0,,
0,2001-09-30,RGR,,,Q3,41138000,32946000,8192000.0,0.19913462005931257,0.0,4402000.0,3076000.0,0.0,0.0,37348000,0.0,0.0,3166000.0,0.07696047450046185,3790000.0,0.10729738927512275,624000.0,4414000.0,0.10729738927512275,1730000.0,2684000.0,0.0652438135057611,0.1,0.1,26840000,26910720,,
0,2001-06-30,RGR,,,Q2,37668000,30449000,7219000.0,0.19164808325369012,0.0,5145000.0,3439000.0,0.0,0.0,35594000,0.0,0.0,1179000.0,0.03129977699904428,2074000.0,0.07882021875331846,895000.0,2969000.0,0.07882021875331846,1164000.0,1805000.0,0.047918657746628436,0.07,0.07,25785714,26910720,,
0,2001-03-31,RGR,,,Q1,43864000,31897000,11967000,0.27282053620280866,0.0,6235000.0,4266000.0,0.0,0.0,38132000,0.0,0.0,4665000.0,0.10635144993616633,5732000.0,0.15500182381907715,1067000.0,6799000.0,0.15500182381907715,2665000.0,4134000.0,0.09424585081159949,0.15,0.15,26910720,26910720,,
0,2000-12-31,RGR,,,Q4,50796000,25990000,24806000,0.4883455390188204,0.0,5132000.0,0.0,0.0,0.0,39873000,0.0,0.0,9526000.0,0.18753445153161666,10923000,0.24253878258130562,1397000.0,12320000,0.24253878258130562,4830000.0,7490000.0,0.14745255531931648,0.0,0.0,0.0,0.0,,
0,2000-09-30,RGR,2000-11-14 00:00:00,2000-11-14 00:00:00,Q3,43034000,31949000,11085000,0.2575870242134127,0.0,4904000.0,0.0,0.0,0.0,36853000,0.0,0.0,4799000.0,0.11151647534507599,6181000.0,0.17574475995724312,1382000.0,7563000.0,0.17574475995724312,2964000.0,4599000.0,0.10686898731235767,0.17,0.17,27052941,27052941,https://www.sec.gov/Archives/edgar/data/95029/000095012300010462/0000950123-00-010462-index.html,https://www.sec.gov/Archives/edgar/data/95029/000095012300010462/y42513e10-q.txt
0,2000-06-30,RGR,2000-08-11 00:00:00,2000-08-11 00:00:00,Q2,48935000,36376000,12559000,0.2566465719832431,0.0,4805000.0,0.0,0.0,0.0,41181000,0.0,0.0,5762000.0,0.11774803310513947,7754000.0,0.19916215387759273,1992000.0,9746000.0,0.19916215387759273,3821000.0,5925000.0,0.12107898232349035,0.22,0.22,26931818,26931818,https://www.sec.gov/Archives/edgar/data/95029/000095012300007412/0000950123-00-007412-index.html,https://www.sec.gov/Archives/edgar/data/95029/000095012300007412/e10-q.txt
0,2000-03-31,RGR,2000-05-10 00:00:00,2000-05-10 00:00:00,Q1,59889000,41437000,18452000,0.30810332448362804,0.0,5066000.0,0.0,0.0,0.0,46503000,0.0,0.0,11927000,0.19915176409691263,13386000,0.2478752358529947,1459000.0,14845000,0.2478752358529947,5819000.0,9026000.0,0.15071215081233616,0.34,0.34,26547059,26547059,https://www.sec.gov/Archives/edgar/data/95029/000095012300004777/0000950123-00-004777-index.html,https://www.sec.gov/Archives/edgar/data/95029/0000950123-00-004777.txt
0,1999-12-31,RGR,,,Q4,60300000,30900000,29400000,0.48756218905472637,0.0,4800000.0,0.0,0.0,0.0,44400000,0.0,0.0,14700000,0.24378109452736318,15900000,0.2802653399668325,1200000.0,16900000,0.2802653399668325,6100000.0,10800000,0.1791044776119403,0.0,0.0,0.0,0.0,,
0,1999-09-30,RGR,,,Q3,55400000,39800000,15600000,0.2815884476534296,0.0,4900000.0,0.0,0.0,0.0,44700000,0.0,0.0,9700000.0,0.17509025270758122,10700000,0.21299638989169675,1000000.0,11800000,0.21299638989169675,4800000.0,7000000.0,0.1263537906137184,0.26,0.26,26923077,26923077,,
0,1999-06-30,RGR,,,Q2,63000000,46600000,16400000,0.26031746031746034,0.0,4700000.0,0.0,0.0,0.0,51300000,0.0,0.0,10800000,0.17142857142857143,11700000,0.2,900000.0,12600000,0.2,5100000.0,7500000.0,0.11904761904761904,0.28,0.28,26785714,26785714,,
0,1999-03-31,RGR,,,Q1,62900000,44600000,18300000,0.29093799682034976,0.0,4900000.0,0.0,0.0,0.0,49500000,0.0,0.0,12700000,0.20190779014308427,13400000,0.22416534181240064,700000.0,14100000,0.22416534181240064,5700000.0,8400000.0,0.13354531001589826,0.31,0.31,27096774,27096774,,
0,1998-12-31,RGR,,,Q4,49700000,26400000,23300000,0.4688128772635815,0.0,4700000.0,0.0,0.0,0.0,41400000,0.0,0.0,7600000.0,0.1529175050301811,8300000.0,0.18108651911468812,700000.0,9000000.0,0.18108651911468812,3600000.0,5400000.0,0.10865191146881288,0.0,0.0,0.0,0.0,,
0,1998-09-30,RGR,,,Q3,43400000,35400000,8000000.0,0.18433179723502305,0.0,4600000.0,0.0,0.0,0.0,40000000,0.0,0.0,2600000.0,0.059907834101382486,3400000.0,0.0967741935483871,800000.0,4200000.0,0.0967741935483871,1700000.0,2500000.0,0.0576036866359447,0.09,0.09,27777778,27777778,,
0,1998-06-30,RGR,,,Q2,60000000,42700000,17300000,0.28833333333333333,0.0,4900000.0,0.0,0.0,0.0,47600000,0.0,0.0,10700000,0.17833333333333334,12400000,0.235,1700000.0,14100000,0.235,5700000.0,8400000.0,0.14,0.31,0.31,27096774,27096774,,
0,1998-03-31,RGR,,,Q1,58500000,42200000,16300000,0.27863247863247864,0.0,5000000.0,0.0,0.0,0.0,47200000,0.0,0.0,10500000,0.1794871794871795,11300000,0.20683760683760682,800000.0,12100000,0.20683760683760682,4900000.0,7200000.0,0.12307692307692308,0.27,0.27,26666667,26666667,,
0,1997-12-31,RGR,,,Q4,52600000,27300000,25300000,0.48098859315589354,0.0,4300000.0,0.0,0.0,0.0,40800000,0.0,0.0,11000000,0.20912547528517111,11800000,0.2414448669201521,800000.0,12700000,0.2414448669201521,5100000.0,7600000.0,0.1444866920152091,0.0,0.0,0.0,0.0,,
0,1997-09-30,RGR,,,Q3,47200000,34900000,12300000,0.2605932203389831,0.0,4700000.0,0.0,0.0,0.0,39600000,0.0,0.0,7200000.0,0.15254237288135594,7600000.0,0.1694915254237288,400000.0,8000000.0,0.1694915254237288,3200000.0,4800000.0,0.1016949152542373,0.18,0.18,26666667,26666667,,
0,1997-06-30,RGR,,,Q2,54500000,36400000,18100000,0.3321100917431193,0.0,4900000.0,0.0,0.0,0.0,41300000,0.0,0.0,13300000,0.24403669724770644,13200000,0.23853211009174313,-100000.0,13000000,0.23853211009174313,5400000.0,7600000.0,0.13944954128440368,0.28,0.28,27142857,27142857,,
0,1997-03-31,RGR,,,Q1,55100000,38400000,16700000,0.3030852994555354,0.0,4000000.0,0.0,0.0,0.0,42400000,0.0,0.0,12500000,0.22686025408348456,12700000,0.2323049001814882,200000.0,12800000,0.2323049001814882,5100000.0,7700000.0,0.1397459165154265,0.29,0.29,26551724,26551724,,
0,1996-12-31,RGR,,,Q4,43800000,22300000,21500000,0.4908675799086758,0.0,5000000.0,0.0,0.0,0.0,34900000,0.0,0.0,8300000.0,0.18949771689497716,8900000.0,0.21689497716894976,600000.0,9500000.0,0.21689497716894976,3500000.0,6000000.0,0.136986301369863,0.0,0.0,0.0,0.0,,
0,1996-09-30,RGR,,,Q3,48000000,34900000,13100000,0.27291666666666664,0.0,4500000.0,0.0,0.0,0.0,39400000,0.0,0.0,7700000.0,0.16041666666666668,8600000.0,0.19791666666666666,900000.0,9500000.0,0.19791666666666666,3800000.0,5700000.0,0.11875,0.21,0.21,27142857,27142857,,
0,1996-06-30,RGR,,,Q2,65900000,42200000,23700000,0.3596358118361153,0.0,5000000.0,0.0,0.0,0.0,47200000,0.0,0.0,18000000,0.2731411229135053,18700000,0.2943854324734446,700000.0,19400000,0.2943854324734446,7800000.0,11600000,0.17602427921092564,0.22,0.22,26428571,26428571,,
0,1996-03-31,RGR,,,Q1,65600000,43100000,22500000,0.3429878048780488,0.0,4700000.0,0.0,0.0,0.0,47800000,0.0,0.0,17000000,0.25914634146341464,17800000,0.2820121951219512,800000.0,18500000,0.2820121951219512,7400000.0,11100000,0.16920731707317074,0.42,0.42,26428571,26428571,,
0,1995-12-31,RGR,,,Q4,54900000,29600000,25300000,0.46083788706739526,0.0,4300000.0,0.0,0.0,0.0,40800000,0.0,0.0,13000000,0.23679417122040072,14100000,0.2768670309653916,1100000.0,15200000,0.2768670309653916,6100000.0,9100000.0,0.1657559198542805,0.0,0.0,0.0,0.0,,
0,1995-09-30,RGR,1995-11-14 00:00:00,1995-11-14 00:00:00,Q3,42100000,34600000,7500000.0,0.17814726840855108,0.0,4600000.0,0.0,0.0,0.0,39200000,0.0,0.0,2300000.0,0.05463182897862233,2900000.0,0.0831353919239905,600000.0,3500000.0,0.0831353919239905,1400000.0,2100000.0,0.0498812351543943,0.08,0.08,26250000,26250000,https://www.sec.gov/Archives/edgar/data/95029/000095012395003331/0000950123-95-003331-index.html,https://www.sec.gov/Archives/edgar/data/95029/0000950123-95-003331.txt
0,1995-06-30,RGR,1995-08-14 00:00:00,1995-08-14 00:00:00,Q2,45200000,31100000,14100000,0.31194690265486724,0.0,4000000.0,0.0,0.0,0.0,35100000,0.0,0.0,9300000.0,0.20575221238938052,10100000,0.2411504424778761,800000.0,10900000,0.2411504424778761,4400000.0,6500000.0,0.14380530973451328,0.24,0.24,27083333,27083333,https://www.sec.gov/Archives/edgar/data/95029/000095012395002301/0000950123-95-002301-index.html,https://www.sec.gov/Archives/edgar/data/95029/0000950123-95-002301.txt
