,date,symbol,fillingDate,acceptedDate,period,revenue,costOfRevenue,grossProfit,grossProfitRatio,researchAndDevelopmentExpenses,generalAndAdministrativeExpenses,sellingAndMarketingExpenses,otherExpenses,operatingExpenses,costAndExpenses,interestExpense,depreciationAndAmortization,ebitda,ebitdaratio,operatingIncome,operatingIncomeRatio,totalOtherIncomeExpensesNet,incomeBeforeTax,incomeBeforeTaxRatio,incomeTaxExpense,netIncome,netIncomeRatio,eps,epsdiluted,weightedAverageShsOut,weightedAverageShsOutDil,link,finalLink
0,2020-09-30,CP.TO,2020-09-30,2020-09-30,Q3,1863000000,809000000,1054000000,0.5657541599570585,0.0,119000000,51000000,84000000,97000000,1053000000,114000000,0.0,1089000000,0.5845410628019324,810000000,0.4224369296833065,91000000,787000000,0.4224369296833065,189000000,598000000,0.32098765432098764,4.42,4.41,135200000,135800000,https://www.sedar.com/ModifyCompanyDocumentSearchForm.do?lang=EN&company_search=Canadian Pacific Railway Ltd&document_selection=0&industry_group=A&FromDate=13&FromMonth=05&FromYear=2000&ToDate=13&ToMonth=11&ToYear=2020&Variable=Issuer,https://www.sedar.com/ModifyCompanyDocumentSearchForm.do?lang=EN&company_search=Canadian Pacific Railway Ltd&document_selection=0&industry_group=A&FromDate=13&FromMonth=05&FromYear=2000&ToDate=13&ToMonth=11&ToYear=2020&Variable=Issuer
0,2020-06-30,CP.TO,2020-06-30,2020-06-30,Q2,1792000000,756000000,1036000000,0.578125,0.0,110000000,47000000,87000000,95000000,992000000,118000000,0.0,1082000000,0.6037946428571429,800000000,0.45982142857142855,142000000,824000000,0.45982142857142855,189000000,635000000,0.35435267857142855,4.68,4.66,135600000,136100000,https://www.sedar.com/ModifyCompanyDocumentSearchForm.do?lang=EN&company_search=Canadian Pacific Railway Ltd&document_selection=0&industry_group=A&FromDate=13&FromMonth=05&FromYear=2000&ToDate=13&ToMonth=11&ToYear=2020&Variable=Issuer,https://www.sedar.com/ModifyCompanyDocumentSearchForm.do?lang=EN&company_search=Canadian Pacific Railway Ltd&document_selection=0&industry_group=A&FromDate=13&FromMonth=05&FromYear=2000&ToDate=13&ToMonth=11&ToYear=2020&Variable=Issuer
0,2020-03-31,CP.TO,2020-03-31,2020-03-31,Q1,2043000000,897000000,1146000000,0.5609397944199707,0.0,131000000,56000000,84000000,110000000,1174000000,114000000,0.0,1145000000,0.5604503181595692,869000000,0.2907488986784141,-161000000,594000000,0.2907488986784141,185000000,409000000,0.20019579050416056,2.99,2.98,136700000,137200000,https://www.sedar.com/ModifyCompanyDocumentSearchForm.do?lang=EN&company_search=Canadian Pacific Railway Ltd&document_selection=0&industry_group=A&FromDate=13&FromMonth=05&FromYear=2000&ToDate=13&ToMonth=11&ToYear=2020&Variable=Issuer,https://www.sedar.com/ModifyCompanyDocumentSearchForm.do?lang=EN&company_search=Canadian Pacific Railway Ltd&document_selection=0&industry_group=A&FromDate=13&FromMonth=05&FromYear=2000&ToDate=13&ToMonth=11&ToYear=2020&Variable=Issuer
0,2019-12-31,CP.TO,2019-12-31,2019-12-31,Q4,2069000000,885000000,1184000000,0.5722571290478492,0.0,128000000,57000000,81000000,100000000,1143000000,118000000,0.0,1191000000,0.5756404059932334,926000000,0.4330594490091832,82000000,896000000,0.4330594490091832,232000000,664000000,0.3209279845335911,4.84,4.82,137200000,137700000,https://www.sedar.com/ModifyCompanyDocumentSearchForm.do?lang=EN&company_search=Canadian Pacific Railway Ltd&document_selection=0&industry_group=A&FromDate=13&FromMonth=05&FromYear=2000&ToDate=13&ToMonth=11&ToYear=2020&Variable=Issuer,https://www.sedar.com/ModifyCompanyDocumentSearchForm.do?lang=EN&company_search=Canadian Pacific Railway Ltd&document_selection=0&industry_group=A&FromDate=13&FromMonth=05&FromYear=2000&ToDate=13&ToMonth=11&ToYear=2020&Variable=Issuer
0,2019-09-30,CP.TO,2019-09-30,2019-09-30,Q3,1979000000,833000000,1146000000,0.5790803436078827,0.0,124000000,54000000,97000000,98000000,1086000000,110000000,0.0,1175000000,0.593734209196564,893000000,0.41889843355229917,46000000,829000000,0.41889843355229917,211000000,618000000,0.3122789287518949,4.47,4.46,138100000,138700000,https://www.sedar.com/ModifyCompanyDocumentSearchForm.do?lang=EN&company_search=Canadian Pacific Railway Ltd&document_selection=0&industry_group=A&FromDate=13&FromMonth=05&FromYear=2000&ToDate=13&ToMonth=11&ToYear=2020&Variable=Issuer,https://www.sedar.com/ModifyCompanyDocumentSearchForm.do?lang=EN&company_search=Canadian Pacific Railway Ltd&document_selection=0&industry_group=A&FromDate=13&FromMonth=05&FromYear=2000&ToDate=13&ToMonth=11&ToYear=2020&Variable=Issuer
0,2019-06-30,CP.TO,2019-06-30,2019-06-30,Q2,1977000000,890000000,1087000000,0.5498229640870005,0.0,121000000,55000000,97000000,109000000,1156000000,112000000,0.0,1101000000,0.5569044006069803,821000000,0.4289327263530602,139000000,848000000,0.4289327263530602,124000000,724000000,0.36621143146181084,5.19,5.17,139700000,140200000,https://www.sedar.com/ModifyCompanyDocumentSearchForm.do?lang=EN&company_search=Canadian Pacific Railway Ltd&document_selection=0&industry_group=A&FromDate=13&FromMonth=05&FromYear=2000&ToDate=13&ToMonth=11&ToYear=2020&Variable=Issuer,https://www.sedar.com/ModifyCompanyDocumentSearchForm.do?lang=EN&company_search=Canadian Pacific Railway Ltd&document_selection=0&industry_group=A&FromDate=13&FromMonth=05&FromYear=2000&ToDate=13&ToMonth=11&ToYear=2020&Variable=Issuer
0,2019-03-31,CP.TO,2019-03-31,2019-03-31,Q1,1767000000,867000000,900000000,0.5093378607809848,0.0,127000000,56000000,96000000,125000000,1155000000,114000000,0.0,868000000,0.49122807017543857,612000000,0.3242784380305603,75000000,573000000,0.3242784380305603,139000000,434000000,0.24561403508771928,3.1,3.09,140100000,140500000,https://www.sedar.com/ModifyCompanyDocumentSearchForm.do?lang=EN&company_search=Canadian Pacific Railway Ltd&document_selection=0&industry_group=A&FromDate=13&FromMonth=05&FromYear=2000&ToDate=13&ToMonth=11&ToYear=2020&Variable=Issuer,https://www.sedar.com/ModifyCompanyDocumentSearchForm.do?lang=EN&company_search=Canadian Pacific Railway Ltd&document_selection=0&industry_group=A&FromDate=13&FromMonth=05&FromYear=2000&ToDate=13&ToMonth=11&ToYear=2020&Variable=Issuer
0,2018-12-31,CP.TO,2018-12-31,2018-12-31,Q4,2006000000,882000000,1124000000,0.5603190428713859,0.0,129000000,58000000,93000000,111000000,1151000000,116000000,0.0,1130000000,0.5633100697906281,855000000,0.36839481555333997,-2000000.0,739000000,0.36839481555333997,194000000,545000000,0.2716849451645065,3.84,3.83,141800000,142300000,https://www.sedar.com/ModifyCompanyDocumentSearchForm.do?lang=EN&company_search=Canadian Pacific Railway Ltd&document_selection=0&industry_group=A&FromDate=13&FromMonth=05&FromYear=2000&ToDate=13&ToMonth=11&ToYear=2020&Variable=Issuer,https://www.sedar.com/ModifyCompanyDocumentSearchForm.do?lang=EN&company_search=Canadian Pacific Railway Ltd&document_selection=0&industry_group=A&FromDate=13&FromMonth=05&FromYear=2000&ToDate=13&ToMonth=11&ToYear=2020&Variable=Issuer
0,2018-09-30,CP.TO,2018-09-30,2018-09-30,Q3,1898000000,845000000,1053000000,0.5547945205479452,0.0,118000000,56000000,104000000,98000000,1089000000,112000000,0.0,1087000000,0.5727081138040042,809000000,0.43256059009483666,124000000,821000000,0.43256059009483666,199000000,622000000,0.32771338250790305,4.36,4.35,142600000,143100000,https://www.sedar.com/ModifyCompanyDocumentSearchForm.do?lang=EN&company_search=Canadian Pacific Railway Ltd&document_selection=0&industry_group=A&FromDate=13&FromMonth=05&FromYear=2000&ToDate=13&ToMonth=11&ToYear=2020&Variable=Issuer,https://www.sedar.com/ModifyCompanyDocumentSearchForm.do?lang=EN&company_search=Canadian Pacific Railway Ltd&document_selection=0&industry_group=A&FromDate=13&FromMonth=05&FromYear=2000&ToDate=13&ToMonth=11&ToYear=2020&Variable=Issuer
0,2018-06-30,CP.TO,2018-06-30,2018-06-30,Q2,1750000000,839000000,911000000,0.5205714285714286,0.0,119000000,54000000,91000000,115000000,1106000000,112000000,0.0,907000000,0.5182857142857142,644000000,0.31885714285714284,26000000,558000000,0.31885714285714284,122000000,436000000,0.24914285714285714,3.05,3.04,142800000,143200000,https://www.sedar.com/ModifyCompanyDocumentSearchForm.do?lang=EN&company_search=Canadian Pacific Railway Ltd&document_selection=0&industry_group=A&FromDate=13&FromMonth=05&FromYear=2000&ToDate=13&ToMonth=11&ToYear=2020&Variable=Issuer,https://www.sedar.com/ModifyCompanyDocumentSearchForm.do?lang=EN&company_search=Canadian Pacific Railway Ltd&document_selection=0&industry_group=A&FromDate=13&FromMonth=05&FromYear=2000&ToDate=13&ToMonth=11&ToYear=2020&Variable=Issuer
0,2018-03-31,CP.TO,2018-03-31,2018-03-31,Q1,1662000000,847000000,815000000,0.49037304452466907,0.0,119000000,53000000,93000000,107000000,1107000000,115000000,0.0,818000000,0.49217809867629364,555000000,0.28279181708784595,30000000,470000000,0.28279181708784595,122000000,348000000,0.20938628158844766,2.41,2.41,144400000,144800000,https://www.sedar.com/ModifyCompanyDocumentSearchForm.do?lang=EN&company_search=Canadian Pacific Railway Ltd&document_selection=0&industry_group=A&FromDate=13&FromMonth=05&FromYear=2000&ToDate=13&ToMonth=11&ToYear=2020&Variable=Issuer,https://www.sedar.com/ModifyCompanyDocumentSearchForm.do?lang=EN&company_search=Canadian Pacific Railway Ltd&document_selection=0&industry_group=A&FromDate=13&FromMonth=05&FromYear=2000&ToDate=13&ToMonth=11&ToYear=2020&Variable=Issuer
0,2017-12-31,CP.TO,2017-12-31,2017-12-31,Q4,1713000000,716000000,997000000,0.5820198482194979,0.0,118000000,53000000,-4000000.0,93000000,953000000,118000000,0.0,926000000,0.5405720957384705,760000000,0.36252189141856395,-23000000,621000000,0.36252189141856395,-363000000,984000000,0.574430823117338,6.79,6.77,145000000,145400000,https://www.sedar.com/ModifyCompanyDocumentSearchForm.do?lang=EN&company_search=Canadian Pacific Railway Ltd&document_selection=0&industry_group=A&FromDate=13&FromMonth=05&FromYear=2000&ToDate=13&ToMonth=11&ToYear=2020&Variable=Issuer,https://www.sedar.com/ModifyCompanyDocumentSearchForm.do?lang=EN&company_search=Canadian Pacific Railway Ltd&document_selection=0&industry_group=A&FromDate=13&FromMonth=05&FromYear=2000&ToDate=13&ToMonth=11&ToYear=2020&Variable=Issuer
0,2017-09-30,CP.TO,2017-09-30,2017-09-30,Q3,1595000000,648000000,947000000,0.5937304075235109,0.0,114000000,49000000,-3000000.0,94000000,887000000,115000000,0.0,867000000,0.5435736677115988,708000000,0.4263322884012539,87000000,680000000,0.4263322884012539,170000000,510000000,0.31974921630094044,3.5,3.5,145500000,145800000,https://www.sedar.com/ModifyCompanyDocumentSearchForm.do?lang=EN&company_search=Canadian Pacific Railway Ltd&document_selection=0&industry_group=A&FromDate=13&FromMonth=05&FromYear=2000&ToDate=13&ToMonth=11&ToYear=2020&Variable=Issuer,https://www.sedar.com/ModifyCompanyDocumentSearchForm.do?lang=EN&company_search=Canadian Pacific Railway Ltd&document_selection=0&industry_group=A&FromDate=13&FromMonth=05&FromYear=2000&ToDate=13&ToMonth=11&ToYear=2020&Variable=Issuer
0,2017-06-30,CP.TO,2017-06-30,2017-06-30,Q2,1643000000,687000000,956000000,0.5818624467437614,0.0,117000000,48000000,-3000000.0,114000000,950000000,122000000,0.0,855000000,0.5203895313451005,693000000,0.3761412051125989,47000000,618000000,0.3761412051125989,138000000,480000000,0.29214850882531956,3.28,3.27,146500000,146900000,https://www.sedar.com/ModifyCompanyDocumentSearchForm.do?lang=EN&company_search=Canadian Pacific Railway Ltd&document_selection=0&industry_group=A&FromDate=13&FromMonth=05&FromYear=2000&ToDate=13&ToMonth=11&ToYear=2020&Variable=Issuer,https://www.sedar.com/ModifyCompanyDocumentSearchForm.do?lang=EN&company_search=Canadian Pacific Railway Ltd&document_selection=0&industry_group=A&FromDate=13&FromMonth=05&FromYear=2000&ToDate=13&ToMonth=11&ToYear=2020&Variable=Issuer
0,2017-03-31,CP.TO,2017-03-31,2017-03-31,Q1,1603000000,654000000,949000000,0.5920149719276356,0.0,114000000,47000000,-1000000.0,114000000,914000000,120000000,0.0,854000000,0.5327510917030568,689000000,0.36119775421085465,10000000,579000000,0.36119775421085465,148000000,431000000,0.2688708671241422,2.94,2.93,146500000,147100000,https://www.sedar.com/ModifyCompanyDocumentSearchForm.do?lang=EN&company_search=Canadian Pacific Railway Ltd&document_selection=0&industry_group=A&FromDate=13&FromMonth=05&FromYear=2000&ToDate=13&ToMonth=11&ToYear=2020&Variable=Issuer,https://www.sedar.com/ModifyCompanyDocumentSearchForm.do?lang=EN&company_search=Canadian Pacific Railway Ltd&document_selection=0&industry_group=A&FromDate=13&FromMonth=05&FromYear=2000&ToDate=13&ToMonth=11&ToYear=2020&Variable=Issuer
0,2016-12-31,CP.TO,2016-12-31,2016-12-31,Q4,1637000000,705000000,932000000,0.5693341478313989,0.0,88000000,47000000,0.0,125000000,946000000,117000000,0.0,854000000,0.5216860109957239,691000000,0.321930360415394,-48000000,527000000,0.321930360415394,143000000,384000000,0.23457544288332316,2.63,2.61,146300000,147300000,https://www.sedar.com/ModifyCompanyDocumentSearchForm.do?lang=EN&company_search=Canadian Pacific Railway Ltd&document_selection=0&industry_group=A&FromDate=13&FromMonth=05&FromYear=2000&ToDate=13&ToMonth=11&ToYear=2020&Variable=Issuer,https://www.sedar.com/ModifyCompanyDocumentSearchForm.do?lang=EN&company_search=Canadian Pacific Railway Ltd&document_selection=0&industry_group=A&FromDate=13&FromMonth=05&FromYear=2000&ToDate=13&ToMonth=11&ToYear=2020&Variable=Issuer
0,2016-09-30,CP.TO,2016-09-30,2016-09-30,Q3,1554000000,669000000,885000000,0.5694980694980695,0.0,117000000,44000000,2000000.0,72000000,887000000,116000000,0.0,824000000,0.5302445302445302,667000000,0.30244530244530243,-81000000,470000000,0.30244530244530243,123000000,347000000,0.2232947232947233,2.35,2.34,147300000,148300000,https://www.sedar.com/ModifyCompanyDocumentSearchForm.do?lang=EN&company_search=Canadian Pacific Railway Ltd&document_selection=0&industry_group=A&FromDate=13&FromMonth=05&FromYear=2000&ToDate=13&ToMonth=11&ToYear=2020&Variable=Issuer,https://www.sedar.com/ModifyCompanyDocumentSearchForm.do?lang=EN&company_search=Canadian Pacific Railway Ltd&document_selection=0&industry_group=A&FromDate=13&FromMonth=05&FromYear=2000&ToDate=13&ToMonth=11&ToYear=2020&Variable=Issuer
0,2016-06-30,CP.TO,2016-06-30,2016-06-30,Q2,1450000000,658000000,792000000,0.5462068965517242,0.0,121000000,44000000,-9000000.0,79000000,887000000,115000000,0.0,715000000,0.49310344827586206,563000000,0.30689655172413793,-3000000.0,445000000,0.30689655172413793,117000000,328000000,0.22620689655172413,2.16,2.15,151700000,152600000,https://www.sedar.com/ModifyCompanyDocumentSearchForm.do?lang=EN&company_search=Canadian Pacific Railway Ltd&document_selection=0&industry_group=A&FromDate=13&FromMonth=05&FromYear=2000&ToDate=13&ToMonth=11&ToYear=2020&Variable=Issuer,https://www.sedar.com/ModifyCompanyDocumentSearchForm.do?lang=EN&company_search=Canadian Pacific Railway Ltd&document_selection=0&industry_group=A&FromDate=13&FromMonth=05&FromYear=2000&ToDate=13&ToMonth=11&ToYear=2020&Variable=Issuer
0,2016-03-31,CP.TO,2016-03-31,2016-03-31,Q1,1591000000,717000000,874000000,0.5493400377121307,0.0,128000000,44000000,-7000000.0,96000000,971000000,124000000,0.0,775000000,0.4871150219987429,620000000,0.4462602137020742,214000000,710000000,0.4462602137020742,170000000,540000000,0.33940917661847897,3.53,3.51,153000000,153800000,https://www.sedar.com/ModifyCompanyDocumentSearchForm.do?lang=EN&company_search=Canadian Pacific Railway Ltd&document_selection=0&industry_group=A&FromDate=13&FromMonth=05&FromYear=2000&ToDate=13&ToMonth=11&ToYear=2020&Variable=Issuer,https://www.sedar.com/ModifyCompanyDocumentSearchForm.do?lang=EN&company_search=Canadian Pacific Railway Ltd&document_selection=0&industry_group=A&FromDate=13&FromMonth=05&FromYear=2000&ToDate=13&ToMonth=11&ToYear=2020&Variable=Issuer
0,2015-12-31,CP.TO,2015-12-31,2015-12-31,Q4,1687000000,738000000,949000000,0.5625370480142264,0.0,124000000,45000000,-4000000.0,115000000,1001000000,123000000,0.0,838000000,0.4967397747480735,686000000,0.2703023117960877,-108000000,456000000,0.2703023117960877,137000000,319000000,0.1890930646117368,2.09,2.08,153000000,154000000,https://www.sedar.com/ModifyCompanyDocumentSearchForm.do?lang=EN&company_search=Canadian Pacific Railway Ltd&document_selection=0&industry_group=A&FromDate=13&FromMonth=05&FromYear=2000&ToDate=13&ToMonth=11&ToYear=2020&Variable=Issuer,https://www.sedar.com/ModifyCompanyDocumentSearchForm.do?lang=EN&company_search=Canadian Pacific Railway Ltd&document_selection=0&industry_group=A&FromDate=13&FromMonth=05&FromYear=2000&ToDate=13&ToMonth=11&ToYear=2020&Variable=Issuer
0,2015-09-30,CP.TO,2015-09-30,2015-09-30,Q3,1709000000,752000000,957000000,0.5599765944997074,0.0,115000000,46000000,-3000000.0,122000000,1015000000,103000000,0.0,840000000,0.49151550614394385,694000000,0.2820362785254535,-109000000,482000000,0.2820362785254535,159000000,323000000,0.1889994148624927,2.05,2.04,157600000,158700000,https://www.sedar.com/ModifyCompanyDocumentSearchForm.do?lang=EN&company_search=Canadian Pacific Railway Ltd&document_selection=0&industry_group=A&FromDate=13&FromMonth=05&FromYear=2000&ToDate=13&ToMonth=11&ToYear=2020&Variable=Issuer,https://www.sedar.com/ModifyCompanyDocumentSearchForm.do?lang=EN&company_search=Canadian Pacific Railway Ltd&document_selection=0&industry_group=A&FromDate=13&FromMonth=05&FromYear=2000&ToDate=13&ToMonth=11&ToYear=2020&Variable=Issuer
0,2015-06-30,CP.TO,2015-06-30,2015-06-30,Q2,1651000000,729000000,922000000,0.5584494245911569,0.0,144000000,46000000,5000000.0,122000000,995000000,84000000,0.0,806000000,0.4881889763779528,656000000,0.3434282253179891,-5000000.0,567000000,0.3434282253179891,177000000,390000000,0.23622047244094488,2.38,2.36,163700000,165000000,https://www.sedar.com/ModifyCompanyDocumentSearchForm.do?lang=EN&company_search=Canadian Pacific Railway Ltd&document_selection=0&industry_group=A&FromDate=13&FromMonth=05&FromYear=2000&ToDate=13&ToMonth=11&ToYear=2020&Variable=Issuer,https://www.sedar.com/ModifyCompanyDocumentSearchForm.do?lang=EN&company_search=Canadian Pacific Railway Ltd&document_selection=0&industry_group=A&FromDate=13&FromMonth=05&FromYear=2000&ToDate=13&ToMonth=11&ToYear=2020&Variable=Issuer
0,2015-03-31,CP.TO,2015-03-31,2015-03-31,Q1,1665000000,813000000,852000000,0.5117117117117117,0.0,240000000,0.0,-3000000.0,0.0,1053000000,85000000,0.0,755000000,0.45345345345345345,612000000,0.2726726726726727,-73000000,454000000,0.2726726726726727,134000000,320000000,0.1921921921921922,1.94,1.92,164900000,166300000,https://www.sedar.com/ModifyCompanyDocumentSearchForm.do?lang=EN&company_search=Canadian Pacific Railway Ltd&document_selection=0&industry_group=A&FromDate=13&FromMonth=05&FromYear=2000&ToDate=13&ToMonth=11&ToYear=2020&Variable=Issuer,https://www.sedar.com/ModifyCompanyDocumentSearchForm.do?lang=EN&company_search=Canadian Pacific Railway Ltd&document_selection=0&industry_group=A&FromDate=13&FromMonth=05&FromYear=2000&ToDate=13&ToMonth=11&ToYear=2020&Variable=Issuer
0,2014-12-31,CP.TO,2014-12-31,2014-12-31,Q4,1760000000,797000000,963000000,0.5471590909090909,0.0,147000000,44000000,-4000000.0,123000000,1067000000,77000000,0.0,821000000,0.46647727272727274,693000000,0.3522727272727273,0.0,620000000,0.3522727272727273,169000000,451000000,0.25625,2.66,2.63,169300000,170900000,https://www.sedar.com/ModifyCompanyDocumentSearchForm.do?lang=EN&company_search=Canadian Pacific Railway Ltd&document_selection=0&industry_group=A&FromDate=13&FromMonth=05&FromYear=2000&ToDate=13&ToMonth=11&ToYear=2020&Variable=Issuer,https://www.sedar.com/ModifyCompanyDocumentSearchForm.do?lang=EN&company_search=Canadian Pacific Railway Ltd&document_selection=0&industry_group=A&FromDate=13&FromMonth=05&FromYear=2000&ToDate=13&ToMonth=11&ToYear=2020&Variable=Issuer
0,2014-09-30,CP.TO,2014-09-30,2014-09-30,Q3,1670000000,814000000,856000000,0.5125748502994012,0.0,133000000,43000000,-1000000.0,96000000,1043000000,70000000,0.0,761000000,0.455688622754491,627000000,0.32934131736526945,-7000000.0,550000000,0.32934131736526945,150000000,400000000,0.23952095808383234,2.33,2.31,171900000,173500000,https://www.sedar.com/ModifyCompanyDocumentSearchForm.do?lang=EN&company_search=Canadian Pacific Railway Ltd&document_selection=0&industry_group=A&FromDate=13&FromMonth=05&FromYear=2000&ToDate=13&ToMonth=11&ToYear=2020&Variable=Issuer,https://www.sedar.com/ModifyCompanyDocumentSearchForm.do?lang=EN&company_search=Canadian Pacific Railway Ltd&document_selection=0&industry_group=A&FromDate=13&FromMonth=05&FromYear=2000&ToDate=13&ToMonth=11&ToYear=2020&Variable=Issuer
0,2014-06-30,CP.TO,2014-06-30,2014-06-30,Q2,1681000000,839000000,842000000,0.5008923259964307,0.0,137000000,43000000,-3000000.0,113000000,1089000000,69000000,0.0,726000000,0.4318857822724569,592000000,0.30636525877453896,-8000000.0,515000000,0.30636525877453896,144000000,371000000,0.22070196311719215,2.13,2.11,174400000,175900000,https://www.sedar.com/ModifyCompanyDocumentSearchForm.do?lang=EN&company_search=Canadian Pacific Railway Ltd&document_selection=0&industry_group=A&FromDate=13&FromMonth=05&FromYear=2000&ToDate=13&ToMonth=11&ToYear=2020&Variable=Issuer,https://www.sedar.com/ModifyCompanyDocumentSearchForm.do?lang=EN&company_search=Canadian Pacific Railway Ltd&document_selection=0&industry_group=A&FromDate=13&FromMonth=05&FromYear=2000&ToDate=13&ToMonth=11&ToYear=2020&Variable=Issuer
0,2014-03-31,CP.TO,2014-03-31,2014-03-31,Q1,1509000000,897000000,612000000,0.40556660039761433,0.0,189000000,0.0,0.0,0.0,1086000000,70000000,0.0,564000000,0.37375745526838966,423000000,0.23392975480450628,0.0,353000000,0.23392975480450628,99000000,254000000,0.16832339297548046,1.45,1.44,175500000,177000000,https://www.sedar.com/ModifyCompanyDocumentSearchForm.do?lang=EN&company_search=Canadian Pacific Railway Ltd&document_selection=0&industry_group=A&FromDate=13&FromMonth=05&FromYear=2000&ToDate=13&ToMonth=11&ToYear=2020&Variable=Issuer,https://www.sedar.com/ModifyCompanyDocumentSearchForm.do?lang=EN&company_search=Canadian Pacific Railway Ltd&document_selection=0&industry_group=A&FromDate=13&FromMonth=05&FromYear=2000&ToDate=13&ToMonth=11&ToYear=2020&Variable=Issuer
0,2013-12-31,CP.TO,2013-12-31,2013-12-31,Q4,1607000000,853000000,754000000,0.46919726197884254,0.0,149000000,41000000,-2000000.0,77000000,1079000000,75000000,0.0,671000000,0.417548226509023,528000000,0.023646546359676415,-420000000,38000000,0.023646546359676415,-44000000,82000000,0.05102675793403858,0.47,0.47,175400000,177000000,https://www.sedar.com/ModifyCompanyDocumentSearchForm.do?lang=EN&company_search=Canadian Pacific Railway Ltd&document_selection=0&industry_group=A&FromDate=13&FromMonth=05&FromYear=2000&ToDate=13&ToMonth=11&ToYear=2020&Variable=Issuer,https://www.sedar.com/ModifyCompanyDocumentSearchForm.do?lang=EN&company_search=Canadian Pacific Railway Ltd&document_selection=0&industry_group=A&FromDate=13&FromMonth=05&FromYear=2000&ToDate=13&ToMonth=11&ToYear=2020&Variable=Issuer
0,2013-09-30,CP.TO,2013-09-30,2013-09-30,Q3,1534000000,794000000,740000000,0.48239895697522817,0.0,133000000,40000000,0.0,77000000,1004000000,70000000,0.0,669000000,0.4361147327249022,530000000,0.29595827900912647,-6000000.0,454000000,0.29595827900912647,130000000,324000000,0.21121251629726207,1.85,1.84,175100000,176500000,https://www.sedar.com/ModifyCompanyDocumentSearchForm.do?lang=EN&company_search=Canadian Pacific Railway Ltd&document_selection=0&industry_group=A&FromDate=13&FromMonth=05&FromYear=2000&ToDate=13&ToMonth=11&ToYear=2020&Variable=Issuer,https://www.sedar.com/ModifyCompanyDocumentSearchForm.do?lang=EN&company_search=Canadian Pacific Railway Ltd&document_selection=0&industry_group=A&FromDate=13&FromMonth=05&FromYear=2000&ToDate=13&ToMonth=11&ToYear=2020&Variable=Issuer
0,2013-06-30,CP.TO,2013-06-30,2013-06-30,Q2,1497000000,831000000,666000000,0.44488977955911824,0.0,246000000,0.0,-8000000.0,0.0,1077000000,68000000,0.0,553000000,0.3694054776219105,420000000,0.22979291917167669,-8000000.0,344000000,0.22979291917167669,92000000,252000000,0.1683366733466934,1.44,1.43,174900000,176300000,https://www.sedar.com/ModifyCompanyDocumentSearchForm.do?lang=EN&company_search=Canadian Pacific Railway Ltd&document_selection=0&industry_group=A&FromDate=13&FromMonth=05&FromYear=2000&ToDate=13&ToMonth=11&ToYear=2020&Variable=Issuer,https://www.sedar.com/ModifyCompanyDocumentSearchForm.do?lang=EN&company_search=Canadian Pacific Railway Ltd&document_selection=0&industry_group=A&FromDate=13&FromMonth=05&FromYear=2000&ToDate=13&ToMonth=11&ToYear=2020&Variable=Issuer
0,2013-03-31,CP.TO,2013-03-31,2013-03-31,Q1,1495000000,931000000,564000000,0.37725752508361204,0.0,145000000,39000000,-3000000.0,54000000,1130000000,70000000,0.0,503000000,0.33645484949832777,365000000,0.19331103678929765,-6000000.0,289000000,0.19331103678929765,72000000,217000000,0.1451505016722408,1.25,1.24,174300000,175800000,https://www.sedar.com/ModifyCompanyDocumentSearchForm.do?lang=EN&company_search=Canadian Pacific Railway Ltd&document_selection=0&industry_group=A&FromDate=13&FromMonth=05&FromYear=2000&ToDate=13&ToMonth=11&ToYear=2020&Variable=Issuer,https://www.sedar.com/ModifyCompanyDocumentSearchForm.do?lang=EN&company_search=Canadian Pacific Railway Ltd&document_selection=0&industry_group=A&FromDate=13&FromMonth=05&FromYear=2000&ToDate=13&ToMonth=11&ToYear=2020&Variable=Issuer
0,2012-12-31,CP.TO,2012-12-31,2012-12-31,Q4,1502000000,1711000000,-209000000,-0.13914780292942744,0.0,-528000000,0.0,-3000000.0,0.0,1094000000,69000000,0.0,507000000,0.3375499334221039,408000000,-0.007989347536617843,-354000000,-12000000,-0.007989347536617843,-27000000,15000000,0.009986684420772303,0.08,0.08,173300000,174700000,https://www.sedar.com/ModifyCompanyDocumentSearchForm.do?lang=EN&company_search=Canadian Pacific Railway Ltd&document_selection=0&industry_group=A&FromDate=13&FromMonth=05&FromYear=2000&ToDate=13&ToMonth=11&ToYear=2020&Variable=Issuer,https://www.sedar.com/ModifyCompanyDocumentSearchForm.do?lang=EN&company_search=Canadian Pacific Railway Ltd&document_selection=0&industry_group=A&FromDate=13&FromMonth=05&FromYear=2000&ToDate=13&ToMonth=11&ToYear=2020&Variable=Issuer
0,2012-09-30,CP.TO,2012-09-30,2012-09-30,Q3,1451000000,567000000,884000000,0.6092350103376981,0.0,371000000,0.0,0.0,0.0,1075000000,0.0,0.0,515000000,0.3549276361130255,376000000,0.2101998621640248,-2000000.0,305000000,0.2101998621640248,81000000,224000000,0.1543762922122674,1.31,1.3,172200000,173400000,https://www.sedar.com/ModifyCompanyDocumentSearchForm.do?lang=EN&company_search=Canadian Pacific Railway Ltd&document_selection=0&industry_group=A&FromDate=13&FromMonth=05&FromYear=2000&ToDate=13&ToMonth=11&ToYear=2020&Variable=Issuer,https://www.sedar.com/ModifyCompanyDocumentSearchForm.do?lang=EN&company_search=Canadian Pacific Railway Ltd&document_selection=0&industry_group=A&FromDate=13&FromMonth=05&FromYear=2000&ToDate=13&ToMonth=11&ToYear=2020&Variable=Issuer
0,2012-06-30,CP.TO,2012-06-30,2012-06-30,Q2,1366000000,626000000,740000000,0.541727672035139,0.0,366000000,0.0,0.0,0.0,1127000000,0.0,0.0,393000000,0.287701317715959,239000000,0.11054172767203514,-19000000,151000000,0.11054172767203514,48000000,103000000,0.07540263543191801,0.6,0.6,171100000,172400000,https://www.sedar.com/ModifyCompanyDocumentSearchForm.do?lang=EN&company_search=Canadian Pacific Railway Ltd&document_selection=0&industry_group=A&FromDate=13&FromMonth=05&FromYear=2000&ToDate=13&ToMonth=11&ToYear=2020&Variable=Issuer,https://www.sedar.com/ModifyCompanyDocumentSearchForm.do?lang=EN&company_search=Canadian Pacific Railway Ltd&document_selection=0&industry_group=A&FromDate=13&FromMonth=05&FromYear=2000&ToDate=13&ToMonth=11&ToYear=2020&Variable=Issuer
0,2012-03-31,CP.TO,2012-03-31,2012-03-31,Q1,1376000000,383000000,993000000,0.721656976744186,0.0,592000000,0.0,0.0,0.0,1102000000,69000000,0.0,401000000,0.2914244186046512,274000000,0.13953488372093023,-13000000,192000000,0.13953488372093023,50000000,142000000,0.10319767441860465,0.83,0.82,170500000,172000000,https://www.sedar.com/ModifyCompanyDocumentSearchForm.do?lang=EN&company_search=Canadian Pacific Railway Ltd&document_selection=0&industry_group=A&FromDate=13&FromMonth=05&FromYear=2000&ToDate=13&ToMonth=11&ToYear=2020&Variable=Issuer,https://www.sedar.com/ModifyCompanyDocumentSearchForm.do?lang=EN&company_search=Canadian Pacific Railway Ltd&document_selection=0&industry_group=A&FromDate=13&FromMonth=05&FromYear=2000&ToDate=13&ToMonth=11&ToYear=2020&Variable=Issuer
0,2011-12-31,CP.TO,2011-12-31,2011-12-31,Q4,1407500000,592900000,814600000,0.5787566607460035,0.0,389000000,0.0,0.0,0.0,1104800000,64000000,0.0,392600000,0.2789342806394316,302700000,0.165044404973357,26600000,232300000,0.165044404973357,10800000,221500000,0.15737122557726466,1.6383136094674555,1.6383136094674555,135200000,135200000,https://www.sedar.com/ModifyCompanyDocumentSearchForm.do?lang=EN&company_search=Canadian Pacific Railway Ltd&document_selection=0&industry_group=A&FromDate=13&FromMonth=05&FromYear=2000&ToDate=13&ToMonth=11&ToYear=2020&Variable=Issuer,https://www.sedar.com/ModifyCompanyDocumentSearchForm.do?lang=EN&company_search=Canadian Pacific Railway Ltd&document_selection=0&industry_group=A&FromDate=13&FromMonth=05&FromYear=2000&ToDate=13&ToMonth=11&ToYear=2020&Variable=Issuer
0,2011-09-30,CP.TO,2011-09-30,2011-09-30,Q3,1341600000,558000000,783600000,0.5840787119856887,0.0,336400000,0.0,0.0,0.0,1017000000,64300000,0.0,447600000,0.3336314847942755,324600000,0.18351222420989863,-14100000,246200000,0.18351222420989863,59400000,186800000,0.13923673225998806,1.1,1.1,169400000,170500000,https://www.sedar.com/ModifyCompanyDocumentSearchForm.do?lang=EN&company_search=Canadian Pacific Railway Ltd&document_selection=0&industry_group=A&FromDate=13&FromMonth=05&FromYear=2000&ToDate=13&ToMonth=11&ToYear=2020&Variable=Issuer,https://www.sedar.com/ModifyCompanyDocumentSearchForm.do?lang=EN&company_search=Canadian Pacific Railway Ltd&document_selection=0&industry_group=A&FromDate=13&FromMonth=05&FromYear=2000&ToDate=13&ToMonth=11&ToYear=2020&Variable=Issuer
0,2011-06-30,CP.TO,2011-06-30,2011-06-30,Q2,1264500000,575700000,688800000,0.5447212336892052,0.0,336100000,0.0,0.0,0.0,1034000000,62500000,0.0,352700000,0.278924476077501,230500000,0.1368129695531831,5000000.0,173000000,0.1368129695531831,45000000,128000000,0.10122578094108343,0.76,0.75,169400000,170700000,https://www.sedar.com/ModifyCompanyDocumentSearchForm.do?lang=EN&company_search=Canadian Pacific Railway Ltd&document_selection=0&industry_group=A&FromDate=13&FromMonth=05&FromYear=2000&ToDate=13&ToMonth=11&ToYear=2020&Variable=Issuer,https://www.sedar.com/ModifyCompanyDocumentSearchForm.do?lang=EN&company_search=Canadian Pacific Railway Ltd&document_selection=0&industry_group=A&FromDate=13&FromMonth=05&FromYear=2000&ToDate=13&ToMonth=11&ToYear=2020&Variable=Issuer
0,2011-03-31,CP.TO,2011-03-31,2011-03-31,Q1,1163400000,567400000,596000000,0.5122915592229672,0.0,364500000,0.0,0.0,0.0,1054200000,64200000,0.0,231500000,0.1989857314767062,109200000,0.03910950661853189,500000.0,45500000,0.03910950661853189,11800000,33700000,0.02896682138559395,0.2,0.2,169300000,170700000,https://www.sedar.com/ModifyCompanyDocumentSearchForm.do?lang=EN&company_search=Canadian Pacific Railway Ltd&document_selection=0&industry_group=A&FromDate=13&FromMonth=05&FromYear=2000&ToDate=13&ToMonth=11&ToYear=2020&Variable=Issuer,https://www.sedar.com/ModifyCompanyDocumentSearchForm.do?lang=EN&company_search=Canadian Pacific Railway Ltd&document_selection=0&industry_group=A&FromDate=13&FromMonth=05&FromYear=2000&ToDate=13&ToMonth=11&ToYear=2020&Variable=Issuer
0,2010-12-31,CP.TO,2010-12-31,2010-12-31,Q4,1294300000,513100000,781200000,0.6035694970254192,0.0,362300000,0.0,0.0,0.0,996600000,76000000,0.0,441400000,0.34103376342424474,297700000,0.18326508537433361,4700000.0,237200000,0.18326508537433361,51400000,185800000,0.1435524994205362,1.3742603550295858,1.3742603550295858,135200000,135200000,https://www.sedar.com/ModifyCompanyDocumentSearchForm.do?lang=EN&company_search=Canadian Pacific Railway Ltd&document_selection=0&industry_group=A&FromDate=13&FromMonth=05&FromYear=2000&ToDate=13&ToMonth=11&ToYear=2020&Variable=Issuer,https://www.sedar.com/ModifyCompanyDocumentSearchForm.do?lang=EN&company_search=Canadian Pacific Railway Ltd&document_selection=0&industry_group=A&FromDate=13&FromMonth=05&FromYear=2000&ToDate=13&ToMonth=11&ToYear=2020&Variable=Issuer
0,2010-09-30,CP.TO,2010-09-30,2010-09-30,Q3,1286200000,459400000,826800000,0.6428238221116467,0.0,365200000,0.0,0.0,0.0,948500000,60600000,0.0,461600000,0.3588866428238221,337700000,0.21466334940133727,-1000000.0,276100000,0.21466334940133727,78800000,197300000,0.15339760534909033,1.17,1.17,168800000,169300000,https://www.sedar.com/ModifyCompanyDocumentSearchForm.do?lang=EN&company_search=Canadian Pacific Railway Ltd&document_selection=0&industry_group=A&FromDate=13&FromMonth=05&FromYear=2000&ToDate=13&ToMonth=11&ToYear=2020&Variable=Issuer,https://www.sedar.com/ModifyCompanyDocumentSearchForm.do?lang=EN&company_search=Canadian Pacific Railway Ltd&document_selection=0&industry_group=A&FromDate=13&FromMonth=05&FromYear=2000&ToDate=13&ToMonth=11&ToYear=2020&Variable=Issuer
0,2010-06-30,CP.TO,2010-06-30,2010-06-30,Q2,1234200000,487100000,747100000,0.6053313887538486,0.0,349700000,0.0,0.0,0.0,960100000,64800000,0.0,397400000,0.3219899530059958,274100000,0.17233835683033544,3400000.0,212700000,0.17233835683033544,46100000,166600000,0.1349862258953168,0.99,0.98,168600000,169200000,https://www.sedar.com/ModifyCompanyDocumentSearchForm.do?lang=EN&company_search=Canadian Pacific Railway Ltd&document_selection=0&industry_group=A&FromDate=13&FromMonth=05&FromYear=2000&ToDate=13&ToMonth=11&ToYear=2020&Variable=Issuer,https://www.sedar.com/ModifyCompanyDocumentSearchForm.do?lang=EN&company_search=Canadian Pacific Railway Ltd&document_selection=0&industry_group=A&FromDate=13&FromMonth=05&FromYear=2000&ToDate=13&ToMonth=11&ToYear=2020&Variable=Issuer
0,2010-03-31,CP.TO,2010-03-31,2010-03-31,Q1,1166800000,483300000,683500000,0.5857901954062393,0.0,353500000,0.0,0.0,0.0,961800000,66700000,0.0,339800000,0.29122386013027085,205000000,0.12272883099074391,-4900000.0,143200000,0.12272883099074391,43400000,99800000,0.08553308193349332,0.59,0.59,168500000,169100000,https://www.sedar.com/ModifyCompanyDocumentSearchForm.do?lang=EN&company_search=Canadian Pacific Railway Ltd&document_selection=0&industry_group=A&FromDate=13&FromMonth=05&FromYear=2000&ToDate=13&ToMonth=11&ToYear=2020&Variable=Issuer,https://www.sedar.com/ModifyCompanyDocumentSearchForm.do?lang=EN&company_search=Canadian Pacific Railway Ltd&document_selection=0&industry_group=A&FromDate=13&FromMonth=05&FromYear=2000&ToDate=13&ToMonth=11&ToYear=2020&Variable=Issuer
0,2009-12-31,CP.TO,2009-12-31,2009-12-31,Q4,1121900000,447100000,674800000,0.6014796327658437,0.0,312500000,0.0,0.0,0.0,848200000,64700000,0.0,414400000,0.3693733844371156,273700000,0.13976290221944915,-98000000,156800000,0.13976290221944915,-40400000,197200000,0.17577324182190926,1.4585798816568047,1.4585798816568047,135200000,135200000,https://www.sedar.com/ModifyCompanyDocumentSearchForm.do?lang=EN&company_search=Canadian Pacific Railway Ltd&document_selection=0&industry_group=A&FromDate=13&FromMonth=05&FromYear=2000&ToDate=13&ToMonth=11&ToYear=2020&Variable=Issuer,https://www.sedar.com/ModifyCompanyDocumentSearchForm.do?lang=EN&company_search=Canadian Pacific Railway Ltd&document_selection=0&industry_group=A&FromDate=13&FromMonth=05&FromYear=2000&ToDate=13&ToMonth=11&ToYear=2020&Variable=Issuer
0,2009-09-30,CP.TO,2009-09-30,2009-09-30,Q3,1088200000,374100000,714100000,0.6562212828524169,0.0,320200000,0.0,0.0,0.0,827000000,65400000,0.0,396100000,0.3639955890461312,261200000,0.2531703730931814,79000000,275500000,0.2531703730931814,80100000,195400000,0.17956258040801323,1.16,1.16,168100000,168700000,https://www.sedar.com/ModifyCompanyDocumentSearchForm.do?lang=EN&company_search=Canadian Pacific Railway Ltd&document_selection=0&industry_group=A&FromDate=13&FromMonth=05&FromYear=2000&ToDate=13&ToMonth=11&ToYear=2020&Variable=Issuer,https://www.sedar.com/ModifyCompanyDocumentSearchForm.do?lang=EN&company_search=Canadian Pacific Railway Ltd&document_selection=0&industry_group=A&FromDate=13&FromMonth=05&FromYear=2000&ToDate=13&ToMonth=11&ToYear=2020&Variable=Issuer
0,2009-06-30,CP.TO,2009-06-30,2009-06-30,Q2,1022400000,359800000,662600000,0.6480829420970265,0.0,301600000,0.0,0.0,0.0,796600000,75700000,0.0,328400000,0.3212050078247261,225800000,0.21742957746478872,108000000,222300000,0.21742957746478872,65000000,157300000,0.15385367762128324,0.94,0.93,168000000,168400000,https://www.sedar.com/ModifyCompanyDocumentSearchForm.do?lang=EN&company_search=Canadian Pacific Railway Ltd&document_selection=0&industry_group=A&FromDate=13&FromMonth=05&FromYear=2000&ToDate=13&ToMonth=11&ToYear=2020&Variable=Issuer,https://www.sedar.com/ModifyCompanyDocumentSearchForm.do?lang=EN&company_search=Canadian Pacific Railway Ltd&document_selection=0&industry_group=A&FromDate=13&FromMonth=05&FromYear=2000&ToDate=13&ToMonth=11&ToYear=2020&Variable=Issuer
0,2009-03-31,CP.TO,2009-03-31,2009-03-31,Q1,1070700000,458000000,612700000,0.5722424582049127,0.0,340900000,0.0,0.0,0.0,931300000,73300000,0.0,260600000,0.24339217334454094,139400000,0.05538432800971327,7700000.0,59300000,0.05538432800971327,-3200000.0,62500000,0.05837302699168768,0.39,0.39,160900000,161200000,https://www.sedar.com/ModifyCompanyDocumentSearchForm.do?lang=EN&company_search=Canadian Pacific Railway Ltd&document_selection=0&industry_group=A&FromDate=13&FromMonth=05&FromYear=2000&ToDate=13&ToMonth=11&ToYear=2020&Variable=Issuer,https://www.sedar.com/ModifyCompanyDocumentSearchForm.do?lang=EN&company_search=Canadian Pacific Railway Ltd&document_selection=0&industry_group=A&FromDate=13&FromMonth=05&FromYear=2000&ToDate=13&ToMonth=11&ToYear=2020&Variable=Issuer
0,2008-12-31,CP.TO,2008-12-31,2008-12-31,Q4,1299700000,655900000,643800000,0.4953450796337616,0.0,349400000,0.0,0.0,0.0,994800000,83100000,0.0,3900000.0,0.0030006924674924984,304900000,-0.039316765407401706,115000000,-51100000,-0.039316765407401706,-251700000,200600000,0.15434330999461415,1.4837278106508875,1.4837278106508875,135200000,135200000,https://www.sedar.com/ModifyCompanyDocumentSearchForm.do?lang=EN&company_search=Canadian Pacific Railway Ltd&document_selection=0&industry_group=A&FromDate=13&FromMonth=05&FromYear=2000&ToDate=13&ToMonth=11&ToYear=2020&Variable=Issuer,https://www.sedar.com/ModifyCompanyDocumentSearchForm.do?lang=EN&company_search=Canadian Pacific Railway Ltd&document_selection=0&industry_group=A&FromDate=13&FromMonth=05&FromYear=2000&ToDate=13&ToMonth=11&ToYear=2020&Variable=Issuer
0,2008-09-30,CP.TO,2008-09-30,2008-09-30,Q3,1264700000,484000000,780700000,0.617300545583933,0.0,312300000,0.0,0.0,44400000,961500000,64500000,0.0,415300000,0.3283782715268443,303200000,0.17506127935478769,7900000.0,221400000,0.17506127935478769,48700000,172700000,0.1365541235075512,1.12,1.11,154196429,155585586,https://www.sedar.com/ModifyCompanyDocumentSearchForm.do?lang=EN&company_search=Canadian Pacific Railway Ltd&document_selection=0&industry_group=A&FromDate=13&FromMonth=05&FromYear=2000&ToDate=13&ToMonth=11&ToYear=2020&Variable=Issuer,https://www.sedar.com/ModifyCompanyDocumentSearchForm.do?lang=EN&company_search=Canadian Pacific Railway Ltd&document_selection=0&industry_group=A&FromDate=13&FromMonth=05&FromYear=2000&ToDate=13&ToMonth=11&ToYear=2020&Variable=Issuer
0,2008-06-30,CP.TO,2008-06-30,2008-06-30,Q2,1220300000,0.0,1220300000,1.0,0.0,315500000,0.0,0.0,529000000,969200000,62900000,124700000,633084559.25,0.5187941975333934,251100000,0.16676227157256412,0.0,203500000,0.16676227157256412,48600000,154900000,0.1269359993444235,1.01,1.0,153366337,154900000,https://www.sedar.com/ModifyCompanyDocumentSearchForm.do?lang=EN&company_search=Canadian Pacific Railway Ltd&document_selection=0&industry_group=A&FromDate=13&FromMonth=05&FromYear=2000&ToDate=13&ToMonth=11&ToYear=2020&Variable=Issuer,https://www.sedar.com/ModifyCompanyDocumentSearchForm.do?lang=EN&company_search=Canadian Pacific Railway Ltd&document_selection=0&industry_group=A&FromDate=13&FromMonth=05&FromYear=2000&ToDate=13&ToMonth=11&ToYear=2020&Variable=Issuer
0,2008-03-31,CP.TO,2008-03-31,2008-03-31,Q1,1143944171.05,499210262.8,644733908.25,0.5636060959672653,0.0,327453597,0.0,0.0,-308742.25,946255117.55,0.0,119900000,372746423.35,0.32584319478446633,197689053.5,0.09155162655697681,-44185817.2,104729949.55,0.09155162655697681,14163594.2,90566355.35,0.07917025816642015,0.58848,0.58848,153500000,154800000,https://www.sedar.com/ModifyCompanyDocumentSearchForm.do?lang=EN&company_search=Canadian Pacific Railway Ltd&document_selection=0&industry_group=A&FromDate=13&FromMonth=05&FromYear=2000&ToDate=13&ToMonth=11&ToYear=2020&Variable=Issuer,https://www.sedar.com/ModifyCompanyDocumentSearchForm.do?lang=EN&company_search=Canadian Pacific Railway Ltd&document_selection=0&industry_group=A&FromDate=13&FromMonth=05&FromYear=2000&ToDate=13&ToMonth=11&ToYear=2020&Variable=Issuer
0,2007-12-31,CP.TO,2007-12-31,2007-12-31,Q4,1188439273.6,903434966.85,285004306.75,0.2398139417647061,0.0,-156008953.2,0.0,0.0,0.0,3115387267.55,0.0,116314028.3,-590044066.3,-0.4964865091614219,-1926947993.95,-0.029591395354573717,-487794905.6,-35167576.4,-0.029591395354573717,-377491117.9,342323541.5,0.288044622139623,2.5319788572485207,2.5319788572485207,135200000,135200000,https://www.sedar.com/ModifyCompanyDocumentSearchForm.do?lang=EN&company_search=Canadian Pacific Railway Ltd&document_selection=0&industry_group=A&FromDate=13&FromMonth=05&FromYear=2000&ToDate=13&ToMonth=11&ToYear=2020&Variable=Issuer,https://www.sedar.com/ModifyCompanyDocumentSearchForm.do?lang=EN&company_search=Canadian Pacific Railway Ltd&document_selection=0&industry_group=A&FromDate=13&FromMonth=05&FromYear=2000&ToDate=13&ToMonth=11&ToYear=2020&Variable=Issuer
0,2007-09-30,CP.TO,2007-09-30,2007-09-30,Q3,1187853080.8,434683134.3,753169946.5,0.6340598502238611,0.0,313487507.5,0.0,0.0,-5080.9,866165560.9,0.0,118000000,402989185.2,0.339258441733041,321687519.9,0.26222703332151004,36698334.7,311487189.4,0.26222703332151004,92896044.5,218591144.9,0.18402203810658332,1.429943,1.409944,153200000,155000000,https://www.sedar.com/ModifyCompanyDocumentSearchForm.do?lang=EN&company_search=Canadian Pacific Railway Ltd&document_selection=0&industry_group=A&FromDate=13&FromMonth=05&FromYear=2000&ToDate=13&ToMonth=11&ToYear=2020&Variable=Issuer,https://www.sedar.com/ModifyCompanyDocumentSearchForm.do?lang=EN&company_search=Canadian Pacific Railway Ltd&document_selection=0&industry_group=A&FromDate=13&FromMonth=05&FromYear=2000&ToDate=13&ToMonth=11&ToYear=2020&Variable=Issuer
0,2007-06-30,CP.TO,2007-06-30,2007-06-30,Q2,1216702357.5,346342107.5,870360250,0.7153436044854544,0.0,443138038.75,0.0,0.0,0.0,908697800,0.0,119217653.75,344540115,0.28317534923490933,308004557.5,0.27881526789102157,82682096.25,339235193.75,0.27881526789102157,82281062.5,256954131.25,0.2111889811555658,1.661641,1.641622,154300000,156100000,https://www.sedar.com/ModifyCompanyDocumentSearchForm.do?lang=EN&company_search=Canadian Pacific Railway Ltd&document_selection=0&industry_group=A&FromDate=13&FromMonth=05&FromYear=2000&ToDate=13&ToMonth=11&ToYear=2020&Variable=Issuer,https://www.sedar.com/ModifyCompanyDocumentSearchForm.do?lang=EN&company_search=Canadian Pacific Railway Ltd&document_selection=0&industry_group=A&FromDate=13&FromMonth=05&FromYear=2000&ToDate=13&ToMonth=11&ToYear=2020&Variable=Issuer
0,2007-03-31,CP.TO,2007-03-31,2007-03-31,Q1,1116396334.2,435694380.9,680701953.3,0.6097314479161069,0.0,332648055.6,0.0,0.0,51748.85,886994185.35,0.0,118600000,344200872.1,0.30831422636894573,229402148.85,0.16695015438541377,3801276.75,186382540.35,0.16695015438541377,57725185.05,128657355.3,0.1152434412033382,0.83037,0.820365,155500000,157400000,https://www.sedar.com/ModifyCompanyDocumentSearchForm.do?lang=EN&company_search=Canadian Pacific Railway Ltd&document_selection=0&industry_group=A&FromDate=13&FromMonth=05&FromYear=2000&ToDate=13&ToMonth=11&ToYear=2020&Variable=Issuer,https://www.sedar.com/ModifyCompanyDocumentSearchForm.do?lang=EN&company_search=Canadian Pacific Railway Ltd&document_selection=0&industry_group=A&FromDate=13&FromMonth=05&FromYear=2000&ToDate=13&ToMonth=11&ToYear=2020&Variable=Issuer
0,2006-12-31,CP.TO,2006-12-31,2006-12-31,Q4,1196602030.3,960183405.25,236418625.05,0.19757498237799875,0.0,-205524027.5,0.0,0.0,-2362495702.25,-1491300347.25,0.0,116535977.25,4700584182.25,3.92827695693573,2687902377.55,0.1845685397129315,-1187942363.95,220855089.35,0.1845685397129315,73566626.45,147288462.9,0.12308892946059379,1.0894117078402368,1.0894117078402368,135200000,135200000,https://www.sedar.com/ModifyCompanyDocumentSearchForm.do?lang=EN&company_search=Canadian Pacific Railway Ltd&document_selection=0&industry_group=A&FromDate=13&FromMonth=05&FromYear=2000&ToDate=13&ToMonth=11&ToYear=2020&Variable=Issuer,https://www.sedar.com/ModifyCompanyDocumentSearchForm.do?lang=EN&company_search=Canadian Pacific Railway Ltd&document_selection=0&industry_group=A&FromDate=13&FromMonth=05&FromYear=2000&ToDate=13&ToMonth=11&ToYear=2020&Variable=Issuer
0,2006-09-30,CP.TO,2006-09-30,2006-09-30,Q3,1149195364.2,403461434.7,745733929.5,0.6489183238388145,0.0,333988793.55,0.0,0.0,0.0,852838560.8,0.0,115388332.55,417235249.6,0.36306729264475746,296356803.4,0.2081998470003922,-5490113.65,239262299,0.2081998470003922,77857866.55,161404432.45,0.14044995087702947,1.028117,1.018136,156700000,158300000,https://www.sedar.com/ModifyCompanyDocumentSearchForm.do?lang=EN&company_search=Canadian Pacific Railway Ltd&document_selection=0&industry_group=A&FromDate=13&FromMonth=05&FromYear=2000&ToDate=13&ToMonth=11&ToYear=2020&Variable=Issuer,https://www.sedar.com/ModifyCompanyDocumentSearchForm.do?lang=EN&company_search=Canadian Pacific Railway Ltd&document_selection=0&industry_group=A&FromDate=13&FromMonth=05&FromYear=2000&ToDate=13&ToMonth=11&ToYear=2020&Variable=Issuer
0,2006-06-30,CP.TO,2006-06-30,2006-06-30,Q2,1127604898.2,408569970.6,719034927.6,0.6376656652944646,0.0,320535022.5,0.0,0.0,-353343.2,846551649.9,0.0,117800000,351296516,0.31154220468603494,281053248.3,0.24606535679555636,47556732.3,277464501.6,0.24606535679555636,-98902389.3,376366890.9,0.3337755019517881,2.372854,2.352914,158300000,160300000,https://www.sedar.com/ModifyCompanyDocumentSearchForm.do?lang=EN&company_search=Canadian Pacific Railway Ltd&document_selection=0&industry_group=A&FromDate=13&FromMonth=05&FromYear=2000&ToDate=13&ToMonth=11&ToYear=2020&Variable=Issuer,https://www.sedar.com/ModifyCompanyDocumentSearchForm.do?lang=EN&company_search=Canadian Pacific Railway Ltd&document_selection=0&industry_group=A&FromDate=13&FromMonth=05&FromYear=2000&ToDate=13&ToMonth=11&ToYear=2020&Variable=Issuer
0,2006-03-31,CP.TO,2006-03-31,2006-03-31,Q1,1109473931.2,416315209.2,693158722,0.6247634149008655,0.0,349576356.4,0.0,0.0,0.0,880585844.6,0.0,114694279,354271921.4,0.3193152280890653,228888086.6,0.1518234927951951,-10689555.8,168444207.4,0.1518234927951951,57547211.4,110896996,0.09995457566096619,0.699353,0.689363,158500000,160200000,https://www.sedar.com/ModifyCompanyDocumentSearchForm.do?lang=EN&company_search=Canadian Pacific Railway Ltd&document_selection=0&industry_group=A&FromDate=13&FromMonth=05&FromYear=2000&ToDate=13&ToMonth=11&ToYear=2020&Variable=Issuer,https://www.sedar.com/ModifyCompanyDocumentSearchForm.do?lang=EN&company_search=Canadian Pacific Railway Ltd&document_selection=0&industry_group=A&FromDate=13&FromMonth=05&FromYear=2000&ToDate=13&ToMonth=11&ToYear=2020&Variable=Issuer
0,2005-12-31,CP.TO,2005-12-31,2005-12-31,Q4,1169232399.8,435255515.4,733976884.4,0.6277425125454517,0.0,330662154,0.0,0.0,0.0,2496670767.65,0.0,113839226.8,-452400955.1,-0.3869213299061712,-1327438367.85,0.17271293562729068,-63987867.35,201941560.2,0.17271293562729068,66247355,135694205.2,0.11605409260230114,1.0036553639053254,1.0036553639053254,135200000,135200000,https://www.sedar.com/ModifyCompanyDocumentSearchForm.do?lang=EN&company_search=Canadian Pacific Railway Ltd&document_selection=0&industry_group=A&FromDate=13&FromMonth=05&FromYear=2000&ToDate=13&ToMonth=11&ToYear=2020&Variable=Issuer,https://www.sedar.com/ModifyCompanyDocumentSearchForm.do?lang=EN&company_search=Canadian Pacific Railway Ltd&document_selection=0&industry_group=A&FromDate=13&FromMonth=05&FromYear=2000&ToDate=13&ToMonth=11&ToYear=2020&Variable=Issuer
0,2005-09-30,CP.TO,2005-09-30,2005-09-30,Q3,1103901208.2,398811175,705090033.2,0.6387256649077377,0.0,344650615.4,0.0,0.0,1160.6,854682088.4,0.0,111219137.4,263807861.8,0.23897778156268168,249219119.8,0.26414423848258994,96630395.4,291589144,0.26414423848258994,88135964,203453180,0.1843037932096721,1.289067,1.269081,158100000,160000000,https://www.sedar.com/ModifyCompanyDocumentSearchForm.do?lang=EN&company_search=Canadian Pacific Railway Ltd&document_selection=0&industry_group=A&FromDate=13&FromMonth=05&FromYear=2000&ToDate=13&ToMonth=11&ToYear=2020&Variable=Issuer,https://www.sedar.com/ModifyCompanyDocumentSearchForm.do?lang=EN&company_search=Canadian Pacific Railway Ltd&document_selection=0&industry_group=A&FromDate=13&FromMonth=05&FromYear=2000&ToDate=13&ToMonth=11&ToYear=2020&Variable=Issuer
0,2005-06-30,CP.TO,2005-06-30,2005-06-30,Q2,1103516629.6,401033814.4,702482815.2,0.6365856176128804,0.0,321505100.8,0.0,0.0,-237737.6,833001177.6,0.0,110700000,399675637.6,0.3621836109029671,270515452,0.1765072804300221,-18460185.6,194778719.2,0.1765072804300221,71844318.4,122934400.8,0.11140239983928558,0.778319,0.76834,158900000,160600000,https://www.sedar.com/ModifyCompanyDocumentSearchForm.do?lang=EN&company_search=Canadian Pacific Railway Ltd&document_selection=0&industry_group=A&FromDate=13&FromMonth=05&FromYear=2000&ToDate=13&ToMonth=11&ToYear=2020&Variable=Issuer,https://www.sedar.com/ModifyCompanyDocumentSearchForm.do?lang=EN&company_search=Canadian Pacific Railway Ltd&document_selection=0&industry_group=A&FromDate=13&FromMonth=05&FromYear=2000&ToDate=13&ToMonth=11&ToYear=2020&Variable=Issuer
0,2005-03-31,CP.TO,2005-03-31,2005-03-31,Q1,1014654010.85,395016025,619637985.85,0.6106889434467562,0.0,331281127,0.0,0.0,59176.6,835856328.6,0.0,109500000,286196172.8,0.28206282115836373,178797682.25,0.12326196162692674,2101509.45,125068243.75,0.12326196162692674,44324064.6,80744179.15,0.07957804166403351,0.510278,0.500273,158800000,160200000,https://www.sedar.com/ModifyCompanyDocumentSearchForm.do?lang=EN&company_search=Canadian Pacific Railway Ltd&document_selection=0&industry_group=A&FromDate=13&FromMonth=05&FromYear=2000&ToDate=13&ToMonth=11&ToYear=2020&Variable=Issuer,https://www.sedar.com/ModifyCompanyDocumentSearchForm.do?lang=EN&company_search=Canadian Pacific Railway Ltd&document_selection=0&industry_group=A&FromDate=13&FromMonth=05&FromYear=2000&ToDate=13&ToMonth=11&ToYear=2020&Variable=Issuer
0,2004-12-31,CP.TO,2004-12-31,2004-12-31,Q4,1009030092.5,353025377.1,656004715.4,0.6501339457326443,0.0,320792766,0.0,0.0,1449645227.65,2224200292.3,0.0,100736921.55,-416505186,-0.4127777646036855,-1215170199.8,0.14964616934851227,-41819886.25,150997488.1,0.14964616934851227,22965178.25,128032309.85,0.12688651290149702,0.9469845403106508,0.9469845403106508,135200000,135200000,https://www.sedar.com/ModifyCompanyDocumentSearchForm.do?lang=EN&company_search=Canadian Pacific Railway Ltd&document_selection=0&industry_group=A&FromDate=13&FromMonth=05&FromYear=2000&ToDate=13&ToMonth=11&ToYear=2020&Variable=Issuer,https://www.sedar.com/ModifyCompanyDocumentSearchForm.do?lang=EN&company_search=Canadian Pacific Railway Ltd&document_selection=0&industry_group=A&FromDate=13&FromMonth=05&FromYear=2000&ToDate=13&ToMonth=11&ToYear=2020&Variable=Issuer
0,2004-09-30,CP.TO,2004-09-30,2004-09-30,Q3,994121163.75,364019005.35,630102158.4,0.6338283313707392,0.0,307065458.7,0.0,0.0,0.0,774243241.2,0.0,103158777.15,256239705.15,0.2577550046147481,219877922.55,0.22835173928264538,66796994.55,227009296.8,0.22835173928264538,49720928.4,177288368.4,0.17833678113363674,1.114958,1.114958,158700000,159000000,https://www.sedar.com/ModifyCompanyDocumentSearchForm.do?lang=EN&company_search=Canadian Pacific Railway Ltd&document_selection=0&industry_group=A&FromDate=13&FromMonth=05&FromYear=2000&ToDate=13&ToMonth=11&ToYear=2020&Variable=Issuer,https://www.sedar.com/ModifyCompanyDocumentSearchForm.do?lang=EN&company_search=Canadian Pacific Railway Ltd&document_selection=0&industry_group=A&FromDate=13&FromMonth=05&FromYear=2000&ToDate=13&ToMonth=11&ToYear=2020&Variable=Issuer
0,2004-06-30,CP.TO,2004-06-30,2004-06-30,Q2,1009615587.25,0.0,0.0,0.0,0.0,684733091.75,0.0,0.0,0.0,787433091.75,0.0,102700000,355129815.5,0.35174755618354286,222182495.5,0.13277549291323107,-30247320,134052207.25,0.13277549291323107,49942937.5,84109269.75,0.08330821236535936,0.532593,0.532593,158700000,158900000,https://www.sedar.com/ModifyCompanyDocumentSearchForm.do?lang=EN&company_search=Canadian Pacific Railway Ltd&document_selection=0&industry_group=A&FromDate=13&FromMonth=05&FromYear=2000&ToDate=13&ToMonth=11&ToYear=2020&Variable=Issuer,https://www.sedar.com/ModifyCompanyDocumentSearchForm.do?lang=EN&company_search=Canadian Pacific Railway Ltd&document_selection=0&industry_group=A&FromDate=13&FromMonth=05&FromYear=2000&ToDate=13&ToMonth=11&ToYear=2020&Variable=Issuer
0,2004-03-31,CP.TO,2004-03-31,2004-03-31,Q1,888359402,0.0,0.0,0.0,0.0,672330872.5,0.0,0.0,0.0,772128446.25,0.0,99797573.75,233964099.25,0.2633664918987372,116230955.75,0.04973932751825595,-17935569.75,44186399.25,0.04973932751825595,20640296.25,23546103,0.026505154273135052,0.150298,0.150298,158700000,159300000,https://www.sedar.com/ModifyCompanyDocumentSearchForm.do?lang=EN&company_search=Canadian Pacific Railway Ltd&document_selection=0&industry_group=A&FromDate=13&FromMonth=05&FromYear=2000&ToDate=13&ToMonth=11&ToYear=2020&Variable=Issuer,https://www.sedar.com/ModifyCompanyDocumentSearchForm.do?lang=EN&company_search=Canadian Pacific Railway Ltd&document_selection=0&industry_group=A&FromDate=13&FromMonth=05&FromYear=2000&ToDate=13&ToMonth=11&ToYear=2020&Variable=Issuer
0,2003-12-31,CP.TO,2003-12-31,2003-12-31,Q4,965838903.85,720316228.9,245522674.95,0.25420665286033145,0.0,-69314501.6,0.0,0.0,0.0,1892815426.45,0.0,99244989.65,-228345298.5,-0.2364217237365117,-926976522.6,0.18132491536828665,1109793.05,175130657.5,0.18132491536828665,2234126.0,172896531.5,0.1790117697794163,1.2788204992603551,1.2788204992603551,135200000,135200000,https://www.sedar.com/ModifyCompanyDocumentSearchForm.do?lang=EN&company_search=Canadian Pacific Railway Ltd&document_selection=0&industry_group=A&FromDate=13&FromMonth=05&FromYear=2000&ToDate=13&ToMonth=11&ToYear=2020&Variable=Issuer,https://www.sedar.com/ModifyCompanyDocumentSearchForm.do?lang=EN&company_search=Canadian Pacific Railway Ltd&document_selection=0&industry_group=A&FromDate=13&FromMonth=05&FromYear=2000&ToDate=13&ToMonth=11&ToYear=2020&Variable=Issuer
0,2003-09-30,CP.TO,2003-09-30,2003-09-30,Q3,903516150.8,123592077.15,779924073.65,0.8632098861314567,0.0,475686522.8,0.0,0.0,2698.9,695197505.95,0.0,95916207.1,315525700.1,0.34921976748354105,208318644.85,0.15592104477076935,-11290848.15,140877182.2,0.15592104477076935,46159286.7,94717895.5,0.10483254274551038,0.59948,0.58944,158600000,159400000,https://www.sedar.com/ModifyCompanyDocumentSearchForm.do?lang=EN&company_search=Canadian Pacific Railway Ltd&document_selection=0&industry_group=A&FromDate=13&FromMonth=05&FromYear=2000&ToDate=13&ToMonth=11&ToYear=2020&Variable=Issuer,https://www.sedar.com/ModifyCompanyDocumentSearchForm.do?lang=EN&company_search=Canadian Pacific Railway Ltd&document_selection=0&industry_group=A&FromDate=13&FromMonth=05&FromYear=2000&ToDate=13&ToMonth=11&ToYear=2020&Variable=Issuer
0,2003-06-30,CP.TO,2003-06-30,2003-06-30,Q2,919476995,633907148.75,285569846.25,0.31057856564426606,0.0,0.0,0.0,0.0,-1358.75,727654105,0.0,93748315,424786012.5,0.46198655845652775,191822890,-0.0017496468196031376,-139214807.5,-1608760.0,-0.0017496468196031376,-30679216.25,29070456.25,0.031616295359298247,0.181059,0.181059,158500000,159300000,https://www.sedar.com/ModifyCompanyDocumentSearchForm.do?lang=EN&company_search=Canadian Pacific Railway Ltd&document_selection=0&industry_group=A&FromDate=13&FromMonth=05&FromYear=2000&ToDate=13&ToMonth=11&ToYear=2020&Variable=Issuer,https://www.sedar.com/ModifyCompanyDocumentSearchForm.do?lang=EN&company_search=Canadian Pacific Railway Ltd&document_selection=0&industry_group=A&FromDate=13&FromMonth=05&FromYear=2000&ToDate=13&ToMonth=11&ToYear=2020&Variable=Issuer
0,2003-03-31,CP.TO,2003-03-31,2003-03-31,Q1,879920819.05,222684178.6,657236640.45,0.7469270259562454,0.0,445466910.85,0.0,0.0,118563.55,761569653,0.0,93300000,145267192.55,0.16509120980548758,118351166.05,0.14360605751597713,66383973.5,126361959.75,0.14360605751597713,23930885.55,102431074.2,0.11640942228255147,0.650829,0.640816,158500000,159100000,https://www.sedar.com/ModifyCompanyDocumentSearchForm.do?lang=EN&company_search=Canadian Pacific Railway Ltd&document_selection=0&industry_group=A&FromDate=13&FromMonth=05&FromYear=2000&ToDate=13&ToMonth=11&ToYear=2020&Variable=Issuer,https://www.sedar.com/ModifyCompanyDocumentSearchForm.do?lang=EN&company_search=Canadian Pacific Railway Ltd&document_selection=0&industry_group=A&FromDate=13&FromMonth=05&FromYear=2000&ToDate=13&ToMonth=11&ToYear=2020&Variable=Issuer
0,2002-12-31,CP.TO,2002-12-31,2002-12-31,Q4,952284348.8,945929240.4,6355108.4,0.006673540742330009,0.0,-310392081,0.0,0.0,0.0,2048514384.2,0.0,87681064.6,-452415958,-0.4750849455523468,-1096230035.4,0.18828017999659052,-1504788.6,179296268.6,0.18828017999659052,53439211,125857057.6,0.1321633163021066,0.9308953964497041,0.9308953964497041,135200000,135200000,https://www.sedar.com/ModifyCompanyDocumentSearchForm.do?lang=EN&company_search=Canadian Pacific Railway Ltd&document_selection=0&industry_group=A&FromDate=13&FromMonth=05&FromYear=2000&ToDate=13&ToMonth=11&ToYear=2020&Variable=Issuer,https://www.sedar.com/ModifyCompanyDocumentSearchForm.do?lang=EN&company_search=Canadian Pacific Railway Ltd&document_selection=0&industry_group=A&FromDate=13&FromMonth=05&FromYear=2000&ToDate=13&ToMonth=11&ToYear=2020&Variable=Issuer
0,2002-09-30,CP.TO,2002-09-30,2002-09-30,Q3,916663393.8,125712694.8,790950699,0.8628583887495912,0.0,479566949.4,0.0,0.0,-61072.0,693218572.2,0.0,88000000,365007623.2,0.3981915561031319,223444821.6,0.12144336640139541,-53562801.6,111322688.4,0.12144336640139541,46068006.6,65254681.8,0.07118717976670665,0.409715,0.409715,158500000,159000000,https://www.sedar.com/ModifyCompanyDocumentSearchForm.do?lang=EN&company_search=Canadian Pacific Railway Ltd&document_selection=0&industry_group=A&FromDate=13&FromMonth=05&FromYear=2000&ToDate=13&ToMonth=11&ToYear=2020&Variable=Issuer,https://www.sedar.com/ModifyCompanyDocumentSearchForm.do?lang=EN&company_search=Canadian Pacific Railway Ltd&document_selection=0&industry_group=A&FromDate=13&FromMonth=05&FromYear=2000&ToDate=13&ToMonth=11&ToYear=2020&Variable=Issuer
0,2002-06-30,CP.TO,2002-06-30,2002-06-30,Q2,925860042.2,620953052,304906990.2,0.32932298220310857,0.0,0.0,0.0,0.0,0.0,706062616,0.0,85109564,241576714.2,0.26092141704913935,219797426.2,0.23880753928490467,63330276,221102358.4,0.23880753928490467,51788165.9,169314192.5,0.18287234007602363,1.06387,1.06387,158400000,159500000,https://www.sedar.com/ModifyCompanyDocumentSearchForm.do?lang=EN&company_search=Canadian Pacific Railway Ltd&document_selection=0&industry_group=A&FromDate=13&FromMonth=05&FromYear=2000&ToDate=13&ToMonth=11&ToYear=2020&Variable=Issuer,https://www.sedar.com/ModifyCompanyDocumentSearchForm.do?lang=EN&company_search=Canadian Pacific Railway Ltd&document_selection=0&industry_group=A&FromDate=13&FromMonth=05&FromYear=2000&ToDate=13&ToMonth=11&ToYear=2020&Variable=Issuer
0,2002-03-31,CP.TO,2002-03-31,2002-03-31,Q1,876514355.4,612178911,264335444.4,0.30157571609807776,0.0,0.0,0.0,0.0,-1595.4,700390172.4,0.0,88212856.8,280758492,0.3203124857799676,176124183,0.10875116718025632,-16421452.2,95321959.2,0.10875116718025632,-41252257.8,136574217,0.15581515141035418,0.740585,0.740585,158400000,159500000,https://www.sedar.com/ModifyCompanyDocumentSearchForm.do?lang=EN&company_search=Canadian Pacific Railway Ltd&document_selection=0&industry_group=A&FromDate=13&FromMonth=05&FromYear=2000&ToDate=13&ToMonth=11&ToYear=2020&Variable=Issuer,https://www.sedar.com/ModifyCompanyDocumentSearchForm.do?lang=EN&company_search=Canadian Pacific Railway Ltd&document_selection=0&industry_group=A&FromDate=13&FromMonth=05&FromYear=2000&ToDate=13&ToMonth=11&ToYear=2020&Variable=Issuer
0,2001-12-31,CP.TO,2001-12-31,2001-12-31,Q4,947798883.2,2084983587.2,-1137184704,-1.1998164633414499,0.0,0.0,0.0,0.0,2505620596.5,3199948586.7,0.0,84800000,-1547393419.8,-1.632617897349301,-2252149703.5,0.17725441375578105,-51063594.3,168001535.4,0.17725441375578105,57216915.6,110784619.8,0.116886210528086,0.8194128683431953,0.8194128683431953,135200000,135200000,https://www.sedar.com/ModifyCompanyDocumentSearchForm.do?lang=EN&company_search=Canadian Pacific Railway Ltd&document_selection=0&industry_group=A&FromDate=13&FromMonth=05&FromYear=2000&ToDate=13&ToMonth=11&ToYear=2020&Variable=Issuer,https://www.sedar.com/ModifyCompanyDocumentSearchForm.do?lang=EN&company_search=Canadian Pacific Railway Ltd&document_selection=0&industry_group=A&FromDate=13&FromMonth=05&FromYear=2000&ToDate=13&ToMonth=11&ToYear=2020&Variable=Issuer
0,2001-09-30,CP.TO,2001-09-30,2001-09-30,Q3,899147863.3,118425369.9,780722493.4,0.8682915516638586,472898992,0.0,0.0,0.0,-7307692.2,669606395.4,0.0,85589725.7,329545956.1,0.3665091911474045,229541467.9,0.16622246740537855,-14414762.5,149458576.4,0.16622246740537855,13214190.5,136244385.9,0.15152611874087518,0.860779,0.860779,158300000,158300000,https://www.sedar.com/ModifyCompanyDocumentSearchForm.do?lang=EN&company_search=Canadian Pacific Railway Ltd&document_selection=0&industry_group=A&FromDate=13&FromMonth=05&FromYear=2000&ToDate=13&ToMonth=11&ToYear=2020&Variable=Issuer,https://www.sedar.com/ModifyCompanyDocumentSearchForm.do?lang=EN&company_search=Canadian Pacific Railway Ltd&document_selection=0&industry_group=A&FromDate=13&FromMonth=05&FromYear=2000&ToDate=13&ToMonth=11&ToYear=2020&Variable=Issuer
