,date,symbol,fillingDate,acceptedDate,period,revenue,costOfRevenue,grossProfit,grossProfitRatio,researchAndDevelopmentExpenses,generalAndAdministrativeExpenses,sellingAndMarketingExpenses,otherExpenses,operatingExpenses,costAndExpenses,interestExpense,depreciationAndAmortization,ebitda,ebitdaratio,operatingIncome,operatingIncomeRatio,totalOtherIncomeExpensesNet,incomeBeforeTax,incomeBeforeTaxRatio,incomeTaxExpense,netIncome,netIncomeRatio,eps,epsdiluted,weightedAverageShsOut,weightedAverageShsOutDil,link,finalLink
0,2020-09-30,WERN,2020-11-05,2020-11-05 16:10:22,Q3,590214000,37933000,552281000,0.9357300911194922,0.0,0.0,0.0,528111000,528111000,566044000,-887000.0,62980000,125083000,0.21192821586746502,62103000,0.10522115707184174,619000.0,61484000,0.10417238493156719,0.0,46332000,0.07850034055444297,0.67,0.67,69097000,69449000,https://www.sec.gov/Archives/edgar/data/793074/000079307420000053/0000793074-20-000053-index.htm,https://www.sec.gov/Archives/edgar/data/793074/000079307420000053/wern-20200930.htm
0,2020-06-30,WERN,2020-08-06,2020-08-06 16:23:51,Q2,568959000,74020000,494939000,0.8699027522194042,0.0,368963000,0.0,5488000.0,442121000,516141000,1161000.0,67670000,120842000,0.212391,52818000,0.092833,-23000.0,52011000,0.091414,12879000,39132000,0.068778,0.56358,0.56358,69435000,69435000,https://www.sec.gov/Archives/edgar/data/793074/000079307420000037/0000793074-20-000037-index.htm,https://www.sec.gov/Archives/edgar/data/793074/000079307420000037/wern-20200630.htm
0,2020-03-31,WERN,2020-05-07,2020-05-07 16:06:42,Q1,592703000,94492000,498211000,0.8405744529722307,0.0,395161000,0.0,3147000.0,467144999.9999999,561636999.9999999,1591000.0,68837000,100484000,0.169535,31066000,0.052414,-45000.0,30056000,0.05071,6998000.0,23058000,0.038903,0.33125,0.33125,69609000,69609000,https://www.sec.gov/Archives/edgar/data/793074/000079307420000029/0000793074-20-000029-index.htm,https://www.sec.gov/Archives/edgar/data/793074/000079307420000014/wern-20191231x10k.htm
0,2019-12-31,WERN,2020-02-27,2020-02-27 16:07:05,Q4,621787000,105154000,516633000,0.830884209544426,0.0,387246000,0.0,-978000.0,450979000.00000006,556133000,2159000.0,64710999.99999998,130993999.99999999,0.210673,65654000,0.105589,-49000.0,64124000,0.103129,15628000,48496000,0.077995,0.69334,0.69334,69945000,69945000,https://www.sec.gov/Archives/edgar/data/793074/000079307420000014/0000793074-20-000014-index.htm,https://www.sec.gov/Archives/edgar/data/793074/000079307420000014/wern-20191231x10k.htm
0,2019-09-30,WERN,2019-11-06,2019-11-06 16:08:52,Q3,618264000,106425000,511839000,0.827864795621288,0.0,394449000,0.0,1413000.0,458482000,564907000,2408000.0,62620000.00000001,116686000,0.188732,53357000,0.086301,-47000.0,51658000,0.083553,12614000,39044000,0.063151,0.56098,0.56098,69600000,69600000,https://www.sec.gov/Archives/edgar/data/793074/000079307419000040/0000793074-19-000040-index.htm,https://www.sec.gov/Archives/edgar/data/793074/000079307419000040/wern-2019930x10q.htm
0,2019-06-30,WERN,2019-08-07,2019-08-07 16:18:08,Q2,627533000,105435000,522098000,0.8319849314697394,0.0,400715000,0.0,1504000.0,463656000,569091000,1429000.0,61437000,120810000,0.192516,58442000,0.09313,-58000.0,57944000,0.092336,14626000,43318000,0.069029,0.61978,0.61978,69893000,69893000,https://www.sec.gov/Archives/edgar/data/793074/000079307419000032/0000793074-19-000032-index.htm,https://www.sec.gov/Archives/edgar/data/793074/000079307419000032/wern-2019630x10q.htm
0,2019-03-31,WERN,2019-05-08,2019-05-08 16:07:32,Q1,596117000,101823000,494294000,0.8291895718457953,0.0,385256000,0.0,260000.0,446275000,548098000,858000.0,60759000,109797000,0.184187,48019000,0.080553,116000.0,48180000,0.080823,12094000,36086000,0.060535,0.51134,0.51134,70572000,70572000,https://www.sec.gov/Archives/edgar/data/793074/000079307419000022/0000793074-19-000022-index.htm,https://www.sec.gov/Archives/edgar/data/793074/000079307419000014/wern-20181231x10k.htm
0,2018-12-31,WERN,2019-03-01,2019-03-01 14:04:11,Q4,646365000,109313000,537052000,0.8308803849218321,0.0,406347000,0.0,-3938000.0,462121000,571434000,853000.0,59751000.00000001,135136000,0.209071,74931000,0.115927,-204000.0,74532000,0.115309,19969000,54563000,0.084415,0.76496,0.76496,71328000,71328000,https://www.sec.gov/Archives/edgar/data/793074/000079307419000014/0000793074-19-000014-index.htm,https://www.sec.gov/Archives/edgar/data/793074/000079307419000014/wern-20181231x10k.htm
0,2018-09-30,WERN,2018-11-01,2018-11-01 16:06:56,Q3,629700000,114200000,515500000,0.8186437986342703,0.0,393900000,0.0,-200000.0,452099999.99999994,566300000,870000.0,58300000.00000001,122270000.00000001,0.194172,63400000,0.100683,265000.0,63100000,0.100206,15600000,47500000,0.075433,0.66156,0.66156,71800000,71800000,https://www.sec.gov/Archives/edgar/data/793074/000079307418000042/0000793074-18-000042-index.htm,https://www.sec.gov/Archives/edgar/data/793074/000079307418000042/wern-2018930x10q.htm
0,2018-06-30,WERN,2018-08-03,2018-08-03 14:23:46,Q2,619100000,111300000,507800000,0.8202229042157971,0.0,404800000,0.0,-4400000.0,456999999.99999994,568299999.9999999,490000.0,56599999.99999999,107990000,0.174431,50800000,0.082055,-100000.0,50900000,0.082216,12600000,38300000,0.061864,0.52901,0.52901,72400000,72400000,https://www.sec.gov/Archives/edgar/data/793074/000079307418000032/0000793074-18-000032-index.htm,https://www.sec.gov/Archives/edgar/data/793074/000079307418000032/wern-2018630x10q.htm
0,2018-03-31,WERN,2018-05-03,2018-05-03 16:06:34,Q1,562700000,104800000,457900000,0.813755109294473,0.0,366500000,0.0,800000.0,422800000,527600000,482000.0,55500000,91282000,0.162221,35100000,0.062378,-100000.0,35300000,0.062733,7500000.0,27800000,0.049405,0.38239,0.38239,72700000,72700000,https://www.sec.gov/Archives/edgar/data/793074/000079307418000018/0000793074-18-000018-index.htm,https://www.sec.gov/Archives/edgar/data/793074/000079307418000012/wern-20171231x10k.htm
0,2017-12-31,WERN,2018-02-27,2018-02-27 17:18:03,Q4,567400000,102200000,465200000,0.8198801550934085,0.0,359600000,0.0,5500000.0,420099999.99999994,522299999.99999994,351000.0,55000000,211251000,0.372314,45100000,0.079485,-366000.0,45400000,0.080014,14800000,141100000,0.248678,1.94085,1.94085,72700000,72700000,https://www.sec.gov/Archives/edgar/data/793074/000079307418000012/0000793074-18-000012-index.htm,https://www.sec.gov/Archives/edgar/data/793074/000079307418000012/wern-20171231x10k.htm
0,2017-09-30,WERN,2017-11-02,2017-11-02 16:13:27,Q3,528600000,92300000,436300000,0.8253878168747635,0.0,342900000,0.0,4100000.0,400500000,492800000,492000.0,53599999.99999999,90092000,0.170435,35900000,0.067915,-100000.0,36100000,0.068294,13500000,22500000,0.042565,0.30992,0.30992,72600000,72600000,https://www.sec.gov/Archives/edgar/data/793074/000079307417000050/0000793074-17-000050-index.htm,https://www.sec.gov/Archives/edgar/data/793074/000079307417000050/wern-2017930x10q.htm
0,2017-06-30,WERN,2017-08-02,2017-08-02 16:07:38,Q2,519500000,85200000,434300000,0.8359961501443696,0.0,339500000,0.0,4200000.0,397400000.00000006,482600000.00000006,624000.0,53700000,91324000,0.175792,36900000,0.07103,-200000.0,37000000,0.071222,13800000,23200000,0.044658,0.32,0.32,72500000,72500000,https://www.sec.gov/Archives/edgar/data/793074/000079307417000039/0000793074-17-000039-index.htm,https://www.sec.gov/Archives/edgar/data/793074/000079307417000039/wern-2017630x10q.htm
0,2017-03-31,WERN,2017-05-02,2017-05-02 16:07:34,Q1,501200000,83400000,417800000,0.8335993615323224,0.0,332000000,0.0,4600000.0,391799999.99999994,475199999.99999994,776000.0,55300000,82076000,0.163759,26000000,0.051875,-100000.0,26100000,0.052075,10000000,16000000,0.031923,0.22099,0.22099,72400000,72400000,https://www.sec.gov/Archives/edgar/data/793074/000079307417000029/0000793074-17-000029-index.htm,https://www.sec.gov/Archives/edgar/data/793074/000079307417000016/wern-20161231x10k.htm
0,2016-12-31,WERN,2017-02-23,2017-02-23 16:14:22,Q4,518800000,83800000,435000000,0.838473400154202,0.0,339600000,0.0,3500000.0,400099999.99999994,483899999.99999994,738000.0,56899999.99999998,92837999.99999999,0.178948,35000000,0.067463,-1390000.0,35200000,0.067849,13400000,21800000,0.04202,0.30069,0.30069,72500000,72500000,https://www.sec.gov/Archives/edgar/data/793074/000079307417000016/0000793074-17-000016-index.htm,https://www.sec.gov/Archives/edgar/data/793074/000079307417000016/wern-20161231x10k.htm
0,2016-09-30,WERN,2016-11-01,2016-11-01 16:08:03,Q3,508700000,81700000,427000000,0.8393945350894437,0.0,341600000,0.0,4600000.0,397900000.00000006,479600000.00000006,749000.0,51700000.00000002,81749000.00000001,0.160702,29100000,0.057205,-260000.0,29300000,0.057598,10400000,18900000,0.037154,0.26105,0.26105,72400000,72400000,https://www.sec.gov/Archives/edgar/data/793074/000079307416000090/0000793074-16-000090-index.htm,https://www.sec.gov/Archives/edgar/data/793074/000079307416000090/wern-2016930x10q.htm
0,2016-06-30,WERN,2016-08-02,2016-08-02 16:07:38,Q2,498700000,81800000,416900000,0.8359735311810708,0.0,334800000,0.0,1700000.0,387300000,469100000,596000.0,50899999.99999999,81495999.99999999,0.163417,29600000,0.059354,-100000.0,30000000,0.060156,11700000,18300000,0.036695,0.25276,0.25276,72400000,72400000,https://www.sec.gov/Archives/edgar/data/793074/000079307416000083/0000793074-16-000083-index.htm,https://www.sec.gov/Archives/edgar/data/793074/000079307416000083/wern-2016630x10q.htm
0,2016-03-31,WERN,2016-05-02,2016-05-02 16:12:22,Q1,482800000,79200000,403600000,0.835956917978459,0.0,318000000,0.0,3000000.0,371100000,450300000,494000.0,50200000,83594000,0.173144,32500000,0.067316,-451000.0,32900000,0.068144,12800000,20100000,0.041632,0.27762,0.27762,72400000,72400000,https://www.sec.gov/Archives/edgar/data/793074/000079307416000067/0000793074-16-000067-index.htm,https://www.sec.gov/Archives/edgar/data/793074/000079307416000060/wern-20151231x10k.htm
0,2015-12-31,WERN,2016-02-26,2016-02-26 16:26:41,Q4,528800000,89400000,439400000,0.8309379727685325,0.0,328500000,0.0,3500000.0,382100000,471500000,405000.0,50099999.99999999,108205000,0.204624,57300000,0.108359,100000.0,57700000,0.109115,21100000,36600000,0.069213,0.50413,0.50413,72600000,72600000,https://www.sec.gov/Archives/edgar/data/793074/000079307416000060/0000793074-16-000060-index.htm,https://www.sec.gov/Archives/edgar/data/793074/000079307416000060/wern-20151231x10k.htm
0,2015-09-30,WERN,2015-11-02,2015-11-02 16:04:45,Q3,534400000,101100000,433300000,0.8108158682634731,0.0,333100000,0.0,-1700000.0,380500000,481600000,511000.0,49099999.99999999,102611000,0.192012,52800000,0.098802,-217000.0,53000000,0.099177,20900000,32100000,0.060067,0.44276,0.44276,72500000,72500000,https://www.sec.gov/Archives/edgar/data/793074/000079307415000043/0000793074-15-000043-index.htm,https://www.sec.gov/Archives/edgar/data/793074/000079307415000043/wern-2015930x10q.htm
0,2015-06-30,WERN,2015-08-03,2015-08-03 17:08:55,Q2,534600000,103800000,430800000,0.8058361391694725,0.0,332500000,0.0,-2100000.0,378599999.99999994,482399999.99999994,583000.0,48300000,100983000,0.188895,52200000,0.097643,-100000.0,52200000,0.097643,20300000,31800000,0.059484,0.43923,0.43923,72400000,72400000,https://www.sec.gov/Archives/edgar/data/793074/000079307415000029/0000793074-15-000029-index.htm,https://www.sec.gov/Archives/edgar/data/793074/000079307415000029/wern-2015630x10q.htm
0,2015-03-31,WERN,2015-05-04,2015-05-04 17:20:46,Q1,495700000,100400000,395300000,0.7974581400040347,0.0,312000000,0.0,-700000.0,357100000,457500000,475000.0,45700000,84375000,0.170214,38200000,0.077063,-100000.0,38300000,0.077264,15100000,23100000,0.046601,0.31862,0.31862,72500000,72500000,https://www.sec.gov/Archives/edgar/data/793074/000079307415000018/0000793074-15-000018-index.htm,https://www.sec.gov/Archives/edgar/data/793074/000079307415000008/wern-20141231x10k.htm
0,2014-12-31,WERN,2015-02-25,2015-02-25 16:58:59,Q4,553200000,124200000,429000000,0.7754880694143167,0.0,327300000,0.0,3900000.0,376400000.00000006,500600000.00000006,511000.0,45099999.99999999,98311000,0.177713,52600000,0.095083,-129000.0,52800000,0.095445,20000000,32700000,0.059111,0.44918,0.44918,72800000,72800000,https://www.sec.gov/Archives/edgar/data/793074/000079307415000008/0000793074-15-000008-index.htm,https://www.sec.gov/Archives/edgar/data/793074/000079307415000008/wern-20141231x10k.htm
0,2014-09-30,WERN,2014-11-03,2014-11-03 16:12:43,Q3,552000000,135300000,416700000,0.7548913043478261,0.0,328000000,0.0,2700000.0,375000000,510300000,140000.0,44200000,86540000,0.156775,41700000,0.075543,-431000.0,42100000,0.076268,16200000,26000000,0.047101,0.35912,0.35912,72400000,72400000,https://www.sec.gov/Archives/edgar/data/793074/000079307414000038/0000793074-14-000038-index.htm,https://www.sec.gov/Archives/edgar/data/793074/000079307414000038/wern-2014930x10q.htm
0,2014-06-30,WERN,2014-08-04,2014-08-04 16:45:52,Q2,542100000,138000000,404100000,0.7454344216934145,0.0,316600000,0.0,600000.0,361800000,499800000,136000.0,44600000,87636000,0.16166,42300000,0.07803,-569000.0,42900000,0.079137,17300000,25600000,0.047224,0.35262,0.35262,72600000,72600000,https://www.sec.gov/Archives/edgar/data/793074/000079307414000029/0000793074-14-000029-index.htm,https://www.sec.gov/Archives/edgar/data/793074/000079307414000029/wern-2014630x10q.htm
0,2014-03-31,WERN,2014-05-05,2014-05-05 16:04:11,Q1,492000000,136900000,355100000,0.7217479674796748,0.0,290900000,0.0,-2400000.0,331700000.00000006,468600000.00000006,94000.0,43100000,67194000,0.136573,23400000,0.047561,-557000.0,24000000,0.04878,9700000.0,14300000,0.029065,0.19536,0.19536,73200000,73200000,https://www.sec.gov/Archives/edgar/data/793074/000079307414000021/0000793074-14-000021-index.htm,https://www.sec.gov/Archives/edgar/data/793074/000079307414000011/wern-20131231x10k.htm
0,2013-12-31,WERN,2014-02-25,2014-02-25 16:01:29,Q4,517900000,137500000,380400000,0.7345047306429813,0.0,299800000,0.0,-1200000.0,344300000,481800000,118000.0,45700000,82518000,0.159332,36100000,0.069705,-565000.0,36700000,0.070863,14500000,22200000,0.042865,0.30369,0.30369,73100000,73100000,https://www.sec.gov/Archives/edgar/data/793074/000079307414000011/0000793074-14-000011-index.htm,https://www.sec.gov/Archives/edgar/data/793074/000079307414000011/wern-20131231x10k.htm
0,2013-09-30,WERN,2013-11-05,2013-11-05 09:30:15,Q3,511700000,139400000,372300000,0.7275747508305648,0.0,297500000,0.0,-400000.0,339700000.00000006,479100000.00000006,101000.0,42599999.99999999,75801000,0.148136,32600000,0.063709,-523000.0,33100000,0.064686,11800000,21300000,0.041626,0.29098,0.29098,73200000,73200000,https://www.sec.gov/Archives/edgar/data/793074/000079307413000041/0000793074-13-000041-index.htm,https://www.sec.gov/Archives/edgar/data/793074/000079307413000041/wern-2013930x10q.htm
0,2013-06-30,WERN,2013-08-05,2013-08-05 16:38:28,Q2,506600000,134100000,372500000,0.7352941176470589,0.0,292400000,0.0,-4600000.0,330200000.00000006,464300000.00000006,91000.0,42400000.00000001,85291000,0.16836,42400000,0.083695,100000.0,42900000,0.084682,17000000,25800000,0.050928,0.35054,0.35054,73600000,73600000,https://www.sec.gov/Archives/edgar/data/793074/000079307413000030/0000793074-13-000030-index.htm,https://www.sec.gov/Archives/edgar/data/793074/000079307413000030/wern-2013630x10q.htm
0,2013-03-31,WERN,2013-05-02,2013-05-02 17:10:09,Q1,492900000,139900000,353000000,0.7161696084398458,0.0,284000000,0.0,-2000000.0,324299999.99999994,464199999.99999994,144000.0,42300000,71544000,0.145149,28700000,0.058227,-371000.0,29100000,0.059038,11600000,17500000,0.035504,0.23713,0.23713,73800000,73800000,https://www.sec.gov/Archives/edgar/data/793074/000079307413000017/0000793074-13-000017-index.htm,https://www.sec.gov/Archives/edgar/data/793074/000079307413000009/wern-20121231x10k.htm
0,2012-12-31,WERN,2013-02-25,2013-02-25 16:43:32,Q4,509700000,141700000,368000000,0.7219933294094566,0.0,283300000,0.0,-1300000.0,324900000.00000006,466600000.00000006,63000.0,42900000.00000001,86663000,0.170027,43100000,0.08456,100000.0,43700000,0.085737,17700000,26000000,0.05101,0.35326,0.35326,73600000,73600000,https://www.sec.gov/Archives/edgar/data/793074/000079307413000009/0000793074-13-000009-index.htm,https://www.sec.gov/Archives/edgar/data/793074/000079307413000009/wern-20121231x10k.htm
0,2012-09-30,WERN,2012-11-01,2012-11-01 16:18:42,Q3,506500000,143400000,363100000,0.7168805528134254,0.0,282500000,0.0,-3100000.0,321299999.99999994,464699999.99999994,18000.0,41899999.99999999,84117999.99999999,0.166077,41800000,0.082527,-427000.0,42200000,0.083317,17100000,25100000,0.049556,0.34196,0.34196,73400000,73400000,https://www.sec.gov/Archives/edgar/data/793074/000079307412000038/0000793074-12-000038-index.htm,https://www.sec.gov/Archives/edgar/data/793074/000079307412000038/wern-2012930x10q.htm
0,2012-06-30,WERN,2012-08-06,2012-08-06 16:12:57,Q2,521800000,144100000,377700000,0.7238405519356075,0.0,288400000,0.0,-3300000.0,326600000,470700000,65000.0,41500000,93165000,0.178545,51100000,0.09793,100000.0,51600000,0.098888,20900000,30700000,0.058835,0.41826,0.41826,73400000,73400000,https://www.sec.gov/Archives/edgar/data/793074/000079307412000025/0000793074-12-000025-index.htm,https://www.sec.gov/Archives/edgar/data/793074/000079307412000025/wern-2012630x10q.htm
0,2012-03-31,WERN,2012-05-07,2012-05-07 16:02:07,Q1,498400000,144800000,353600000,0.709470304975923,0.0,279900000,0.0,-2400000.0,318200000,463000000,142000.0,40700000,76542000,0.153575,35400000,0.071027,-304000.0,35700000,0.071629,14500000,21200000,0.042536,0.28883,0.28883,73400000,73400000,https://www.sec.gov/Archives/edgar/data/793074/000119312512214965/0001193125-12-214965-index.htm,https://www.sec.gov/Archives/edgar/data/793074/000119312512081560/d267551d10k.htm
0,2011-12-31,WERN,2012-02-27,2012-02-27 16:10:45,Q4,507900000,141500000,366400000,0.7214018507580232,0.0,280000000,0.0,-2400000.0,317000000,458500000,42000.0,39399999.99999999,89441999.99999999,0.176102,49400000,0.097263,200000.0,50000000,0.098445,20600000,29400000,0.057885,0.40109,0.40109,73300000,73300000,https://www.sec.gov/Archives/edgar/data/793074/000119312512081560/0001193125-12-081560-index.htm,https://www.sec.gov/Archives/edgar/data/793074/000119312512081560/d267551d10k.htm
0,2011-09-30,WERN,2011-11-07,2011-11-07 16:04:40,Q3,509600000,148100000,361500000,0.7093799058084772,0.0,275600000,0.0,-4400000.0,311400000,459500000,5000.0,40200000,90605000,0.177796,50100000,0.098312,-100000.0,50300000,0.098705,20800000,29600000,0.058085,0.40437,0.40437,73200000,73200000,https://www.sec.gov/Archives/edgar/data/793074/000119312511299753/0001193125-11-299753-index.htm,https://www.sec.gov/Archives/edgar/data/793074/000119312511299753/d238997d10q.htm
0,2011-06-30,WERN,2011-08-09,2011-08-09 11:54:49,Q2,515900000,153600000,362300000,0.702267881372359,0.0,277700000,0.0,-1400000.0,315500000,469100000,10000.0,39300000,86110000,0.166912,46800000,0.090715,-300000.0,46800000,0.090715,19300000,27500000,0.053305,0.37568,0.37568,73200000,73200000,https://www.sec.gov/Archives/edgar/data/793074/000119312511215839/0001193125-11-215839-index.htm,https://www.sec.gov/Archives/edgar/data/793074/000119312511215839/d10q.htm
0,2011-03-31,WERN,2011-05-05,2011-05-05 16:05:45,Q1,469400000,139100000,330300000,0.7036642522368982,0.0,266400000,0.0,-3200000.0,302900000,442000000,28000.0,39700000,67428000,0.143647,27400000,0.058372,-291000.0,27700000,0.059012,11400000,16300000,0.034725,0.22298,0.22298,73100000,73100000,https://www.sec.gov/Archives/edgar/data/793074/000119312511128439/0001193125-11-128439-index.htm,https://www.sec.gov/Archives/edgar/data/793074/000119312511051228/d10k.htm
0,2010-12-31,WERN,2011-03-01,2011-03-01 09:59:46,Q4,463200000,123700000,339500000,0.7329447322970639,0.0,260900000,0.0,-1500000.0,298900000.00000006,422600000.00000006,-115971000,39399999.99999999,-35571000.00000001,-0.076794,40600000,0.087651,-420000.0,41000000,0.088515,16900000,24100000,0.052029,0.33014,0.33014,73000000,73000000,https://www.sec.gov/Archives/edgar/data/793074/000119312511051228/0001193125-11-051228-index.htm,https://www.sec.gov/Archives/edgar/data/793074/000119312511051228/d10k.htm
0,2010-09-30,WERN,2010-11-04,2010-11-04 16:06:43,Q3,463300000,116700000,346600000,0.7481113749190589,0.0,269300000,0.0,100000.0,306400000.00000006,423100000.00000006,-5000.0,37000000,77695000,0.167699,40100000,0.086553,100000.0,40700000,0.087848,16500000,24200000,0.052234,0.33196,0.33196,72900000,72900000,https://www.sec.gov/Archives/edgar/data/793074/000119312510248054/0001193125-10-248054-index.htm,https://www.sec.gov/Archives/edgar/data/793074/000119312510248054/d10q.htm
0,2010-06-30,WERN,2010-08-05 00:00:00,2010-08-05 16:02:40,Q2,463500000,117500000,346000000,0.746494,0.0,272100000,0.0,900000.0,310400000,427900000,400000.0,37500000,73800000,0.159223,35500000,0.076591,0.0,35900000,0.077454,15000000,20900000,0.045092,0.28709,0.28709,72800000,72800000,https://www.sec.gov/Archives/edgar/data/793074/000119312510179294/0001193125-10-179294-index.html,https://www.sec.gov/Archives/edgar/data/793074/000119312510179294/d10q.htm
0,2010-03-31,WERN,2010-05-04 00:00:00,2010-05-04 16:47:01,Q1,425100000,111600000,313500000,0.737474,0.0,257100000,0.0,-100000.0,295200000.00000006,406800000.00000006,300000.0,38300000,57200000,0.134557,18300000,0.043049,0.0,18600000,0.043754,7800000.0,10800000,0.025406,0.14897,0.14897,72500000,72500000,https://www.sec.gov/Archives/edgar/data/793074/000079307410000022/0000793074-10-000022-index.html,https://www.sec.gov/Archives/edgar/data/793074/000079307410000022/wern10q1q10.txt
0,2009-12-31,WERN,2010-02-26 00:00:00,2010-02-26 09:03:40,Q4,439600000,108600000,331000000,0.752957,0.0,262300000,0.0,-200000.0,300400000,409000000,400000.0,38300000.00000001,69800000.00000001,0.158781,30600000,0.069609,100000.0,31200000,0.070974,13100000,18000000,0.040946,0.24896,0.24896,72300000,72300000,https://www.sec.gov/Archives/edgar/data/793074/000079307410000013/0000793074-10-000013-index.html,https://www.sec.gov/Archives/edgar/data/793074/000079307410000013/wern10k2009.txt
0,2009-09-30,WERN,2009-11-02 00:00:00,2009-11-02 16:03:19,Q3,429300000,100400000,328900000,0.766131,0.0,258400000,0.0,0.0,296100000,396500000,400000.0,37700000,71400000,0.166317,32800000,0.076403,100000.0,33300000,0.077568,14300000,19000000,0.044258,0.26352,0.26352,72100000,72100000,https://www.sec.gov/Archives/edgar/data/793074/000079307409000035/0000793074-09-000035-index.html,https://www.sec.gov/Archives/edgar/data/793074/000079307409000035/wern10q3q09.txt
0,2009-06-30,WERN,2009-08-03 00:00:00,2009-08-03 16:25:13,Q2,403100000,90500000,312600000,0.77549,0.0,250700000,0.0,700000.0,290500000,381000000,400000.0,39199999.99999999,61999999.99999999,0.153808,22000000,0.054577,0.0,22400000,0.055569,9700000.0,12700000,0.031506,0.17639,0.17639,72000000,72000000,https://www.sec.gov/Archives/edgar/data/793074/000079307409000026/0000793074-09-000026-index.html,https://www.sec.gov/Archives/edgar/data/793074/000079307409000026/wern10q2q09.txt
0,2009-03-31,WERN,2009-05-04 00:00:00,2009-05-04 17:19:41,Q1,394500000,89500000,305000000,0.773131,0.0,253200000,0.0,400000.0,293800000,383300000,400000.0,40100000,52400000,0.132826,11300000,0.028644,300000.0,11900000,0.030165,5000000.0,6900000.0,0.01749,0.09597,0.09597,71900000,71900000,https://www.sec.gov/Archives/edgar/data/793074/000079307409000018/0000793074-09-000018-index.html,https://www.sec.gov/Archives/edgar/data/793074/000079307409000018/wern10q1q09.txt
0,2008-12-31,WERN,2009-03-02 00:00:00,2009-02-27 17:35:06,Q4,490600000,124700000,365900000,0.745821,0.0,292200000,0.0,700000.0,335200000,459900000,800000.0,42300000.00000001,74800000.00000001,0.152466,30600000,0.062373,300000.0,31800000,0.064819,13100000,18600000,0.037913,0.25905,0.25905,71800000,71800000,https://www.sec.gov/Archives/edgar/data/793074/000079307409000010/0000793074-09-000010-index.html,https://www.sec.gov/Archives/edgar/data/793074/000079307409000010/wern10k2008.txt
0,2008-09-30,WERN,2008-11-03 00:00:00,2008-11-03 16:26:27,Q3,584100000,186800000,397200000,0.680021,0.0,318800000,0.0,-1300000.0,359200000,546000000,1000000.0,41599999.99999999,81600000,0.139702,38000000,0.065057,0.0,39000000,0.066769,16600000,22400000,0.03835,0.31198,0.31198,71800000,71800000,https://www.sec.gov/Archives/edgar/data/793074/000079307408000156/0000793074-08-000156-index.html,https://www.sec.gov/Archives/edgar/data/793074/000079307408000156/wern10q3q08.txt
0,2008-06-30,WERN,2008-08-04 00:00:00,2008-08-04 16:29:23,Q2,578200000,196200000,382000000,0.660671,0.0,310400000,0.0,-1000000.0,351099999.99999994,547300000,1000000.0,41700000,74500000,0.128848,30900000,0.053442,0.0,31800000,0.054998,13700000,18100000,0.031304,0.2535,0.2535,71400000,71400000,https://www.sec.gov/Archives/edgar/data/793074/000079307408000130/0000793074-08-000130-index.html,https://www.sec.gov/Archives/edgar/data/793074/000079307408000130/wern10q2q08.txt
0,2008-03-31,WERN,2008-05-05 00:00:00,2008-05-05 16:23:03,Q1,512800000,164300000,348400000,0.679407,0.0,295900000,0.0,-2700000.0,335099999.99999994,499399999.99999994,1100000.0,41800000,57400000,0.111934,13400000,0.026131,-100000.0,14400000,0.028081,6100000.0,8400000.0,0.016381,0.11765,0.11765,71400000,71400000,https://www.sec.gov/Archives/edgar/data/793074/000079307408000087/0000793074-08-000087-index.html,https://www.sec.gov/Archives/edgar/data/793074/000079307408000087/wern10q1q08.txt
0,2007-12-31,WERN,,Not found...,Q4,525700000,157000000,368700000,0.701351,0.0,295500000,0.0,-2300000.0,334900000,491900000,900000.0,41700000,77300000,0.147042,33800000,0.064295,-100000.0,34700000,0.066007,19100000,15600000,0.029675,0.21667,0.21667,72000000,72000000,,
0,2007-09-30,WERN,2007-10-31 00:00:00,2007-10-31 17:20:14,Q3,510300000,142600000,367700000,0.720557,0.0,294100000,0.0,-4500000.0,330600000,473200000,500000.0,41099999.99999999,79100000,0.155007,37100000,0.072702,-100000.0,37500000,0.073486,15600000,21900000,0.042916,0.29796,0.29796,73500000,73500000,https://www.sec.gov/Archives/edgar/data/793074/000079307407000140/0000793074-07-000140-index.html,https://www.sec.gov/Archives/edgar/data/793074/000079307407000140/wern10q3q07.txt
0,2007-06-30,WERN,2007-08-02 00:00:00,2007-08-02 16:10:22,Q2,531300000,140000000,391300000,0.736495,0.0,317700000,0.0,-6400000.0,352900000,492900000,-100000.0,41600000,79800000,0.150198,38400000,0.072276,0.0,38200000,0.071899,16000000,22300000,0.041973,0.29853,0.29853,74700000,74700000,https://www.sec.gov/Archives/edgar/data/793074/000079307407000112/0000793074-07-000112-index.html,https://www.sec.gov/Archives/edgar/data/793074/000079307407000112/wern10q2q07.txt
0,2007-03-31,WERN,2007-04-30 00:00:00,2007-04-30 16:10:52,Q1,503900000,128700000,375200000,0.744592,0.0,310200000,0.0,-4800000.0,347900000.00000006,476600000.00000006,-300000.0,42600000,69200000,0.137329,27300000,0.054177,-100000.0,26900000,0.053384,11200000,15700000,0.031157,0.20604,0.20604,76200000,76200000,https://www.sec.gov/Archives/edgar/data/793074/000079307407000081/0000793074-07-000081-index.html,https://www.sec.gov/Archives/edgar/data/793074/000079307407000081/wern10q1q07.txt
0,2006-12-31,WERN,,,Q4,518400000,127400000,391000000,0.754244,0.0,312700000,0.0,-5100000.0,350400000,477800000,300000.0,42700000,83700000,0.161458,40600000,0.078318,-100000.0,40800000,0.078704,16700000,24000000,0.046296,0.31048,0.31048,77300000,77300000,,
0,2006-09-30,WERN,,,Q3,541300000,148400000,392900000,0.725845,0.0,313900000,0.0,-4300000.0,352200000.00000006,500600000.00000006,1000000.0,42599999.99999999,85300000,0.157584,40700000,0.075189,-100000.0,41600000,0.076852,17100000,24600000,0.045446,0.31298,0.31298,78600000,78600000,,
0,2006-06-30,WERN,,,Q2,528900000,141800000,387100000,0.731896,0.0,305400000,0.0,-5800000.0,340700000,482500000,1200000.0,41100000,89800000,0.169786,46400000,0.087729,-100000.0,47500000,0.089809,19500000,28000000,0.05294,0.35132,0.35132,79700000,79700000,,
0,2006-03-31,WERN,,,Q1,491900000,126400000,365500000,0.743037,0.0,288200000,0.0,-600000.0,328700000.00000006,455100000.00000006,700000.0,41100000,79300000,0.161212,36800000,0.074812,0.0,37500000,0.076235,15500000,22000000,0.044725,0.2716,0.2716,81000000,81000000,,
0,2005-12-31,WERN,,,Q4,526300000,139600000,386700000,0.734752,0.0,298500000,0.0,-1400000.0,338200000.00000006,477800000.00000006,400000.0,41099999.99999999,90300000,0.171575,48500000,0.092153,0.0,48900000,0.092913,20000000,28800000,0.054722,0.35688,0.35688,80700000,80700000,,
0,2005-09-30,WERN,,,Q3,504500000,133400000,371200000,0.735778,0.0,290300000,0.0,-1500000.0,330000000,463400000,600000.0,41200000,83300000,0.165114,41100000,0.081467,-200000.0,41500000,0.08226,17000000,24500000,0.048563,0.30397,0.30397,80600000,80600000,,
0,2005-06-30,WERN,,,Q2,485800000,118000000,367800000,0.757102,0.0,288100000,0.0,-3000000.0,325700000,443700000,800000.0,40600000,84300000,0.173528,42100000,0.086661,0.0,42900000,0.088308,17600000,25300000,0.052079,0.31351,0.31351,80700000,80700000,,
0,2005-03-31,WERN,,,Q1,455300000,104400000,350900000,0.770701,0.0,280200000,0.0,-1800000.0,318000000,422400000,1000000.0,39600000,74400000,0.163409,32800000,0.07204,0.0,33800000,0.074237,13900000,19900000,0.043707,0.24629,0.24629,80800000,80800000,,
0,2004-12-31,WERN,,,Q4,455200000,104700000,350500000,0.769991,0.0,273000000,0.0,-1800000.0,308600000,413300000,800000.0,37400000.00000001,80900000,0.177724,42000000,0.092267,-100000.0,42700000,0.093805,16900000,25800000,0.056678,0.3197,0.3197,80700000,80700000,,
0,2004-09-30,WERN,,,Q3,425400000,88800000,336600000,0.791255,0.0,260800000,0.0,-200000.0,297099999.99999994,385899999.99999994,700000.0,36500000,77400000,0.181946,39500000,0.092854,0.0,40200000,0.094499,15900000,24300000,0.057123,0.30149,0.30149,80600000,80600000,,
0,2004-06-30,WERN,,,Q2,411100000,84900000,326200000,0.793481,0.0,257400000,0.0,-1800000.0,291200000.00000006,376100000.00000006,500000.0,35599999.99999999,71600000,0.174167,35000000,0.085137,-100000.0,35500000,0.086354,13900000,21600000,0.052542,0.267,0.267,80900000,80900000,,
0,2004-03-31,WERN,,,Q1,386300000,78600000,307600000,0.796272,0.0,248000000,0.0,-200000.0,282799999.99999994,361399999.99999994,500000.0,35000000,60900000,0.157649,24900000,0.064458,0.0,25400000,0.065752,9800000.0,15600000,0.040383,0.19165,0.19165,81400000,81400000,,
0,2003-12-31,WERN,,,Q4,380200000,72900000,307400000,0.808522,0.0,238300000,0.0,-900000.0,273100000,346000000,300000.0,35799999.99999998,70499999.99999999,0.185429,34200000,0.089953,0.0,34400000,0.090479,12900000,21500000,0.056549,0.26348,0.26348,81600000,81600000,,
0,2003-09-30,WERN,,,Q3,368000000,70700000,297300000,0.80788,0.0,232100000,0.0,-1200000.0,264600000,335300000,200000.0,33700000,66700000,0.18125,32700000,0.088859,0.0,32800000,0.08913,12300000,20500000,0.055707,0.25031,0.25031,81900000,81900000,,
0,2003-06-30,WERN,,,Q2,362300000,66900000,295400000,0.815346,0.0,230500000,0.0,400000.0,263799999.99999994,330699999.99999994,200000.0,33000000,65000000,0.179409,31600000,0.087221,0.0,31800000,0.087773,11900000,19900000,0.054927,0.24357,0.24357,81700000,81700000,,
0,2003-03-31,WERN,,,Q1,347200000,73700000,273500000,0.78773,0.0,222100000,0.0,-300000.0,254500000,328200000,0.0,32700000,51600000,0.148618,19000000,0.054724,0.0,18900000,0.054435,7100000.0,11800000,0.033986,0.14496,0.14496,81400000,81400000,,
0,2002-12-31,WERN,,,Q4,352400000,67400000,285000000,0.80874,0.0,225300000,0.0,-600000.0,257100000,324500000,-100000.0,32300000,60400000,0.171396,27900000,0.079171,500000.0,28200000,0.080023,10600000,17600000,0.049943,0.21569,0.21569,81600000,81600000,,
0,2002-09-30,WERN,,,Q3,336100000,61100000,275000000,0.818209,0.0,216800000,0.0,400000.0,247799999.99999997,308900000,-100000.0,30700000.000000004,57500000,0.17108,27200000,0.080928,-200000.0,26900000,0.080036,10100000,16800000,0.049985,0.20639,0.20639,81400000,81400000,,
0,2002-06-30,WERN,2002-08-13 00:00:00,2002-08-13 12:02:21,Q2,340400000,61500000,278900000,0.81933,0.0,221400000,0.0,800000.0,251800000,313300000,-200000.0,29500000.000000004,55800000.00000001,0.163925,27100000,0.079612,-400000.0,26500000,0.07785,9900000.0,16600000,0.048766,0.20368,0.20368,81500000,81500000,https://www.sec.gov/Archives/edgar/data/793074/000079307402000021/0000793074-02-000021-index.html,https://www.sec.gov/Archives/edgar/data/793074/000079307402000021/wern10q2q02.txt
0,2002-03-31,WERN,,,Q1,312600000,55100000,257500000,0.823736,0.0,210100000,0.0,800000.0,240200000.00000003,295300000,-100000.0,29200000,46100000,0.147473,17300000,0.055342,-200000.0,17000000,0.054383,6400000.0,10600000,0.033909,0.1299,0.1299,81600000,81600000,,
0,2001-12-31,WERN,,,Q4,320500000,57100000,263400000,0.821841,0.0,210400000,0.0,1400000.0,240700000.00000003,297800000,-200000.0,28900000.000000007,50600000.00000001,0.157878,22700000,0.070827,-600000.0,22000000,0.068643,8200000.0,13700000,0.042746,0.16893,0.16893,81100000,81100000,,
0,2001-09-30,WERN,2001-11-09 00:00:00,2001-11-09 00:00:00,Q3,322600000,65300000,257300000,0.797582,0.0,206600000,0.0,1100000.0,236700000,302000000,-200000.0,28999999.999999993,48799999.99999999,0.151271,20600000,0.063856,-500000.0,19900000,0.061686,7500000.0,12500000,0.038748,0.15547,0.15547,80400000,80400000,https://www.sec.gov/Archives/edgar/data/793074/000079307401500013/0000793074-01-500013-index.html,https://www.sec.gov/Archives/edgar/data/793074/000079307401500013/wern10q3q01.txt
0,2001-06-30,WERN,2001-08-14 00:00:00,2001-08-14 00:00:00,Q2,322800000,65000000,257800000,0.798637,0.0,207800000,0.0,1200000.0,237800000,302800000,-300000.0,28900000.000000004,48000000,0.148699,19900000,0.061648,-300000.0,19300000,0.059789,7300000.0,12100000,0.037485,0.15144,0.15144,79900000,79900000,https://www.sec.gov/Archives/edgar/data/793074/000079307401500009/0000793074-01-500009-index.html,https://www.sec.gov/Archives/edgar/data/793074/000079307401500009/wern10q2q01.txt
0,2001-03-31,WERN,2001-05-15 00:00:00,2001-05-15 00:00:00,Q1,304600000,62000000,242600000,0.796454,0.0,196900000,0.0,400000.0,226500000,288500000,-500000.0,29200000,43900000,0.144123,16100000,0.052856,-400000.0,15100000,0.049573,5700000.0,9500000.0,0.031188,0.11965,0.11965,79400000,79400000,https://www.sec.gov/Archives/edgar/data/793074/000079307401500003/0000793074-01-500003-index.html,https://www.sec.gov/Archives/edgar/data/793074/000079307401500003/wern10q1q01.txt
0,2000-12-31,WERN,,,Q4,311400000,63600000,247900000,0.796082,0.0,197200000,0.0,1700000.0,227000000.00000003,290600000.00000006,-1000000.0,28199999.99999999,47399999.99999999,0.152216,20800000,0.066795,400000.0,20200000,0.064868,7700000.0,12500000,0.040141,0.15863,0.15863,78800000,78800000,,
0,2000-09-30,WERN,2000-11-14 00:00:00,2000-11-14 00:00:00,Q3,304600000,62100000,242400000,0.795798,0.0,194100000,0.0,-500000.0,221400000,283500000,-1400000.0,27800000.000000004,46200000.00000001,0.151674,21000000,0.068943,100000.0,19800000,0.065003,7500000.0,12300000,0.040381,0.15649,0.15649,78600000,78600000,https://www.sec.gov/Archives/edgar/data/793074/000079307400000013/0000793074-00-000013-index.html,https://www.sec.gov/Archives/edgar/data/793074/000079307400000013/0000793074-00-000013-0001.txt
0,2000-06-30,WERN,2000-08-14 00:00:00,2000-08-14 00:00:00,Q2,307200000,58200000,249100000,0.810872,0.0,200800000,0.0,-900000.0,226600000.00000003,284800000,-1400000.0,26800000,46200000,0.150391,22400000,0.072917,-200000.0,20800000,0.067708,7900000.0,12900000,0.041992,0.16371,0.16371,78800000,78800000,https://www.sec.gov/Archives/edgar/data/793074/000079307400000011/0000793074-00-000011-index.html,https://www.sec.gov/Archives/edgar/data/793074/000079307400000011/0000793074-00-000011-0001.txt
0,2000-03-31,WERN,2000-05-15 00:00:00,2000-05-15 00:00:00,Q1,291400000,56500000,234900000,0.806108,0.0,192500000,0.0,-2500000.0,216300000,272800000,-1800000.0,26300000,41100000,0.141043,18500000,0.063487,-100000.0,16600000,0.056966,6300000.0,10300000,0.035347,0.13088,0.13088,78700000,78700000,https://www.sec.gov/Archives/edgar/data/793074/000079307400000007/0000793074-00-000007-index.html,https://www.sec.gov/Archives/edgar/data/793074/0000793074-00-000007.txt
0,1999-12-31,WERN,,,Q4,280600000,48600000,231900000,0.826443,0.0,187000000,0.0,-3800000.0,209500000.00000003,258100000.00000003,-1600000.0,26400000.000000007,45500000.00000001,0.162153,22400000,0.079829,-100000.0,20700000,0.07377,7900000.0,12800000,0.045617,0.16141,0.16141,79300000,79300000,,
0,1999-09-30,WERN,,,Q3,270100000,44600000,225500000,0.834876,0.0,174100000,0.0,-2900000.0,196700000.00000003,241300000.00000003,-1400000.0,25399999.99999999,51399999.99999999,0.1903,28800000,0.106627,-100000.0,27400000,0.101444,10400000,17000000,0.06294,0.21384,0.21384,79500000,79500000,,
0,1999-06-30,WERN,,,Q2,260600000,39200000,221400000,0.849578,0.0,170200000,0.0,-3200000.0,191800000,231000000,-1300000.0,24700000.000000004,51800000,0.198772,29700000,0.113968,0.0,28300000,0.108596,10800000,17600000,0.067536,0.22166,0.22166,79400000,79400000,,
0,1999-03-31,WERN,,,Q1,241000000,34100000,206800000,0.858091,0.0,163900000,0.0,-1800000.0,185600000,219700000,-900000.0,23500000,42900000,0.178008,21200000,0.087967,0.0,20400000,0.084647,7700000.0,12600000,0.052282,0.15889,0.15889,79300000,79300000,,
0,1998-12-31,WERN,,,Q4,232300000,33200000,199100000,0.857081,0.0,151000000,0.0,0.0,173200000,206400000,-1400000.0,22100000,45600000,0.196298,25900000,0.111494,400000.0,24900000,0.107189,9500000.0,15400000,0.066294,0.19469,0.19469,79100000,79100000,,
0,1998-09-30,WERN,1998-11-13 00:00:00,1998-11-13 00:00:00,Q3,219700000,32200000,187500000,0.853437,0.0,143100000,0.0,-2700000.0,161000000,193200000,-800000.0,20600000,45500000,0.207101,26500000,0.120619,0.0,25700000,0.116978,9800000.0,15900000,0.072371,0.1995,0.1995,79700000,79700000,https://www.sec.gov/Archives/edgar/data/793074/000079307498000014/0000793074-98-000014-index.html,https://www.sec.gov/Archives/edgar/data/793074/0000793074-98-000014.txt
0,1998-06-30,WERN,,,Q2,211700000,31400000,180300000,0.851677,0.0,137700000,0.0,-2800000.0,155200000,186600000,-800000.0,20299999.999999996,43700000,0.206424,25000000,0.118092,0.0,24200000,0.114313,9200000.0,15000000,0.070855,0.1868,0.1868,80300000,80300000,,
0,1998-03-31,WERN,,,Q1,199700000,32200000,167500000,0.838758,0.0,132700000,0.0,-2800000.0,149399999.99999997,181599999.99999997,-600000.0,19500000,36500000,0.182774,18100000,0.090636,0.0,17500000,0.087631,6700000.0,10900000,0.054582,0.13574,0.13574,80300000,80300000,,
0,1997-12-31,WERN,,,Q4,206200000,33500000,172600000,0.837051,0.0,130400000,0.0,0.0,149600000,183100000,-1000000.0,18999999.999999993,40499999.99999999,0.196411,23100000,0.112027,400000.0,22500000,0.109117,8300000.0,14200000,0.068865,0.17531,0.17531,81000000,81000000,,
0,1997-09-30,WERN,1997-11-07 00:00:00,1997-11-07 00:00:00,Q3,200200000,32600000,167600000,0.837163,0.0,126200000,0.0,0.0,144600000,177200000,-900000.0,18400000,40000000,0.1998,23000000,0.114885,400000.0,22500000,0.112388,8300000.0,14200000,0.070929,0.17706,0.17706,80200000,80200000,https://www.sec.gov/Archives/edgar/data/793074/000079307497000014/0000793074-97-000014-index.html,https://www.sec.gov/Archives/edgar/data/793074/0000793074-97-000014.txt
0,1997-06-30,WERN,1997-08-14 00:00:00,1997-08-14 00:00:00,Q2,193600000,32300000,161400000,0.833678,0.0,123300000,0.0,0.0,141300000,173600000,-600000.0,18000000.000000004,37100000.00000001,0.191632,20000000,0.103306,300000.0,19700000,0.101756,7200000.0,12500000,0.064566,0.15645,0.15645,79900000,79900000,https://www.sec.gov/Archives/edgar/data/793074/000079307497000011/0000793074-97-000011-index.html,https://www.sec.gov/Archives/edgar/data/793074/0000793074-97-000011.txt
0,1997-03-31,WERN,1997-05-12 00:00:00,1997-05-12 00:00:00,Q1,172000000,32200000,139800000,0.812791,0.0,111100000,0.0,0.0,128399999.99999999,160599999.99999997,-400000.0,17200000,28100000,0.163372,11500000,0.06686,400000.0,11400000,0.066279,3900000.0,7400000.0,0.043023,0.09355,0.09355,79100000,79100000,https://www.sec.gov/Archives/edgar/data/793074/000079307497000008/0000793074-97-000008-index.html,https://www.sec.gov/Archives/edgar/data/793074/0000793074-97-000008.txt
0,1996-12-31,WERN,,,Q4,168600000,30800000,137800000,0.817319,0.0,102800000,0.0,0.0,119800000,150600000,-500000.0,16900000,34400000,0.204033,18000000,0.106762,500000.0,18100000,0.107355,6500000.0,11500000,0.068209,0.14539,0.14539,79100000,79100000,,
0,1996-09-30,WERN,1996-11-14 00:00:00,1996-11-14 00:00:00,Q3,167200000,29800000,137400000,0.82177,0.0,101500000,0.0,0.0,118100000.00000001,147900000,-500000.0,16600000,35200000,0.210526,19200000,0.114833,400000.0,19200000,0.114833,7400000.0,11700000,0.069976,0.1481,0.1481,79000000,79000000,https://www.sec.gov/Archives/edgar/data/793074/000079307496000014/0000793074-96-000014-index.html,https://www.sec.gov/Archives/edgar/data/793074/0000793074-96-000014.txt
0,1996-06-30,WERN,1996-08-08 00:00:00,1996-08-08 00:00:00,Q2,159600000,28200000,131400000,0.823308,0.0,98900000,0.0,0.0,114800000,143000000,-500000.0,15900000,31900000,0.199875,16600000,0.10401,300000.0,16500000,0.103383,6500000.0,10000000,0.062657,0.12706,0.12706,78700000,78700000,https://www.sec.gov/Archives/edgar/data/793074/000079307496000010/0000793074-96-000010-index.html,https://www.sec.gov/Archives/edgar/data/793074/0000793074-96-000010.txt
0,1996-03-31,WERN,1996-05-10 00:00:00,1996-05-10 00:00:00,Q1,147900000,26100000,121800000,0.823529,0.0,94000000,0.0,0.0,109600000,135700000,-600000.0,15600000,27000000,0.182556,12200000,0.082488,400000.0,11900000,0.08046,4700000.0,7300000.0,0.049358,0.09276,0.09276,78700000,78700000,https://www.sec.gov/Archives/edgar/data/793074/000079307496000006/0000793074-96-000006-index.html,https://www.sec.gov/Archives/edgar/data/793074/0000793074-96-000006.txt
0,1995-12-31,WERN,,,Q4,150000000,25600000,124300000,0.828667,0.0,91700000,0.0,0.0,107300000.00000001,132900000.00000001,-700000.0,15600000.000000002,31600000,0.210667,17000000,0.113333,300000.0,16700000,0.111333,6500000.0,10200000,0.068,0.12977,0.12977,78600000,78600000,,
0,1995-09-30,WERN,1995-11-14 00:00:00,1995-11-14 00:00:00,Q3,150300000,24600000,125700000,0.836327,0.0,93300000,0.0,0.0,108700000.00000001,133300000.00000001,-700000.0,15400000.000000002,31300000.000000004,0.20825,17000000,0.113107,300000.0,16600000,0.110446,6500000.0,10100000,0.067199,0.1285,0.1285,78600000,78600000,https://www.sec.gov/Archives/edgar/data/793074/000079307495000012/0000793074-95-000012-index.html,https://www.sec.gov/Archives/edgar/data/793074/0000793074-95-000012.txt
0,1995-06-30,WERN,1995-08-14 00:00:00,1995-08-14 00:00:00,Q2,143300000,24300000,119100000,0.831124,0.0,89800000,0.0,0.0,104600000.00000001,128900000.00000001,-500000.0,14899999.999999998,28500000,0.198883,14400000,0.100488,200000.0,14100000,0.098395,5500000.0,8600000.0,0.060014,0.10941,0.10941,78600000,78600000,https://www.sec.gov/Archives/edgar/data/793074/000079307495000010/0000793074-95-000010-index.html,https://www.sec.gov/Archives/edgar/data/793074/0000793074-95-000010.txt
0,1995-03-31,WERN,1995-05-11 00:00:00,1995-05-11 00:00:00,Q1,132400000,23600000,108800000,0.821752,0.0,80900000,0.0,0.0,96199999.99999999,119799999.99999999,-500000.0,15300000,27100000,0.204683,12600000,0.095166,200000.0,12300000,0.0929,4800000.0,7500000.0,0.056647,0.0953,0.0953,78700000,78700000,https://www.sec.gov/Archives/edgar/data/793074/000079307495000008/0000793074-95-000008-index.html,https://www.sec.gov/Archives/edgar/data/793074/0000793074-95-000008.txt
0,1994-12-31,WERN,1995-01-13 00:00:00,1995-01-13 00:00:00,Q4,135800000,23100000,112600000,0.829161,0.0,81800000,0.0,0.0,96600000,119700000,-300000.0,13300000.000000004,29100000.000000004,0.214286,16100000,0.118557,300000.0,16100000,0.118557,6200000.0,9900000.0,0.072901,0.12532,0.12532,79000000,79000000,https://www.sec.gov/Archives/edgar/data/793074/000079307495000002/0000793074-95-000002-index.html,https://www.sec.gov/Archives/edgar/data/793074/0000793074-95-000002.txt
0,1994-11-30,WERN,1995-01-13 00:00:00,1995-01-13 00:00:00,Q3,137100000,23800000,113300000,0.826404,0.0,82200000,0.0,0.0,96500000,120300000,-300000.0,14299999.999999996,30699999.999999996,0.223924,16700000,0.121809,200000.0,16600000,0.12108,6500000.0,10200000,0.074398,0.12911,0.12911,79000000,79000000,https://www.sec.gov/Archives/edgar/data/793074/000079307495000002/0000793074-95-000002-index.html,https://www.sec.gov/Archives/edgar/data/793074/0000793074-95-000002.txt
0,1994-08-31,WERN,1994-10-17 00:00:00,1994-10-17 00:00:00,Q2,134200000,22400000,111800000,0.833085,0.0,80200000,0.0,0.0,93600000,116000000,-100000.0,13400000.000000002,31500000.000000004,0.234724,18200000,0.135618,100000.0,18200000,0.135618,7100000.0,11100000,0.082712,0.14033,0.14033,79100000,79100000,https://www.sec.gov/Archives/edgar/data/793074/000079307494000010/0000793074-94-000010-index.html,https://www.sec.gov/Archives/edgar/data/793074/0000793074-94-000010.txt
0,1994-05-31,WERN,1994-07-14 00:00:00,1994-07-14 00:00:00,Q1,126900000,21100000,105800000,0.833727,0.0,78100000,0.0,0.0,90800000.00000001,111900000.00000001,-100000.0,12700000,27500000,0.216706,15000000,0.118203,100000.0,14900000,0.117415,5800000.0,9100000.0,0.07171,0.11504,0.11504,79100000,79100000,https://www.sec.gov/Archives/edgar/data/793074/000079307494000009/0000793074-94-000009-index.html,https://www.sec.gov/Archives/edgar/data/793074/0000793074-94-000009.txt
0,1994-02-28,WERN,1994-05-27 00:00:00,1994-05-27 00:00:00,Q4,110700000,19400000,91300000,0.824752,0.0,69200000,0.0,0.0,81500000,100900000,-200000.0,12199999.999999996,21799999.999999996,0.196929,9900000.0,0.089431,100000.0,9800000.0,0.088528,3700000.0,6100000.0,0.055104,0.07722,0.07722,79000000,79000000,https://www.sec.gov/Archives/edgar/data/793074/000079307494000008/0000793074-94-000008-index.html,https://www.sec.gov/Archives/edgar/data/793074/0000793074-94-000008.txt
