,date,symbol,fillingDate,acceptedDate,period,revenue,costOfRevenue,grossProfit,grossProfitRatio,researchAndDevelopmentExpenses,generalAndAdministrativeExpenses,sellingAndMarketingExpenses,otherExpenses,operatingExpenses,costAndExpenses,interestExpense,depreciationAndAmortization,ebitda,ebitdaratio,operatingIncome,operatingIncomeRatio,totalOtherIncomeExpensesNet,incomeBeforeTax,incomeBeforeTaxRatio,incomeTaxExpense,netIncome,netIncomeRatio,eps,epsdiluted,weightedAverageShsOut,weightedAverageShsOutDil,link,finalLink
0,2020-09-30,BEST,2020-09-30,2020-09-30,Q3,8693254000,8655660000,37594000,0.0043245026545871085,53361000,612849000,244925000,33456000,0.0,9321870000,46583000,0.0,-577054000,-0.06637951680694018,-628616000,-0.07279621646853986,24257000,-632836000,-0.07279621646853986,6633000.0,-633550000,-0.07287834911990378,-1.645157,-1.645157,385100000,385430134,,
0,2020-06-30,BEST,2020-08-19 00:00:00,2020-08-19 06:04:26,Q2,8418274000,7848529000,569745000,0.06767955046366987,50499000,555417000,230433000,31898000,0.0,8454445000,41379000,0.0,14142000,0.0016799168095502713,-36171000,-0.003195785739452054,32232000,-26903000,-0.003195785739452054,3952000.0,-24328000,-0.0028899035598033518,-0.062236,-0.062236,390900000,390900000,https://www.sec.gov/Archives/edgar/data/1709505/000110465920096670/0001104659-20-096670-index.htm,https://www.sec.gov/Archives/edgar/data/1709505/000110465920096670/a20-28878_16k.htm
0,2020-03-31,BEST,2020-04-17 00:00:00,2020-04-17 16:07:37,Q1,5465456000,5642091000,-176635000,-0.03231843783940443,60315000,519496000,218777000,21610000,0.0,6221902000,33172000,0.0,-713251000,-0.1305016452424098,-756446000,-0.1365983003065069,21461000,-746572000,-0.1365983003065069,4150000.0,-742892000,-0.13592498045908705,-1.901925,-1.91,390600000,390600000,https://www.sec.gov/Archives/edgar/data/1709505/000110465920048182/0001104659-20-048182-index.html,https://www.sec.gov/Archives/edgar/data/1709505/000110465920048182/best-20191231x20f.htm
0,2019-12-31,BEST,2020-01-08 00:00:00,2020-01-08 06:02:03,Q4,10767889000,10128692000,639197000,0.05936140314967957,62334000,558343000,312711000,37144000,0.0,10749369000,26719000,0.0,79813000,0.00741213064139127,18520000,0.0046507723101529,34129000,50079000,0.0046507723101529,6497000.0,51418000,0.004775123517710853,0.130996,0.13,392514399,395523077,https://www.sec.gov/Archives/edgar/data/1709505/000110465920002101/0001104659-20-002101-index.html,https://www.sec.gov/Archives/edgar/data/1709505/000110465920002101/a20-1406_16k.htm
0,2019-09-30,BEST,2019-11-14 00:00:00,2019-11-14 06:18:17,Q3,8745296000,8238240000,507056000,0.057980427420638476,64522000,488381000,212714000,33009000,0.0,8791143000,12023000,0.0,8404000.0,0.0009609737623517832,-45847000,-0.0003382389801328623,33670000,-2958000.0,-0.0003382389801328623,3691000.0,-3482000.0,-0.0003981569062956817,-0.008958,-0.01,389200000,389200000,https://www.sec.gov/Archives/edgar/data/1709505/000110465919063670/0001104659-19-063670-index.html,https://www.sec.gov/Archives/edgar/data/1709505/000110465919063670/a19-22728_16k.htm
0,2019-06-30,BEST,2019-08-09 00:00:00,2019-08-09 06:05:57,Q2,8788130000,8268063000,520067000,0.059178346246584884,62517000,514391000,213222000,29851000,0.0,8844971000,14696000,0.0,-966000.0,-0.00010992099570670894,-56841000,-0.0020322867322172065,27653000,-17860000,-0.0020322867322172065,4410000.0,-19294000,-0.002195461378017849,-0.049155,-0.06,392514399,392514399,https://www.sec.gov/Archives/edgar/data/1709505/000110465919045013/0001104659-19-045013-index.html,https://www.sec.gov/Archives/edgar/data/1709505/000110465919045013/a19-16938_16k.htm
0,2019-03-31,BEST,2019-04-11 00:00:00,2019-04-11 16:17:20,Q1,6874574000,6581868000,292706000,0.042578056473026545,54019000,480344000,193267000,15864000,0.0,7116231000,26048000,0.0,-201768000,-0.029349891353267852,-241657000,-0.033410652063676965,13996000,-229684000,-0.033410652063676965,3692000.0,-231058000,-0.033610518993613274,-0.596378,-0.6,387435255,387629232,https://www.sec.gov/Archives/edgar/data/1709505/000110465919020857/0001104659-19-020857-index.html,https://www.sec.gov/Archives/edgar/data/1709505/000110465919020857/a18-42064_120f.htm
0,2018-12-31,BEST,2019-03-06 00:00:00,2019-03-06 06:05:19,Q4,9035582000,8511526000,524056000,0.05799914161589148,58145000,511574000,238084000,21314000,0.0,9081245000,21301000,0.0,1346000.0,0.00014896660779571255,-45663000,-0.002089627430751002,22388000,-18881000,-0.002089627430751002,4916000.0,-23443000,-0.0025945201980348363,-0.059725,-0.06,392514399,392514399,https://www.sec.gov/Archives/edgar/data/1709505/000110465919013002/0001104659-19-013002-index.html,https://www.sec.gov/Archives/edgar/data/1709505/000110465919013002/a19-5876_16k.htm
0,2018-09-30,BEST,2018-11-13 00:00:00,2018-11-13 06:12:51,Q3,7189302000,6799381000,389921000,0.05423628051791398,42922000,500465000,235681000,96258000,0.0,7342768000,18960000,0.0,-28772000,-0.004002057501548829,-153466000,-0.006691470187230972,95883000,-48107000,-0.006691470187230972,2971000.0,-51195000,-0.0071209972817945335,-0.132253,-0.132253,387200000,387200000,https://www.sec.gov/Archives/edgar/data/1709505/000110465918067601/0001104659-18-067601-index.html,https://www.sec.gov/Archives/edgar/data/1709505/000110465918067601/a18-39930_16k.htm
