,date,symbol,fillingDate,acceptedDate,period,revenue,costOfRevenue,grossProfit,grossProfitRatio,researchAndDevelopmentExpenses,generalAndAdministrativeExpenses,sellingAndMarketingExpenses,otherExpenses,operatingExpenses,costAndExpenses,interestExpense,depreciationAndAmortization,ebitda,ebitdaratio,operatingIncome,operatingIncomeRatio,totalOtherIncomeExpensesNet,incomeBeforeTax,incomeBeforeTaxRatio,incomeTaxExpense,netIncome,netIncomeRatio,eps,epsdiluted,weightedAverageShsOut,weightedAverageShsOutDil,link,finalLink
0,2020-09-30,CIX,2020-11-04,2020-11-04 16:15:57,Q3,28426000,21098000,7328000.0,0.257792162105115,0.0,5246000.0,0.0,0.0,5246000.0,26344000,0.0,960000.0,3042000.0,0.10701470484767467,2082000.0,0.07324280588193907,0.0,2442000.0,0.08590726799408992,610000.0,1832000.0,0.06444804052627875,0.15,0.15,12451000,12451000,https://www.sec.gov/Archives/edgar/data/1049606/000156459020050486/0001564590-20-050486-index.htm,https://www.sec.gov/Archives/edgar/data/1049606/000156459020050486/cix-10q_20200930.htm
0,2020-06-30,CIX,2020-08-04,2020-08-04 16:16:28,Q2,23800000,16434000,7366000.0,0.3094957983193277,0.0,4997000.0,0.0,0.0,4997000.0,21431000,370000.0,962000.0,4071000.0,0.17105,2369000.0,0.099538,0.0,2739000.0,0.115084,674000.0,2065000.0,0.086765,0.16592,0.16592,12446000,12446000,https://www.sec.gov/Archives/edgar/data/1049606/000156459020036124/0001564590-20-036124-index.htm,https://www.sec.gov/Archives/edgar/data/1049606/000156459020036124/cix-10q_20200630.htm
0,2020-03-31,CIX,2020-05-05 00:00:00,2020-05-05 16:16:26,Q1,32311000,21880000,10431000,0.322831,0.0,5411000.0,0.0,0.0,5411000.000000001,27291000,607000.0,950000.0,7184000.0,0.222339,5020000.0,0.155365,0.0,5627000.0,0.174151,1356000.0,4271000.0,0.132184,0.34325,0.34325,12443000,12443000,https://www.sec.gov/Archives/edgar/data/1049606/000156459020021267/0001564590-20-021267-index.html,https://www.sec.gov/Archives/edgar/data/1049606/000156459020021267/cix-10q_20200331.htm
0,2019-12-31,CIX,2020-02-26 00:00:00,2020-02-26 16:26:49,Q4,29633000,20709000,8924000.0,0.301151,0.0,5437000.0,0.0,0.0,5437000.000000001,26146000,758000.0,946000.0000000002,5949000.0,0.200756,3487000.0,0.117673,0.0,4245000.0,0.143252,1015000.0,3230000.0,0.109,0.25958,0.25958,12443000,12443000,https://www.sec.gov/Archives/edgar/data/1049606/000156459020006804/0001564590-20-006804-index.html,https://www.sec.gov/Archives/edgar/data/1049606/000156459020006804/cix-10k_20191231.htm
0,2019-09-30,CIX,2019-10-30 00:00:00,2019-10-30 16:16:20,Q3,29703000,20227000,9476000.0,0.319025,0.0,5210000.0,0.0,0.0,5210000.000000001,25437000,848000.0,929999.9999999999,6892000.0,0.23203,4266000.0,0.143622,0.0,5114000.0,0.172171,1227000.0,3887000.0,0.130862,0.31238,0.31238,12443000,12443000,https://www.sec.gov/Archives/edgar/data/1049606/000156459019038794/0001564590-19-038794-index.html,https://www.sec.gov/Archives/edgar/data/1049606/000156459019038794/cix-10q_20190930.htm
0,2019-06-30,CIX,2019-08-06,2019-08-06 16:17:37,Q2,33730000,22791000,10939000,0.324311,0.0,5317000.0,0.0,0.0,5317000.0,28108000,828000.0,907000.0,8185000.0,0.242662,5622000.0,0.166677,0.0,6450000.0,0.191224,1555000.0,4895000.0,0.145123,0.39352,0.39352,12439000,12439000,https://www.sec.gov/Archives/edgar/data/1049606/000156459019029365/cix-10q_20190630.htm,https://www.sec.gov/Archives/edgar/data/1049606/000156459019029365/cix-10q_20190630.htm
0,2019-03-31,CIX,2019-05-07 00:00:00,2019-05-07 16:16:16,Q1,31176000,21552000,9624000.0,0.308699,0.0,5334000.0,0.0,0.0,5334000.0,26886000,837000.0,901000.0,6865000.0,0.220201,4290000.0,0.137606,0.0,5127000.0,0.164453,1141000.0,3986000.0,0.127855,0.32052,0.32052,12436000,12436000,https://www.sec.gov/Archives/edgar/data/1049606/000156459019016514/0001564590-19-016514-index.html,https://www.sec.gov/Archives/edgar/data/1049606/000156459019016514/cix-10q_20190331.htm
0,2018-12-31,CIX,2019-02-27 00:00:00,2019-02-27 16:16:22,Q4,27390000,19452000,7938000.0,0.289814,0.0,5006000.0,0.0,0.0,5005999.999999997,24457999.999999996,756000.0,866000.0000000001,5310000.0,0.193866,2932000.0,0.107046,0.0,3688000.0,0.134648,1018000.0,2670000.0,0.097481,0.21,0.21,12714290,12714290,https://www.sec.gov/Archives/edgar/data/1049606/000156459019004906/0001564590-19-004906-index.html,https://www.sec.gov/Archives/edgar/data/1049606/000156459019004906/cix-10k_20181231.htm
0,2018-09-30,CIX,2018-10-31 00:00:00,2018-10-31 16:16:15,Q3,30029000,20435000,9594000.0,0.319491,0.0,5074000.0,0.0,0.0,5074000.000000002,25509000.000000004,697000.0,858000.0000000001,6772000.0,0.225515,4520000.0,0.150521,0.0,5217000.0,0.173732,1286000.0,3931000.0,0.130907,0.3161,0.3161,12436000,12436000,https://www.sec.gov/Archives/edgar/data/1049606/000156459018025848/0001564590-18-025848-index.html,https://www.sec.gov/Archives/edgar/data/1049606/000156459018025848/cix-10q_20180930.htm
0,2018-06-30,CIX,2018-08-06 00:00:00,2018-08-06 16:16:57,Q2,32390000,21150000,11240000,0.347021,0.0,5250000.0,0.0,0.0,5250000.0,26400000,640000.0,850000.0,8120000.0,0.250695,5980000.0,0.184625,0.0,6620000.0,0.204384,1630000.0,5000000.0,0.154369,0.40225,0.40225,12430000,12430000,https://www.sec.gov/Archives/edgar/data/1049606/000156459018019438/0001564590-18-019438-index.html,https://www.sec.gov/Archives/edgar/data/1049606/000156459018019438/cix-10q_20180630.htm
0,2018-03-31,CIX,2018-05-07 00:00:00,2018-05-07 16:16:15,Q1,28410000,18910000,9500000.0,0.334389,0.0,5130000.0,0.0,0.0,5129999.999999999,24040000,570000.0,880000.0,6400000.0,0.225273,4370000.0,0.153819,0.0,4950000.0,0.174234,1220000.0,3730000.0,0.131292,0.30008,0.30008,12430000,12430000,https://www.sec.gov/Archives/edgar/data/1049606/000156459018011252/0001564590-18-011252-index.html,https://www.sec.gov/Archives/edgar/data/1049606/000156459018011252/cix-10q_20180331.htm
0,2017-12-31,CIX,2018-02-28 00:00:00,2018-02-28 16:19:22,Q4,25090000,17660000,7430000.0,0.296134,0.0,4690000.0,0.0,0.0,4690000.000000001,22350000,570000.0,919999.9999999999,6660000.0,0.265444,2740000.0,0.109207,0.0,3310000.0,0.131925,920000.0,4250000.0,0.16939,0.34191,0.34191,12430000,12430000,https://www.sec.gov/Archives/edgar/data/1049606/000156459018003809/0001564590-18-003809-index.html,https://www.sec.gov/Archives/edgar/data/1049606/000156459018003809/cix-10k_20171231.htm
0,2017-09-30,CIX,2017-11-01 00:00:00,2017-11-01 16:31:18,Q3,26990000,18790000,8200000.0,0.303816,0.0,4830000.0,0.0,0.0,4830000.000000002,23620000.000000004,550000.0,919999.9999999999,5390000.0,0.199704,3370000.0,0.124861,0.0,3910000.0,0.144868,1420000.0,2500000.0,0.092627,0.20113,0.20113,12430000,12430000,https://www.sec.gov/Archives/edgar/data/1049606/000156459017020805/0001564590-17-020805-index.html,https://www.sec.gov/Archives/edgar/data/1049606/000156459017020805/cix-10q_20170930.htm
0,2017-06-30,CIX,2017-08-04 00:00:00,2017-08-04 16:16:18,Q2,30000000,20490000,9510000.0,0.317,0.0,4910000.0,0.0,0.0,4910000.0,25400000,480000.0,910000.0,6470000.0,0.215667,4600000.0,0.153333,0.0,5080000.0,0.169333,1780000.0,3300000.0,0.11,0.2657,0.2657,12420000,12420000,https://www.sec.gov/Archives/edgar/data/1049606/000156459017015669/0001564590-17-015669-index.html,https://www.sec.gov/Archives/edgar/data/1049606/000156459017015669/cix-10q_20170630.htm
0,2017-03-31,CIX,2017-05-05 00:00:00,2017-05-05 16:21:40,Q1,29950000,20260000,9690000.0,0.323539,0.0,5160000.0,0.0,0.0,5160000.0,25420000,340000.0,920000.0,6120000.0,0.204341,4520000.0,0.150918,0.0,4860000.0,0.16227,1710000.0,3150000.0,0.105175,0.25362,0.25362,12420000,12420000,https://www.sec.gov/Archives/edgar/data/1049606/000156459017009100/0001564590-17-009100-index.html,https://www.sec.gov/Archives/edgar/data/1049606/000156459017009100/cix-10q_20170331.htm
0,2016-12-31,CIX,2017-03-01 00:00:00,2017-03-01 16:42:44,Q4,26330000,17260000,9080000.0,0.344854,0.0,5050000.0,0.0,0.0,5039999.999999999,22300000,230000.0,910000.0000000001,5400000.0,0.205089,4030000.0,0.153057,0.0,4260000.0,0.161793,1410000.0,2850000.0,0.108242,0.22947,0.22947,12420000,12420000,https://www.sec.gov/Archives/edgar/data/1049606/000156459017003113/0001564590-17-003113-index.html,https://www.sec.gov/Archives/edgar/data/1049606/000156459017003113/cix-10k_20161231.htm
0,2016-09-30,CIX,2016-11-02 00:00:00,2016-11-02 16:44:49,Q3,28400000,19010000,9400000.0,0.330986,0.0,4930000.0,0.0,0.0,4919999.999999998,23929999.999999996,90000.0,940000.0,5590000.0,0.196831,4470000.0,0.157394,0.0,4560000.0,0.160563,1590000.0,2970000.0,0.104577,0.23913,0.23913,12420000,12420000,https://www.sec.gov/Archives/edgar/data/1049606/000156459016027025/0001564590-16-027025-index.html,https://www.sec.gov/Archives/edgar/data/1049606/000156459016027025/cix-10q_20160930.htm
0,2016-06-30,CIX,2016-08-03 00:00:00,2016-08-03 17:10:08,Q2,27110000,18620000,8490000.0,0.313169,0.0,4770000.0,0.0,0.0,4770000.0,23390000,40000.0,940000.0000000001,4740000.0,0.174843,3720000.0,0.137219,0.0,3760000.0,0.138694,1320000.0,2440000.0,0.090004,0.19646,0.19646,12420000,12420000,https://www.sec.gov/Archives/edgar/data/1049606/000156459016022399/0001564590-16-022399-index.html,https://www.sec.gov/Archives/edgar/data/1049606/000156459016022399/cix-10q_20160630.htm
0,2016-03-31,CIX,2016-05-04 00:00:00,2016-05-04 16:56:37,Q1,27080000,18870000,8210000.0,0.303176,0.0,4850000.0,0.0,0.0,4849999.999999998,23719999.999999996,30000.0,910000.0,4330000.0,0.159897,3350000.0,0.123708,0.0,3390000.0,0.125185,1190000.0,2200000.0,0.081241,0.17728,0.17728,12410000,12410000,https://www.sec.gov/Archives/edgar/data/1049606/000156459016017687/0001564590-16-017687-index.html,https://www.sec.gov/Archives/edgar/data/1049606/000156459016017687/cix-10q_20160331.htm
0,2015-12-31,CIX,2016-03-03 00:00:00,2016-03-03 16:34:08,Q4,25680000,18120000,7560000.0,0.294393,0.0,5030000.0,0.0,0.0,5029999.999999998,23149999.999999996,0.0,890000.0000000001,3440000.0,0.133956,2530000.0,0.09852,20000.0,2550000.0,0.099299,900000.0,1650000.0,0.064252,0.13296,0.13296,12410000,12410000,https://www.sec.gov/Archives/edgar/data/1049606/000156459016013997/0001564590-16-013997-index.html,https://www.sec.gov/Archives/edgar/data/1049606/000156459016013997/cix-10k_20151231.htm
0,2015-09-30,CIX,2015-11-04 00:00:00,2015-11-04 16:33:22,Q3,26510000,18390000,8120000.0,0.3063,0.0,4680000.0,0.0,0.0,4680000.0,23070000,20000.0,879999.9999999999,4350000.0,0.164089,3430000.0,0.129385,0.0,3450000.0,0.13014,1210000.0,2240000.0,0.084496,0.1805,0.1805,12410000,12410000,https://www.sec.gov/Archives/edgar/data/1049606/000156459015009377/0001564590-15-009377-index.html,https://www.sec.gov/Archives/edgar/data/1049606/000156459015009377/cix-10q_20150930.htm
0,2015-06-30,CIX,2015-08-05 00:00:00,2015-08-05 17:28:14,Q2,28920000,19760000,9160000.0,0.316736,0.0,4850000.0,0.0,0.0,4849999.999999998,24609999.999999996,10000.0,880000.0,5200000.0,0.179806,4310000.0,0.149032,0.0,4310000.0,0.149032,1500000.0,2810000.0,0.097165,0.22643,0.22643,12410000,12410000,https://www.sec.gov/Archives/edgar/data/1049606/000156459015006278/0001564590-15-006278-index.html,https://www.sec.gov/Archives/edgar/data/1049606/000156459015006278/cix-10q_20150630.htm
0,2015-03-31,CIX,2015-05-07 00:00:00,2015-05-06 17:53:20,Q1,27890000,19330000,8570000.0,0.307279,0.0,4870000.0,0.0,0.0,4860000.000000003,24190000.000000004,10000.0,890000.0,4610000.0,0.165292,3700000.0,0.132664,0.0,3710000.0,0.133023,1300000.0,2410000.0,0.086411,0.19435,0.19435,12400000,12400000,https://www.sec.gov/Archives/edgar/data/1049606/000156459015003456/0001564590-15-003456-index.html,https://www.sec.gov/Archives/edgar/data/1049606/000156459015003456/cix-10q_20150331.htm
0,2014-12-31,CIX,2015-03-05,2015-03-05 17:27:51,Q4,24740000,17000000,7740000.0,0.312854,0.0,4770000.0,0.0,0.0,4770000.0,21770000,50000.0,889999.9999999997,3969999.9999999995,0.160469,2980000.0,0.120453,0.0,3020000.0,0.12207,1290000.0,1740000.0,0.070331,0.14032,0.14032,12400000,12400000,https://www.sec.gov/Archives/edgar/data/1049606/000156459015001351/cix-10k_20141231.htm,https://www.sec.gov/Archives/edgar/data/1049606/000156459015001351/cix-10k_20141231.htm
0,2014-09-30,CIX,2014-11-05 00:00:00,2014-11-05 17:28:49,Q3,26470000,18330000,8140000.0,0.307518,0.0,4710000.0,0.0,0.0,4710000.000000001,23040000,10000.0,900000.0000000001,4350000.0,0.164337,3430000.0,0.129581,0.0,3440000.0,0.129958,1210000.0,2230000.0,0.084246,0.17984,0.17984,12400000,12400000,https://www.sec.gov/Archives/edgar/data/1049606/000156459014005053/0001564590-14-005053-index.html,https://www.sec.gov/Archives/edgar/data/1049606/000156459014005053/cix-10q_20140930.htm
0,2014-06-30,CIX,2014-08-07 00:00:00,2014-08-06 19:38:43,Q2,26850000,18240000,8610000.0,0.32067,0.0,4700000.0,0.0,0.0,4700000.000000003,22940000.000000004,10000.0,860000.0,4790000.0,0.178399,3910000.0,0.145624,0.0,3920000.0,0.145996,1360000.0,2560000.0,0.095345,0.20645,0.20645,12400000,12400000,https://www.sec.gov/Archives/edgar/data/1049606/000156459014003239/0001564590-14-003239-index.html,https://www.sec.gov/Archives/edgar/data/1049606/000156459014003239/cix-10q_20140630.htm
0,2014-03-31,CIX,2014-05-08 00:00:00,2014-05-07 17:38:13,Q1,25780000,18030000,7750000.0,0.300621,0.0,4460000.0,0.0,0.0,4459999.999999997,22489999.999999996,10000.0,880000.0,4180000.0,0.162141,3290000.0,0.127618,0.0,3290000.0,0.127618,1150000.0,2140000.0,0.08301,0.17258,0.17258,12400000,12400000,https://www.sec.gov/Archives/edgar/data/1049606/000156459014001878/0001564590-14-001878-index.html,https://www.sec.gov/Archives/edgar/data/1049606/000156459014001878/cix-10q_20140331.htm
0,2013-12-31,CIX,2014-03-05,2014-03-05 17:23:36,Q4,22340000,15910000,6430000.0,0.287825,0.0,4460000.0,0.0,0.0,4460000.000000001,20370000,10000.0,810000.0,2800000.0,0.125336,1970000.0,0.088183,0.0,1980000.0,0.08863,630000.0,1350000.0,0.06043,0.10887,0.10887,12400000,12400000,https://www.sec.gov/Archives/edgar/data/1049606/000156459014000572/cix-10k_20131231.htm,https://www.sec.gov/Archives/edgar/data/1049606/000156459014000572/cix-10k_20131231.htm
0,2013-09-30,CIX,2013-11-05 00:00:00,2013-11-05 17:26:04,Q3,24210000,16700000,7510000.0,0.310202,0.0,4540000.0,0.0,0.0,4530000.000000001,21230000,10000.0,800000.0,3790000.0,0.156547,2980000.0,0.12309,10000.0,2970000.0,0.122677,1020000.0,1960000.0,0.080958,0.15806,0.15806,12400000,12400000,https://www.sec.gov/Archives/edgar/data/1049606/000156459013000975/0001564590-13-000975-index.html,https://www.sec.gov/Archives/edgar/data/1049606/000156459013000975/cix-10q_20130930.htm
0,2013-06-30,CIX,2013-08-06 00:00:00,2013-08-06 17:22:14,Q2,24040000,16430000,7610000.0,0.316556,0.0,4670000.0,0.0,0.0,4670000.000000002,21100000.000000004,58000.0,820000.0,3768000.0,0.156739,2940000.0,0.122296,0.0,2900000.0,0.120632,1080000.0,1810000.0,0.075291,0.14609,0.14609,12390000,12390000,https://www.sec.gov/Archives/edgar/data/1049606/000119312513321933/0001193125-13-321933-index.html,https://www.sec.gov/Archives/edgar/data/1049606/000119312513321933/d559417d10q.htm
0,2013-03-31,CIX,2013-05-07 00:00:00,2013-05-07 17:25:59,Q1,21450000,15430000,6020000.0,0.280653,0.0,4590000.0,0.0,0.0,4590000.0,20020000,59000.0,840000.0,2299000.0,0.107179,1430000.0,0.066667,20000.0,1390000.0,0.064802,500000.0,900000.0,0.041958,0.07264,0.07264,12390000,12390000,https://www.sec.gov/Archives/edgar/data/1049606/000119312513204821/0001193125-13-204821-index.html,https://www.sec.gov/Archives/edgar/data/1049606/000119312513204821/d505585d10q.htm
0,2012-12-31,CIX,2013-03-06 00:00:00,2013-03-06 17:19:01,Q4,19340000,13840000,5500000.0,0.284385,0.0,4700000.0,0.0,0.0,5460000.000000001,19300000,38000.0,1460000.0,29578000,1.529369,40000.0,0.002068,0.0,-90000.0,-0.004654,-660000.0,28740000,1.486039,2.2937,2.2937,12530000,12530000,https://www.sec.gov/Archives/edgar/data/1049606/000119312513094118/0001193125-13-094118-index.html,https://www.sec.gov/Archives/edgar/data/1049606/000119312513094118/d440599d10k.htm
0,2012-09-30,CIX,2012-11-06 00:00:00,2012-11-06 17:22:43,Q3,21280000,14970000,6310000.0,0.296523,0.0,4270000.0,0.0,0.0,4679999.999999998,19649999.999999996,139000.0,1449999.9999999998,4839000.0,0.227397,1640000.0,0.077068,0.0,1520000.0,0.071429,640000.0,2610000.0,0.12265,0.21065,0.21065,12390000,12390000,https://www.sec.gov/Archives/edgar/data/1049606/000119312512454870/0001193125-12-454870-index.html,https://www.sec.gov/Archives/edgar/data/1049606/000119312512454870/d417819d10q.htm
0,2012-06-30,CIX,2012-08-09 00:00:00,2012-08-08 17:54:43,Q2,22150000,15640000,6510000.0,0.293905,0.0,4350000.0,0.0,0.0,4349999.999999998,19989999.999999996,140000.0,1430000.0,4500000.0,0.20316,2160000.0,0.097517,0.0,2050000.0,0.092551,840000.0,2090000.0,0.094357,0.16868,0.16868,12390000,12390000,https://www.sec.gov/Archives/edgar/data/1049606/000119312512344497/0001193125-12-344497-index.html,https://www.sec.gov/Archives/edgar/data/1049606/000119312512344497/d359350d10q.htm
0,2012-03-31,CIX,2012-05-09 00:00:00,2012-05-08 17:54:31,Q1,20430000,14420000,6010000.0,0.294175,0.0,4430000.0,0.0,0.0,4430000.000000002,18850000,162000.0,1430000.0,3712000.0,0.181694,1580000.0,0.077337,0.0,1460000.0,0.071464,600000.0,1520000.0,0.0744,0.12268,0.12268,12390000,12390000,https://www.sec.gov/Archives/edgar/data/1049606/000119312512219071/0001193125-12-219071-index.html,https://www.sec.gov/Archives/edgar/data/1049606/000119312512219071/d332481d10q.htm
0,2011-12-31,CIX,2012-03-05 00:00:00,2012-03-02 17:59:20,Q4,-25940000,-23000000,-2940000.0,0.113338,0.0,-1240000.0,0.0,0.0,4030000.000000001,-18970000,187000.0,1520000.0000000005,-1212999.9999999995,0.046762,-6970000.0,0.268697,0.0,-7100000.0,0.273709,-3890000.0,970000.0,-0.037394,0.07829,0.07829,12390000,12390000,https://www.sec.gov/Archives/edgar/data/1049606/000119312512094848/0001193125-12-094848-index.html,https://www.sec.gov/Archives/edgar/data/1049606/000119312512094848/d277563d10k.htm
0,2011-09-30,CIX,2011-11-03 00:00:00,2011-11-02 18:32:42,Q3,35740000,27200000,8530000.0,0.238668,0.0,5750000.0,0.0,0.0,7059999.999999999,34260000,218000.0,1840000.0,3448000.0,0.096475,1480000.0,0.04141,130000.0,1390000.0,0.038892,300000.0,1090000.0,0.030498,0.08797,0.08797,12390000,12390000,https://www.sec.gov/Archives/edgar/data/1049606/000119312511293173/0001193125-11-293173-index.html,https://www.sec.gov/Archives/edgar/data/1049606/000119312511293173/d238722d10q.htm
0,2011-06-30,CIX,2011-08-03 00:00:00,2011-08-02 18:25:39,Q2,35240000,25410000,9840000.0,0.279228,0.0,5900000.0,0.0,-22375000,6690000.000000001,32100000,-9767000.0,1670000.0,-5017000.0,-0.142367,3140000.0,0.089103,130000.0,3080000.0,0.087401,1450000.0,1630000.0,0.046254,0.13166,0.13166,12380000,12380000,https://www.sec.gov/Archives/edgar/data/1049606/000119312511206662/0001193125-11-206662-index.html,https://www.sec.gov/Archives/edgar/data/1049606/000119312511206662/d10q.htm
0,2011-03-31,CIX,2011-05-03 00:00:00,2011-05-02 17:36:13,Q1,34780000,26100000,8680000.0,0.249569,0.0,6160000.0,0.0,0.0,-80000.00000000185,26020000,212000.0,1750000.0,10642000,0.30598,8760000.0,0.251869,130000.0,8680000.0,0.249569,4690000.0,3990000.0,0.114721,0.32229,0.32229,12380000,12380000,https://www.sec.gov/Archives/edgar/data/1049606/000104960611000011/0001049606-11-000011-index.html,https://www.sec.gov/Archives/edgar/data/1049606/000104960611000011/cix10q1stqrt03312011.htm
0,2010-12-31,CIX,2011-03-03,2011-03-02 17:38:37,Q4,32340000,24000000,8340000.0,0.257885,0.0,6000000.0,0.0,61000.0,6820000.0,30820000,231000.0,1809999.9999999995,3490999.9999999995,0.107947,1520000.0,0.047001,160000.0,1450000.0,0.044836,820000.0,630000.0,0.019481,0.05093,0.05093,12370000,12370000,https://www.sec.gov/Archives/edgar/data/1049606/000104960611000004/cix_10k12312010.htm,https://www.sec.gov/Archives/edgar/data/1049606/000104960611000004/cix_10k12312010.htm
0,2010-09-30,CIX,2010-11-01 00:00:00,2010-10-29 17:37:01,Q3,35740000,26040000,9700000.0,0.271405,0.0,5900000.0,0.0,-123000.0,6560000.000000002,32600000.000000004,263000.0,1950000.0000000002,5213000.0,0.145859,3140000.0,0.087857,120000.0,3000000.0,0.08394,1330000.0,1670000.0,0.046726,0.13489,0.13489,12380000,12380000,https://www.sec.gov/Archives/edgar/data/1049606/000104960610000031/0001049606-10-000031-index.html,https://www.sec.gov/Archives/edgar/data/1049606/000104960610000031/cix10q3rdqrt09302010.htm
0,2010-06-30,CIX,2010-08-03 00:00:00,2010-08-02 17:45:43,Q2,34390000,25530000,8860000.0,0.257633,0.0,5540000.0,0.0,4000.0,5919999.999999998,31449999.999999996,223000.0,1960000.0,4983000.0,0.144897,2940000.0,0.08549,80000.0,2800000.0,0.081419,1080000.0,1720000.0,0.050015,0.13905,0.13905,12370000,12370000,https://www.sec.gov/Archives/edgar/data/1049606/000104960610000024/0001049606-10-000024-index.html,https://www.sec.gov/Archives/edgar/data/1049606/000104960610000024/cix10q2ndqrt063010.htm
0,2010-03-31,CIX,2010-05-04 00:00:00,2010-05-03 17:43:44,Q1,32800000,23700000,9100000.0,0.277439,0.0,5800000.0,0.0,58000.0,7359999.999999999,31060000,197000.0,1960000.0,3717000.0,0.113323,1740000.0,0.053049,20000.0,1560000.0,0.047561,2520000.0,-960000.0,-0.029268,-0.07761,-0.07761,12370000,12370000,https://www.sec.gov/Archives/edgar/data/1049606/000104960610000011/0001049606-10-000011-index.html,https://www.sec.gov/Archives/edgar/data/1049606/000104960610000011/cix10q1stqrt03312010.htm
0,2009-12-31,CIX,2010-03-04 00:00:00,2010-03-03 17:36:48,Q4,29000000,23200000,5800000.0,0.2,0.0,7680000.0,0.0,100000.0,7789999.999999999,30990000,215000.0,1990000.000000001,5000.000000001,0.000172,-1990000.0,-0.068621,10000.0,-2190000.0,-0.075517,-1860000.0,-340000.0,-0.011724,-0.02742,-0.02742,12400000,12400000,https://www.sec.gov/Archives/edgar/data/1049606/000104960610000002/0001049606-10-000002-index.html,https://www.sec.gov/Archives/edgar/data/1049606/000104960610000002/cix10k12312009.htm
0,2009-09-30,CIX,2009-10-29 00:00:00,2009-10-29 17:13:05,Q3,29410000,22450000,6960000.0,0.236654,0.0,6910000.0,0.0,210000.0,7120000.000000001,29570000,229000.0,2000000.0,1849000.0,0.06287,-160000.0,-0.00544,10000.0,-380000.0,-0.012921,-890000.0,510000.0,0.017341,0.04123,0.04123,12370000,12370000,https://www.sec.gov/Archives/edgar/data/1049606/000005560409000037/0000055604-09-000037-index.html,https://www.sec.gov/Archives/edgar/data/1049606/000005560409000037/cix10q3rdqrt09302009.htm
0,2009-06-30,CIX,2009-08-03 00:00:00,2009-08-03 17:21:47,Q2,29240000,22990000,6250000.0,0.213748,0.0,6450000.0,0.0,30000.0,7200000.000000003,30190000.000000004,293000.0,2130000.0,1183000.0,0.040458,-950000.0,-0.03249,10000.0,-1240000.0,-0.042408,350000.0,-1590000.0,-0.054378,-0.12854,-0.12854,12370000,12370000,https://www.sec.gov/Archives/edgar/data/1049606/000005560409000023/0000055604-09-000023-index.html,https://www.sec.gov/Archives/edgar/data/1049606/000005560409000023/cix10q2ndqrt06302009.htm
0,2009-03-31,CIX,2009-05-01 00:00:00,2009-05-01 16:50:47,Q1,28480000,23700000,4770000.0,0.167486,0.0,5680000.0,0.0,30000.0,5710000.000000001,29410000,323000.0,2090000.0,1173000.0,0.041187,-940000.0,-0.033006,20000.0,-1240000.0,-0.043539,-660000.0,-580000.0,-0.020365,-0.04693,-0.04693,12360000,12360000,https://www.sec.gov/Archives/edgar/data/1049606/000104960609000010/0001049606-09-000010-index.html,https://www.sec.gov/Archives/edgar/data/1049606/000104960609000010/cix10q1stqtr03312009.htm
0,2008-12-31,CIX,2009-02-26 00:00:00,2009-02-25 18:10:59,Q4,37370000,29260000,8110000.0,0.217019,0.0,5590000.0,0.0,-610000.0,4980000.0,34240000,589000.0,2250000.0,5419000.0,0.145009,3130000.0,0.083757,50000.0,2590000.0,0.069307,1880000.0,700000.0,0.018732,0.05663,0.05663,12360000,12360000,https://www.sec.gov/Archives/edgar/data/1049606/000005560409000006/0000055604-09-000006-index.html,https://www.sec.gov/Archives/edgar/data/1049606/000005560409000006/cix10k12312008.htm
0,2008-09-30,CIX,2008-10-31 00:00:00,2008-10-30 17:35:37,Q3,43910000,32690000,11220000,0.255523,0.0,6320000.0,0.0,-40000.0,16160000.000000004,48850000.00000001,507000.0,2300000.000000001,-2592999.999999999,-0.059053,-4940000.0,-0.112503,50000.0,-5400000.0,-0.122979,2090000.0,-7490000.0,-0.170576,-0.60599,-0.60599,12360000,12360000,https://www.sec.gov/Archives/edgar/data/1049606/000005560408000040/0000055604-08-000040-index.html,https://www.sec.gov/Archives/edgar/data/1049606/000005560408000040/cix10q3rdqrt09302008.htm
0,2008-06-30,CIX,2008-08-04 00:00:00,2008-08-01 17:36:40,Q2,43710000,32730000,10980000,0.251201,0.0,6500000.0,0.0,10000.0,6510000.000000005,39240000.00000001,504000.0,2340000.0,6824000.0,0.15612,4470000.0,0.102265,20000.0,3990000.0,0.091283,1860000.0,2120000.0,0.048501,0.17138,0.17138,12370000,12370000,https://www.sec.gov/Archives/edgar/data/1049606/000005560408000032/0000055604-08-000032-index.html,https://www.sec.gov/Archives/edgar/data/1049606/000005560408000032/cix10q2ndqrt063008.htm
0,2008-03-31,CIX,2008-05-05 00:00:00,2008-05-02 17:43:14,Q1,40520000,30580000,9940000.0,0.245311,0.0,6400000.0,0.0,10000.0,6410000.000000004,36990000.00000001,762000.0,2340000.0,5982000.0,0.147631,3530000.0,0.087117,120000.0,2890000.0,0.071323,1320000.0,1560000.0,0.0385,0.1253,0.1253,12450000,12450000,https://www.sec.gov/Archives/edgar/data/1049606/000005560408000024/0000055604-08-000024-index.html,https://www.sec.gov/Archives/edgar/data/1049606/000005560408000024/cix10q1stqtr033108.htm
0,2007-12-31,CIX,2008-02-26,2008-02-26 17:29:34,Q4,42510000,32540000,9980000.0,0.234768,0.0,6010000.0,0.0,60000.0,8730000.000000004,41270000.00000001,760000.0,2779999.9999999995,4389999.999999999,0.10327,1250000.0,0.029405,-400000.0,840000.0,0.01976,350000.0,500000.0,0.011762,0.03774,0.03774,13250000,13250000,https://www.sec.gov/Archives/edgar/data/1049606/000005560408000014/cix10k12312007.htm,https://www.sec.gov/Archives/edgar/data/1049606/000005560408000014/cix10k12312007.htm
0,2007-09-30,CIX,2007-11-02 00:00:00,2007-11-01 18:35:38,Q3,46390000,34440000,11950000,0.257599,0.0,6480000.0,0.0,400000.0,7680000.0,42120000,-50000.0,2750000.0,7200000.0,0.155206,4270000.0,0.092046,270000.0,4490000.0,0.096788,1680000.0,2820000.0,0.060789,0.18455,0.18455,15280000,15280000,https://www.sec.gov/Archives/edgar/data/1049606/000005560407000040/0000055604-07-000040-index.html,https://www.sec.gov/Archives/edgar/data/1049606/000005560407000040/cix10q3rdqrt09302007.htm
0,2007-06-30,CIX,2007-08-02 00:00:00,2007-08-02 17:16:35,Q2,45230000,33370000,11860000,0.262215,0.0,6570000.0,0.0,690000.0,7260000.000000005,40630000.00000001,-50000.0,2750000.0000000005,7610000.0,0.168251,4600000.0,0.101702,350000.0,4910000.0,0.108556,2260000.0,2650000.0,0.058589,0.17343,0.17343,15280000,15280000,https://www.sec.gov/Archives/edgar/data/1049606/000005560407000020/0000055604-07-000020-index.html,https://www.sec.gov/Archives/edgar/data/1049606/000005560407000020/cix10q2ndqrt063007.htm
0,2007-03-31,CIX,2007-05-02 00:00:00,2007-05-02 17:14:34,Q1,43550000,31430000,12120000,0.278301,0.0,6670000.0,0.0,20000.0,6689999.999999998,38120000,-50000.0,2730000.0,8370000.0,0.192193,5440000.0,0.124914,300000.0,5680000.0,0.130425,2670000.0,3020000.0,0.069346,0.19764,0.19764,15280000,15280000,https://www.sec.gov/Archives/edgar/data/1049606/000005560407000013/0000055604-07-000013-index.html,https://www.sec.gov/Archives/edgar/data/1049606/000005560407000013/cix10q_03312007.htm
0,2006-12-31,CIX,,,Q4,44140000,34500000,9640000.0,0.218396,0.0,6230000.0,0.0,-60000.0,6170000.000000002,40670000,0.0,3470000.0000000005,7650000.000000001,0.173312,3470000.0,0.078614,210000.0,3680000.0,0.083371,2090000.0,2090000.0,0.047349,0.13687,0.13687,15270000,15270000,,
0,2006-09-30,CIX,,,Q3,48810000,35960000,12860000,0.263471,0.0,6670000.0,0.0,-30000.0,6640000.000000001,42600000,0.0,2790000.0,9280000.0,0.190125,6210000.0,0.127228,270000.0,6480000.0,0.13276,2680000.0,3810000.0,0.078058,0.24967,0.24967,15260000,15260000,,
0,2006-06-30,CIX,,,Q2,50140000,37790000,12350000,0.24631,0.0,6440000.0,0.0,90000.0,6530000.000000001,44320000,0.0,2850000.0,8420000.0,0.16793,5820000.0,0.116075,250000.0,6070000.0,0.121061,2280000.0,3290000.0,0.065616,0.21574,0.21574,15250000,15250000,,
0,2006-03-31,CIX,,,Q1,47030000,35400000,11630000,0.247289,0.0,6720000.0,0.0,120000.0,6829999.999999998,42230000,0.0,2690000.0,7800000.0,0.165852,4800000.0,0.102063,320000.0,5120000.0,0.108867,2640000.0,2470000.0,0.05252,0.16197,0.16197,15250000,15250000,,
0,2005-12-31,CIX,,,Q4,46610000,34640000,11970000,0.256812,0.0,6130000.0,0.0,0.0,6490000.000000002,41130000,-150000.0,2800000.000000001,8270000.000000001,0.17743,5490000.0,0.117786,250000.0,5590000.0,0.119931,3190000.0,2430000.0,0.052135,0.16018,0.16018,15170000,15170000,,
0,2005-09-30,CIX,,,Q3,47140000,36150000,10980000,0.232923,0.0,6030000.0,0.0,0.0,6210000.000000001,42360000,-90000.0,2749999.999999999,7619999.999999999,0.161646,4780000.0,0.1014,280000.0,4960000.0,0.105218,11080000,-6120000.0,-0.129826,-0.40131,-0.40131,15250000,15250000,,
0,2005-06-30,CIX,,,Q2,45760000,35240000,10520000,0.229895,0.0,5880000.0,0.0,0.0,5829999.999999998,41070000,-30000.0,2660000.0,7260000.0,0.158654,4690000.0,0.102491,0.0,4650000.0,0.101617,2260000.0,2370000.0,0.051792,0.15613,0.15613,15180000,15180000,,
0,2005-03-31,CIX,,,Q1,46840000,36560000,10280000,0.219471,0.0,6120000.0,0.0,0.0,6169999.999999995,42729999.99999999,-70000.0,2710000.0,6420000.0,0.137062,4110000.0,0.087746,0.0,4250000.0,0.090734,2040000.0,1740000.0,0.037148,0.11432,0.11432,15220000,15220000,,
0,2004-12-31,CIX,2005-03-30 00:00:00,2005-03-30 16:30:33,Q4,46580000,36370000,10200000,0.218978,0.0,6710000.0,0.0,-650000.0,6060000.000000002,42430000,-50000.0,3580000.0,-5520000.0,-0.118506,4140000.0,0.088879,-650000.0,4090000.0,0.087806,2690000.0,-11740000,-0.25204,-0.77237,-0.77237,15200000,15200000,https://www.sec.gov/Archives/edgar/data/1049606/000104960605000005/0001049606-05-000005-index.html,https://www.sec.gov/Archives/edgar/data/1049606/000104960605000005/cii10k04.txt
0,2004-09-30,CIX,2004-10-27 00:00:00,2004-10-27 12:45:27,Q3,46230000,35930000,10310000,0.223015,0.0,5230000.0,0.0,-220000.0,5020000.000000003,40950000,-90000.0,3329999.999999999,8789999.999999998,0.190136,5290000.0,0.114428,-220000.0,5200000.0,0.112481,1660000.0,3890000.0,0.084144,0.25609,0.25609,15190000,15190000,https://www.sec.gov/Archives/edgar/data/1049606/000104960604000036/0001049606-04-000036-index.html,https://www.sec.gov/Archives/edgar/data/1049606/000104960604000036/cix030410q.txt
0,2004-06-30,CIX,2004-07-28 00:00:00,2004-07-28 14:55:15,Q2,46250000,35330000,10920000,0.236108,0.0,6130000.0,0.0,-660000.0,5469999.999999999,40800000,-150000.0,3540000.0,8990000.0,0.194378,5450000.0,0.117838,-660000.0,5300000.0,0.114595,2320000.0,3280000.0,0.070919,0.2165,0.2165,15150000,15150000,https://www.sec.gov/Archives/edgar/data/1049606/000104960604000029/0001049606-04-000029-index.html,https://www.sec.gov/Archives/edgar/data/1049606/000104960604000029/cix10q0604.txt
0,2004-03-31,CIX,2004-04-29 00:00:00,2004-04-29 16:20:22,Q1,43580000,35180000,8400000.0,0.192749,0.0,6070000.0,0.0,-600000.0,5460000.000000001,40640000,-210000.0,3750000.0,6270000.0,0.143873,2940000.0,0.067462,-600000.0,2730000.0,0.062643,1170000.0,1560000.0,0.035796,0.10311,0.10311,15130000,15130000,https://www.sec.gov/Archives/edgar/data/1049606/000104960604000016/0001049606-04-000016-index.html,https://www.sec.gov/Archives/edgar/data/1049606/000104960604000016/cii3q.txt
0,2003-12-31,CIX,2004-03-04 00:00:00,2004-03-04 12:36:39,Q4,54280000,45980000,8310000.0,0.153095,0.0,6800000.0,0.0,0.0,6570000.0,52550000,-340000.0,4199999.999999999,5289999.999999999,0.097458,1730000.0,0.031872,40000.0,1430000.0,0.026345,630000.0,800000.0,0.014738,0.05291,0.05291,15120000,15120000,https://www.sec.gov/Archives/edgar/data/1049606/000104960604000011/0001049606-04-000011-index.html,https://www.sec.gov/Archives/edgar/data/1049606/000104960604000011/cii10k03.txt
0,2003-09-30,CIX,2003-10-30 00:00:00,2003-10-30 15:21:49,Q3,52530000,42870000,9660000.0,0.183895,0.0,6450000.0,0.0,0.0,9980000.000000004,52850000.00000001,-300000.0,3530000.0,2530000.0,0.048163,-320000.0,-0.006092,-80000.0,-700000.0,-0.013326,-310000.0,-390000.0,-0.007424,-0.02578,-0.02578,15130000,15130000,https://www.sec.gov/Archives/edgar/data/1049606/000104960603000021/0001049606-03-000021-index.html,https://www.sec.gov/Archives/edgar/data/1049606/000104960603000021/cii0903.txt
0,2003-06-30,CIX,2003-08-05 00:00:00,2003-08-05 08:52:43,Q2,49710000,41800000,7910000.0,0.159123,0.0,7040000.0,0.0,0.0,7040000.000000006,48840000.00000001,-320000.0,3630000.0,3860000.0,0.07765,870000.0,0.017502,0.0,550000.0,0.011064,240000.0,310000.0,0.006236,0.0205,0.0205,15120000,15120000,https://www.sec.gov/Archives/edgar/data/1049606/000104960603000018/0001049606-03-000018-index.html,https://www.sec.gov/Archives/edgar/data/1049606/000104960603000018/cix06q.txt
0,2003-03-31,CIX,2003-05-08 00:00:00,2003-05-08 15:23:06,Q1,51020000,42200000,8820000.0,0.172873,0.0,6990000.0,0.0,0.0,6989999.999999995,49189999.99999999,-340000.0,3420000.0,4080000.0,0.079969,1830000.0,0.035868,-490000.0,1000000.0,0.0196,440000.0,560000.0,0.010976,0.03704,0.03704,15120000,15120000,https://www.sec.gov/Archives/edgar/data/1049606/000104960603000007/0001049606-03-000007-index.html,https://www.sec.gov/Archives/edgar/data/1049606/000104960603000007/comx0303q.txt
0,2002-12-31,CIX,2003-03-14 00:00:00,2003-03-14 16:36:09,Q4,47680000,41880000,5800000.0,0.121644,0.0,6050000.0,0.0,0.0,6049999.999999997,47930000,-260000.0,3099999.9999999995,1459999.9999999995,0.030621,-250000.0,-0.005243,-860000.0,-1380000.0,-0.028943,390000.0,-1770000.0,-0.037122,-0.11706,-0.11706,15120000,15120000,https://www.sec.gov/Archives/edgar/data/1049606/000104960603000004/0001049606-03-000004-index.html,https://www.sec.gov/Archives/edgar/data/1049606/000104960603000004/compx10k.txt
0,2002-09-30,CIX,2002-11-04 00:00:00,2002-11-04 09:22:25,Q3,48840000,41170000,7670000.0,0.157043,0.0,6410000.0,0.0,0.0,6409999.999999997,47580000,-290000.0,3430000.0000000005,4210000.000000001,0.0862,1260000.0,0.025799,100000.0,1070000.0,0.021908,830000.0,240000.0,0.004914,0.01587,0.01587,15120000,15120000,https://www.sec.gov/Archives/edgar/data/1049606/000104960602000006/0001049606-02-000006-index.html,https://www.sec.gov/Archives/edgar/data/1049606/000104960602000006/cii3qq.txt
0,2002-06-30,CIX,2002-08-14 00:00:00,2002-08-14 11:43:39,Q2,51020000,41270000,9750000.0,0.191102,0.0,7070000.0,0.0,0.0,7070000.0,48340000,-660000.0,3389999.9999999995,4300000.0,0.084281,2680000.0,0.052528,-460000.0,1570000.0,0.030772,740000.0,830000.0,0.016268,0.05489,0.05489,15120000,15120000,https://www.sec.gov/Archives/edgar/data/1049606/000104960602000005/0001049606-02-000005-index.html,https://www.sec.gov/Archives/edgar/data/1049606/000104960602000005/cii0602q.txt
0,2002-03-31,CIX,2002-05-09 00:00:00,2002-05-09 15:13:48,Q1,48570000,38860000,9710000.0,0.199918,0.0,7190000.0,0.0,0.0,7189999.999999998,46050000,-680000.0,3080000.0,4550000.0,0.093679,2520000.0,0.051884,310000.0,2150000.0,0.044266,820000.0,1330000.0,0.027383,0.08796,0.08796,15120000,15120000,https://www.sec.gov/Archives/edgar/data/1049606/000104960602000003/0001049606-02-000003-index.html,https://www.sec.gov/Archives/edgar/data/1049606/000104960602000003/cii1qt02.txt
0,2001-12-31,CIX,2002-03-21 00:00:00,2002-03-21 00:00:00,Q4,46980000,40820000,6160000.0,0.13112,0.0,7200000.0,0.0,0.0,9939999.999999998,50760000,-580000.0,3639999.999999999,1039999.999999999,0.022137,-3780000.0,-0.08046,100000.0,-2020000.0,-0.042997,-690000.0,-1330000.0,-0.02831,-0.08802,-0.08802,15110000,15110000,https://www.sec.gov/Archives/edgar/data/1049606/000104960602000001/0001049606-02-000001-index.html,https://www.sec.gov/Archives/edgar/data/1049606/000104960602000001/ciipart101.txt
0,2001-09-30,CIX,2001-10-26 00:00:00,2001-10-26 00:00:00,Q3,51480000,40260000,11230000,0.218143,0.0,7110000.0,0.0,0.0,7109999.999999999,47370000,-600000.0,3820000.000000001,7420000.000000001,0.144134,4120000.0,0.080031,690000.0,4200000.0,0.081585,2130000.0,2070000.0,0.04021,0.1369,0.1369,15120000,15120000,https://www.sec.gov/Archives/edgar/data/1049606/000104960601500009/0001049606-01-500009-index.html,https://www.sec.gov/Archives/edgar/data/1049606/000104960601500009/cii3qtrq.txt
0,2001-06-30,CIX,2001-07-31 00:00:00,2001-07-31 00:00:00,Q2,53370000,41100000,12280000,0.230092,0.0,6930000.0,0.0,0.0,6930000.0,48030000,-870000.0,3709999.9999999995,7299999.999999999,0.136781,5340000.0,0.100056,-20000.0,4460000.0,0.083568,1800000.0,2660000.0,0.049841,0.17593,0.17593,15120000,15120000,https://www.sec.gov/Archives/edgar/data/1049606/000104960601500008/0001049606-01-500008-index.html,https://www.sec.gov/Archives/edgar/data/1049606/000104960601500008/cii2ndqtrq.txt
0,2001-03-31,CIX,2001-05-10 00:00:00,2001-05-10 00:00:00,Q1,59580000,45710000,13870000,0.232796,0.0,7070000.0,0.0,0.0,7070000.0,52780000,-800000.0,3600000.0,9050000.0,0.151897,6810000.0,0.1143,240000.0,6240000.0,0.104733,2520000.0,3730000.0,0.062605,0.24443,0.24443,15260000,15260000,https://www.sec.gov/Archives/edgar/data/1049606/000104960601500004/0001049606-01-500004-index.html,https://www.sec.gov/Archives/edgar/data/1049606/000104960601500004/cii1stqtrq.txt
0,2000-12-31,CIX,,,Q4,59050000,45030000,14020000,0.237426,0.0,8080000.0,0.0,0.0,8079999.999999998,53110000,-660000.0,3189999.9999999995,7799999.999999999,0.132091,5940000.0,0.100593,-10000.0,5270000.0,0.089246,2380000.0,2890000.0,0.048942,0.18085,0.18085,15980000,15980000,,
0,2000-09-30,CIX,2000-11-13 00:00:00,2000-11-13 00:00:00,Q3,63050000,47130000,15920000,0.252498,0.0,6780000.0,0.0,0.0,6779999.999999994,53909999.99999999,-570000.0,2970000.0000000005,11130000,0.176527,9130000.0,0.144806,160000.0,8720000.0,0.138303,3190000.0,5540000.0,0.087867,0.3405,0.3405,16270000,16270000,https://www.sec.gov/Archives/edgar/data/1049606/000104960600000020/0001049606-00-000020-index.html,https://www.sec.gov/Archives/edgar/data/1049606/000104960600000020/0001049606-00-000020-0001.txt
0,2000-06-30,CIX,2000-08-10 00:00:00,2000-08-10 00:00:00,Q2,65140000,46620000,18520000,0.284311,0.0,7010000.0,0.0,0.0,7010000.000000005,53630000.00000001,-540000.0,3019999.9999999995,13510000,0.207399,11510000,0.176696,60000.0,11030000,0.169328,3970000.0,7060000.0,0.108382,0.43634,0.43634,16180000,16180000,https://www.sec.gov/Archives/edgar/data/1049606/000104960600000019/0001049606-00-000019-index.html,https://www.sec.gov/Archives/edgar/data/1049606/000104960600000019/0001049606-00-000019-0001.txt
0,2000-03-31,CIX,2000-05-12 00:00:00,2000-05-12 00:00:00,Q1,66070000,48520000,17540000,0.265476,0.0,6820000.0,0.0,0.0,6820000.0,55340000,-530000.0,3240000.0,13140000,0.19888,10730000,0.162404,230000.0,10420000,0.157712,3860000.0,6570000.0,0.09944,0.40656,0.40656,16160000,16160000,https://www.sec.gov/Archives/edgar/data/1049606/000104960600000011/0001049606-00-000011-index.html,https://www.sec.gov/Archives/edgar/data/1049606/0001049606-00-000011.txt
0,1999-12-31,CIX,,,Q4,59770000,42070000,17700000,0.296135,0.0,6400000.0,0.0,-570000.0,5829999.999999998,47900000,-320000.0,2510000.0,13240000,0.221516,11880000,0.198762,-520000.0,11040000,0.184708,3980000.0,7070000.0,0.118287,0.44022,0.44022,16060000,16060000,,
0,1999-09-30,CIX,1999-11-15 00:00:00,1999-11-15 00:00:00,Q3,55940000,40410000,15530000,0.277619,0.0,6120000.0,0.0,0.0,6120000.000000005,46530000.00000001,-400000.0,2290000.0,11390000,0.203611,9410000.0,0.168216,470000.0,9480000.0,0.169467,3410000.0,6090000.0,0.108867,0.37709,0.37709,16150000,16150000,https://www.sec.gov/Archives/edgar/data/1049606/000104960699000023/0001049606-99-000023-index.html,https://www.sec.gov/Archives/edgar/data/1049606/0001049606-99-000023.txt
0,1999-06-30,CIX,1999-08-12 00:00:00,1999-08-12 00:00:00,Q2,54970000,39080000,15900000,0.289249,0.0,6170000.0,0.0,0.0,6160000.000000004,45240000.00000001,-440000.0,2260000.0,11160000,0.20302,9730000.0,0.177006,30000.0,9320000.0,0.169547,3260000.0,6080000.0,0.110606,0.37647,0.37647,16150000,16150000,https://www.sec.gov/Archives/edgar/data/1049606/000104960699000018/0001049606-99-000018-index.html,https://www.sec.gov/Archives/edgar/data/1049606/0001049606-99-000018.txt
0,1999-03-31,CIX,1999-05-12 00:00:00,1999-05-12 00:00:00,Q1,55200000,39070000,16130000,0.29221,0.0,6530000.0,0.0,0.0,6539999.999999999,45610000,-390000.0,2350000.0,11330000,0.205254,9600000.0,0.173913,130000.0,9330000.0,0.169022,3450000.0,5920000.0,0.107246,0.36656,0.36656,16150000,16150000,https://www.sec.gov/Archives/edgar/data/1049606/000104960699000011/0001049606-99-000011-index.html,https://www.sec.gov/Archives/edgar/data/1049606/0001049606-99-000011.txt
0,1998-12-31,CIX,,,Q4,41580000,28010000,13570000,0.326359,0.0,4190000.0,0.0,-2700000.0,1500000.0,29510000,0.0,919999.9999999999,11120000,0.267436,12070000,0.290284,-1910000.0,10170000,0.244589,3760000.0,6440000.0,0.154882,0.39753,0.39753,16200000,16200000,,
0,1998-09-30,CIX,1998-11-10 00:00:00,1998-11-10 00:00:00,Q3,38700000,26050000,12650000,0.326873,0.0,4230000.0,0.0,0.0,4219999.999999999,30270000,-140000.0,1430000.0000000002,10520000,0.271835,8420000.0,0.217571,890000.0,9180000.0,0.237209,3260000.0,5970000.0,0.154264,0.36966,0.36966,16150000,16150000,https://www.sec.gov/Archives/edgar/data/1049606/000104960698000019/0001049606-98-000019-index.html,https://www.sec.gov/Archives/edgar/data/1049606/0001049606-98-000019.txt
0,1998-06-30,CIX,1998-08-12 00:00:00,1998-08-12 00:00:00,Q2,39690000,26560000,13130000,0.330814,0.0,4370000.0,0.0,0.0,4370000.000000001,30930000,-90000.0,1230000.0,10810000,0.272361,8760000.0,0.220711,930000.0,9610000.0,0.242126,3590000.0,6080000.0,0.153187,0.37508,0.37508,16210000,16210000,https://www.sec.gov/Archives/edgar/data/1049606/000104960698000014/0001049606-98-000014-index.html,https://www.sec.gov/Archives/edgar/data/1049606/0001049606-98-000014.txt
0,1998-03-31,CIX,1998-05-12 00:00:00,1998-05-12 00:00:00,Q1,32130000,21390000,10740000,0.334267,0.0,6910000.0,0.0,0.0,6919999.999999998,28309999.999999996,-740000.0,960000.0,3820000.0,0.118892,3820000.0,0.118892,500000.0,3580000.0,0.111422,1430000.0,2170000.0,0.067538,0.1839,0.1839,11800000,11800000,https://www.sec.gov/Archives/edgar/data/1049606/000104960698000009/0001049606-98-000009-index.html,https://www.sec.gov/Archives/edgar/data/1049606/0001049606-98-000009.txt
0,1997-12-31,CIX,,,Q4,28360000,17740000,10620000,0.374471,0.0,3750000.0,0.0,0.0,3750000.0,21490000,-170000.0,500000.0,8280000.0,0.291961,6870000.0,0.242243,1260000.0,7960000.0,0.280677,3290000.0,4660000.0,0.164316,0.466,0.466,10000000,10000000,,
