,date,symbol,fillingDate,acceptedDate,period,revenue,costOfRevenue,grossProfit,grossProfitRatio,researchAndDevelopmentExpenses,generalAndAdministrativeExpenses,sellingAndMarketingExpenses,otherExpenses,operatingExpenses,costAndExpenses,interestExpense,depreciationAndAmortization,ebitda,ebitdaratio,operatingIncome,operatingIncomeRatio,totalOtherIncomeExpensesNet,incomeBeforeTax,incomeBeforeTaxRatio,incomeTaxExpense,netIncome,netIncomeRatio,eps,epsdiluted,weightedAverageShsOut,weightedAverageShsOutDil,link,finalLink
0,2019-09-31,FORE.PA,,2019-09-31,Q3,10315350000,10445225000,-129875000,-79.4252165543792,0.0,0.0,0.0,0.0,223825000,10303150000,139750000,0.0,1422575000,7.251181835755584,12200000,845.5204918032787,0.0,-107025000,-96.38262088297127,-27350000,-35675000,-289.1478626489138,-252.475,-252.475,141333.0,141333.0,https://www.infogreffe.com/recherche-entreprise-dirigeants/resultats-entreprise-dirigeants.html?ga_cat=globale&ga_q=F.O.R.E#phrase=F.O.R.E,https://www.infogreffe.com/recherche-entreprise-dirigeants/resultats-entreprise-dirigeants.html?ga_cat=globale&ga_q=F.O.R.E#phrase=F.O.R.E
0,2019-06-31,FORE.PA,,2019-06-31,Q2,10315350000,10445225000,-129875000,-79.4252165543792,0.0,0.0,0.0,0.0,223825000,10303150000,139750000,0.0,1422575000,7.251181835755584,12200000,845.5204918032787,0.0,-107025000,-96.38262088297127,-27350000,-35675000,-289.1478626489138,-252.475,-252.475,141333.0,141333.0,https://www.infogreffe.com/recherche-entreprise-dirigeants/resultats-entreprise-dirigeants.html?ga_cat=globale&ga_q=F.O.R.E#phrase=F.O.R.E,https://www.infogreffe.com/recherche-entreprise-dirigeants/resultats-entreprise-dirigeants.html?ga_cat=globale&ga_q=F.O.R.E#phrase=F.O.R.E
0,2019-03-31,FORE.PA,,2019-03-31,Q1,10315350000,10445225000,-129875000,-79.4252165543792,0.0,0.0,0.0,0.0,223825000,10303150000,139750000,0.0,1422575000,7.251181835755584,12200000,845.5204918032787,0.0,-107025000,-96.38262088297127,-27350000,-35675000,-289.1478626489138,-252.475,-252.475,141333.0,141333.0,https://www.infogreffe.com/recherche-entreprise-dirigeants/resultats-entreprise-dirigeants.html?ga_cat=globale&ga_q=F.O.R.E#phrase=F.O.R.E,https://www.infogreffe.com/recherche-entreprise-dirigeants/resultats-entreprise-dirigeants.html?ga_cat=globale&ga_q=F.O.R.E#phrase=F.O.R.E
0,2019-01-31,FORE.PA,,2019-01-31,Q1,10315350000,10445225000,-129875000,-79.4252165543792,0.0,0.0,0.0,0.0,223825000,10303150000,139750000,0.0,1422575000,7.251181835755584,12200000,845.5204918032787,0.0,-107025000,-96.38262088297127,-27350000,-35675000,-289.1478626489138,-252.475,-252.475,141333.0,141333.0,https://www.infogreffe.com/recherche-entreprise-dirigeants/resultats-entreprise-dirigeants.html?ga_cat=globale&ga_q=F.O.R.E#phrase=F.O.R.E,https://www.infogreffe.com/recherche-entreprise-dirigeants/resultats-entreprise-dirigeants.html?ga_cat=globale&ga_q=F.O.R.E#phrase=F.O.R.E
0,2018-09-31,FORE.PA,,2018-09-31,Q3,9687425000,9910675000,-223250000,-43.39272116461366,0.0,0.0,0.0,0.0,186350000,9862300000,164625000,0.0,737350000,13.138163694310707,-174875000,-55.39628305932809,0.0,-328800000,-29.462971411192214,58300000,-183875000,-52.684840244731475,-1301.025,-1301.025,141333.0,141333.0,https://www.infogreffe.com/recherche-entreprise-dirigeants/resultats-entreprise-dirigeants.html?ga_cat=globale&ga_q=F.O.R.E#phrase=F.O.R.E,https://www.infogreffe.com/recherche-entreprise-dirigeants/resultats-entreprise-dirigeants.html?ga_cat=globale&ga_q=F.O.R.E#phrase=F.O.R.E
0,2018-06-31,FORE.PA,,2018-06-31,Q2,9687425000,9910675000,-223250000,-43.39272116461366,0.0,0.0,0.0,0.0,186350000,9862300000,164625000,0.0,737350000,13.138163694310707,-174875000,-55.39628305932809,0.0,-328800000,-29.462971411192214,58300000,-183875000,-52.684840244731475,-1301.025,-1301.025,141333.0,141333.0,https://www.infogreffe.com/recherche-entreprise-dirigeants/resultats-entreprise-dirigeants.html?ga_cat=globale&ga_q=F.O.R.E#phrase=F.O.R.E,https://www.infogreffe.com/recherche-entreprise-dirigeants/resultats-entreprise-dirigeants.html?ga_cat=globale&ga_q=F.O.R.E#phrase=F.O.R.E
0,2018-03-31,FORE.PA,,2018-03-31,Q1,9687425000,9910675000,-223250000,-43.39272116461366,0.0,0.0,0.0,0.0,186350000,9862300000,164625000,0.0,737350000,13.138163694310707,-174875000,-55.39628305932809,0.0,-328800000,-29.462971411192214,58300000,-183875000,-52.684840244731475,-1301.025,-1301.025,141333.0,141333.0,https://www.infogreffe.com/recherche-entreprise-dirigeants/resultats-entreprise-dirigeants.html?ga_cat=globale&ga_q=F.O.R.E#phrase=F.O.R.E,https://www.infogreffe.com/recherche-entreprise-dirigeants/resultats-entreprise-dirigeants.html?ga_cat=globale&ga_q=F.O.R.E#phrase=F.O.R.E
0,2018-01-31,FORE.PA,,2018-01-31,Q1,9687425000,9910675000,-223250000,-43.39272116461366,0.0,0.0,0.0,0.0,186350000,9862300000,164625000,0.0,737350000,13.138163694310707,-174875000,-55.39628305932809,0.0,-328800000,-29.462971411192214,58300000,-183875000,-52.684840244731475,-1301.025,-1301.025,141333.0,141333.0,https://www.infogreffe.com/recherche-entreprise-dirigeants/resultats-entreprise-dirigeants.html?ga_cat=globale&ga_q=F.O.R.E#phrase=F.O.R.E,https://www.infogreffe.com/recherche-entreprise-dirigeants/resultats-entreprise-dirigeants.html?ga_cat=globale&ga_q=F.O.R.E#phrase=F.O.R.E
0,2017-09-31,FORE.PA,,2017-09-31,Q3,8698875000,9552350000,-853475000,-10.192302059228448,0.0,0.0,0.0,0.0,176625000,9219175000,99175000,0.0,528350000,16.464228257783667,-520300000,-16.718960215260427,0.0,-491300000,-17.70583146753511,-78100000,-196875000,-44.184761904761906,-1392.975,-1392.975,141333.0,141333.0,https://www.infogreffe.com/recherche-entreprise-dirigeants/resultats-entreprise-dirigeants.html?ga_cat=globale&ga_q=F.O.R.E#phrase=F.O.R.E,https://www.infogreffe.com/recherche-entreprise-dirigeants/resultats-entreprise-dirigeants.html?ga_cat=globale&ga_q=F.O.R.E#phrase=F.O.R.E
0,2017-06-31,FORE.PA,,2017-06-31,Q2,8698875000,9552350000,-853475000,-10.192302059228448,0.0,0.0,0.0,0.0,176625000,9219175000,99175000,0.0,528350000,16.464228257783667,-520300000,-16.718960215260427,0.0,-491300000,-17.70583146753511,-78100000,-196875000,-44.184761904761906,-1392.975,-1392.975,141333.0,141333.0,https://www.infogreffe.com/recherche-entreprise-dirigeants/resultats-entreprise-dirigeants.html?ga_cat=globale&ga_q=F.O.R.E#phrase=F.O.R.E,https://www.infogreffe.com/recherche-entreprise-dirigeants/resultats-entreprise-dirigeants.html?ga_cat=globale&ga_q=F.O.R.E#phrase=F.O.R.E
0,2017-03-31,FORE.PA,,2017-03-31,Q1,8698875000,9552350000,-853475000,-10.192302059228448,0.0,0.0,0.0,0.0,176625000,9219175000,99175000,0.0,528350000,16.464228257783667,-520300000,-16.718960215260427,0.0,-491300000,-17.70583146753511,-78100000,-196875000,-44.184761904761906,-1392.975,-1392.975,141333.0,141333.0,https://www.infogreffe.com/recherche-entreprise-dirigeants/resultats-entreprise-dirigeants.html?ga_cat=globale&ga_q=F.O.R.E#phrase=F.O.R.E,https://www.infogreffe.com/recherche-entreprise-dirigeants/resultats-entreprise-dirigeants.html?ga_cat=globale&ga_q=F.O.R.E#phrase=F.O.R.E
0,2017-01-31,FORE.PA,,2017-01-31,Q1,8698875000,9552350000,-853475000,-10.192302059228448,0.0,0.0,0.0,0.0,176625000,9219175000,99175000,0.0,528350000,16.464228257783667,-520300000,-16.718960215260427,0.0,-491300000,-17.70583146753511,-78100000,-196875000,-44.184761904761906,-1392.975,-1392.975,141333.0,141333.0,https://www.infogreffe.com/recherche-entreprise-dirigeants/resultats-entreprise-dirigeants.html?ga_cat=globale&ga_q=F.O.R.E#phrase=F.O.R.E,https://www.infogreffe.com/recherche-entreprise-dirigeants/resultats-entreprise-dirigeants.html?ga_cat=globale&ga_q=F.O.R.E#phrase=F.O.R.E
0,2016-09-31,FORE.PA,,2016-09-31,Q3,8758275000,9003400000,-245125000,-35.729831718510965,0.0,0.0,0.0,0.0,99825000,8753650000,29650000,0.0,660400000,13.262076014536644,4625000.0,1893.6810810810812,0.0,-89575000,-97.77588612894223,45850000,-61550000,-142.2952883834281,-435.425,-435.425,141333.0,141333.0,https://www.infogreffe.com/recherche-entreprise-dirigeants/resultats-entreprise-dirigeants.html?ga_cat=globale&ga_q=F.O.R.E#phrase=F.O.R.E,https://www.infogreffe.com/recherche-entreprise-dirigeants/resultats-entreprise-dirigeants.html?ga_cat=globale&ga_q=F.O.R.E#phrase=F.O.R.E
0,2016-06-31,FORE.PA,,2016-06-31,Q2,8758275000,9003400000,-245125000,-35.729831718510965,0.0,0.0,0.0,0.0,99825000,8753650000,29650000,0.0,660400000,13.262076014536644,4625000.0,1893.6810810810812,0.0,-89575000,-97.77588612894223,45850000,-61550000,-142.2952883834281,-435.425,-435.425,141333.0,141333.0,https://www.infogreffe.com/recherche-entreprise-dirigeants/resultats-entreprise-dirigeants.html?ga_cat=globale&ga_q=F.O.R.E#phrase=F.O.R.E,https://www.infogreffe.com/recherche-entreprise-dirigeants/resultats-entreprise-dirigeants.html?ga_cat=globale&ga_q=F.O.R.E#phrase=F.O.R.E
0,2016-03-31,FORE.PA,,2016-03-31,Q1,8758275000,9003400000,-245125000,-35.729831718510965,0.0,0.0,0.0,0.0,99825000,8753650000,29650000,0.0,660400000,13.262076014536644,4625000.0,1893.6810810810812,0.0,-89575000,-97.77588612894223,45850000,-61550000,-142.2952883834281,-435.425,-435.425,141333.0,141333.0,https://www.infogreffe.com/recherche-entreprise-dirigeants/resultats-entreprise-dirigeants.html?ga_cat=globale&ga_q=F.O.R.E#phrase=F.O.R.E,https://www.infogreffe.com/recherche-entreprise-dirigeants/resultats-entreprise-dirigeants.html?ga_cat=globale&ga_q=F.O.R.E#phrase=F.O.R.E
0,2016-01-31,FORE.PA,,2016-01-31,Q1,8758275000,9003400000,-245125000,-35.729831718510965,0.0,0.0,0.0,0.0,99825000,8753650000,29650000,0.0,660400000,13.262076014536644,4625000.0,1893.6810810810812,0.0,-89575000,-97.77588612894223,45850000,-61550000,-142.2952883834281,-435.425,-435.425,141333.0,141333.0,https://www.infogreffe.com/recherche-entreprise-dirigeants/resultats-entreprise-dirigeants.html?ga_cat=globale&ga_q=F.O.R.E#phrase=F.O.R.E,https://www.infogreffe.com/recherche-entreprise-dirigeants/resultats-entreprise-dirigeants.html?ga_cat=globale&ga_q=F.O.R.E#phrase=F.O.R.E
0,2015-09-31,FORE.PA,,2015-09-31,Q3,8627658000,8376239500,251418500,34.31592345034276,0.0,0.0,0.0,0.0,140104750,8348938750,2990500.0,0.0,948425500,9.096822048753435,278719250,30.954654190551963,0.0,377572750,22.85031957417478,61477750,158794250,54.332307372590634,1123.5,1123.5,141333.0,141333.0,https://www.infogreffe.com/recherche-entreprise-dirigeants/resultats-entreprise-dirigeants.html?ga_cat=globale&ga_q=F.O.R.E#phrase=F.O.R.E,https://www.infogreffe.com/recherche-entreprise-dirigeants/resultats-entreprise-dirigeants.html?ga_cat=globale&ga_q=F.O.R.E#phrase=F.O.R.E
0,2015-06-31,FORE.PA,,2015-06-31,Q2,8627658000,8376239500,251418500,34.31592345034276,0.0,0.0,0.0,0.0,140104750,8348938750,2990500.0,0.0,948425500,9.096822048753435,278719250,30.954654190551963,0.0,377572750,22.85031957417478,61477750,158794250,54.332307372590634,1123.5,1123.5,141333.0,141333.0,https://www.infogreffe.com/recherche-entreprise-dirigeants/resultats-entreprise-dirigeants.html?ga_cat=globale&ga_q=F.O.R.E#phrase=F.O.R.E,https://www.infogreffe.com/recherche-entreprise-dirigeants/resultats-entreprise-dirigeants.html?ga_cat=globale&ga_q=F.O.R.E#phrase=F.O.R.E
0,2015-03-31,FORE.PA,,2015-03-31,Q1,8627658000,8376239500,251418500,34.31592345034276,0.0,0.0,0.0,0.0,140104750,8348938750,2990500.0,0.0,948425500,9.096822048753435,278719250,30.954654190551963,0.0,377572750,22.85031957417478,61477750,158794250,54.332307372590634,1123.5,1123.5,141333.0,141333.0,https://www.infogreffe.com/recherche-entreprise-dirigeants/resultats-entreprise-dirigeants.html?ga_cat=globale&ga_q=F.O.R.E#phrase=F.O.R.E,https://www.infogreffe.com/recherche-entreprise-dirigeants/resultats-entreprise-dirigeants.html?ga_cat=globale&ga_q=F.O.R.E#phrase=F.O.R.E
0,2015-01-31,FORE.PA,,2015-01-31,Q1,8627658000,8376239500,251418500,34.31592345034276,0.0,0.0,0.0,0.0,140104750,8348938750,2990500.0,0.0,948425500,9.096822048753435,278719250,30.954654190551963,0.0,377572750,22.85031957417478,61477750,158794250,54.332307372590634,1123.5,1123.5,141333.0,141333.0,https://www.infogreffe.com/recherche-entreprise-dirigeants/resultats-entreprise-dirigeants.html?ga_cat=globale&ga_q=F.O.R.E#phrase=F.O.R.E,https://www.infogreffe.com/recherche-entreprise-dirigeants/resultats-entreprise-dirigeants.html?ga_cat=globale&ga_q=F.O.R.E#phrase=F.O.R.E
0,2014-09-31,FORE.PA,,2014-09-31,Q3,8434901500,7862258250,572643250,14.72976674395446,0.0,0.0,0.0,0.0,430808000,8127879250,367500.0,0.0,693007500,12.171443310498082,307022250,27.473258045630242,0.0,476057750,17.718231664120584,114881500,181603000,46.446928189512285,1285.0,1285.0,141333.0,141333.0,https://www.infogreffe.com/recherche-entreprise-dirigeants/resultats-entreprise-dirigeants.html?ga_cat=globale&ga_q=F.O.R.E#phrase=F.O.R.E,https://www.infogreffe.com/recherche-entreprise-dirigeants/resultats-entreprise-dirigeants.html?ga_cat=globale&ga_q=F.O.R.E#phrase=F.O.R.E
0,2014-06-31,FORE.PA,,2014-06-31,Q2,8434901500,7862258250,572643250,14.72976674395446,0.0,0.0,0.0,0.0,430808000,8127879250,367500.0,0.0,693007500,12.171443310498082,307022250,27.473258045630242,0.0,476057750,17.718231664120584,114881500,181603000,46.446928189512285,1285.0,1285.0,141333.0,141333.0,https://www.infogreffe.com/recherche-entreprise-dirigeants/resultats-entreprise-dirigeants.html?ga_cat=globale&ga_q=F.O.R.E#phrase=F.O.R.E,https://www.infogreffe.com/recherche-entreprise-dirigeants/resultats-entreprise-dirigeants.html?ga_cat=globale&ga_q=F.O.R.E#phrase=F.O.R.E
0,2014-03-31,FORE.PA,,2014-03-31,Q1,8434901500,7862258250,572643250,14.72976674395446,0.0,0.0,0.0,0.0,430808000,8127879250,367500.0,0.0,693007500,12.171443310498082,307022250,27.473258045630242,0.0,476057750,17.718231664120584,114881500,181603000,46.446928189512285,1285.0,1285.0,141333.0,141333.0,https://www.infogreffe.com/recherche-entreprise-dirigeants/resultats-entreprise-dirigeants.html?ga_cat=globale&ga_q=F.O.R.E#phrase=F.O.R.E,https://www.infogreffe.com/recherche-entreprise-dirigeants/resultats-entreprise-dirigeants.html?ga_cat=globale&ga_q=F.O.R.E#phrase=F.O.R.E
0,2014-01-31,FORE.PA,,2014-01-31,Q1,8434901500,7862258250,572643250,14.72976674395446,0.0,0.0,0.0,0.0,430808000,8127879250,367500.0,0.0,693007500,12.171443310498082,307022250,27.473258045630242,0.0,476057750,17.718231664120584,114881500,181603000,46.446928189512285,1285.0,1285.0,141333.0,141333.0,https://www.infogreffe.com/recherche-entreprise-dirigeants/resultats-entreprise-dirigeants.html?ga_cat=globale&ga_q=F.O.R.E#phrase=F.O.R.E,https://www.infogreffe.com/recherche-entreprise-dirigeants/resultats-entreprise-dirigeants.html?ga_cat=globale&ga_q=F.O.R.E#phrase=F.O.R.E
0,2013-09-31,FORE.PA,,2013-09-31,Q3,9242973250,8179577250,1063396000,8.691939080079294,0.0,0.0,0.0,0.0,530896750,8520927500,2761500.0,0.0,1012859000,9.125626814788633,722045750,12.801090858854858,0.0,823475250,11.224348576353691,223115750,273659250,33.775482648585786,1936.25,1936.25,141333.0,141333.0,https://www.infogreffe.com/recherche-entreprise-dirigeants/resultats-entreprise-dirigeants.html?ga_cat=globale&ga_q=F.O.R.E#phrase=F.O.R.E,https://www.infogreffe.com/recherche-entreprise-dirigeants/resultats-entreprise-dirigeants.html?ga_cat=globale&ga_q=F.O.R.E#phrase=F.O.R.E
0,2013-06-31,FORE.PA,,2013-06-31,Q2,9242973250,8179577250,1063396000,8.691939080079294,0.0,0.0,0.0,0.0,530896750,8520927500,2761500.0,0.0,1012859000,9.125626814788633,722045750,12.801090858854858,0.0,823475250,11.224348576353691,223115750,273659250,33.775482648585786,1936.25,1936.25,141333.0,141333.0,https://www.infogreffe.com/recherche-entreprise-dirigeants/resultats-entreprise-dirigeants.html?ga_cat=globale&ga_q=F.O.R.E#phrase=F.O.R.E,https://www.infogreffe.com/recherche-entreprise-dirigeants/resultats-entreprise-dirigeants.html?ga_cat=globale&ga_q=F.O.R.E#phrase=F.O.R.E
0,2013-03-31,FORE.PA,,2013-03-31,Q1,9242973250,8179577250,1063396000,8.691939080079294,0.0,0.0,0.0,0.0,530896750,8520927500,2761500.0,0.0,1012859000,9.125626814788633,722045750,12.801090858854858,0.0,823475250,11.224348576353691,223115750,273659250,33.775482648585786,1936.25,1936.25,141333.0,141333.0,https://www.infogreffe.com/recherche-entreprise-dirigeants/resultats-entreprise-dirigeants.html?ga_cat=globale&ga_q=F.O.R.E#phrase=F.O.R.E,https://www.infogreffe.com/recherche-entreprise-dirigeants/resultats-entreprise-dirigeants.html?ga_cat=globale&ga_q=F.O.R.E#phrase=F.O.R.E
0,2013-01-31,FORE.PA,,2013-01-31,Q1,9242973250,8179577250,1063396000,8.691939080079294,0.0,0.0,0.0,0.0,530896750,8520927500,2761500.0,0.0,1012859000,9.125626814788633,722045750,12.801090858854858,0.0,823475250,11.224348576353691,223115750,273659250,33.775482648585786,1936.25,1936.25,141333.0,141333.0,https://www.infogreffe.com/recherche-entreprise-dirigeants/resultats-entreprise-dirigeants.html?ga_cat=globale&ga_q=F.O.R.E#phrase=F.O.R.E,https://www.infogreffe.com/recherche-entreprise-dirigeants/resultats-entreprise-dirigeants.html?ga_cat=globale&ga_q=F.O.R.E#phrase=F.O.R.E
0,2012-09-31,FORE.PA,,2012-09-31,Q3,8994612500,8278112500,716500000,12.55354152128402,0.0,0.0,0.0,0.0,287471250,8388346250,2307250.0,0.0,1082221250,8.311251049635183,606266250,14.836076558772652,0.0,660517500,13.617523381288157,179826500,222922250,40.34865294962706,1577.25,1577.25,141333.0,141333.0,https://www.infogreffe.com/recherche-entreprise-dirigeants/resultats-entreprise-dirigeants.html?ga_cat=globale&ga_q=F.O.R.E#phrase=F.O.R.E,https://www.infogreffe.com/recherche-entreprise-dirigeants/resultats-entreprise-dirigeants.html?ga_cat=globale&ga_q=F.O.R.E#phrase=F.O.R.E
0,2012-06-31,FORE.PA,,2012-06-31,Q2,8994612500,8278112500,716500000,12.55354152128402,0.0,0.0,0.0,0.0,287471250,8388346250,2307250.0,0.0,1082221250,8.311251049635183,606266250,14.836076558772652,0.0,660517500,13.617523381288157,179826500,222922250,40.34865294962706,1577.25,1577.25,141333.0,141333.0,https://www.infogreffe.com/recherche-entreprise-dirigeants/resultats-entreprise-dirigeants.html?ga_cat=globale&ga_q=F.O.R.E#phrase=F.O.R.E,https://www.infogreffe.com/recherche-entreprise-dirigeants/resultats-entreprise-dirigeants.html?ga_cat=globale&ga_q=F.O.R.E#phrase=F.O.R.E
0,2012-03-31,FORE.PA,,2012-03-31,Q1,8994612500,8278112500,716500000,12.55354152128402,0.0,0.0,0.0,0.0,287471250,8388346250,2307250.0,0.0,1082221250,8.311251049635183,606266250,14.836076558772652,0.0,660517500,13.617523381288157,179826500,222922250,40.34865294962706,1577.25,1577.25,141333.0,141333.0,https://www.infogreffe.com/recherche-entreprise-dirigeants/resultats-entreprise-dirigeants.html?ga_cat=globale&ga_q=F.O.R.E#phrase=F.O.R.E,https://www.infogreffe.com/recherche-entreprise-dirigeants/resultats-entreprise-dirigeants.html?ga_cat=globale&ga_q=F.O.R.E#phrase=F.O.R.E
0,2012-01-31,FORE.PA,,2012-01-31,Q1,8994612500,8278112500,716500000,12.55354152128402,0.0,0.0,0.0,0.0,287471250,8388346250,2307250.0,0.0,1082221250,8.311251049635183,606266250,14.836076558772652,0.0,660517500,13.617523381288157,179826500,222922250,40.34865294962706,1577.25,1577.25,141333.0,141333.0,https://www.infogreffe.com/recherche-entreprise-dirigeants/resultats-entreprise-dirigeants.html?ga_cat=globale&ga_q=F.O.R.E#phrase=F.O.R.E,https://www.infogreffe.com/recherche-entreprise-dirigeants/resultats-entreprise-dirigeants.html?ga_cat=globale&ga_q=F.O.R.E#phrase=F.O.R.E
0,2011-09-31,FORE.PA,,2011-09-31,Q3,6279796000,4456148000,1823648000,3.44353515590728,0.0,0.0,0.0,0.0,190917750,6398336750,0.0,377737750,259197000,24.22788844006682,-118540750,-52.97584164095469,0.0,-28527250,-220.13324102393327,24051750,-25597000,-245.33328124389578,-181.0,-181.0,141333.0,141333.0,https://www.infogreffe.com/recherche-entreprise-dirigeants/resultats-entreprise-dirigeants.html?ga_cat=globale&ga_q=F.O.R.E#phrase=F.O.R.E,https://www.infogreffe.com/recherche-entreprise-dirigeants/resultats-entreprise-dirigeants.html?ga_cat=globale&ga_q=F.O.R.E#phrase=F.O.R.E
0,2011-06-31,FORE.PA,,2011-06-31,Q2,6279796000,4456148000,1823648000,3.44353515590728,0.0,0.0,0.0,0.0,190917750,6398336750,0.0,377737750,259197000,24.22788844006682,-118540750,-52.97584164095469,0.0,-28527250,-220.13324102393327,24051750,-25597000,-245.33328124389578,-181.0,-181.0,141333.0,141333.0,https://www.infogreffe.com/recherche-entreprise-dirigeants/resultats-entreprise-dirigeants.html?ga_cat=globale&ga_q=F.O.R.E#phrase=F.O.R.E,https://www.infogreffe.com/recherche-entreprise-dirigeants/resultats-entreprise-dirigeants.html?ga_cat=globale&ga_q=F.O.R.E#phrase=F.O.R.E
0,2011-03-31,FORE.PA,,2011-03-31,Q1,6279796000,4456148000,1823648000,3.44353515590728,0.0,0.0,0.0,0.0,190917750,6398336750,0.0,377737750,259197000,24.22788844006682,-118540750,-52.97584164095469,0.0,-28527250,-220.13324102393327,24051750,-25597000,-245.33328124389578,-181.0,-181.0,141333.0,141333.0,https://www.infogreffe.com/recherche-entreprise-dirigeants/resultats-entreprise-dirigeants.html?ga_cat=globale&ga_q=F.O.R.E#phrase=F.O.R.E,https://www.infogreffe.com/recherche-entreprise-dirigeants/resultats-entreprise-dirigeants.html?ga_cat=globale&ga_q=F.O.R.E#phrase=F.O.R.E
0,2011-01-31,FORE.PA,,2011-01-31,Q1,6279796000,4456148000,1823648000,3.44353515590728,0.0,0.0,0.0,0.0,190917750,6398336750,0.0,377737750,259197000,24.22788844006682,-118540750,-52.97584164095469,0.0,-28527250,-220.13324102393327,24051750,-25597000,-245.33328124389578,-181.0,-181.0,141333.0,141333.0,https://www.infogreffe.com/recherche-entreprise-dirigeants/resultats-entreprise-dirigeants.html?ga_cat=globale&ga_q=F.O.R.E#phrase=F.O.R.E,https://www.infogreffe.com/recherche-entreprise-dirigeants/resultats-entreprise-dirigeants.html?ga_cat=globale&ga_q=F.O.R.E#phrase=F.O.R.E
0,2010-09-31,FORE.PA,,2010-09-31,Q3,8311751000,5373260500,2938490500,2.8285784827277816,0.0,0.0,0.0,0.0,149899750,7759972750,3545750.0,864192750,1439156500,5.775432345266133,551778250,15.063571280672988,0.0,571418000,14.545833347916936,141753000,429665000,19.344724378294718,1.38,1.38,141333.0,141333.0,https://www.infogreffe.com/recherche-entreprise-dirigeants/resultats-entreprise-dirigeants.html?ga_cat=globale&ga_q=F.O.R.E#phrase=F.O.R.E,https://www.infogreffe.com/recherche-entreprise-dirigeants/resultats-entreprise-dirigeants.html?ga_cat=globale&ga_q=F.O.R.E#phrase=F.O.R.E
0,2010-06-31,FORE.PA,,2010-06-31,Q2,8311751000,5373260500,2938490500,2.8285784827277816,0.0,0.0,0.0,0.0,149899750,7759972750,3545750.0,864192750,1439156500,5.775432345266133,551778250,15.063571280672988,0.0,571418000,14.545833347916936,141753000,429665000,19.344724378294718,1.38,1.38,141333.0,141333.0,https://www.infogreffe.com/recherche-entreprise-dirigeants/resultats-entreprise-dirigeants.html?ga_cat=globale&ga_q=F.O.R.E#phrase=F.O.R.E,https://www.infogreffe.com/recherche-entreprise-dirigeants/resultats-entreprise-dirigeants.html?ga_cat=globale&ga_q=F.O.R.E#phrase=F.O.R.E
0,2010-03-31,FORE.PA,,2010-03-31,Q1,8311751000,5373260500,2938490500,2.8285784827277816,0.0,0.0,0.0,0.0,149899750,7759972750,3545750.0,864192750,1439156500,5.775432345266133,551778250,15.063571280672988,0.0,571418000,14.545833347916936,141753000,429665000,19.344724378294718,1.38,1.38,141333.0,141333.0,https://www.infogreffe.com/recherche-entreprise-dirigeants/resultats-entreprise-dirigeants.html?ga_cat=globale&ga_q=F.O.R.E#phrase=F.O.R.E,https://www.infogreffe.com/recherche-entreprise-dirigeants/resultats-entreprise-dirigeants.html?ga_cat=globale&ga_q=F.O.R.E#phrase=F.O.R.E
0,2010-01-31,FORE.PA,,2010-01-31,Q1,8311751000,5373260500,2938490500,2.8285784827277816,0.0,0.0,0.0,0.0,149899750,7759972750,3545750.0,864192750,1439156500,5.775432345266133,551778250,15.063571280672988,0.0,571418000,14.545833347916936,141753000,429665000,19.344724378294718,1.38,1.38,141333.0,141333.0,https://www.infogreffe.com/recherche-entreprise-dirigeants/resultats-entreprise-dirigeants.html?ga_cat=globale&ga_q=F.O.R.E#phrase=F.O.R.E,https://www.infogreffe.com/recherche-entreprise-dirigeants/resultats-entreprise-dirigeants.html?ga_cat=globale&ga_q=F.O.R.E#phrase=F.O.R.E
0,2009-09-31,FORE.PA,,2009-09-31,Q3,7727821500,4981621000,2746200500,2.814004840506001,0.0,0.0,0.0,0.0,279553000,7443627250,0.0,221544750,505739000,15.280256219116975,284194250,27.19204030341923,0.0,591029000,13.075198509717797,78763750,397648750,19.433787984999324,2813.5,2813.5,141333.0,141333.0,https://www.infogreffe.com/recherche-entreprise-dirigeants/resultats-entreprise-dirigeants.html?ga_cat=globale&ga_q=F.O.R.E#phrase=F.O.R.E,https://www.infogreffe.com/recherche-entreprise-dirigeants/resultats-entreprise-dirigeants.html?ga_cat=globale&ga_q=F.O.R.E#phrase=F.O.R.E
0,2009-06-31,FORE.PA,,2009-06-31,Q2,7727821500,4981621000,2746200500,2.814004840506001,0.0,0.0,0.0,0.0,279553000,7443627250,0.0,221544750,505739000,15.280256219116975,284194250,27.19204030341923,0.0,591029000,13.075198509717797,78763750,397648750,19.433787984999324,2813.5,2813.5,141333.0,141333.0,https://www.infogreffe.com/recherche-entreprise-dirigeants/resultats-entreprise-dirigeants.html?ga_cat=globale&ga_q=F.O.R.E#phrase=F.O.R.E,https://www.infogreffe.com/recherche-entreprise-dirigeants/resultats-entreprise-dirigeants.html?ga_cat=globale&ga_q=F.O.R.E#phrase=F.O.R.E
0,2009-03-31,FORE.PA,,2009-03-31,Q1,7727821500,4981621000,2746200500,2.814004840506001,0.0,0.0,0.0,0.0,279553000,7443627250,0.0,221544750,505739000,15.280256219116975,284194250,27.19204030341923,0.0,591029000,13.075198509717797,78763750,397648750,19.433787984999324,2813.5,2813.5,141333.0,141333.0,https://www.infogreffe.com/recherche-entreprise-dirigeants/resultats-entreprise-dirigeants.html?ga_cat=globale&ga_q=F.O.R.E#phrase=F.O.R.E,https://www.infogreffe.com/recherche-entreprise-dirigeants/resultats-entreprise-dirigeants.html?ga_cat=globale&ga_q=F.O.R.E#phrase=F.O.R.E
0,2009-01-31,FORE.PA,,2009-01-31,Q1,7727821500,4981621000,2746200500,2.814004840506001,0.0,0.0,0.0,0.0,279553000,7443627250,0.0,221544750,505739000,15.280256219116975,284194250,27.19204030341923,0.0,591029000,13.075198509717797,78763750,397648750,19.433787984999324,2813.5,2813.5,141333.0,141333.0,https://www.infogreffe.com/recherche-entreprise-dirigeants/resultats-entreprise-dirigeants.html?ga_cat=globale&ga_q=F.O.R.E#phrase=F.O.R.E,https://www.infogreffe.com/recherche-entreprise-dirigeants/resultats-entreprise-dirigeants.html?ga_cat=globale&ga_q=F.O.R.E#phrase=F.O.R.E
0,2008-09-31,FORE.PA,,2008-09-31,Q3,7023467500,4936734250,2086733250,3.365771595387192,0.0,0.0,0.0,133854500,0.0,7194093500,0.0,271346750,56490250,124.33061457508154,-170626000,-41.162938239189806,0.0,25498000,275.4517020942819,1123500.0,115374750,60.87525650109751,816.25,816.25,141333.0,141333.0,https://www.infogreffe.com/recherche-entreprise-dirigeants/resultats-entreprise-dirigeants.html?ga_cat=globale&ga_q=F.O.R.E#phrase=F.O.R.E,https://www.infogreffe.com/recherche-entreprise-dirigeants/resultats-entreprise-dirigeants.html?ga_cat=globale&ga_q=F.O.R.E#phrase=F.O.R.E
0,2008-06-31,FORE.PA,,2008-06-31,Q2,7023467500,4936734250,2086733250,3.365771595387192,0.0,0.0,0.0,133854500,0.0,7194093500,0.0,271346750,56490250,124.33061457508154,-170626000,-41.162938239189806,0.0,25498000,275.4517020942819,1123500.0,115374750,60.87525650109751,816.25,816.25,141333.0,141333.0,https://www.infogreffe.com/recherche-entreprise-dirigeants/resultats-entreprise-dirigeants.html?ga_cat=globale&ga_q=F.O.R.E#phrase=F.O.R.E,https://www.infogreffe.com/recherche-entreprise-dirigeants/resultats-entreprise-dirigeants.html?ga_cat=globale&ga_q=F.O.R.E#phrase=F.O.R.E
0,2008-03-31,FORE.PA,,2008-03-31,Q1,7023467500,4936734250,2086733250,3.365771595387192,0.0,0.0,0.0,133854500,0.0,7194093500,0.0,271346750,56490250,124.33061457508154,-170626000,-41.162938239189806,0.0,25498000,275.4517020942819,1123500.0,115374750,60.87525650109751,816.25,816.25,141333.0,141333.0,https://www.infogreffe.com/recherche-entreprise-dirigeants/resultats-entreprise-dirigeants.html?ga_cat=globale&ga_q=F.O.R.E#phrase=F.O.R.E,https://www.infogreffe.com/recherche-entreprise-dirigeants/resultats-entreprise-dirigeants.html?ga_cat=globale&ga_q=F.O.R.E#phrase=F.O.R.E
0,2008-01-31,FORE.PA,,2008-01-31,Q1,7023467500,4936734250,2086733250,3.365771595387192,0.0,0.0,0.0,133854500,0.0,7194093500,0.0,271346750,56490250,124.33061457508154,-170626000,-41.162938239189806,0.0,25498000,275.4517020942819,1123500.0,115374750,60.87525650109751,816.25,816.25,141333.0,141333.0,https://www.infogreffe.com/recherche-entreprise-dirigeants/resultats-entreprise-dirigeants.html?ga_cat=globale&ga_q=F.O.R.E#phrase=F.O.R.E,https://www.infogreffe.com/recherche-entreprise-dirigeants/resultats-entreprise-dirigeants.html?ga_cat=globale&ga_q=F.O.R.E#phrase=F.O.R.E
0,2007-09-31,FORE.PA,,2007-09-31,Q3,7059869500,4764331250,2295538250,3.0754745646255297,0.0,0.0,0.0,115140750,0.0,6690868000,0.0,163777250,737828500,9.568442395488924,369001500,19.13235989555598,0.0,303069750,23.294536983648154,152113000,132001750,53.48315079156148,934.0,934.0,141333.0,141333.0,https://www.infogreffe.com/recherche-entreprise-dirigeants/resultats-entreprise-dirigeants.html?ga_cat=globale&ga_q=F.O.R.E#phrase=F.O.R.E,https://www.infogreffe.com/recherche-entreprise-dirigeants/resultats-entreprise-dirigeants.html?ga_cat=globale&ga_q=F.O.R.E#phrase=F.O.R.E
0,2007-06-31,FORE.PA,,2007-06-31,Q2,7059869500,4764331250,2295538250,3.0754745646255297,0.0,0.0,0.0,115140750,0.0,6690868000,0.0,163777250,737828500,9.568442395488924,369001500,19.13235989555598,0.0,303069750,23.294536983648154,152113000,132001750,53.48315079156148,934.0,934.0,141333.0,141333.0,https://www.infogreffe.com/recherche-entreprise-dirigeants/resultats-entreprise-dirigeants.html?ga_cat=globale&ga_q=F.O.R.E#phrase=F.O.R.E,https://www.infogreffe.com/recherche-entreprise-dirigeants/resultats-entreprise-dirigeants.html?ga_cat=globale&ga_q=F.O.R.E#phrase=F.O.R.E
0,2007-03-31,FORE.PA,,2007-03-31,Q1,7059869500,4764331250,2295538250,3.0754745646255297,0.0,0.0,0.0,115140750,0.0,6690868000,0.0,163777250,737828500,9.568442395488924,369001500,19.13235989555598,0.0,303069750,23.294536983648154,152113000,132001750,53.48315079156148,934.0,934.0,141333.0,141333.0,https://www.infogreffe.com/recherche-entreprise-dirigeants/resultats-entreprise-dirigeants.html?ga_cat=globale&ga_q=F.O.R.E#phrase=F.O.R.E,https://www.infogreffe.com/recherche-entreprise-dirigeants/resultats-entreprise-dirigeants.html?ga_cat=globale&ga_q=F.O.R.E#phrase=F.O.R.E
0,2007-01-31,FORE.PA,,2007-01-31,Q1,7059869500,4764331250,2295538250,3.0754745646255297,0.0,0.0,0.0,115140750,0.0,6690868000,0.0,163777250,737828500,9.568442395488924,369001500,19.13235989555598,0.0,303069750,23.294536983648154,152113000,132001750,53.48315079156148,934.0,934.0,141333.0,141333.0,https://www.infogreffe.com/recherche-entreprise-dirigeants/resultats-entreprise-dirigeants.html?ga_cat=globale&ga_q=F.O.R.E#phrase=F.O.R.E,https://www.infogreffe.com/recherche-entreprise-dirigeants/resultats-entreprise-dirigeants.html?ga_cat=globale&ga_q=F.O.R.E#phrase=F.O.R.E
