,date,symbol,fillingDate,acceptedDate,period,revenue,costOfRevenue,grossProfit,grossProfitRatio,researchAndDevelopmentExpenses,generalAndAdministrativeExpenses,sellingAndMarketingExpenses,otherExpenses,operatingExpenses,costAndExpenses,interestExpense,depreciationAndAmortization,ebitda,ebitdaratio,operatingIncome,operatingIncomeRatio,totalOtherIncomeExpensesNet,incomeBeforeTax,incomeBeforeTaxRatio,incomeTaxExpense,netIncome,netIncomeRatio,eps,epsdiluted,weightedAverageShsOut,weightedAverageShsOutDil,link,finalLink
0,2020-09-30,NMM,2020-09-30,2020-09-30,Q3,64499000,6345000.0,58154000,0.0,0.0,29005000,0.0,730000.0,6345000.0,0.0,-5417000.0,0.0,0.0,0.0,14266000,0.0,0.0,6991000.0,0.0,0.0,6991000.0,0.0,0.623183754969603,0.623183754969603,11218200,11218200,,
0,2020-06-30,NMM,2020-08-03 00:00:00,2020-08-03 08:25:32,Q2,46549000,39918000,6631000.0,0.14245203978603194,0.0,6983000.0,0.0,-680000.0,0.0,46901000,6275000.0,0.0,12331000,0.2649036499172915,-352000.0,-0.31452877612838087,-8190000.0,-14641000,-0.31452877612838087,0.0,-14641000,-0.31452877612838087,-1.32,-1.32,10847487,10847487,https://www.sec.gov/Archives/edgar/data/1415921/000119312520207511/0001193125-20-207511-index.htm,https://www.sec.gov/Archives/edgar/data/1415921/000119312520207511/d934538d6k.htm
0,2020-03-31,NMM,2020-04-01 00:00:00,2020-04-01 16:54:12,Q1,46490000,41489000,5001000.0,0.10757152075715208,0.0,4145000.0,0.0,391000.0,0.0,45634000,6944000.0,0.0,16982000,0.3652828565282856,856000.0,-0.2306732630673263,-4831000.0,-10724000,-0.2306732630673263,0.0,-10724000,-0.2306732630673263,-0.97,-0.97,10845324,10845324,https://www.sec.gov/Archives/edgar/data/1415921/000119312520094726/0001193125-20-094726-index.html,https://www.sec.gov/Archives/edgar/data/1415921/000119312520094726/d908803d20f.htm
0,2019-12-31,NMM,2020-01-13 00:00:00,2020-01-13 16:18:06,Q4,61268000,37511000,23757000,0.387755435137429,0.0,6559000.0,0.0,92000.0,0.0,44070000,10062000,0.0,-9978000.0,-0.16285826206176143,17198000,-1.0274041914212966,-70863000,-62947000,-1.0274041914212966,0.0,-62947000,-1.0274041914212966,0.0,0.0,0.0,0.0,https://www.sec.gov/Archives/edgar/data/1415921/000119312520006320/0001193125-20-006320-index.html,https://www.sec.gov/Archives/edgar/data/1415921/000119312520006320/d840516d6k.htm
0,2019-09-30,NMM,2019-11-18 00:00:00,2019-11-18 16:19:33,Q3,63548000,34284000,29264000,0.4605022974759237,0.0,3897000.0,0.0,-298000.0,0.0,38181000,11432000,0.0,41620000,0.6549379996223327,25367000,0.2652955246427897,1066000.0,16859000,0.2652955246427897,0.0,16859000,0.2652955246427897,1.54,1.54,10751969,10751969,https://www.sec.gov/Archives/edgar/data/1415921/000119312519294688/0001193125-19-294688-index.html,https://www.sec.gov/Archives/edgar/data/1415921/000119312519294688/d827488d6k.htm
0,2019-06-30,NMM,2019-08-08 00:00:00,2019-08-08 16:17:52,Q2,47745000,33750000,13995000,0.293119698397738,0.0,6515000.0,0.0,-3716000.0,0.0,40265000,12246000,0.0,18963000,0.39717247879359097,7480000.0,-0.1366216357733794,-3548000.0,-6523000.0,-0.1366216357733794,0.0,-6523000.0,-0.1366216357733794,-0.59,-0.59,10774452,10774452,https://www.sec.gov/Archives/edgar/data/1415921/000119312519216855/0001193125-19-216855-index.html,https://www.sec.gov/Archives/edgar/data/1415921/000119312519216855/d790046d6k.htm
0,2019-03-31,NMM,2019-04-09 00:00:00,2019-04-09 16:18:07,Q1,46818000,35214000,11604000,0.24785338972190182,0.0,4013000.0,0.0,-15000.0,0.0,39227000,11514000,0.0,22828000,0.48759024306890514,7591000.0,-0.20340467341620744,-7343000.0,-9523000.0,-0.20340467341620744,0.0,-9523000.0,-0.20340467341620744,-0.899996,-0.899996,11024298,11024298,https://www.sec.gov/Archives/edgar/data/1415921/000119312519101694/0001193125-19-101694-index.html,https://www.sec.gov/Archives/edgar/data/1415921/000119312519101694/d724464d20f.htm
0,2018-12-31,NMM,,,Q4,57542000,36912000,20630000,0.35852073268221474,0.0,5924000.0,0.0,-2240000.0,0.0,42836000,11380000,0.0,27642000,0.4803795488512739,14706000,0.008984741580063259,-4111000.0,517000.0,0.008984741580063259,0.0,517000.0,0.008984741580063259,0.0,0.0,0.0,0.0,,
0,2018-09-30,NMM,2018-11-06 00:00:00,2018-11-06 16:18:13,Q3,62571000,35496000,27075000,0.43270844320851515,0.0,3490000.0,0.0,-238000.0,0.0,38986000,10739000,0.0,26454000,0.42278371769669654,23585000,0.1671221492384651,-3548000.0,10457000,0.1671221492384651,0.0,10457000,0.1671221492384651,0.899996,0.899996,10992528,10992528,https://www.sec.gov/Archives/edgar/data/1415921/000119312518319589/0001193125-18-319589-index.html,https://www.sec.gov/Archives/edgar/data/1415921/000119312518319589/d645269d6k.htm
0,2018-06-30,NMM,2018-08-03 00:00:00,2018-08-03 08:20:47,Q2,58196000,36038000,22158000,0.3807478177194309,0.0,5513000.0,0.0,-123000.0,0.0,41551000,10794000,0.0,19121000,0.32856210048800605,16645000,-0.5074747405319954,-36369000,-29533000,-0.5074747405319954,0.0,-29533000,-0.5074747405319954,-2.699987,-2.699987,10938203,10938203,https://www.sec.gov/Archives/edgar/data/1415921/000119312518237221/0001193125-18-237221-index.html,https://www.sec.gov/Archives/edgar/data/1415921/000119312518237221/d577248d6k.htm
0,2018-03-31,NMM,2018-04-04 00:00:00,2018-04-04 08:10:44,Q1,53052000,34963000,18089000,0.34096735278594587,0.0,3531000.0,0.0,-1229000.0,0.0,38494000,9853000.0,0.0,30248000,0.5701575812410465,14558000,0.10325718163311468,-189000.0,5478000.0,0.10325718163311468,0.0,5478000.0,0.10325718163311468,0.449998,0.449998,10295201,10295201,https://www.sec.gov/Archives/edgar/data/1415921/000119312518106840/0001193125-18-106840-index.html,https://www.sec.gov/Archives/edgar/data/1415921/000119312518106840/d508884d20f.htm
0,2017-12-31,NMM,2018-02-05 00:00:00,2018-02-05 16:19:08,Q4,59269000,36435000,22834000,0.38526042281799927,0.0,5198000.0,0.0,300000.0,0.0,41633000,9843000.0,0.0,35926000,0.6061516138284769,17636000,-0.38495672273869985,-31570000,-22816000,-0.38495672273869985,0.0,-22816000,-0.38495672273869985,-2.249989,-2.249989,10140051,10140051,https://www.sec.gov/Archives/edgar/data/1415921/000119312518032151/0001193125-18-032151-index.html,https://www.sec.gov/Archives/edgar/data/1415921/000119312518032151/d534077d6k.htm
0,2017-09-30,NMM,2017-11-15 00:00:00,2017-11-15 17:22:02,Q3,59954000,44959000,14995000,0.25010841645261367,0.0,3888000.0,0.0,2831000.0,0.0,48847000,9882000.0,0.0,36070000,0.6016279147346298,11107000,0.15300063381926143,6958000.0,9173000.0,0.15300063381926143,0.0,9289000.0,0.15493545051205926,0.899996,0.899996,9701657.0,9701657.0,https://www.sec.gov/Archives/edgar/data/1415921/000119312517344279/0001193125-17-344279-index.html,https://www.sec.gov/Archives/edgar/data/1415921/000119312517344279/d498145d6k.htm
0,2017-06-30,NMM,2017-07-31 00:00:00,2017-07-28 21:16:21,Q2,50018000,35773000,14245000,0.2847974729097525,0.0,4865000.0,0.0,2407000.0,0.0,40638000,8145000.0,0.0,31270000,0.6251749370226718,9380000.0,0.08886800751729378,2407000.0,4445000.0,0.08886800751729378,0.0,4090000.0,0.08177056259746492,0.449998,0.449998,9693133.0,9693133.0,https://www.sec.gov/Archives/edgar/data/1415921/000119312517240988/0001193125-17-240988-index.html,https://www.sec.gov/Archives/edgar/data/1415921/000119312517240988/d435431d6k.htm
0,2017-03-31,NMM,2017-05-25 00:00:00,2017-05-25 09:00:59,Q1,42411000,34233000,8178000.0,0.19282733253165452,0.0,3212000.0,0.0,-789000.0,0.0,37445000,10355000,0.0,21475000,0.5063544835066375,4966000.0,-0.1333380490910377,-789000.0,-5655000.0,-0.1333380490910377,0.0,-5655000.0,-0.1333380490910377,-0.899996,-0.899996,6155916.0,6155916.0,https://www.sec.gov/Archives/edgar/data/1415921/000119312517182738/0001193125-17-182738-index.html,https://www.sec.gov/Archives/edgar/data/1415921/000119312517182738/d349180d6k.htm
0,2016-12-31,NMM,2017-02-15 00:00:00,2017-02-15 08:49:02,Q4,49665000,34499000,15166000,0.3053659518775798,0.0,4885000.0,0.0,5043000.0,0.0,39384000,7606000.0,0.0,32140000,0.6471358099265077,10281000,-0.04206181415483741,-4965000.0,-2089000.0,-0.04206181415483741,0.0,-2089000.0,-0.04206181415483741,-0.299999,-0.299999,6960035.0,6960035.0,https://www.sec.gov/Archives/edgar/data/1415921/000119312517044588/0001193125-17-044588-index.html,https://www.sec.gov/Archives/edgar/data/1415921/000119312517044588/d323603d6k.htm
0,2016-09-30,NMM,2016-10-19 00:00:00,2016-10-19 08:32:32,Q3,50341000,55281000,-4940000.0,-0.09813074829661707,0.0,2367000.0,0.0,311000.0,0.0,57648000,7608000.0,0.0,31321000,0.6221767545340776,-7307000.0,-0.6726723744065474,-19124000,-33863000,-0.6726723744065474,0.0,-33863000,-0.6726723744065474,-5.99997,-5.99997,5538675.0,5538675.0,https://www.sec.gov/Archives/edgar/data/1415921/000119312516741293/0001193125-16-741293-index.html,https://www.sec.gov/Archives/edgar/data/1415921/000119312516741293/d230866d6k.htm
0,2016-06-30,NMM,,,Q2,44877000,37016000,7861000.0,0.17516768054905632,0.0,2611000.0,0.0,3413000.0,0.0,39627000,8369000.0,0.0,27564000,0.6142121799585534,5250000.0,-0.37451255654344096,-13780000,-16807000,-0.37451255654344096,0.0,-16807000,-0.37451255654344096,-2.999985,-2.999985,5538675.0,5538675.0,,
0,2016-03-31,NMM,2016-05-12 00:00:00,2016-05-12 16:33:35,Q1,45641000,36837000,8804000.0,0.19289673758243683,0.0,2488000.0,0.0,1485000.0,0.0,39325000,7664000.0,0.0,26678000,0.5845183059091607,6316000.0,0.004579216055739357,1485000.0,209000.0,0.004579216055739357,0.0,209000.0,0.004579216055739357,0.037012,0.037012,5538675.0,5538675.0,https://www.sec.gov/Archives/edgar/data/1415921/000119312516588950/0001193125-16-588950-index.html,https://www.sec.gov/Archives/edgar/data/1415921/000119312516588950/d171152d6k.htm
0,2015-12-31,NMM,2016-02-05 00:00:00,2016-02-05 09:30:06,Q4,53314000,36101000,17213000,0.3228607870353003,0.0,2207000.0,0.0,449000.0,0.0,38308000,7717000.0,0.0,34330000,0.6439209213339836,15006000,0.1464343324455115,449000.0,7807000.0,0.1464343324455115,0.0,7807000.0,0.1464343324455115,1.349993,1.349993,5782992.0,5782992.0,https://www.sec.gov/Archives/edgar/data/1415921/000119312516451537/0001193125-16-451537-index.html,https://www.sec.gov/Archives/edgar/data/1415921/000119312516451537/d44577d6k.htm
0,2015-09-30,NMM,2015-10-13 00:00:00,2015-10-13 16:49:58,Q3,57103000,36650000,20453000,0.358177328686759,0.0,1900000.0,0.0,1058000.0,0.0,38550000,7901000.0,0.0,39648000,0.6943242911931072,18553000,0.20601369455194998,1058000.0,11764000,0.20601369455194998,0.0,11764000,0.20601369455194998,2.09999,2.09999,5538675.0,5538675.0,https://www.sec.gov/Archives/edgar/data/1415921/000119312515342772/0001193125-15-342772-index.html,https://www.sec.gov/Archives/edgar/data/1415921/000119312515342772/d79864d6k.htm
0,2015-06-30,NMM,2015-08-03 00:00:00,2015-08-03 16:34:01,Q2,56473000,35420000,21053000,0.37279762010164147,0.0,1949000.0,0.0,-194000.0,0.0,37369000,7601000.0,0.0,38001000,0.6729056363217821,19104000,0.20106953765516264,-194000.0,11355000,0.20106953765516264,0.0,11355000,0.20106953765516264,1.94999,1.94999,5538675.0,5538675.0,https://www.sec.gov/Archives/edgar/data/1415921/000119312515274907/0001193125-15-274907-index.html,https://www.sec.gov/Archives/edgar/data/1415921/000119312515274907/d157254d6k.htm
0,2015-03-31,NMM,2015-05-05 00:00:00,2015-05-05 16:35:01,Q1,56786000,35508000,21278000,0.37470503293065194,0.0,1875000.0,0.0,-76000.0,0.0,37383000,8501000.0,0.0,37479000,0.6600042263938295,19403000,0.19157891029479096,-76000.0,10879000,0.19157891029479096,0.0,10879000,0.19157891029479096,1.94999,1.94999,5364939.0,5364939.0,https://www.sec.gov/Archives/edgar/data/1415921/000119312515172220/0001193125-15-172220-index.html,https://www.sec.gov/Archives/edgar/data/1415921/000119312515172220/d917593d6k.htm
0,2014-12-31,NMM,,,Q4,59390000,35460000,23930000,0.4029297861592861,0.0,2088000.0,0.0,-819000.0,0.0,37548000,7601000.0,0.0,38934000,0.6555649099174945,21842000,0.2267216703148678,-819000.0,13465000,0.2267216703148678,0.0,13465000,0.2267216703148678,2.399988,2.399988,5610445.0,5610445.0,,
0,2014-09-30,NMM,2014-10-09 00:00:00,2014-10-09 16:02:59,Q3,55290000,33712000,21578000,0.39026948815337315,0.0,1778000.0,0.0,178000.0,0.0,35490000,7046000.0,0.0,37355000,0.6756194610236933,19800000,0.23588352324109244,178000.0,13042000,0.23588352324109244,0.0,13042000,0.23588352324109244,2.399988,2.399988,5157303.0,5157303.0,https://www.sec.gov/Archives/edgar/data/1415921/000119312514367827/0001193125-14-367827-index.html,https://www.sec.gov/Archives/edgar/data/1415921/000119312514367827/d799070d6k.htm
0,2014-06-30,NMM,2014-07-30 00:00:00,2014-07-30 16:26:23,Q2,55178000,33034000,22144000,0.40131936641415056,0.0,2029000.0,0.0,16918000,0.0,35063000,7085000.0,0.0,54079000,0.9800826416325347,20115000,0.5434231034107797,16918000,29985000,0.5434231034107797,0.0,29985000,0.5434231034107797,5.549972,5.549972,5157303.0,5157303.0,https://www.sec.gov/Archives/edgar/data/1415921/000119312514286968/0001193125-14-286968-index.html,https://www.sec.gov/Archives/edgar/data/1415921/000119312514286968/d765375d6k.htm
0,2014-03-31,NMM,2014-05-01 00:00:00,2014-05-01 09:12:25,Q1,57498000,60126000,-2628000.0,-0.04570593759782949,0.0,1944000.0,0.0,29909000,0.0,62070000,7029000.0,0.0,69068000,1.2012243904135795,-4572000.0,0.3193328463598734,29909000,18361000,0.3193328463598734,0.0,18361000,0.3193328463598734,3.599982,3.599982,4948709.0,4948709.0,https://www.sec.gov/Archives/edgar/data/1415921/000119312514174931/0001193125-14-174931-index.html,https://www.sec.gov/Archives/edgar/data/1415921/000119312514174931/d716328d6k.htm
0,2013-12-31,NMM,,,Q4,52146000,33967000,18179000,0.34861734361216584,0.0,1853000.0,0.0,30000.0,0.0,35820000,6258000.0,0.0,35657000,0.6837916618724351,16326000,0.1941855559390941,30000.0,10126000,0.1941855559390941,0.0,10126000,0.1941855559390941,1.94999,1.94999,5192846.0,5192846.0,,
0,2013-09-30,NMM,2013-10-25 00:00:00,2013-10-25 16:34:22,Q3,46578000,30781000,15797000,0.3391515307655975,0.0,1395000.0,0.0,3034000.0,0.0,32176000,4320000.0,0.0,35649000,0.7653613293829705,14402000,0.28174245351882865,3034000.0,13123000,0.28174245351882865,0.0,13123000,0.28174245351882865,2.849986,2.849986,4377299.0,4377299.0,https://www.sec.gov/Archives/edgar/data/1415921/000119312513411665/0001193125-13-411665-index.html,https://www.sec.gov/Archives/edgar/data/1415921/000119312513411665/d615702d6k.htm
0,2013-06-30,NMM,2013-07-11 00:00:00,2013-07-11 16:59:04,Q2,49154000,33859000,15295000,0.31116491028197096,0.0,1448000.0,0.0,9584000.0,0.0,35307000,3927000.0,0.0,45053000,0.9165683362493389,13847000,0.3969361598242259,9584000.0,19511000,0.3969361598242259,0.0,19511000,0.3969361598242259,4.349978,4.349978,4352299.0,4352299.0,https://www.sec.gov/Archives/edgar/data/1415921/000119312513288219/0001193125-13-288219-index.html,https://www.sec.gov/Archives/edgar/data/1415921/000119312513288219/d566007d6k.htm
0,2013-03-31,NMM,2013-04-29 00:00:00,2013-04-29 16:39:28,Q1,50281000,30014000,20267000,0.4030747200731887,0.0,1609000.0,0.0,-15000.0,0.0,31623000,2405000.0,0.0,37062000,0.7370975119826575,18658000,0.3231041546508622,-15000.0,16246000,0.3231041546508622,0.0,16246000,0.3231041546508622,3.599982,3.599982,4214298.0,4214298.0,https://www.sec.gov/Archives/edgar/data/1415921/000119312513182218/0001193125-13-182218-index.html,https://www.sec.gov/Archives/edgar/data/1415921/000119312513182218/d528348d6k.htm
0,2012-12-31,NMM,2013-01-31 00:00:00,2013-01-31 16:26:54,Q4,52786000,106338000,-53552000,-1.0145114234834993,0.0,-43781000,0.0,0.0,0.0,9583000.0,2516000.0,0.0,62152000,1.1774334103739628,43203000,0.7603720683514569,-600000.0,40137000,0.7603720683514569,0.0,40137000,0.7603720683514569,9.749951,9.749951,4007297.0,4007297.0,https://www.sec.gov/Archives/edgar/data/1415921/000119312513032570/0001193125-13-032570-index.html,https://www.sec.gov/Archives/edgar/data/1415921/000119312513032570/d476177d6k.htm
0,2012-09-30,NMM,2012-10-24 00:00:00,2012-10-24 10:34:27,Q3,55540000,2772000.0,52768000,0.950090025207058,0.0,9774000.0,0.0,0.0,0.0,31042000,2415000.0,0.0,42958000,0.7734605689593086,24498000,0.0,36000.0,0.0,0.0,0.0,22143000,0.39868563197695356,5.399973,5.399973,4007297.0,4007297.0,https://www.sec.gov/Archives/edgar/data/1415921/000119312512432604/0001193125-12-432604-index.html,https://www.sec.gov/Archives/edgar/data/1415921/000119312512432604/d427428d6k.htm
0,2012-06-30,NMM,2012-07-03 00:00:00,2012-07-03 10:01:55,Q2,49122000,3936000.0,45186000,0.9198729693416392,0.0,8590000.0,0.0,0.0,0.0,29854000,2384000.0,0.0,36828000,0.7497251740564309,19268000,0.0,-232000.0,0.0,0.0,0.0,16681000,0.33958307886486705,4.349978,4.349978,3817406.0,3817406.0,https://www.sec.gov/Archives/edgar/data/1415921/000119312512293058/0001193125-12-293058-index.html,https://www.sec.gov/Archives/edgar/data/1415921/000119312512293058/d376189d6k.htm
0,2012-03-31,NMM,2012-05-03 00:00:00,2012-05-03 15:41:25,Q1,47987000,3227000.0,44760000,0.9327526205013857,0.0,8519000.0,0.0,0.0,0.0,28896000,2812000.0,0.0,35709000,0.7441390376560318,19091000,0.0,532000.0,0.0,0.0,0.0,16937000,0.3529497572259154,2.399988,2.399988,3633962.0,3633962.0,https://www.sec.gov/Archives/edgar/data/1415921/000119312512208245/0001193125-12-208245-index.html,https://www.sec.gov/Archives/edgar/data/1415921/000119312512208245/d345121d6k.htm
0,2011-12-31,NMM,2012-01-27 00:00:00,2012-01-27 09:27:36,Q4,50463000,3814000.0,46649000,0.9244198719854151,0.0,8123000.0,0.0,0.0,0.0,29087000,2829000.0,0.0,38478000,0.7624992568812794,21376000,0.0,48000.0,0.0,0.0,0.0,18661000,0.36979569189307016,0.0,0.0,0.0,0.0,https://www.sec.gov/Archives/edgar/data/1415921/000119312512026282/0001193125-12-026282-index.html,https://www.sec.gov/Archives/edgar/data/1415921/000119312512026282/d288546d6k.htm
0,2011-09-30,NMM,2011-10-05 00:00:00,2011-10-05 08:32:40,Q3,48011000,3493000.0,44518000,0.9272458394951157,0.0,8279000.0,0.0,0.0,0.0,28923000,2377000.0,0.0,36511000,0.7604715586011539,19088000,0.0,-272000.0,0.0,0.0,0.0,16563000,0.3449834412947033,9.599952,9.599952,3125836.0,3125836.0,https://www.sec.gov/Archives/edgar/data/1415921/000095012311088616/0000950123-11-088616-index.html,https://www.sec.gov/Archives/edgar/data/1415921/000095012311088616/y05212e6vk.htm
0,2011-06-30,NMM,2011-07-28 00:00:00,2011-07-28 15:40:10,Q2,45675000,3258000.0,42417000,0.9286699507389162,0.0,7675000.0,0.0,0.0,0.0,26570000,2009000.0,0.0,38743000,0.848232074438971,19105000,0.0,-3966000.0,0.0,0.0,0.0,13511000,0.2958073344280241,4.349978,4.349978,3067536.0,3067536.0,https://www.sec.gov/Archives/edgar/data/1415921/000095012311069556/0000950123-11-069556-index.html,https://www.sec.gov/Archives/edgar/data/1415921/000095012311069556/y05065e6vk.htm
0,2011-03-31,NMM,2011-04-08 00:00:00,2011-04-08 13:51:58,Q1,42804000,2969000.0,39835000,0.9306373236146155,0.0,7231000.0,0.0,0.0,0.0,24233000,2029000.0,0.0,32796000,0.7661900756938604,18571000,0.0,-192000.0,0.0,0.0,0.0,16600000,0.3878142229698159,5.249974,5.249974,2785307.0,2785307.0,https://www.sec.gov/Archives/edgar/data/1415921/000095012311034096/0000950123-11-034096-index.html,https://www.sec.gov/Archives/edgar/data/1415921/000095012311034096/y04726e6vk.htm
0,2010-12-31,NMM,,,Q4,42489000,3236000.0,39253000,0.9238391112993951,0.0,7012000.0,0.0,0.0,0.0,22747000,1794000.0,0.0,32279000,0.7597025112382029,19742000,0.0,-38000.0,0.0,0.0,0.0,18397000,0.4329826543340629,0.0,0.0,0.0,0.0,,
0,2010-09-30,NMM,2010-10-07 00:00:00,2010-10-07 16:53:43,Q3,38074000,3004000.0,35070000,0.9211010138152019,0.0,6136000.0,0.0,0.0,0.0,20106000,1862000.0,0.0,28919000,0.7595471975626412,17968000,0.0,15000.0,0.0,0.0,0.0,16345000,0.42929558228712505,7.049965,7.049965,2311080.0,2311080.0,https://www.sec.gov/Archives/edgar/data/1415921/000095012310092080/0000950123-10-092080-index.html,https://www.sec.gov/Archives/edgar/data/1415921/000095012310092080/y04016e6vk.htm
0,2010-06-30,NMM,2010-07-22 00:00:00,2010-07-22 17:17:32,Q2,33255000,2928000.0,30327000,0.9119530897609383,0.0,5764000.0,0.0,0.0,0.0,18711000,1513000.0,0.0,24559000,0.7385054878965569,14544000,0.0,4000.0,0.0,0.0,0.0,13184000,0.3964516614043001,5.99997,5.99997,2182178.0,2182178.0,https://www.sec.gov/Archives/edgar/data/1415921/000095012310067350/0000950123-10-067350-index.html,https://www.sec.gov/Archives/edgar/data/1415921/000095012310067350/y03752e6vk.htm
0,2010-03-31,NMM,2010-04-08 00:00:00,2010-04-08 16:27:55,Q1,29413000,2951000.0,26462000,0.8996702138510183,0.0,5137000.0,0.0,0.0,0.0,15778000,1191000.0,0.0,21341000,0.725563526331894,13635000,0.0,-16000.0,0.0,0.0,0.0,12585000,0.42787202937476626,5.849971,5.849971,1786677.0,1786677.0,https://www.sec.gov/Archives/edgar/data/1415921/000095012310033212/0000950123-10-033212-index.html,https://www.sec.gov/Archives/edgar/data/1415921/000095012310033212/y03310e6vk.htm
0,2009-12-31,NMM,2010-01-11 00:00:00,2010-01-11 17:01:04,Q4,25615000,3887000.0,21728000,0.848252976771423,0.0,3954000.0,0.0,0.0,0.0,12745000,2003000.0,0.0,12505000,0.4881905133710716,12870000,0.0,-32000.0,0.0,0.0,0.0,10982000,0.42873316416162405,0.0,0.0,0.0,0.0,https://www.sec.gov/Archives/edgar/data/1415921/000095012310001726/0000950123-10-001726-index.html,https://www.sec.gov/Archives/edgar/data/1415921/000095012310001726/y02862e6vk.htm
0,2009-09-30,NMM,2009-10-20 00:00:00,2009-10-20 11:31:17,Q3,23717000,3846000.0,19871000,0.8378378378378378,0.0,3210000.0,0.0,0.0,0.0,11251000,1698000.0,0.0,16845000,0.7102500316228866,12466000,0.0,-4000.0,0.0,0.0,0.0,10789000,0.4549057637981195,6.599967,6.599967,1158331.0,1158331.0,https://www.sec.gov/Archives/edgar/data/1415921/000095012309051476/0000950123-09-051476-index.html,https://www.sec.gov/Archives/edgar/data/1415921/000095012309051476/y02418e6vk.htm
0,2009-06-30,NMM,2009-07-14 00:00:00,2009-07-14 13:07:28,Q2,22154000,3475000.0,18679000,0.8431434503927056,0.0,3536000.0,0.0,0.0,0.0,10512000,1922000.0,0.0,15410000,0.6955854473232824,11642000,0.0,-78000.0,0.0,0.0,0.0,3592000.0,0.16213776293220186,3.299984,3.299984,1653792.0,1653792.0,https://www.sec.gov/Archives/edgar/data/1415921/000114420409037163/0001144204-09-037163-index.html,https://www.sec.gov/Archives/edgar/data/1415921/000114420409037163/v153700_6-k.htm
0,2009-03-31,NMM,2009-04-02 00:00:00,2009-04-02 16:40:09,Q1,21157000,3132000.0,18025000,0.8519638890201825,0.0,3512000.0,0.0,0.0,0.0,9921000.0,2425000.0,0.0,14608000,0.6904570591293662,11236000,0.0,91000.0,0.0,0.0,0.0,8959000.0,0.4234532306092546,6.149969,6.149969,1456755.0,1456755.0,https://www.sec.gov/Archives/edgar/data/1415921/000095012309006005/0000950123-09-006005-index.html,https://www.sec.gov/Archives/edgar/data/1415921/000095012309006005/y01432e6vk.htm
0,2008-12-31,NMM,2009-01-27 00:00:00,2009-01-27 13:27:58,Q4,21551000,2942000.0,18609000,0.8634866131502018,0.0,4246000.0,0.0,0.0,0.0,10465000,2117000.0,0.0,14498000,0.672729803721405,11086000,0.4087513340448239,-295000.0,8809000.0,0.4087513340448239,0.0,8809000.0,0.4087513340448239,0.0,0.0,0.0,0.0,https://www.sec.gov/Archives/edgar/data/1415921/000095012309001314/0000950123-09-001314-index.html,https://www.sec.gov/Archives/edgar/data/1415921/000095012309001314/y00999e6vk.htm
0,2008-09-30,NMM,2008-10-21 00:00:00,2008-10-21 12:08:43,Q3,21272000,2941000.0,18331000,0.8617431365174878,0.0,3885000.0,0.0,0.0,0.0,10103000,2287000.0,0.0,14725000,0.6922245204964272,11169000,0.4206468597216999,-9000.0,8948000.0,0.4206468597216999,0.0,8948000.0,0.4206468597216999,7.199964,7.199964,1242784.0,1242784.0,https://www.sec.gov/Archives/edgar/data/1415921/000095012308013101/0000950123-08-013101-index.html,https://www.sec.gov/Archives/edgar/data/1415921/000095012308013101/y00346e6vk.htm
0,2008-06-30,NMM,2008-07-02 00:00:00,2008-07-02 15:22:41,Q2,17939000,3328000.0,14611000,0.8144824126205474,0.0,2626000.0,0.0,0.0,0.0,8501000.0,2339000.0,0.0,17946000,1.0003902112715313,9438000.0,0.3988516639723507,13000.0,7155000.0,0.3988516639723507,0.0,7155000.0,0.3988516639723507,5.849971,5.849971,1223083.0,1223083.0,https://www.sec.gov/Archives/edgar/data/1415921/000095013608003341/0000950136-08-003341-index.html,https://www.sec.gov/Archives/edgar/data/1415921/000095013608003341/file1.htm
0,2008-03-31,NMM,2008-04-09 00:00:00,2008-04-08 19:26:22,Q1,14320000,2965000.0,11355000,0.7929469273743017,0.0,2316000.0,0.0,0.0,2965000.0,11010000,2473000.0,2764000.0,6077000.0,0.4243715083798883,3310000.0,0.0,-3000.0,0.0,0.0,0.0,3847000.0,0.268645251396648,5.249974,5.249974,700003.0,700003.0,https://www.sec.gov/Archives/edgar/data/1415921/000095013608001788/0000950136-08-001788-index.html,https://www.sec.gov/Archives/edgar/data/1415921/000095013608001788/file1.htm
0,2007-12-31,NMM,,,Q4,14079000,3776000.0,10303000,0.7317991334611833,0.0,531000.0,0.0,0.0,0.0,7073000.0,1823000.0,0.0,9905000.0,0.7035300802613822,7006000.0,0.28652603167838625,-229000.0,4034000.0,0.28652603167838625,1000.0,4033000.0,0.28645500390652745,0.0,0.0,0.0,0.0,,
