,date,symbol,fillingDate,acceptedDate,period,revenue,costOfRevenue,grossProfit,grossProfitRatio,researchAndDevelopmentExpenses,generalAndAdministrativeExpenses,sellingAndMarketingExpenses,otherExpenses,operatingExpenses,costAndExpenses,interestExpense,depreciationAndAmortization,ebitda,ebitdaratio,operatingIncome,operatingIncomeRatio,totalOtherIncomeExpensesNet,incomeBeforeTax,incomeBeforeTaxRatio,incomeTaxExpense,netIncome,netIncomeRatio,eps,epsdiluted,weightedAverageShsOut,weightedAverageShsOutDil,link,finalLink
0,2020-08-02,DE,2020-08-27 00:00:00,2020-08-27 12:45:16,Q3,8925000000,6214000000,2711000000,0.303754,370000000,752000000,0.0,0.0,1151000000,7365000000,-290000000,547000000,1525000000,0.170868,1560000000,0.17479,0.0,1270000000,0.142297,457000000,811000000,0.090868,2.56808,2.56808,315800000,315800000,https://www.sec.gov/Archives/edgar/data/315189/000155837020010868/0001558370-20-010868-index.htm,https://www.sec.gov/Archives/edgar/data/315189/000155837020010868/de-20200802x10q.htm
0,2020-05-03,DE,2020-05-28 00:00:00,2020-05-28 14:21:34,Q2,9273000000,6833000000,2440000000,0.26313,406000000,906000000,0.0,377000000,1406000000,8239000000,-342000000,529000000,1098000000,0.118408,1034000000,0.111507,0.0,928000000,0.100075,245000000,666000000,0.071821,2.10626,2.10626,316200000,316200000,https://www.sec.gov/Archives/edgar/data/315189/000155837020007066/0001558370-20-007066-index.htm,https://www.sec.gov/Archives/edgar/data/315189/000155837020007066/de-20200503x10q.htm
0,2020-02-02,DE,2020-02-27 00:00:00,2020-02-27 14:13:58,Q1,7635000000,5502000000,2133000000,0.279371,425000000,809000000,0.0,415000000,1234000000,6736000000,336000000,538000000,1441000000,0.188736,899000000,0.117747,0.0,569000000,0.074525,50000000,517000000,0.067714,1.62989,1.62989,317200000,317200000,https://www.sec.gov/Archives/edgar/data/315189/000155837020001593/0001558370-20-001593-index.html,https://www.sec.gov/Archives/edgar/data/315189/000155837020001593/de-20200202x10qf1ac75.htm
0,2019-11-03,DE,2019-12-19 00:00:00,2019-12-19 15:37:52,Q4,9896000000,7243000000,2653000000,0.268088,488000000,944000000,0.0,-53000000,1432000000,8675000000,388000000,497000000,1751000000,0.17694,1221000000,0.123383,0.0,825000000,0.083367,145000000,721000000,0.072858,2.26801,2.26801,317900000,317900000,https://www.sec.gov/Archives/edgar/data/315189/000155837019011614/0001558370-19-011614-index.html,https://www.sec.gov/Archives/edgar/data/315189/000155837019011614/de-20191103x10k.htm
0,2019-07-28,DE,2019-08-29 00:00:00,2019-08-29 14:32:49,Q3,10042000000,7202000000,2840000000,0.282812,431000000,896000000,0.0,352000000,1327000000,8529000000,374200000,505500000,2026700000,0.201822,1513000000,0.150667,0.0,1113000000,0.110834,248000000,899000000,0.089524,2.81113,2.81113,319800000,319800000,https://www.sec.gov/Archives/edgar/data/315189/000155837019008382/0001558370-19-008382-index.html,https://www.sec.gov/Archives/edgar/data/315189/000155837019008382/de-20190728x10q.htm
0,2019-04-28,DE,2019-05-30 00:00:00,2019-05-30 15:54:30,Q2,11349400000,8206200000,3143200000,0.276949,457100000,946900000,0.0,359000000,1404000000,9610200000,350800000,513200000,2342400000,0.20639,1739200000,0.153242,0.0,1473400000,0.129822,343500000,1134900000,0.099996,3.52235,3.52235,322200000,322200000,https://www.sec.gov/Archives/edgar/data/315189/000155837019005380/0001558370-19-005380-index.html,https://www.sec.gov/Archives/edgar/data/315189/000155837019005380/de-20190428x10q.htm
0,2019-01-27,DE,2019-02-28 00:00:00,2019-02-28 12:57:59,Q1,7993600000,5797900000,2195700000,0.274682,406800000,763700000,0.0,351000000,1170500000,6968400000,353000000,503300000,1538900000,0.192517,1025200000,0.128253,0.0,677200000,0.084718,184100000,498500000,0.062362,1.54478,1.54478,322700000,322700000,https://www.sec.gov/Archives/edgar/data/315189/000155837019001282/0001558370-19-001282-index.html,https://www.sec.gov/Archives/edgar/data/315189/000155837019001282/de-20190127x10q.htm
0,2018-10-28,DE,2018-12-17 00:00:00,2018-12-17 12:00:46,Q4,9415900000,6847000000,2568900000,0.272826,469900000,898500000,0.0,366000000,1368399999.9999995,8215400000,322600000,482000000,1829900000,0.194341,1200500000,0.127497,0.0,978900000,0.103962,240500000,784800000,0.083348,2.41774,2.41774,324600000,324600000,https://www.sec.gov/Archives/edgar/data/315189/000104746918007694/0001047469-18-007694-index.html,https://www.sec.gov/Archives/edgar/data/315189/000104746918007694/a2236950z10-k.htm
0,2018-07-29,DE,2018-08-30 00:00:00,2018-08-30 14:47:13,Q3,10308000000,7633000000,2676000000,0.259604,416000000,913000000,0.0,689000000,1328000000,8961000000,291000000,494200000.00000006,2046200000,0.198506,1347000000,0.130675,0.0,1190000000,0.115444,351000000,910000000,0.088281,2.77439,2.77439,328000000,328000000,https://www.sec.gov/Archives/edgar/data/315189/000155837018007303/0001558370-18-007303-index.html,https://www.sec.gov/Archives/edgar/data/315189/000155837018007303/de-20180729x10q.htm
0,2018-04-29,DE,2018-05-31 00:00:00,2018-05-31 13:41:42,Q2,10720000000,7878000000,2842000000,0.265112,415000000,939000000,0.0,344000000,1355000000,9233000000,303700000,487599999.99999994,2350300000,0.219244,1487000000,0.138713,0.0,1384000000,0.129104,351000000,1208000000,0.112687,3.67173,3.67173,329000000,329000000,https://www.sec.gov/Archives/edgar/data/315189/000155837018005045/0001558370-18-005045-index.html,https://www.sec.gov/Archives/edgar/data/315189/000155837018005045/de-20180429x10q.htm
0,2018-01-28,DE,2018-03-01 00:00:00,2018-03-01 10:23:21,Q1,6914000000,4784000000,2130000000,0.308071,357000000,705000000,0.0,343000000,1061000000,5845000000,286300000,463200000,294500000,0.042595,1068000000,0.154469,0.0,518000000,0.07492,80000000,-535000000,-0.077379,-1.65635,-1.65635,323000000,323000000,https://www.sec.gov/Archives/edgar/data/315189/000155837018001362/0001558370-18-001362-index.html,https://www.sec.gov/Archives/edgar/data/315189/000155837018001362/de-20180128x10q.htm
0,2017-10-29,DE,2017-12-18 00:00:00,2017-12-18 11:40:12,Q4,8018000000,5893000000,2125000000,0.265029,397000000,841000000,0.0,1007000000,1238000000,7131000000,248200000,436500000,1416700000,0.17669,887000000,0.110626,0.0,767000000,0.09566,222000000,510000000,0.063607,1.56442,1.56442,326000000,326000000,https://www.sec.gov/Archives/edgar/data/315189/000104746917007719/0001047469-17-007719-index.html,https://www.sec.gov/Archives/edgar/data/315189/000104746917007719/a2233505z10-k.htm
0,2017-07-30,DE,2017-08-31 00:00:00,2017-08-31 15:04:10,Q3,7808000000,5354000000,2454000000,0.314293,335000000,791000000,0.0,309000000,1127000000,6481000000,216400000,435900000,1548300000,0.198297,1327000000,0.169954,0.0,890000000,0.113986,253000000,643000000,0.082351,1.97846,1.97846,325000000,325000000,https://www.sec.gov/Archives/edgar/data/315189/000155837017006878/0001558370-17-006878-index.html,https://www.sec.gov/Archives/edgar/data/315189/000155837017006878/de-20170730x10q.htm
0,2017-04-30,DE,2017-06-02 00:00:00,2017-06-02 08:37:57,Q2,8287000000,5825000000,2462000000,0.297092,325000000,784000000,0.0,346000000,1109000000,6934000000,226800000,427400000.00000006,1829200000,0.220731,1353000000,0.163268,0.0,1169000000,0.141064,366000000,809000000,0.097623,2.50464,2.50464,323000000,323000000,https://www.sec.gov/Archives/edgar/data/315189/000155837017004638/0001558370-17-004638-index.html,https://www.sec.gov/Archives/edgar/data/315189/000155837017004638/de-20170430x10q.htm
0,2017-01-29,DE,2017-02-24 00:00:00,2017-02-24 10:44:56,Q1,5625000000,4042000000,1584000000,0.2816,312000000,667000000,0.0,322000000,979000000,5021000000,208100000,415700000,951800000,0.169209,604000000,0.107378,0.0,328000000,0.058311,129000000,199000000,0.035378,0.62188,0.62188,320000000,320000000,https://www.sec.gov/Archives/edgar/data/315189/000155837017000952/0001558370-17-000952-index.html,https://www.sec.gov/Archives/edgar/data/315189/000155837017000952/de-20170129x10q.htm
0,2016-10-31,DE,2016-12-19 00:00:00,2016-12-19 10:46:49,Q4,6520000000,4788000000,1732000000,0.265644,386000000,747000000,0.0,978000000,1132000000,5920000000,198800000,401399999.9999999,1025199999.9999999,0.157239,599000000,0.091871,0.0,434000000,0.066564,140000000,285000000,0.043712,0.9019,0.9019,316000000,316000000,https://www.sec.gov/Archives/edgar/data/315189/000104746916017244/0001047469-16-017244-index.html,https://www.sec.gov/Archives/edgar/data/315189/000104746916017244/a2230400z10-k.htm
0,2016-07-31,DE,2016-09-01,2016-09-01 14:06:26,Q3,6724000000,4886000000,1839000000,0.273498,339000000,709000000,0.0,276000000,1048000000,5934000000,200600000,396600000.0000001,1313200000.0000002,0.1953,791000000,0.117638,0.0,705000000,0.104848,227000000,489000000,0.072725,1.54747,1.54747,316000000,316000000,https://www.sec.gov/Archives/edgar/data/315189/000155837016008153/de-20160731x10q.htm,https://www.sec.gov/Archives/edgar/data/315189/000155837016008153/de-20160731x10q.htm
0,2016-04-30,DE,2016-05-26 00:00:00,2016-05-26 14:51:02,Q2,7875000000,5643000000,2232000000,0.283429,345000000,715000000,0.0,360000000,1060000000,6703000000,191100000,387599999.99999994,1311700000,0.166565,1172000000,0.148825,0.0,733000000,0.093079,238000000,495000000,0.062857,1.56151,1.56151,317000000,317000000,https://www.sec.gov/Archives/edgar/data/315189/000155837016006167/0001558370-16-006167-index.html,https://www.sec.gov/Archives/edgar/data/315189/000155837016006167/de-20160430x10q.htm
0,2016-01-31,DE,2016-02-25 00:00:00,2016-02-25 15:41:35,Q1,5525000000,4246000000,1279000000,0.231493,319000000,593000000,0.0,247000000,912000000,5158000000,173200000,374200000,897400000,0.162425,366000000,0.066244,0.0,351000000,0.063529,96000000,254000000,0.045973,0.79874,0.79874,318000000,318000000,https://www.sec.gov/Archives/edgar/data/315189/000155837016003529/0001558370-16-003529-index.html,https://www.sec.gov/Archives/edgar/data/315189/000155837016003529/de-20160131x10q.htm
0,2015-10-31,DE,2015-12-18 00:00:00,2015-12-18 13:02:26,Q4,6715000000,5023000000,1692000000,0.251973,404000000,719000000,0.0,738000000,1124000000,6147000000,162900000,353200000.00000006,972100000,0.144765,569000000,0.084736,0.0,457000000,0.068057,105000000,351000000,0.052271,1.08333,1.08333,324000000,324000000,https://www.sec.gov/Archives/edgar/data/315189/000104746915009300/0001047469-15-009300-index.html,https://www.sec.gov/Archives/edgar/data/315189/000104746915009300/a2226814z10-k.htm
0,2015-07-31,DE,2015-08-27 00:00:00,2015-08-27 09:31:07,Q3,7594000000,5706000000,1888000000,0.248617,347000000,755000000,0.0,223000000,1102000000,6808000000,171500000,346300000.00000006,1270800000,0.167343,786000000,0.103503,0.0,739000000,0.097314,241000000,512000000,0.067422,1.53293,1.53293,334000000,334000000,https://www.sec.gov/Archives/edgar/data/315189/000155837015001712/0001558370-15-001712-index.html,https://www.sec.gov/Archives/edgar/data/315189/000155837015001712/de-20150731x10q.htm
0,2015-04-30,DE,2015-05-28 00:00:00,2015-05-28 09:21:55,Q2,8171000000,5854000000,2317000000,0.283564,341000000,740000000,0.0,-10000000,1081000000,6935000000,165500000,340000000,1520500000,0.186085,1236000000,0.151267,0.0,1017000000,0.124465,324000000,691000000,0.084567,2.03235,2.03235,340000000,340000000,https://www.sec.gov/Archives/edgar/data/315189/000110465915041408/0001104659-15-041408-index.html,https://www.sec.gov/Archives/edgar/data/315189/000110465915041408/a15-6155_110q.htm
0,2015-01-31,DE,2015-02-26,2015-02-26 10:01:51,Q1,6383000000,4922000000,1461000000,0.228889,333000000,659000000,0.0,222000000,992000000,5914000000,180100000,342900000,1081000000,0.169356,469000000,0.073476,0.0,568000000,0.088986,171000000,387000000,0.06063,1.1185,1.1185,346000000,346000000,https://www.sec.gov/Archives/edgar/data/315189/000110465914087794/a14-20671_110k.htm,https://www.sec.gov/Archives/edgar/data/315189/000110465914087794/a14-20671_110k.htm
0,2014-10-31,DE,2014-12-19 00:00:00,2014-12-19 10:46:48,Q4,8965000000,6097000000,2868000000,0.319911,412000000,851000000,0.0,355000000,1619000000,7716000000,172500000,349100000,1587600000,0.177089,1249000000,0.13932,0.0,1077000000,0.120134,417000000,649000000,0.072393,1.83333,1.83333,354000000,354000000,https://www.sec.gov/Archives/edgar/data/315189/000110465914087794/0001104659-14-087794-index.html,https://www.sec.gov/Archives/edgar/data/315189/000110465914087794/a14-20671_110k.htm
0,2014-07-31,DE,2014-08-28 00:00:00,2014-08-28 13:10:16,Q3,9500000000,6611000000,2889000000,0.304105,362000000,821000000,0.0,260000000,1443000000,8054000000,319800000,327100000,1947900000,0.205042,1446000000,0.152211,0.0,1292000000,0.136,450000000,851000000,0.089579,2.18205,2.18205,390000000,390000000,https://www.sec.gov/Archives/edgar/data/315189/000110465914063631/0001104659-14-063631-index.html,https://www.sec.gov/Archives/edgar/data/315189/000110465914063631/a14-15078_110q.htm
0,2014-04-30,DE,2014-05-29 00:00:00,2014-05-29 14:22:20,Q2,9948000000,6872000000,3076000000,0.309208,354000000,847000000,0.0,246000000,1446000000,8318000000,-16000000,287199999.99999994,1731200000,0.174025,1630000000,0.163852,0.0,1464000000,0.147165,479000000,981000000,0.098613,2.65135,2.65135,370000000,370000000,https://www.sec.gov/Archives/edgar/data/315189/000110465914042322/0001104659-14-042322-index.html,https://www.sec.gov/Archives/edgar/data/315189/000110465914042322/a14-7721_110q.htm
0,2014-01-31,DE,2014-02-27,2014-02-27 11:25:04,Q1,7654000000,5196000000,2459000000,0.32127,324000000,766000000,0.0,232000000,1321000000,6517000000,171700000,343100000,1476800000,0.192945,1137000000,0.14855,0.0,965000000,0.126078,281000000,681000000,0.088973,1.816,1.816,375000000,375000000,https://www.sec.gov/Archives/edgar/data/315189/000110465913090354/a13-17985_110k.htm,https://www.sec.gov/Archives/edgar/data/315189/000110465913090354/a13-17985_110k.htm
0,2013-10-31,DE,2013-12-16 00:00:00,2013-12-16 12:34:48,Q4,9451000000,6332000000,3118000000,0.329912,405000000,948000000,0.0,333000000,1687000000,8019000000,559000000,299099999.9999999,2102100000,0.222421,1432000000,0.151518,0.0,1244000000,0.131626,437000000,807000000,0.085388,2.11811,2.11811,381000000,381000000,https://www.sec.gov/Archives/edgar/data/315189/000110465913090354/0001104659-13-090354-index.html,https://www.sec.gov/Archives/edgar/data/315189/000110465913090354/a13-17985_110k.htm
0,2013-07-31,DE,2013-08-29 00:00:00,2013-08-29 12:56:43,Q3,10010000000,6838000000,3172000000,0.316883,339000000,920000000,0.0,182000000,1440000000,8278000000,182600000,286800000.00000006,2020400000,0.201838,1732000000,0.173027,0.0,1549000000,0.154745,554000000,997000000,0.0996,2.55641,2.55641,390000000,390000000,https://www.sec.gov/Archives/edgar/data/315189/000110465913066988/0001104659-13-066988-index.html,https://www.sec.gov/Archives/edgar/data/315189/000110465913066988/a13-14192_110q.htm
0,2013-04-30,DE,2013-05-30 00:00:00,2013-05-30 12:23:10,Q2,10914000000,7482000000,3431000000,0.314367,377000000,956000000,0.0,163000000,1497000000,8979000000,-411700000,277299999.99999994,1615600000,0.14803,1935000000,0.177295,0.0,1744000000,0.159795,666000000,1084000000,0.099322,2.75827,2.75827,393000000,393000000,https://www.sec.gov/Archives/edgar/data/315189/000110465913045612/0001104659-13-045612-index.html,https://www.sec.gov/Archives/edgar/data/315189/000110465913045612/a13-6570_110q.htm
0,2013-01-31,DE,2013-02-28 00:00:00,2013-02-28 13:53:37,Q1,7421000000,5015000000,2407000000,0.32435,357000000,782000000,0.0,142000000,1280000000,6295000000,180000000,277100000,1396100000,0.188128,1126000000,0.151732,0.0,946000000,0.127476,289000000,650000000,0.087589,1.65394,1.65394,393000000,393000000,https://www.sec.gov/Archives/edgar/data/315189/000110465913015827/0001104659-13-015827-index.html,https://www.sec.gov/Archives/edgar/data/315189/000110465913015827/a12-29126_110q.htm
0,2012-10-31,DE,2012-12-17 00:00:00,2012-12-17 11:17:35,Q4,9792000000,6841000000,2950000000,0.301266,401000000,948000000,0.0,278000000,1628000000,8469000000,200000000,261500000,1574500000,0.160795,1322000000,0.135008,0.0,1122000000,0.114583,425000000,688000000,0.070261,1.74619,1.74619,394000000,394000000,https://www.sec.gov/Archives/edgar/data/315189/000110465912084558/0001104659-12-084558-index.html,https://www.sec.gov/Archives/edgar/data/315189/000110465912084558/a12-16222_110k.htm
0,2012-07-31,DE,2012-08-30 00:00:00,2012-08-30 13:57:29,Q3,9590000000,6756000000,2834000000,0.295516,368000000,878000000,0.0,179000000,1425000000,8181000000,195000000,244000000.00000006,1654000000,0.172471,1410000000,0.147028,0.0,1215000000,0.126694,427000000,788000000,0.082169,1.97494,1.97494,399000000,399000000,https://www.sec.gov/Archives/edgar/data/315189/000110465912060912/0001104659-12-060912-index.html,https://www.sec.gov/Archives/edgar/data/315189/000110465912060912/a12-15205_110q.htm
0,2012-04-30,DE,2012-05-31,2012-05-31 14:11:07,Q2,10009000000,6835000000,3174000000,0.317115,352000000,881000000,0.0,148000000,1381000000,8216000000,195700000,255399999.99999997,2048100000,0.204626,1793000000,0.179139,0.0,1597000000,0.159556,541000000,1056000000,0.105505,2.60741,2.60741,405000000,405000000,https://www.sec.gov/Archives/edgar/data/315189/000110465912040962/a12-7479_110q.htm,https://www.sec.gov/Archives/edgar/data/315189/000110465912040962/a12-7479_110q.htm
0,2012-01-31,DE,2012-03-01 00:00:00,2012-03-01 15:18:09,Q1,6767000000,4576000000,2191000000,0.323777,313000000,709000000,0.0,177000000,1198000000,5774000000,192100000,243300000,1234400000,0.182415,992000000,0.146594,0.0,800000000,0.118221,266000000,533000000,0.078765,1.30637,1.30637,408000000,408000000,https://www.sec.gov/Archives/edgar/data/315189/000110465912014959/0001104659-12-014959-index.html,https://www.sec.gov/Archives/edgar/data/315189/000110465912014959/a11-29427_110q.htm
0,2011-10-31,DE,2011-12-19 00:00:00,2011-12-19 10:24:03,Q4,8612000000,5926000000,2686000000,0.31189,347000000,860000000,0.0,242000000,1448000000,7374000000,575000000,237000000,1865000000,0.216558,1237000000,0.143637,0.0,1057000000,0.122736,383000000,670000000,0.077798,1.61446,1.61446,415000000,415000000,https://www.sec.gov/Archives/edgar/data/315189/000110465911070023/0001104659-11-070023-index.html,https://www.sec.gov/Archives/edgar/data/315189/000110465911070023/a11-24734_110k.htm
0,2011-07-31,DE,2011-09-01 00:00:00,2011-09-01 15:51:41,Q3,8372000000,5792000000,2580000000,0.30817,312000000,816000000,0.0,189000000,1317000000,7109000000,184300000,229200000,1495500000,0.178631,1263000000,0.15086,0.0,1079000000,0.128882,370000000,712000000,0.085045,1.6872,1.6872,422000000,422000000,https://www.sec.gov/Archives/edgar/data/315189/000110465911049960/0001104659-11-049960-index.html,https://www.sec.gov/Archives/edgar/data/315189/000110465911049960/a11-14160_110q.htm
0,2011-04-30,DE,2011-05-27 00:00:00,2011-05-27 10:17:25,Q2,8910000000,6107000000,2803000000,0.31459,299000000,828000000,0.0,143000000,1270000000,7377000000,192300000,229700000,1765000000,0.198092,1533000000,0.172054,0.0,1341000000,0.150505,439000000,904000000,0.101459,2.12207,2.12207,426000000,426000000,https://www.sec.gov/Archives/edgar/data/315189/000110465911031895/0001104659-11-031895-index.html,https://www.sec.gov/Archives/edgar/data/315189/000110465911031895/a11-10048_110q.htm
0,2011-01-31,DE,2011-02-25,2011-02-25 12:38:59,Q1,6119000000,4094000000,2025000000,0.330936,269000000,665000000,0.0,143000000,1077000000,5171000000,202500000,219000000,1167500000,0.190799,949000000,0.155091,0.0,746000000,0.121915,232000000,514000000,0.084001,1.20093,1.20093,428000000,428000000,https://www.sec.gov/Archives/edgar/data/315189/000110465910063219/a10-17745_110k.htm,https://www.sec.gov/Archives/edgar/data/315189/000110465910063219/a10-17745_110k.htm
0,2010-10-31,DE,2010-12-17 00:00:00,2010-12-17 11:19:30,Q4,7202000000,4909000000,2294000000,0.318523,294000000,842000000,0.0,214000000,1350000000,6259000000,192500000,221899999.99999997,1166400000,0.161955,943000000,0.130936,0.0,750000000,0.104138,295000000,457000000,0.063455,1.06527,1.06527,429000000,429000000,https://www.sec.gov/Archives/edgar/data/315189/000110465910063219/0001104659-10-063219-index.html,https://www.sec.gov/Archives/edgar/data/315189/000110465910063219/a10-17745_110k.htm
0,2010-07-31,DE,2010-08-27 00:00:00,2010-08-27 10:01:07,Q3,6837000000,4520000000,2317000000,0.338891,256000000,751000000,0.0,195000000,1202000000,5722000000,193200000,229500000,1347700000,0.197119,1115000000,0.163083,0.0,922000000,0.134854,308000000,617000000,0.090244,1.43823,1.43823,429000000,429000000,https://www.sec.gov/Archives/edgar/data/315189/000110465910046204/0001104659-10-046204-index.html,https://www.sec.gov/Archives/edgar/data/315189/000110465910046204/a10-13024_110q.htm
0,2010-04-30,DE,2010-05-28 00:00:00,2010-05-28 09:29:32,Q2,7131000000,4765000000,2366000000,0.331791,266000000,733000000,0.0,170000000,1170000000,5935000000,425700000,221999999.99999997,1643700000,0.230501,1196000000,0.167718,0.0,989000000,0.13869,448000000,548000000,0.076848,1.27739,1.27739,429000000,429000000,https://www.sec.gov/Archives/edgar/data/315189/000110465910031404/0001104659-10-031404-index.html,https://www.sec.gov/Archives/edgar/data/315189/000110465910031404/a10-8678_110q.htm
0,2010-01-31,DE,2010-03-01 00:00:00,2010-03-01 15:52:15,Q1,4835000000,3206000000,1629000000,0.336918,236000000,642000000,0.0,169000000,1046000000,4252000000,-2757000.0,241400000,591643000,0.122367,583000000,0.120579,0.0,364000000,0.075284,110000000,243000000,0.050259,0.56776,0.56776,428000000,428000000,https://www.sec.gov/Archives/edgar/data/315189/000110465910010697/0001104659-10-010697-index.html,https://www.sec.gov/Archives/edgar/data/315189/000110465910010697/a10-2626_110q.htm
0,2009-10-31,DE,2009-12-17 00:00:00,2009-12-17 10:42:28,Q4,5334000000,3899000000,1435000000,0.269029,259000000,794000000,0.0,189000000,1241000000,5140000000,922000000,220099999.9999999,1080100000,0.202493,194000000,0.03637,0.0,-55000000,-0.010311,161000000,-223000000,-0.041807,-0.52719,-0.52719,423000000,423000000,https://www.sec.gov/Archives/edgar/data/315189/000110465909070344/0001104659-09-070344-index.html,https://www.sec.gov/Archives/edgar/data/315189/000110465909070344/a09-32005_110k.htm
0,2009-07-31,DE,2009-08-28 00:00:00,2009-08-28 09:50:57,Q3,5885000000,4058000000,1827000000,0.31045,243000000,660000000,0.0,166000000,1069000000,5127000000,-149000000,222500000.00000006,581500000.0000001,0.098811,758000000,0.128802,0.0,509000000,0.086491,88000000,420000000,0.071368,0.98824,0.98824,425000000,425000000,https://www.sec.gov/Archives/edgar/data/315189/000110465909052248/0001104659-09-052248-index.html,https://www.sec.gov/Archives/edgar/data/315189/000110465909052248/a09-18416_110q.htm
0,2009-04-30,DE,2009-06-01 00:00:00,2009-06-01 09:55:09,Q2,6748000000,4756000000,1991000000,0.29505,256000000,688000000,0.0,166000000,1111000000,5867000000,-5000000.0,213799999.99999997,817800000,0.121191,881000000,0.130557,0.0,612000000,0.090694,137000000,472000000,0.069947,1.1028,1.1028,428000000,428000000,https://www.sec.gov/Archives/edgar/data/315189/000110465909035935/0001104659-09-035935-index.html,https://www.sec.gov/Archives/edgar/data/315189/000110465909035935/a09-14296_110q.htm
0,2009-01-31,DE,2009-02-26 00:00:00,2009-02-26 14:20:10,Q1,5146000000,3543000000,1603000000,0.311504,219000000,639000000,0.0,197000000,1055000000,4598000000,274000000,216900000,768900000,0.149417,548000000,0.10649,0.0,274000000,0.053245,74000000,204000000,0.039642,0.48113,0.48113,424000000,424000000,https://www.sec.gov/Archives/edgar/data/315189/000110465909012463/0001104659-09-012463-index.html,https://www.sec.gov/Archives/edgar/data/315189/000110465909012463/a09-6346_110q.htm
0,2008-10-31,DE,2008-12-18 00:00:00,2008-12-18 16:57:34,Q4,7401000000,5283000000,2119000000,0.286313,271000000,769000000,0.0,231000000,1269000000,6552000000,867000000,204100000.00000003,1639100000,0.22147,849000000,0.114714,0.0,561000000,0.075801,223000000,345000000,0.046615,0.80796,0.80796,427000000,427000000,https://www.sec.gov/Archives/edgar/data/315189/000110465908077324/0001104659-08-077324-index.html,https://www.sec.gov/Archives/edgar/data/315189/000110465908077324/a08-29515_110k.htm
0,2008-07-31,DE,2008-09-02 00:00:00,2008-09-02 15:43:50,Q3,7739000000,5422000000,2317000000,0.299393,238000000,772000000,0.0,168000000,1178000000,6600000000,-13000000,218799999.99999994,1087800000,0.140561,1139000000,0.147177,0.0,869000000,0.112288,307000000,575000000,0.074299,1.32488,1.32488,434000000,434000000,https://www.sec.gov/Archives/edgar/data/315189/000110465908056381/0001104659-08-056381-index.html,https://www.sec.gov/Archives/edgar/data/315189/000110465908056381/a08-19274_110q.htm
0,2008-04-30,DE,2008-05-29 00:00:00,2008-05-29 11:29:31,Q2,8097000000,5509000000,2588000000,0.319625,230000000,767000000,0.0,145000000,1142000000,6651000000,-12000000,208400000.00000003,1371400000,0.169371,1446000000,0.178585,0.0,1163000000,0.143633,411000000,764000000,0.094356,1.73636,1.73636,440000000,440000000,https://www.sec.gov/Archives/edgar/data/315189/000110465908036409/0001104659-08-036409-index.html,https://www.sec.gov/Archives/edgar/data/315189/000110465908036409/a08-15265_110q.htm
0,2008-01-31,DE,2008-02-28,2008-02-28 12:56:12,Q1,5201000000,3362000000,1839000000,0.353586,204000000,653000000,0.0,156000000,1012000000,4374000000,295000000,199700000,1033700000,0.19875,827000000,0.159008,0.0,532000000,0.102288,170000000,369000000,0.070948,0.83108,0.83108,444000000,444000000,https://www.sec.gov/Archives/edgar/data/315189/000110465907090067/a07-30888_110k.htm,https://www.sec.gov/Archives/edgar/data/315189/000110465907090067/a07-30888_110k.htm
0,2007-10-31,DE,2007-12-20 00:00:00,2007-12-20 10:34:02,Q4,6141000000,4054000000,2087000000,0.339847,231000000,754000000,0.0,174000000,1159000000,5213000000,860000000,190899999.99999997,1675900000,0.272903,928000000,0.151115,0.0,619000000,0.100798,203000000,422000000,0.068718,0.94196,0.94196,448000000,448000000,https://www.sec.gov/Archives/edgar/data/315189/000110465907090067/0001104659-07-090067-index.html,https://www.sec.gov/Archives/edgar/data/315189/000110465907090067/a07-30888_110k.htm
0,2007-07-31,DE,2007-08-31 00:00:00,2007-08-31 09:16:34,Q3,6634000000,4543000000,2091000000,0.315194,204000000,666000000,0.0,127000000,997000000,5540000000,8000000.0,186100000.00000003,1003100000,0.151206,1094000000,0.164908,0.0,802000000,0.120892,272000000,537000000,0.080947,1.18282,1.18282,454000000,454000000,https://www.sec.gov/Archives/edgar/data/315189/000110465907066384/0001104659-07-066384-index.html,https://www.sec.gov/Archives/edgar/data/315189/000110465907066384/a07-22857_110q.htm
0,2007-04-30,DE,2007-06-01 00:00:00,2007-06-01 12:58:40,Q2,6882000000,4706000000,2177000000,0.316332,204000000,657000000,0.0,143000000,1004000000,5710000000,16000000,181700000,1101700000,0.160084,1173000000,0.170445,0.0,889000000,0.129178,280000000,624000000,0.090671,1.33619,1.33619,467000000,467000000,https://www.sec.gov/Archives/edgar/data/315189/000110465907044588/0001104659-07-044588-index.html,https://www.sec.gov/Archives/edgar/data/315189/000110465907044588/a07-15119_110q.htm
0,2007-01-31,DE,2007-03-01,2007-03-01 16:05:10,Q1,4425000000,2950000000,1475000000,0.333333,177000000,544000000,0.0,122000000,843000000,3793000000,267000000,185700000,819700000,0.185243,633000000,0.143051,0.0,365000000,0.082486,128000000,239000000,0.054011,0.51957,0.51957,460000000,460000000,https://www.sec.gov/Archives/edgar/data/315189/000110465906082456/a06-25680_110k.htm,https://www.sec.gov/Archives/edgar/data/315189/000110465906082456/a06-25680_110k.htm
0,2006-10-31,DE,2006-12-19,2006-12-19 15:06:31,Q4,5118000000,3524000000,1593000000,0.311254,201000000,619000000,0.0,130000000,951000000,4475000000,756000000,188899999.99999997,1329900000,0.259848,643000000,0.125635,0.0,368000000,0.071903,108000000,277000000,0.054123,0.59957,0.59957,462000000,462000000,https://www.sec.gov/Archives/edgar/data/315189/000110465906082456/a06-25680_110k.htm,https://www.sec.gov/Archives/edgar/data/315189/000110465906082456/a06-25680_110k.htm
0,2006-07-31,DE,2006-08-31,2006-08-31 14:20:21,Q3,6267000000,4399000000,1868000000,0.298069,176000000,623000000,0.0,126000000,925000000,5324000000,11000000,170600000.00000003,865600000,0.13812,943000000,0.150471,0.0,681000000,0.108664,248000000,436000000,0.069571,0.87903,0.87903,496000000,496000000,https://www.sec.gov/Archives/edgar/data/315189/000110465906058601/a06-15886_110q.htm,https://www.sec.gov/Archives/edgar/data/315189/000110465906058601/a06-15886_110q.htm
0,2006-04-30,DE,2006-06-01,2006-06-01 16:13:50,Q2,6562000000,4543000000,2019000000,0.307681,188000000,614000000,0.0,182000000,983000000,5526000000,21000000,170700000,1206700000,0.183892,1036000000,0.157879,0.0,785000000,0.119628,270000000,745000000,0.113532,1.56513,1.56513,476000000,476000000,https://www.sec.gov/Archives/edgar/data/315189/000110465906038834/a06-12819_110q.htm,https://www.sec.gov/Archives/edgar/data/315189/000110465906038834/a06-12819_110q.htm
0,2006-01-31,DE,2006-02-24,2006-02-24 15:00:34,Q1,4202000000,2896000000,1306000000,0.310804,161000000,468000000,0.0,107000000,736000000,3632000000,229000000,161200000,742200000,0.17663,570000000,0.13565,0.0,340000000,0.080914,116000000,236000000,0.056164,0.49476,0.49476,477000000,477000000,https://www.sec.gov/Archives/edgar/data/315189/000110465905061732/a05-21685_110k.htm,https://www.sec.gov/Archives/edgar/data/315189/000110465905061732/a05-21685_110k.htm
0,2005-10-31,DE,2005-12-20,2005-12-20 14:57:28,Q4,4992000000,3600000000,1392000000,0.278846,192000000,560000000,0.0,106000000,859000000,4459000000,565000000,164700000,1057700000,0.211879,533000000,0.106771,0.0,316000000,0.063301,95000000,233000000,0.046675,0.4824,0.4824,483000000,483000000,https://www.sec.gov/Archives/edgar/data/315189/000110465905061732/a05-21685_110k.htm,https://www.sec.gov/Archives/edgar/data/315189/000110465905061732/a05-21685_110k.htm
0,2005-07-31,DE,2005-09-01,2005-09-01 14:56:46,Q3,5824000000,4264000000,1560000000,0.267857,165000000,533000000,0.0,95000000,793000000,5057000000,16000000,158000000,755000000,0.129636,766000000,0.131525,0.0,570000000,0.097871,194000000,387000000,0.066449,0.75146,0.75146,515000000,515000000,https://www.sec.gov/Archives/edgar/data/315189/000110465905042517/a05-15571_110q.htm,https://www.sec.gov/Archives/edgar/data/315189/000110465905042517/a05-15571_110q.htm
0,2005-04-30,DE,2005-05-27,2005-05-27 11:44:34,Q2,6441000000,4546000000,1895000000,0.294209,170000000,563000000,0.0,94000000,827000000,5373000000,13000000,153500000,1064500000,0.165269,1068000000,0.165813,0.0,887000000,0.137712,294000000,604000000,0.093774,1.21529,1.21529,497000000,497000000,https://www.sec.gov/Archives/edgar/data/315189/000110465905025768/a05-9939_110q.htm,https://www.sec.gov/Archives/edgar/data/315189/000110465905025768/a05-9939_110q.htm
0,2005-01-31,DE,2005-03-14,2005-03-14 16:45:27,Q1,3935000000,2770000000,1165000000,0.296061,149000000,430000000,0.0,85000000,664000000,3434000000,167000000,160300000,665300000,0.169072,500000000,0.127065,0.0,333000000,0.084625,115000000,223000000,0.056671,0.44422,0.44422,502000000,502000000,https://www.sec.gov/Archives/edgar/data/315189/000110465904040625/a04-14942_110k.htm,https://www.sec.gov/Archives/edgar/data/315189/000110465904040625/a04-14942_110k.htm
0,2004-10-31,DE,2004-12-21,2004-12-21 14:05:01,Q4,5207000000,3693000000,1514000000,0.290762,173000000,576000000,0.0,91000000,839000000,4532000000,448000000,152200000,1123200000,0.21571,675000000,0.129633,0.0,525000000,0.100826,166000000,357000000,0.068562,0.70553,0.70553,506000000,506000000,https://www.sec.gov/Archives/edgar/data/315189/000110465904040625/a04-14942_110k.htm,https://www.sec.gov/Archives/edgar/data/315189/000110465904040625/a04-14942_110k.htm
0,2004-07-31,DE,2004-08-27,2004-08-27 11:47:54,Q3,5418000000,3915000000,1503000000,0.277409,150000000,540000000,0.0,84000000,775000000,4690000000,-154000000,152100000.00000003,586100000,0.108176,729000000,0.134551,0.0,585000000,0.107973,187000000,401000000,0.074013,0.78782,0.78782,509000000,509000000,https://www.sec.gov/Archives/edgar/data/315189/000110465904026045/a04-10006_110q.htm,https://www.sec.gov/Archives/edgar/data/315189/000110465904026045/a04-10006_110q.htm
0,2004-04-30,DE,2004-05-28,2004-05-28 12:40:57,Q2,5877000000,4164000000,1713000000,0.291475,151000000,584000000,0.0,86000000,820000000,4984000000,151000000,156799999.99999997,1047800000,0.178288,893000000,0.151948,0.0,742000000,0.126255,263000000,477000000,0.081164,0.93898,0.93898,508000000,508000000,https://www.sec.gov/Archives/edgar/data/315189/000031518904000069/dc10q2ndqtrhtmll.htm,https://www.sec.gov/Archives/edgar/data/315189/000031518904000069/dc10q2ndqtrhtmll.htm
0,2004-01-31,DE,2004-02-27,2004-02-27 10:32:10,Q1,3484000000,2445000000,1039000000,0.29822,138000000,418000000,0.0,73000000,629000000,3074000000,147000000,159900000,570900000,0.163863,410000000,0.117681,0.0,262000000,0.075201,93000000,171000000,0.049082,0.33929,0.33929,504000000,504000000,https://www.sec.gov/Archives/edgar/data/315189/000119312503098064/d10k.htm,https://www.sec.gov/Archives/edgar/data/315189/000119312503098064/d10k.htm
0,2003-10-31,DE,2003-12-22,2003-12-22 15:09:06,Q4,3939000000,2916000000,1024000000,0.259964,172000000,514000000,0.0,87000000,773000000,3689000000,154000000,631400000,888400000,0.225539,251000000,0.063722,0.0,97000000,0.024626,32000000,71000000,0.018025,0.1376,0.1376,516000000,516000000,https://www.sec.gov/Archives/edgar/data/315189/000119312503098064/d10k.htm,https://www.sec.gov/Archives/edgar/data/315189/000119312503098064/d10k.htm
0,2003-07-31,DE,2003-08-29 00:00:00,2003-08-29 14:22:02,Q3,4402000000,3204000000,1197000000,0.271922,143000000,448000000,0.0,74000000,665000000,3869000000,162000000,0.0,537000000,0.12199,533000000,0.121081,0.0,370000000,0.084053,127000000,248000000,0.056338,0.51029,0.51029,486000000,486000000,https://www.sec.gov/Archives/edgar/data/315189/000031518903000101/0000315189-03-000101-index.html,https://www.sec.gov/Archives/edgar/data/315189/000031518903000101/dc10q3rdqtrhtml.htm
0,2003-04-30,DE,2003-05-29,2003-05-29 14:51:14,Q2,4400000000,3191000000,1209000000,0.274773,144000000,425000000,0.0,80000000,650000000,3841000000,160000000,0.0,557000000,0.126591,559000000,0.127045,0.0,398000000,0.090455,140000000,257000000,0.058409,0.53542,0.53542,480000000,480000000,https://www.sec.gov/Archives/edgar/data/315189/000031518903000068/deere10q.htm,https://www.sec.gov/Archives/edgar/data/315189/000031518903000068/deere10q.htm
0,2003-01-31,DE,2003-03-04,2003-03-04 14:35:27,Q1,2794000000,1978000000,816000000,0.292054,118000000,357000000,0.0,84000000,558000000,2536000000,152000000,0.0,258000000,0.092341,258000000,0.092341,0.0,106000000,0.037938,38000000,68000000,0.024338,0.14021,0.14021,485000000,485000000,https://www.sec.gov/Archives/edgar/data/315189/000094018002001741/d10k.htm,https://www.sec.gov/Archives/edgar/data/315189/000094018002001741/d10k.htm
0,2002-10-31,DE,2002-12-20 00:00:00,2002-12-19 17:48:06,Q4,3470000000,2506000000,969000000,0.279251,143000000,435000000,0.0,84000000,676000000,3182000000,161000000,0.0,284000000,0.081844,288000000,0.082997,0.0,127000000,0.036599,55000000,68000000,0.019597,0.13878,0.13878,490000000,490000000,https://www.sec.gov/Archives/edgar/data/315189/000094018002001741/0000940180-02-001741-index.html,https://www.sec.gov/Archives/edgar/data/315189/000094018002001741/d10k.htm
0,2002-09-10,DE,2002-09-10,2002-09-10 14:41:36,Q3,3410000000,2747000000,663000000,0.19442815249266862,125000000,406000000,0.0,101000000,101000000,2848000000,158000000,0.0,289000000,0.08475073313782991,289000000,0.08475073313782991,54000000,289000000,0.08475073313782991,135000000,148000000,0.04340175953079179,0.61323,0.61323,236792452,241346153,https://www.sec.gov/Archives/edgar/data/315189/000031518902000063/0000315189-02-000063-index.htm,https://www.sec.gov/Archives/edgar/data/315189/000031518902000063/deere10q.htm
0,2002-07-31,DE,2002-09-10 00:00:00,2002-09-10 14:41:36,Q3,3969000000,2865000000,1104000000,0.278156,125000000,406000000,0.0,101000000,657000000,3522000000,-158000000,0.0,125000000,0.031494,447000000,0.112623,0.0,289000000,0.072814,135000000,148000000,0.037289,0.30769,0.30769,481000000,481000000,https://www.sec.gov/Archives/edgar/data/315189/000031518902000063/0000315189-02-000063-index.html,https://www.sec.gov/Archives/edgar/data/315189/000031518902000063/deere10q.htm
0,2002-04-30,DE,2002-06-06 00:00:00,2002-06-05 18:05:36,Q2,3986000000,2874000000,1109000000,0.278224,132000000,451000000,0.0,116000000,716000000,3590000000,131000000,0.0,366000000,0.091821,397000000,0.099599,0.0,240000000,0.060211,93000000,142000000,0.035625,0.29522,0.29522,481000000,481000000,https://www.sec.gov/Archives/edgar/data/315189/000031518902000031/0000315189-02-000031-index.html,https://www.sec.gov/Archives/edgar/data/315189/000031518902000031/quarterly10-qtemplate2.htm
0,2002-01-31,DE,2002-03-12 00:00:00,2002-03-12 00:00:00,Q1,2522000000,1795000000,724000000,0.287074,127000000,366000000,0.0,109000000,619000000,2414000000,-162000000,0.0,-225000000,-0.089215,108000000,0.042823,0.0,-54000000,-0.021412,-25000000,-38000000,-0.015067,-0.08,-0.08,475000000,475000000,https://www.sec.gov/Archives/edgar/data/315189/000095013102000859/0000950131-02-000859-index.html,https://www.sec.gov/Archives/edgar/data/315189/000095013102000859/d10q.txt
0,2001-10-31,DE,,,Q4,3161000000,2614000000,541000000,0.171148,161000000,560000000,0.0,118000000,839000000,3453000000,-177000000,0.0,-654000000,-0.206897,-292000000,-0.092376,0.0,-469000000,-0.148371,-157000000,-320000000,-0.101234,-0.67797,-0.67797,472000000,472000000,,
0,2001-07-31,DE,2001-09-13 00:00:00,2001-09-13 00:00:00,Q3,3618000000,2661000000,957000000,0.264511,142000000,399000000,0.0,92000000,633000000,3294000000,27000000,0.0,159000000,0.043947,324000000,0.089552,0.0,137000000,0.037866,60000000,72000000,0.0199,0.15222,0.15222,473000000,473000000,https://www.sec.gov/Archives/edgar/data/315189/000091205701532081/0000912057-01-532081-index.html,https://www.sec.gov/Archives/edgar/data/315189/000091205701532081/a2058914z10-q.htm
0,2001-04-30,DE,2001-06-07 00:00:00,2001-06-07 00:00:00,Q2,3809000000,2747000000,1059000000,0.278026,154000000,403000000,0.0,89000000,646000000,3393000000,-202000000,0.0,8000000.0,0.0021,416000000,0.109215,0.0,215000000,0.056445,82000000,128000000,0.033605,0.27061,0.27061,473000000,473000000,https://www.sec.gov/Archives/edgar/data/315189/000031518901500034/0000315189-01-500034-index.html,https://www.sec.gov/Archives/edgar/data/315189/000031518901500034/edg10q.txt
0,2001-01-31,DE,2001-03-05 00:00:00,2001-03-05 00:00:00,Q1,2705000000,1830000000,872000000,0.322366,134000000,356000000,0.0,93000000,583000000,2413000000,-199000000,0.0,-110000000,-0.040665,292000000,0.107948,0.0,93000000,0.034381,33000000,56000000,0.020702,0.1194,0.1194,469000000,469000000,https://www.sec.gov/Archives/edgar/data/315189/000095013101001434/0000950131-01-001434-index.html,https://www.sec.gov/Archives/edgar/data/315189/000095013101001434/0000950131-01-001434-0001.txt
0,2000-10-31,DE,,,Q4,3376000000,2391000000,982000000,0.290877,169000000,442000000,0.0,91000000,702000000,3093000000,-188000000,0.0,-95000000,-0.02814,283000000,0.083827,0.0,95000000,0.02814,22000000,71000000,0.021031,0.14916,0.14916,476000000,476000000,,
0,2000-07-31,DE,2000-09-05 00:00:00,2000-09-05 00:00:00,Q3,3632000000,2582000000,1047000000,0.288271,131000000,385000000,0.0,83000000,599000000,3181000000,-182000000,0.0,92000000,0.02533,451000000,0.124174,0.0,269000000,0.074064,102000000,172000000,0.047357,0.36441,0.36441,472000000,472000000,https://www.sec.gov/Archives/edgar/data/315189/000031518900500014/0000315189-00-500014-index.html,https://www.sec.gov/Archives/edgar/data/315189/000031518900500014/de10q7312000edg.txt
0,2000-04-30,DE,2000-06-08 00:00:00,2000-06-08 00:00:00,Q2,3790000000,2700000000,1086000000,0.286544,140000000,363000000,0.0,73000000,576000000,3276000000,-160000000,0.0,194000000,0.051187,513000000,0.135356,0.0,353000000,0.09314,150000000,204000000,0.053826,0.4322,0.4322,472000000,472000000,https://www.sec.gov/Archives/edgar/data/315189/000091205700027721/0000912057-00-027721-index.html,https://www.sec.gov/Archives/edgar/data/315189/000091205700027721/a10-q.htm
0,2000-01-31,DE,,,Q1,2339000000,1643000000,687000000,0.293715,103000000,315000000,0.0,72000000,490000000,2133000000,-147000000,0.0,-88000000,-0.037623,207000000,0.088499,0.0,60000000,0.025652,21000000,38000000,0.016246,0.0812,0.0812,468000000,468000000,,
0,1999-10-31,DE,,,Q4,2789000000,2121000000,655000000,0.234851,135000000,381000000,0.0,78000000,593000000,2714000000,-141000000,0.0,-207000000,-0.07422,74000000,0.026533,0.0,-67000000,-0.024023,-36000000,-30000000,-0.010757,-0.06608,-0.06608,454000000,454000000,,
0,1999-07-31,DE,1999-09-03 00:00:00,1999-09-03 00:00:00,Q3,3035000000,2252000000,769000000,0.253377,115000000,339000000,0.0,66000000,520000000,2772000000,-139000000,0.0,-9000000.0,-0.002965,264000000,0.086985,0.0,125000000,0.041186,61000000,69000000,0.022735,0.14744,0.14744,468000000,468000000,https://www.sec.gov/Archives/edgar/data/315189/000031518999000039/0000315189-99-000039-index.html,https://www.sec.gov/Archives/edgar/data/315189/0000315189-99-000039.txt
0,1999-04-30,DE,1999-06-08 00:00:00,1999-06-08 00:00:00,Q2,3468000000,2591000000,861000000,0.24827,113000000,341000000,0.0,50000000,504000000,3095000000,-143000000,0.0,90000000,0.025952,374000000,0.107843,0.0,231000000,0.066609,83000000,150000000,0.043253,0.32258,0.32258,465000000,465000000,https://www.sec.gov/Archives/edgar/data/315189/000031518999000023/0000315189-99-000023-index.html,https://www.sec.gov/Archives/edgar/data/315189/0000315189-99-000023.txt
0,1999-01-31,DE,,,Q1,2459000000,1808000000,632000000,0.257015,96000000,302000000,0.0,43000000,440000000,2248000000,-134000000,0.0,-57000000,-0.02318,210000000,0.085401,0.0,76000000,0.030907,27000000,50000000,0.020333,0.10753,0.10753,465000000,465000000,,
0,1998-10-31,DE,,,Q4,3213000000,2302000000,887000000,0.276066,125000000,361000000,0.0,53000000,539000000,2841000000,-137000000,0.0,101000000,0.031435,372000000,0.11578,0.0,235000000,0.07314,76000000,162000000,0.05042,0.35449,0.35449,457000000,457000000,,
0,1998-07-31,DE,1998-09-02 00:00:00,1998-09-02 00:00:00,Q3,3694000000,2629000000,1049000000,0.283974,111000000,325000000,0.0,54000000,489000000,3118000000,-138000000,0.0,308000000,0.083378,575000000,0.155658,0.0,437000000,0.1183,155000000,291000000,0.078776,0.59509,0.59509,489000000,489000000,https://www.sec.gov/Archives/edgar/data/315189/000031518998000019/0000315189-98-000019-index.html,https://www.sec.gov/Archives/edgar/data/315189/0000315189-98-000019.txt
0,1998-04-30,DE,1998-06-09 00:00:00,1998-06-09 00:00:00,Q2,4070000000,2876000000,1177000000,0.289189,114000000,341000000,0.0,42000000,497000000,3373000000,-129000000,0.0,441000000,0.108354,697000000,0.171253,0.0,567000000,0.139312,205000000,365000000,0.089681,0.72421,0.72421,504000000,504000000,https://www.sec.gov/Archives/edgar/data/315189/000031518998000011/0000315189-98-000011-index.html,https://www.sec.gov/Archives/edgar/data/315189/0000315189-98-000011.txt
0,1998-01-31,DE,1998-03-06 00:00:00,1998-03-06 00:00:00,Q1,2846000000,2005000000,824000000,0.289529,95000000,283000000,0.0,28000000,406000000,2411000000,-115000000,0.0,206000000,0.072382,436000000,0.153197,0.0,321000000,0.11279,118000000,203000000,0.071328,0.40198,0.40198,505000000,505000000,https://www.sec.gov/Archives/edgar/data/315189/000031518998000005/0000315189-98-000005-index.html,https://www.sec.gov/Archives/edgar/data/315189/0000315189-98-000005.txt
0,1997-10-31,DE,,,Q4,3445000000,2468000000,958000000,0.278084,120000000,388000000,0.0,42000000,549000000,3017000000,-113000000,0.0,203000000,0.058926,427000000,0.123948,0.0,315000000,0.091437,105000000,211000000,0.061248,0.41617,0.41617,507000000,507000000,,
0,1997-07-31,DE,1997-09-04 00:00:00,1997-09-04 00:00:00,Q3,3431000000,2467000000,946000000,0.275721,100000000,335000000,0.0,18000000,453000000,2920000000,-111000000,0.0,293000000,0.085398,511000000,0.148936,0.0,400000000,0.116584,151000000,253000000,0.073739,0.49511,0.49511,511000000,511000000,https://www.sec.gov/Archives/edgar/data/315189/000031518997000013/0000315189-97-000013-index.html,https://www.sec.gov/Archives/edgar/data/315189/0000315189-97-000013.txt
0,1997-04-30,DE,1997-06-10 00:00:00,1997-06-10 00:00:00,Q2,3521000000,2447000000,1057000000,0.300199,107000000,336000000,0.0,20000000,463000000,2910000000,-104000000,0.0,404000000,0.11474,611000000,0.17353,0.0,508000000,0.144277,189000000,319000000,0.090599,0.61822,0.61822,516000000,516000000,https://www.sec.gov/Archives/edgar/data/315189/000031518997000007/0000315189-97-000007-index.html,https://www.sec.gov/Archives/edgar/data/315189/0000315189-97-000007.txt
0,1997-01-31,DE,1997-03-07 00:00:00,1997-03-07 00:00:00,Q1,2396000000,1653000000,728000000,0.30384,87000000,262000000,0.0,14000000,363000000,2016000000,-95000000,0.0,188000000,0.078464,380000000,0.158598,0.0,285000000,0.118948,106000000,177000000,0.073873,0.34236,0.34236,517000000,517000000,https://www.sec.gov/Archives/edgar/data/315189/000031518997000003/0000315189-97-000003-index.html,https://www.sec.gov/Archives/edgar/data/315189/0000315189-97-000003.txt
0,1996-10-31,DE,,,Q4,2919000000,2084000000,819000000,0.280576,102000000,328000000,0.0,19000000,449000000,2533000000,-101000000,311400000,498400000,0.170743,386000000,0.132237,0.0,285000000,0.097636,114000000,174000000,0.059609,0.3327,0.3327,523000000,523000000,,
0,1996-07-31,DE,1996-08-30 00:00:00,1996-08-30 00:00:00,Q3,2905000000,2079000000,809000000,0.278485,92000000,298000000,0.0,19000000,409000000,2488000000,-100000000,0.0,220000000,0.075731,417000000,0.143546,0.0,317000000,0.109122,116000000,204000000,0.070224,0.38636,0.38636,528000000,528000000,https://www.sec.gov/Archives/edgar/data/315189/000091205796019374/0000912057-96-019374-index.html,https://www.sec.gov/Archives/edgar/data/315189/0000912057-96-019374.txt
0,1996-04-30,DE,1996-06-06 00:00:00,1996-06-06 00:00:00,Q2,3089000000,2170000000,901000000,0.29168,97000000,282000000,0.0,10000000,390000000,2560000000,-103000000,0.0,326000000,0.105536,529000000,0.171253,0.0,426000000,0.137909,156000000,273000000,0.088378,0.51412,0.51412,531000000,531000000,https://www.sec.gov/Archives/edgar/data/315189/000031518996000009/0000315189-96-000009-index.html,https://www.sec.gov/Archives/edgar/data/315189/0000315189-96-000009.txt
0,1996-01-31,DE,1996-03-08 00:00:00,1996-03-08 00:00:00,Q1,2318000000,1629000000,673000000,0.290336,80000000,238000000,0.0,14000000,332000000,1961000000,-99000000,0.0,161000000,0.069456,357000000,0.154012,0.0,258000000,0.111303,94000000,166000000,0.071613,0.31679,0.31679,524000000,524000000,https://www.sec.gov/Archives/edgar/data/315189/000031518996000005/0000315189-96-000005-index.html,https://www.sec.gov/Archives/edgar/data/315189/0000315189-96-000005.txt
0,1995-10-31,DE,,,Q4,2719000000,2007000000,694000000,0.255241,97000000,273000000,0.0,13000000,382000000,2389000000,-102000000,283100000,412100000,0.151563,329000000,0.121,0.0,227000000,0.083487,80000000,151000000,0.055535,0.28872,0.28872,523000000,523000000,,
0,1995-07-31,DE,1995-09-12 00:00:00,1995-09-12 00:00:00,Q3,2673000000,1956000000,689000000,0.257763,82000000,252000000,0.0,11000000,344000000,2300000000,-100000000,0.0,178000000,0.066592,373000000,0.139544,0.0,273000000,0.102132,98000000,180000000,0.06734,0.34417,0.34417,523000000,523000000,https://www.sec.gov/Archives/edgar/data/315189/000031518995000009/0000315189-95-000009-index.html,https://www.sec.gov/Archives/edgar/data/315189/0000315189-95-000009.txt
0,1995-04-30,DE,1995-06-12 00:00:00,1995-06-12 00:00:00,Q2,2812000000,1981000000,808000000,0.28734,82000000,254000000,0.0,21000000,357000000,2338000000,-103000000,0.0,271000000,0.096373,474000000,0.168563,0.0,371000000,0.131935,137000000,237000000,0.084282,0.45665,0.45665,519000000,519000000,https://www.sec.gov/Archives/edgar/data/315189/000031518995000006/0000315189-95-000006-index.html,https://www.sec.gov/Archives/edgar/data/315189/0000315189-95-000006.txt
0,1995-01-31,DE,1995-03-13 00:00:00,1995-03-13 00:00:00,Q1,2088000000,1478000000,583000000,0.279215,67000000,222000000,0.0,11000000,300000000,1778000000,-88000000,0.0,134000000,0.064176,310000000,0.148467,0.0,221000000,0.105843,83000000,139000000,0.066571,0.26782,0.26782,519000000,519000000,https://www.sec.gov/Archives/edgar/data/315189/000031518995000003/0000315189-95-000003-index.html,https://www.sec.gov/Archives/edgar/data/315189/0000315189-95-000003.txt
0,1994-10-31,DE,,,Q4,2516000000,1820000000,671000000,0.266693,80000000,269000000,0.0,13000000,362000000,2182000000,-83000000,256700000,431700000,0.171582,335000000,0.133148,0.0,252000000,0.100159,88000000,170000000,0.067568,0.32819,0.32819,518000000,518000000,,
0,1994-07-31,DE,1994-09-14 00:00:00,1994-09-14 00:00:00,Q3,2327000000,1719000000,585000000,0.251397,67000000,214000000,0.0,9000000.0,289000000,2008000000,-78000000,0.0,168000000,0.072196,318000000,0.136657,0.0,241000000,0.103567,88000000,158000000,0.067899,0.30443,0.30443,519000000,519000000,https://www.sec.gov/Archives/edgar/data/315189/000031518994000015/0000315189-94-000015-index.html,https://www.sec.gov/Archives/edgar/data/315189/0000315189-94-000015.txt
0,1994-04-30,DE,1994-06-10 00:00:00,1994-06-10 00:00:00,Q2,2461000000,1790000000,646000000,0.262495,69000000,226000000,0.0,9000000.0,304000000,2094000000,-71000000,0.0,226000000,0.091833,366000000,0.14872,0.0,295000000,0.11987,108000000,189000000,0.076798,0.36557,0.36557,517000000,517000000,https://www.sec.gov/Archives/edgar/data/315189/000031518994000011/0000315189-94-000011-index.html,https://www.sec.gov/Archives/edgar/data/315189/0000315189-94-000011.txt
0,1994-01-31,DE,1994-03-17 00:00:00,1994-03-17 00:00:00,Q1,1727000000,1257000000,447000000,0.25883,60000000,198000000,0.0,7000000.0,265000000,1522000000,-71000000,0.0,64000000,0.037058,205000000,0.118703,0.0,133000000,0.077012,48000000,87000000,0.050376,0.16926,0.16926,514000000,514000000,https://www.sec.gov/Archives/edgar/data/315189/000031518994000009/0000315189-94-000009-index.html,https://www.sec.gov/Archives/edgar/data/315189/0000315189-94-000009.txt
