,date,symbol,fillingDate,acceptedDate,period,revenue,costOfRevenue,grossProfit,grossProfitRatio,researchAndDevelopmentExpenses,generalAndAdministrativeExpenses,sellingAndMarketingExpenses,otherExpenses,operatingExpenses,costAndExpenses,interestExpense,depreciationAndAmortization,ebitda,ebitdaratio,operatingIncome,operatingIncomeRatio,totalOtherIncomeExpensesNet,incomeBeforeTax,incomeBeforeTaxRatio,incomeTaxExpense,netIncome,netIncomeRatio,eps,epsdiluted,weightedAverageShsOut,weightedAverageShsOutDil,link,finalLink
0,2020-09-30,ICFI,2020-11-06,2020-11-06 06:02:45,Q3,360315000,0.0,360315000,1.0,0.0,0.0,100123000,8654000.0,108777000,108777000,3488000.0,8654000.0,36904000,0.10242149230534393,28250000,0.07840361905554862,-223000.0,24539000,0.06810429762846398,6668000.0,17871000,0.04959826818200741,0.95,0.94,18853000,19020000,https://www.sec.gov/Archives/edgar/data/1362004/000156459020051632/0001564590-20-051632-index.htm,https://www.sec.gov/Archives/edgar/data/1362004/000156459020051632/icfi-10q_20200930.htm
0,2020-06-30,ICFI,2020-08-05,2020-08-05 06:01:27,Q2,353987000,223407000,130580000,0.36888360307016926,0.0,99255000,99255000,8543000.0,107797999.99999997,331204999.99999994,3908000.0,8543000.0,31674000,0.089478,22782000,0.064358,349000.0,19223000,0.054304,5567000.0,13656000,0.038578,0.71798,0.71798,19020000,19020000,https://www.sec.gov/Archives/edgar/data/1362004/000156459020036374/0001564590-20-036374-index.htm,https://www.sec.gov/Archives/edgar/data/1362004/000156459020036374/icfi-10q_20200630.htm
0,2020-03-31,ICFI,2020-05-06 00:00:00,2020-05-06 06:02:16,Q1,358238000,230616000,127622000,0.356249,0.0,103271000,103271000,8032000.0,111302999.99999997,341918999.99999994,3525000.0,8032000.0,24541000,0.068505,16319000,0.045554,190000.0,12984000,0.036244,2372000.0,10612000,0.029623,0.55279,0.55279,19197000,19197000,https://www.sec.gov/Archives/edgar/data/1362004/000156459020021498/0001564590-20-021498-index.html,https://www.sec.gov/Archives/edgar/data/1362004/000156459020021498/icfi-10q_20200331.htm
0,2019-12-31,ICFI,2020-02-28 00:00:00,2020-02-28 06:06:36,Q4,396636000,264027000,132609000,0.334334,0.0,97664000,97664000,6647000.0,104311000.00000004,368338000.00000006,2508000.0,6646999.999999998,34811000,0.087766,28298000,0.071345,-134000.0,25656000,0.064684,6277000.0,19379000,0.048858,1.00555,1.00555,19272000,19272000,https://www.sec.gov/Archives/edgar/data/1362004/000156459020007616/0001564590-20-007616-index.html,https://www.sec.gov/Archives/edgar/data/1362004/000156459020007616/icfi-10k_20191231.htm
0,2019-09-30,ICFI,2019-11-07 00:00:00,2019-11-07 06:24:22,Q3,373918000,238158000,135760000,0.363074,0.0,100130000,100130000,6966000.0,107096000.00000003,345254000.00000006,2824000.0,6965999.999999999,35489000,0.094911,28664000,0.076659,-141000.0,25699000,0.068729,6069000.0,19630000,0.052498,1.02405,1.02405,19169000,19169000,https://www.sec.gov/Archives/edgar/data/1362004/000156459019041317/0001564590-19-041317-index.html,https://www.sec.gov/Archives/edgar/data/1362004/000156459019041317/icfi-10q_20190930.htm
0,2019-06-30,ICFI,2019-08-02,2019-08-02 06:02:26,Q2,366717000,235053000,131664000,0.359034,0.0,101450000,101450000,7672000.0,109122000.00000001,344175000,2934000.0,7672000.000000001,30400000,0.082898,22542000,0.06147,186000.0,19794000,0.053976,5183000.0,14611000,0.039843,0.76365,0.76365,19133000,19133000,https://www.sec.gov/Archives/edgar/data/1362004/000156459019028119/icfi-10q_20190630.htm,https://www.sec.gov/Archives/edgar/data/1362004/000156459019028119/icfi-10q_20190630.htm
0,2019-03-31,ICFI,2019-05-03 00:00:00,2019-05-03 06:05:09,Q1,341254000,215949000,125305000,0.36719,0.0,96519000,96519000,6897000.0,103416000,319365000,2453000.0,6897000.0,28374000,0.083146,21889000,0.064143,-412000.0,19024000,0.055747,3706000.0,15318000,0.044887,0.7952,0.7952,19263000,19263000,https://www.sec.gov/Archives/edgar/data/1362004/000156459019015493/0001564590-19-015493-index.html,https://www.sec.gov/Archives/edgar/data/1362004/000156459019015493/icfi-10q_20190331.htm
0,2018-12-31,ICFI,2019-02-27 00:00:00,2019-02-27 06:02:32,Q4,377910000,249057000,128853000,0.340962,0.0,91958000,91958000,7452000.0,99410000,348467000,2637000.0,7452999.999999999,36726000,0.097182,29443000,0.07791,-170000.0,26636000,0.070482,7941000.0,18695000,0.049469,0.95519,0.95519,19572000,19572000,https://www.sec.gov/Archives/edgar/data/1362004/000156459019004641/0001564590-19-004641-index.html,https://www.sec.gov/Archives/edgar/data/1362004/000156459019004641/icfi-10k_20181231.htm
0,2018-09-30,ICFI,2018-11-02 00:00:00,2018-11-02 06:06:09,Q3,332968000,213060000,119908000,0.360119,0.0,88960000,88960000,6726000.0,95685999.99999999,308746000,2240000.0,6753000.0,30624000,0.091973,24222000,0.072746,-351000.0,21631000,0.064964,4960000.0,16671000,0.050068,0.86351,0.86351,19306000,19306000,https://www.sec.gov/Archives/edgar/data/1362004/000156459018026361/0001564590-18-026361-index.html,https://www.sec.gov/Archives/edgar/data/1362004/000156459018026361/icfi-10q_20180930.htm
0,2018-06-30,ICFI,2018-08-03 00:00:00,2018-08-03 06:08:54,Q2,324300000,206600000,117800000,0.363244,0.0,90400000,90410000,6315000.0,96700000.00000001,303300000,2167000.0,6300000.0,26967000,0.083154,21000000,0.064755,-300000.0,18500000,0.057046,4900000.0,13600000,0.041936,0.70833,0.70833,19200000,19200000,https://www.sec.gov/Archives/edgar/data/1362004/000156459018019025/0001564590-18-019025-index.html,https://www.sec.gov/Archives/edgar/data/1362004/000156459018019025/icfi-10q_20180630.htm
0,2018-03-31,ICFI,2018-05-03 00:00:00,2018-05-03 06:06:15,Q1,302800000,188800000,114000000,0.376486,0.0,89700000,89659000,6713000.0,96399999.99999999,285200000,1666000.0,6700000.0,24366000,0.080469,17600000,0.058124,100000.0,16000000,0.05284,3600000.0,12400000,0.040951,0.64583,0.64583,19200000,19200000,https://www.sec.gov/Archives/edgar/data/1362004/000156459018010465/0001564590-18-010465-index.html,https://www.sec.gov/Archives/edgar/data/1362004/000156459018010465/icfi-10q_20180331.htm
0,2017-12-31,ICFI,2018-02-28 00:00:00,2018-02-28 06:05:10,Q4,321200000,207200000,113900000,0.354608,0.0,86800000,86840000,6923000.0,93800000.00000001,301000000,1890000.0,6900000.000000002,44790000,0.139446,20200000,0.062889,100000.0,18400000,0.057285,8900000.0,27100000,0.084371,1.40415,1.40415,19300000,19300000,https://www.sec.gov/Archives/edgar/data/1362004/000156459018003648/0001564590-18-003648-index.html,https://www.sec.gov/Archives/edgar/data/1362004/000156459018003648/icfi-10k_20171231.htm
0,2017-09-30,ICFI,2017-11-03 00:00:00,2017-11-03 06:04:40,Q3,305300000,190000000,115300000,0.377661,0.0,84600000,84558000,7355000.0,91899999.99999999,281900000,2175000.0,7399999.999999999,30475000,0.09982,23400000,0.076646,-300000.0,20900000,0.068457,7200000.0,13700000,0.044874,0.72105,0.72105,19000000,19000000,https://www.sec.gov/Archives/edgar/data/1362004/000156459017021364/0001564590-17-021364-index.html,https://www.sec.gov/Archives/edgar/data/1362004/000156459017021364/icfi-10q_20170930.htm
0,2017-06-30,ICFI,2017-08-03 00:00:00,2017-08-03 06:05:35,Q2,306400000,190900000,115500000,0.376958,0.0,86200000,86240000,7048000.0,93299999.99999999,284200000,2537000.0,7000000.000000001,29437000,0.096074,22200000,0.072454,200000.0,19900000,0.064948,8000000.0,11900000,0.038838,0.62304,0.62304,19100000,19100000,https://www.sec.gov/Archives/edgar/data/1362004/000143774917013604/0001437749-17-013604-index.html,https://www.sec.gov/Archives/edgar/data/1362004/000143774917013604/icfi20170630_10q.htm
0,2017-03-31,ICFI,2017-05-04 00:00:00,2017-05-04 16:06:58,Q1,296300000,183600000,112700000,0.380358,0.0,88800000,88802000,7253000.0,96100000,279700000,1951000.0,7300000.0,24051000,0.081171,16600000,0.056024,100000.0,14800000,0.049949,4600000.0,10200000,0.034425,0.52577,0.52577,19400000,19400000,https://www.sec.gov/Archives/edgar/data/1362004/000143774917007993/0001437749-17-007993-index.html,https://www.sec.gov/Archives/edgar/data/1362004/000143774917007993/icfi20170331_10q.htm
0,2016-12-31,ICFI,2017-02-28 00:00:00,2017-02-28 06:10:22,Q4,289600000,182400000,107100000,0.36982,0.0,77700000,77655000,7499000.0,85200000.00000001,267600000.00000003,2158000.0,7500000.0,29758000,0.102756,22000000,0.075967,200000.0,20000000,0.069061,7400000.0,12700000,0.043854,0.64796,0.64796,19600000,19600000,https://www.sec.gov/Archives/edgar/data/1362004/000143774917003385/0001437749-17-003385-index.html,https://www.sec.gov/Archives/edgar/data/1362004/000143774917003385/icfi20161231_10k.htm
0,2016-09-30,ICFI,2016-11-02 00:00:00,2016-11-02 16:10:33,Q3,306500000,191300000,115200000,0.375856,0.0,84200000,84193000,7241000.0,91399999.99999999,282700000,2407000.0,7200000.000000001,31707000,0.103449,23800000,0.077651,700000.0,22100000,0.072104,8700000.0,13400000,0.043719,0.6943,0.6943,19300000,19300000,https://www.sec.gov/Archives/edgar/data/1362004/000143774916040846/0001437749-16-040846-index.html,https://www.sec.gov/Archives/edgar/data/1362004/000143774916040846/icfi20160815_10q.htm
0,2016-06-30,ICFI,2016-08-03,2016-08-03 16:06:52,Q2,305400000,194200000,111200000,0.364113,0.0,84600000,84641000,7232000.0,91900000.00000003,286100000.00000006,2460000.0,7300000.000000001,26660000,0.087295,19400000,0.063523,-100000.0,16800000,0.05501,6300000.0,10600000,0.034709,0.54922,0.54922,19300000,19300000,https://www.sec.gov/Archives/edgar/data/1362004/000143774916036298/icfi20160630_10q.htm,https://www.sec.gov/Archives/edgar/data/1362004/000143774916036298/icfi20160630_10q.htm
0,2016-03-31,ICFI,2016-05-06 00:00:00,2016-05-06 16:06:30,Q1,283600000,177200000,106400000,0.375176,0.0,81600000,81559000,7147000.0,88699999.99999999,265900000,2445000.0,7100000.0,25045000,0.088311,17700000,0.062412,300000.0,15500000,0.054654,5600000.0,9900000.0,0.034908,0.51295,0.51295,19300000,19300000,https://www.sec.gov/Archives/edgar/data/1362004/000143774916031114/0001437749-16-031114-index.html,https://www.sec.gov/Archives/edgar/data/1362004/000143774916031114/icfi20160331_10q.htm
0,2015-12-31,ICFI,2016-03-08 00:00:00,2016-03-08 16:06:11,Q4,280800000,173800000,107100000,0.38141,0.0,79500000,79533000,8482000.0,88000000,261800000,2345000.0,8500000.0,27545000,0.098095,19000000,0.067664,-100000.0,16600000,0.059117,5900000.0,10800000,0.038462,0.5567,0.5567,19400000,19400000,https://www.sec.gov/Archives/edgar/data/1362004/000143774916027070/0001437749-16-027070-index.html,https://www.sec.gov/Archives/edgar/data/1362004/000143774916027070/icfi20151231_10k.htm
0,2015-09-30,ICFI,2015-10-30 00:00:00,2015-10-30 16:47:36,Q3,289000000,177900000,111100000,0.384429,0.0,81000000,81011000,8579000.0,89600000,267500000,2674000.0,8599999.999999998,29973999.999999996,0.103716,21500000,0.074394,-100000.0,18800000,0.065052,7200000.0,11500000,0.039792,0.58673,0.58673,19600000,19600000,https://www.sec.gov/Archives/edgar/data/1362004/000143774915019206/0001437749-15-019206-index.html,https://www.sec.gov/Archives/edgar/data/1362004/000143774915019206/icfi20150930_10q.htm
0,2015-06-30,ICFI,2015-07-31 00:00:00,2015-07-31 16:06:18,Q2,288900000,178300000,110700000,0.383178,0.0,83800000,83782000,8182000.0,91899999.99999999,270200000,2489000.0,8100000.000000001,25689000,0.08892,18700000,0.064728,-1200000.0,15100000,0.052267,5900000.0,9200000.0,0.031845,0.46701,0.46701,19700000,19700000,https://www.sec.gov/Archives/edgar/data/1362004/000143774915014463/0001437749-15-014463-index.html,https://www.sec.gov/Archives/edgar/data/1362004/000143774915014463/icfi20150630_10q.htm
0,2015-03-31,ICFI,2015-05-08 00:00:00,2015-05-08 17:08:03,Q1,273500000,164600000,109000000,0.398537,0.0,84800000,84833000,8163000.0,93000000.00000003,257600000.00000003,2564000.0,8200000.0,23964000,0.08762,16000000,0.058501,-200000.0,13200000,0.048263,5300000.0,7900000.0,0.028885,0.39899,0.39899,19800000,19800000,https://www.sec.gov/Archives/edgar/data/1362004/000143774915009575/0001437749-15-009575-index.html,https://www.sec.gov/Archives/edgar/data/1362004/000143774915009575/icfi20150331_10q.htm
0,2014-12-31,ICFI,2015-02-27,2015-02-27 16:53:08,Q4,276400000,168500000,107900000,0.390376,0.0,83400000,-218573000,7884000.0,91300000.00000001,259800000,1966000.0,7900000.0,24566000,0.088878,16600000,0.060058,0.0,14700000,0.053184,5900000.0,8800000.0,0.031838,0.44444,0.44444,19800000,19800000,https://www.sec.gov/Archives/edgar/data/1362004/000143774915003683/ifci20141231_10k.htm,https://www.sec.gov/Archives/edgar/data/1362004/000143774915003683/ifci20141231_10k.htm
0,2014-09-30,ICFI,2014-11-07 00:00:00,2014-11-07 16:05:50,Q3,264800000,166100000,98700000,0.372734,0.0,74700000,74704000,5500000.0,80200000.00000001,246300000.00000003,800000.0,5500000.0,23700000,0.089502,18500000,0.069864,-300000.0,17400000,0.06571,5800000.0,11600000,0.043807,0.58883,0.58883,19700000,19700000,https://www.sec.gov/Archives/edgar/data/1362004/000143774914020054/0001437749-14-020054-index.html,https://www.sec.gov/Archives/edgar/data/1362004/000143774914020054/ifci20140930_10q.htm
0,2014-06-30,ICFI,2014-08-07 00:00:00,2014-08-07 07:01:56,Q2,263900000,166700000,97200000,0.368321,0.0,74200000,74232000,5387000.0,79600000.00000001,246300000.00000003,774000.0,5400000.0,22374000,0.084782,17600000,0.066692,-600000.0,16200000,0.061387,6200000.0,10000000,0.037893,0.49751,0.49751,20100000,20100000,https://www.sec.gov/Archives/edgar/data/1362004/000143774914014472/0001437749-14-014472-index.html,https://www.sec.gov/Archives/edgar/data/1362004/000143774914014472/ifci20140630_10q.htm
0,2014-03-31,ICFI,2014-05-08 00:00:00,2014-05-08 16:07:14,Q1,245100000,153700000,91300000,0.372501,0.0,69600000,69637000,5035000.0,74700000.00000001,228400000.00000003,714000.0,5000000.0,21614000,0.088184,16700000,0.068135,0.0,15900000,0.064871,6200000.0,9700000.0,0.039576,0.47783,0.47783,20300000,20300000,https://www.sec.gov/Archives/edgar/data/1362004/000143774914008413/0001437749-14-008413-index.html,https://www.sec.gov/Archives/edgar/data/1362004/000143774914008413/ifci20140331_10q.htm
0,2013-12-31,ICFI,2014-02-28,2014-02-28 16:07:57,Q4,229800000,143100000,86600000,0.376849,0.0,68900000,68874000,5152000.0,74100000,217200000,577000.0,5100000.0,17477000,0.076053,12600000,0.05483,-200000.0,11800000,0.051349,4000000.0,7800000.0,0.033943,0.38049,0.38049,20500000,20500000,https://www.sec.gov/Archives/edgar/data/1362004/000143774914003105/ifci20131231_10k.htm,https://www.sec.gov/Archives/edgar/data/1362004/000143774914003105/ifci20131231_10k.htm
0,2013-09-30,ICFI,2013-11-06 00:00:00,2013-11-06 07:09:15,Q3,244100000,154000000,90000000,0.368701,0.0,67600000,67647000,5230000.0,72900000,226900000,476000.0,5299999.999999999,22576000,0.092487,17200000,0.070463,100000.0,16800000,0.068824,5700000.0,11100000,0.045473,0.5495,0.5495,20200000,20200000,https://www.sec.gov/Archives/edgar/data/1362004/000143774913013975/0001437749-13-013975-index.html,https://www.sec.gov/Archives/edgar/data/1362004/000143774913013975/ifci20130930_10q.htm
0,2013-06-30,ICFI,2013-08-02 00:00:00,2013-08-02 07:01:54,Q2,241600000,151500000,90000000,0.372517,0.0,67600000,67604000,5141000.0,72800000.00000001,224300000,626000.0,5100000.000000001,22326000,0.092409,17300000,0.071606,0.0,16700000,0.069123,6300000.0,10300000,0.042632,0.515,0.515,20000000,20000000,https://www.sec.gov/Archives/edgar/data/1362004/000143774913009779/0001437749-13-009779-index.html,https://www.sec.gov/Archives/edgar/data/1362004/000143774913009779/ifci20130630_10q.htm
0,2013-03-31,ICFI,2013-05-06 00:00:00,2013-05-06 07:31:58,Q1,233900000,142800000,91100000,0.389483,0.0,68300000,68262000,5192000.0,73500000,216300000,768000.0,5200000.0,22868000,0.097768,17600000,0.075246,100000.0,17000000,0.072681,6800000.0,10100000,0.043181,0.50754,0.50754,19900000,19900000,https://www.sec.gov/Archives/edgar/data/1362004/000119312513200274/0001193125-13-200274-index.html,https://www.sec.gov/Archives/edgar/data/1362004/000119312513200274/d508070d10q.htm
0,2012-12-31,ICFI,2013-03-01 00:00:00,2013-03-01 06:25:19,Q4,232000000,146900000,85100000,0.36681,0.0,64300000,64265000,6409000.0,70699999.99999999,217600000,662000.0,5899999.999999999,20362000,0.087767,14400000,0.062069,100000.0,13800000,0.059483,4600000.0,9200000.0,0.039655,0.46701,0.46701,19700000,19700000,https://www.sec.gov/Archives/edgar/data/1362004/000119312513085861/0001193125-13-085861-index.html,https://www.sec.gov/Archives/edgar/data/1362004/000119312513085861/d443791d10k.htm
0,2012-09-30,ICFI,2012-11-05 00:00:00,2012-11-05 07:01:45,Q3,237900000,148300000,89600000,0.376629,0.0,66400000,66356000,6366000.0,72600000,220900000,804000.0,6699999.999999999,23504000,0.098798,17000000,0.071459,-100000.0,16000000,0.067255,6400000.0,9600000.0,0.040353,0.48485,0.48485,19800000,19800000,https://www.sec.gov/Archives/edgar/data/1362004/000119312512450415/0001193125-12-450415-index.html,https://www.sec.gov/Archives/edgar/data/1362004/000119312512450415/d398662d10q.htm
0,2012-06-30,ICFI,2012-08-06 00:00:00,2012-08-06 07:02:08,Q2,239600000,147900000,91800000,0.383139,0.0,67400000,67386000,6319000.0,73500000,221400000,611000.0,6100000.000000001,23911000,0.099795,18300000,0.076377,-200000.0,17200000,0.071786,6900000.0,10300000,0.042988,0.515,0.515,20000000,20000000,https://www.sec.gov/Archives/edgar/data/1362004/000119312512336157/0001193125-12-336157-index.html,https://www.sec.gov/Archives/edgar/data/1362004/000119312512336157/d351917d10q.htm
0,2012-03-31,ICFI,2012-05-04,2012-05-04 07:01:56,Q1,227600000,140200000,87500000,0.384446,0.0,65900000,65871000,5346000.0,71100000.00000001,211300000.00000003,1307000.0,5200000.0,21407000,0.094055,16400000,0.072056,-100000.0,14900000,0.065466,6000000.0,8900000.0,0.039104,0.44279,0.44279,20100000,20100000,https://www.sec.gov/Archives/edgar/data/1362004/000119312512094488/d266827d10k.htm,https://www.sec.gov/Archives/edgar/data/1362004/000119312512094488/d266827d10k.htm
0,2011-12-31,ICFI,2012-03-02 00:00:00,2012-03-02 16:16:56,Q4,213900000,131400000,82500000,0.385694,0.0,63500000,63525000,5119000.0,68600000,200000000,516000.0,5100000.000000001,18916000,0.088434,13900000,0.064984,0.0,13400000,0.062646,4500000.0,8800000.0,0.041141,0.44,0.44,20000000,20000000,https://www.sec.gov/Archives/edgar/data/1362004/000119312512094488/0001193125-12-094488-index.html,https://www.sec.gov/Archives/edgar/data/1362004/000119312512094488/d266827d10k.htm
0,2011-09-30,ICFI,2011-11-03 00:00:00,2011-11-03 16:17:40,Q3,218700000,137300000,81300000,0.371742,0.0,60300000,60341000,4913000.0,65299999.99999998,202599999.99999997,539000.0,4899999.999999999,20939000,0.095743,16100000,0.073617,0.0,15600000,0.071331,6200000.0,9300000.0,0.042524,0.46734,0.46734,19900000,19900000,https://www.sec.gov/Archives/edgar/data/1362004/000119312511295146/0001193125-11-295146-index.html,https://www.sec.gov/Archives/edgar/data/1362004/000119312511295146/d227029d10q.htm
0,2011-06-30,ICFI,2011-08-03 00:00:00,2011-08-03 16:31:43,Q2,213400000,133500000,79900000,0.374414,0.0,59200000,59270000,5099000.0,64400000,197900000,-283807000,5100000.000000001,-263707000,-1.23574,15500000,0.072634,0.0,14900000,0.069822,6000000.0,9000000.0,0.042174,0.45455,0.45455,19800000,19800000,https://www.sec.gov/Archives/edgar/data/1362004/000119312511208259/0001193125-11-208259-index.html,https://www.sec.gov/Archives/edgar/data/1362004/000119312511208259/d10q.htm
0,2011-03-31,ICFI,2011-05-06 00:00:00,2011-05-06 07:00:36,Q1,194700000,118200000,76500000,0.392912,0.0,57900000,57926000,5176000.0,63100000.00000001,181300000,629000.0,5200000.0,18729000,0.096194,13400000,0.068824,100000.0,12900000,0.066256,5200000.0,7700000.0,0.039548,0.38693,0.38693,19900000,19900000,https://www.sec.gov/Archives/edgar/data/1362004/000119312511129543/0001193125-11-129543-index.html,https://www.sec.gov/Archives/edgar/data/1362004/000119312511129543/d10q.htm
0,2010-12-31,ICFI,2011-03-04,2011-03-04 16:05:32,Q4,192900000,119400000,73500000,0.381026,0.0,56000000,56025000,-17272000,61900000.00000001,181300000,747000.0,5800000.000000001,17447000,0.090446,11700000,0.060653,0.0,10900000,0.056506,3700000.0,7200000.0,0.037325,0.36364,0.36364,19800000,19800000,https://www.sec.gov/Archives/edgar/data/1362004/000119312511056232/d10k.htm,https://www.sec.gov/Archives/edgar/data/1362004/000119312511056232/d10k.htm
0,2010-09-30,ICFI,2010-11-05 00:00:00,2010-11-05 16:06:13,Q3,197700000,124100000,73700000,0.372787,0.0,55300000,55348000,5798000.0,61099999.99999999,185200000,776000.0,5800000.000000001,18376000,0.092949,12500000,0.063227,100000.0,11800000,0.059686,4400000.0,7400000.0,0.03743,0.37755,0.37755,19600000,19600000,https://www.sec.gov/Archives/edgar/data/1362004/000119312510250070/0001193125-10-250070-index.html,https://www.sec.gov/Archives/edgar/data/1362004/000119312510250070/d10q.htm
0,2010-06-30,ICFI,2010-08-06 00:00:00,2010-08-06 08:00:57,Q2,199600000,125100000,74500000,0.373246,0.0,56100000,56130000,5725000.0,61900000.00000001,187000000,917000.0,5800000.0,18517000,0.092771,12700000,0.063627,100000.0,11800000,0.059118,4600000.0,7200000.0,0.036072,0.36735,0.36735,19600000,19600000,https://www.sec.gov/Archives/edgar/data/1362004/000119312510180411/0001193125-10-180411-index.html,https://www.sec.gov/Archives/edgar/data/1362004/000119312510180411/d10q.htm
0,2010-03-31,ICFI,2010-05-06 00:00:00,2010-05-06 16:24:09,Q1,174400000,107600000,66900000,0.383601,0.0,51000000,51030000,5749000.0,56700000.00000002,164300000.00000003,963000.0,5700000.0,15763000,0.090384,10100000,0.057913,0.0,9200000.0,0.052752,3700000.0,5400000.0,0.030963,0.27692,0.27692,19500000,19500000,https://www.sec.gov/Archives/edgar/data/1362004/000119312510110932/0001193125-10-110932-index.html,https://www.sec.gov/Archives/edgar/data/1362004/000119312510110932/d10q.htm
0,2009-12-31,ICFI,2010-03-11 00:00:00,2010-03-11 17:14:25,Q4,174100000,106600000,67500000,0.387708,0.0,52000000,52011000,-14674000,57900000.00000001,164500000,1400000.0,5900000.000000002,16100000.000000002,0.092476,9600000.0,0.055141,600000.0,8800000.0,0.050546,2600000.0,6200000.0,0.035612,0.37576,0.37576,16500000,16500000,https://www.sec.gov/Archives/edgar/data/1362004/000119312510053965/0001193125-10-053965-index.html,https://www.sec.gov/Archives/edgar/data/1362004/000119312510053965/d10k.htm
0,2009-09-30,ICFI,2009-11-06 00:00:00,2009-11-05 21:26:31,Q3,167100000,101600000,65500000,0.391981,0.0,50400000,50430000,5709000.0,56099999.99999999,157700000,1471000.0,5699999.999999999,15070999.999999998,0.090192,9300000.0,0.055655,100000.0,7900000.0,0.047277,2800000.0,5100000.0,0.030521,0.32278,0.32278,15800000,15800000,https://www.sec.gov/Archives/edgar/data/1362004/000119312509226073/0001193125-09-226073-index.html,https://www.sec.gov/Archives/edgar/data/1362004/000119312509226073/d10q.htm
0,2009-06-30,ICFI,2009-08-07 00:00:00,2009-08-07 16:31:16,Q2,175400000,103900000,71500000,0.40764,0.0,55700000,55698000,5659000.0,61400000.00000001,165300000,1501000.0,5700000.0,16101000,0.091796,10100000,0.057583,200000.0,8800000.0,0.050171,3700000.0,5200000.0,0.029647,0.33121,0.33121,15700000,15700000,https://www.sec.gov/Archives/edgar/data/1362004/000119312509169144/0001193125-09-169144-index.html,https://www.sec.gov/Archives/edgar/data/1362004/000119312509169144/d10q.htm
0,2009-03-31,ICFI,2009-05-08 00:00:00,2009-05-08 16:28:39,Q1,157900000,99200000,58600000,0.371121,0.0,45300000,45289000,3306000.0,48600000.00000001,147800000,735000.0,3300000.0,13535000,0.085719,10000000,0.063331,200000.0,9500000.0,0.060165,3600000.0,5900000.0,0.037365,0.37821,0.37821,15600000,15600000,https://www.sec.gov/Archives/edgar/data/1362004/000119312509105434/0001193125-09-105434-index.html,https://www.sec.gov/Archives/edgar/data/1362004/000119312509105434/d10q.htm
0,2008-12-31,ICFI,2009-03-13 00:00:00,2009-03-13 14:35:04,Q4,161900000,104900000,57100000,0.352687,0.0,42000000,42016000,-13834000,45699999.99999999,150600000,1050000.0,3799999.999999999,15649999.999999998,0.096665,11300000,0.069796,600000.0,10800000,0.066708,4700000.0,6100000.0,0.037678,0.39355,0.39355,15500000,15500000,https://www.sec.gov/Archives/edgar/data/1362004/000119312509053605/0001193125-09-053605-index.html,https://www.sec.gov/Archives/edgar/data/1362004/000119312509053605/d10k.htm
0,2008-09-30,ICFI,2008-11-07 00:00:00,2008-11-07 16:46:30,Q3,176300000,115400000,60900000,0.345434,0.0,44300000,44251000,3947000.0,48199999.99999999,163600000,785000.0,3900000.0000000005,16685000,0.09464,12700000,0.072036,100000.0,11900000,0.067499,5100000.0,6900000.0,0.039138,0.45098,0.45098,15300000,15300000,https://www.sec.gov/Archives/edgar/data/1362004/000119312508230111/0001193125-08-230111-index.html,https://www.sec.gov/Archives/edgar/data/1362004/000119312508230111/d10q.htm
0,2008-06-30,ICFI,2008-08-08 00:00:00,2008-08-08 16:22:54,Q2,184100000,119300000,64800000,0.351983,0.0,46900000,46856000,3603000.0,50500000.000000015,169800000,1037000.0,3600000.0000000005,17937000,0.097431,14300000,0.077675,0.0,13300000,0.072243,5400000.0,7900000.0,0.042911,0.51974,0.51974,15200000,15200000,https://www.sec.gov/Archives/edgar/data/1362004/000119312508171964/0001193125-08-171964-index.html,https://www.sec.gov/Archives/edgar/data/1362004/000119312508171964/d10q.htm
0,2008-03-31,ICFI,2008-05-12 00:00:00,2008-05-12 06:03:00,Q1,175100000,120400000,54700000,0.312393,0.0,37200000,37237000,2783000.0,40000000,160400000,1210000.0,2800000.0,17410000,0.099429,14700000,0.083952,-100000.0,13500000,0.077099,5600000.0,7800000.0,0.044546,0.51316,0.51316,15200000,15200000,https://www.sec.gov/Archives/edgar/data/1362004/000119312508110330/0001193125-08-110330-index.html,https://www.sec.gov/Archives/edgar/data/1362004/000119312508110330/d10q.htm
0,2007-12-31,ICFI,2008-03-17,2008-03-17 16:58:34,Q4,186400000,133900000,52500000,0.281652,0.0,33000000,33021000,-5645000.0,35099999.99999999,169000000,552000.0,2099999.9999999995,19552000,0.104893,17400000,0.093348,0.0,16900000,0.090665,7300000.0,9600000.0,0.051502,0.63576,0.63576,15100000,15100000,https://www.sec.gov/Archives/edgar/data/1362004/000119312508058961/d10k.htm,https://www.sec.gov/Archives/edgar/data/1362004/000119312508058961/d10k.htm
0,2007-09-30,ICFI,2007-11-14 00:00:00,2007-11-14 16:25:50,Q3,198800000,147500000,51300000,0.258048,0.0,29600000,29639000,1879000.0,31500000,179000000,654000.0,1900000.0000000005,21754000,0.109427,19800000,0.099598,100000.0,19200000,0.096579,8100000.0,11100000,0.055835,0.74,0.74,15000000,15000000,https://www.sec.gov/Archives/edgar/data/1362004/000119312507247397/0001193125-07-247397-index.html,https://www.sec.gov/Archives/edgar/data/1362004/000119312507247397/d10q.htm
0,2007-06-30,ICFI,2007-08-14 00:00:00,2007-08-14 16:58:42,Q2,190200000,142600000,47500000,0.249737,0.0,27700000,27734000,1174000.0,28900000.000000007,171500000,414000.0,1100000.0,19914000,0.1047,18600000,0.097792,200000.0,18400000,0.09674,7200000.0,11200000,0.058885,0.75676,0.75676,14800000,14800000,https://www.sec.gov/Archives/edgar/data/1362004/000119312507182879/0001193125-07-182879-index.html,https://www.sec.gov/Archives/edgar/data/1362004/000119312507182879/d10q.htm
0,2007-03-31,ICFI,2007-05-15 00:00:00,2007-05-15 14:16:46,Q1,151700000,108200000,43600000,0.287409,0.0,27700000,27734000,1167000.0,28899999.99999999,137100000,324000.0,1200000.0,16124000,0.106289,14700000,0.096902,300000.0,14600000,0.096243,5900000.0,8700000.0,0.05735,0.60417,0.60417,14400000,14400000,https://www.sec.gov/Archives/edgar/data/1362004/000119312507115337/0001193125-07-115337-index.html,https://www.sec.gov/Archives/edgar/data/1362004/000119312507115337/d10q.htm
0,2006-12-31,ICFI,2007-03-30,2007-03-30 17:23:29,Q4,113900000,78100000,35800000,0.314311,0.0,19900000,0.0,-646000.0,20800000.00000001,98900000.00000001,-3509000.0,899999.9999999999,12591000,0.110544,15000000,0.131694,100000.0,15200000,0.13345,6000000.0,9200000.0,0.080773,0.64789,0.64789,14200000,14200000,https://www.sec.gov/Archives/edgar/data/1362004/000119312507070784/d10k.htm,https://www.sec.gov/Archives/edgar/data/1362004/000119312507070784/d10k.htm
