,date,symbol,fillingDate,acceptedDate,period,revenue,costOfRevenue,grossProfit,grossProfitRatio,researchAndDevelopmentExpenses,generalAndAdministrativeExpenses,sellingAndMarketingExpenses,otherExpenses,operatingExpenses,costAndExpenses,interestExpense,depreciationAndAmortization,ebitda,ebitdaratio,operatingIncome,operatingIncomeRatio,totalOtherIncomeExpensesNet,incomeBeforeTax,incomeBeforeTaxRatio,incomeTaxExpense,netIncome,netIncomeRatio,eps,epsdiluted,weightedAverageShsOut,weightedAverageShsOutDil,link,finalLink
0,2020-08-31,EPAC,2020-10-26,2020-10-26 16:59:21,Q4,111353000,66888000,44465000,0.39931568974342857,0.0,37672000,37671000,-1204000.0,41223000,108111000,-3307000.0,5347000.0,-925000.0,-0.008307,3242000.0,0.029115,1205000.0,1140000.0,0.010238,943000.0,1439000.0,0.012923,0.02398,0.02398,60004000,60004000,https://www.sec.gov/Archives/edgar/data/6955/000000695520000046/0000006955-20-000046-index.htm,https://www.sec.gov/Archives/edgar/data/6955/000000695520000046/epac-20200831.htm
0,2020-05-31,EPAC,2020-07-01,2020-07-01 14:12:31,Q3,101879000,59932000,41947000,0.41173352702715965,0.0,40766000,40766000,-1214000.0,43944999.99999999,103876999.99999999,-4552000.0,5317000.0,-4641000.0,-0.045554,-1998000.0,-0.019611,1213000.0,-5337000.0,-0.052386,-407000.0,-4999000.0,-0.049068,-0.08356,-0.08356,59826000,59826000,https://www.sec.gov/Archives/edgar/data/6955/000000695520000039/0000006955-20-000039-index.htm,https://www.sec.gov/Archives/edgar/data/6955/000000695520000039/epac10q5312020.htm
0,2020-02-29,EPAC,2020-03-25,2020-03-25 12:22:24,Q2,133386000,71293000,62093000,0.4655136221192629,0.0,50245000,50245000,-786000.0,53525999.99999999,124819000,-4630000.0,5276999.999999999,3614999.999999999,0.027102,8567000.0,0.064227,787000.0,4724000.0,0.035416,806000.0,2162000.0,0.016209,0.03573,0.03573,60513000,60513000,https://www.sec.gov/Archives/edgar/data/6955/000000695520000020/0000006955-20-000020-index.htm,https://www.sec.gov/Archives/edgar/data/6955/000000695520000020/epac10q2292020.htm
0,2019-11-30,EPAC,2020-01-06,2020-01-06 16:25:34,Q1,146674000,77986000,68688000,0.468303857534396,0.0,51831000,51831000,318000.0,54319000,132305000,-6729000.0,4779000.0,1121000.0,0.007643,14369000,0.097966,-318000.0,7322000.0,0.04992,950000.0,2121000.0,0.014461,0.035,0.035,60601000,60601000,https://www.sec.gov/Archives/edgar/data/6955/000000695520000003/0000006955-20-000003-index.htm,https://www.sec.gov/Archives/edgar/data/6955/000000695519000033/atu10-k08312019.htm
0,2019-08-31,EPAC,2019-10-29,2019-10-28 19:40:33,Q4,654758000,362106000,292652000,0.4469620837011537,0.0,209231000,209231000,629000.0,245135999.99999997,607242000,-28163000,-5387000.000000001,-266238000,-0.40662,47516000,0.07257,-629000.0,18724000,0.028597,16457000,-249145000,-0.380515,-4.07426,-4.07426,61151000,61151000,https://www.sec.gov/Archives/edgar/data/6955/000000695519000033/0000006955-19-000033-index.htm,https://www.sec.gov/Archives/edgar/data/6955/000000695519000033/atu10-k08312019.htm
0,2019-05-31,EPAC,2019-07-01,2019-06-28 18:32:48,Q3,178095000,96141000,81954000,0.46017013391729134,0.0,52810000,69612000,378000.0,43774999.99999999,139916000,-7146000.0,9262999.999999998,39497000,0.221775,38179000,0.214374,787000.0,31820000,0.178669,4962000.0,32418000,0.182026,0.52422,0.52422,61840000,61840000,https://www.sec.gov/Archives/edgar/data/6955/000000695519000020/0000006955-19-000020-index.htm,https://www.sec.gov/Archives/edgar/data/6955/000000695519000020/atu-20190531x10q.htm
0,2019-02-28,EPAC,2019-04-05,2019-04-05 17:18:13,Q2,159788000,88473000,71315000,0.44631011089693845,0.0,53433000,70744000,657000.0,58875999.99999999,147349000,-7157000.0,11285000,10883000,0.068109,12439000,0.077847,-515000.0,4767000.0,0.029833,4002000.0,2753000.0,0.017229,0.04469,0.04469,61607000,61607000,https://www.sec.gov/Archives/edgar/data/6955/000000695519000014/0000006955-19-000014-index.htm,https://www.sec.gov/Archives/edgar/data/6955/000000695519000014/atu-20190228x10q.htm
0,2018-11-30,EPAC,2019-01-04,2019-01-04 17:11:14,Q1,158551000,88239000,70312000,0.4434661402324804,0.0,53121000,73192000,911000.0,78865999.99999999,167105000,-7298000.0,5056000.0,-19628000,-0.123796,-8554000.0,-0.053951,-505000.0,-16357000,-0.103166,66000.0,-17452000,-0.110072,-0.28595,-0.28595,61031000,61031000,https://www.sec.gov/Archives/edgar/data/6955/000000695519000005/0000006955-19-000005-index.htm,https://www.sec.gov/Archives/edgar/data/6955/000000695518000038/atu10-k08312018.htm
0,2018-08-31,EPAC,2018-10-29,2018-10-29 16:25:15,Q4,-239900000,216100000,23800000,-0.09920800333472281,0.0,-10000000,0.0,0.0,-16900000.000000007,-233000000,-8000000.0,-10400000.000000002,-59100000,0.246353,-7000000.0,0.029179,700000.0,-14300000,0.059608,-3000000.0,-37700000,0.157149,-0.61301,-0.61301,61500000,61500000,https://www.sec.gov/Archives/edgar/data/6955/000000695518000038/0000006955-18-000038-index.htm,https://www.sec.gov/Archives/edgar/data/6955/000000695518000038/atu10-k08312018.htm
0,2018-05-31,EPAC,2018-07-09,2018-07-09 17:14:34,Q3,317100000,200600000,116500000,0.3673919899085462,0.0,77500000,77570000,-188000.0,83799999.99999999,284400000,-7800000.0,10400000.000000002,27600000.000000004,0.087039,32700000,0.103122,100000.0,25000000,0.078839,-4000000.0,29000000,0.091454,0.47463,0.47463,61100000,61100000,https://www.sec.gov/Archives/edgar/data/6955/000000695518000027/0000006955-18-000027-index.htm,https://www.sec.gov/Archives/edgar/data/6955/000000695518000027/atu-20180531x10q.htm
0,2018-02-28,EPAC,2018-04-09,2018-04-09 10:36:40,Q2,275200000,185500000,89700000,0.32594476744186046,0.0,68300000,68502000,367000.0,79899999.99999999,265399999.99999997,-7600000.0,10299999.999999998,4299999.999999999,0.015625,9800000.0,0.03561,-600000.0,1600000.0,0.005814,19800000,-18200000,-0.066134,-0.30182,-0.30182,60300000,60300000,https://www.sec.gov/Archives/edgar/data/6955/000000695518000018/0000006955-18-000018-index.htm,https://www.sec.gov/Archives/edgar/data/6955/000000695518000018/atu-20180228x10q.htm
0,2017-11-30,EPAC,2018-01-08,2018-01-08 17:06:41,Q1,289000000,188000000,101000000,0.3494809688581315,0.0,74500000,74478000,329000.0,86300000.00000001,274300000,-7500000.0,10100000,9400000.0,0.032526,14700000,0.050865,-300000.0,6800000.0,0.023529,1600000.0,5200000.0,0.017993,0.08638,0.08638,60200000,60200000,https://www.sec.gov/Archives/edgar/data/6955/000000695518000003/0000006955-18-000003-index.htm,https://www.sec.gov/Archives/edgar/data/6955/000000695517000038/atu10-k08312017.htm
0,2017-08-31,EPAC,2017-10-26,2017-10-26 17:14:40,Q4,275700000,179200000,96500000,0.35001813565469714,0.0,71900000,-206000.0,-1000.0,195700000,374900000,-7700000.0,10800000.000000004,-105400000,-0.3823,-99200000,-0.359811,-1500000.0,-108400000,-0.393181,-9700000.0,-98800000,-0.358361,-1.65494,-1.65494,59700000,59700000,https://www.sec.gov/Archives/edgar/data/6955/000000695517000038/0000006955-17-000038-index.htm,https://www.sec.gov/Archives/edgar/data/6955/000000695517000038/atu10-k08312017.htm
0,2017-05-31,EPAC,2017-07-07,2017-07-07 16:08:18,Q3,295400000,192600000,102800000,0.34800270819228163,0.0,70100000,206000.0,1000.0,75500000.00000003,268100000.00000003,-7600000.0,10699999.999999996,21599999.999999996,0.073121,27300000,0.092417,-1300000.0,18500000,0.062627,-4000000.0,22500000,0.076168,0.37252,0.37252,60400000,60400000,https://www.sec.gov/Archives/edgar/data/6955/000000695517000029/0000006955-17-000029-index.htm,https://www.sec.gov/Archives/edgar/data/6955/000000695517000029/atu-2017531x10q.htm
0,2017-02-28,EPAC,2017-04-07,2017-04-07 12:28:48,Q2,258900000,171500000,87400000,0.3375820780224025,0.0,67000000,115801000,-441000.0,74199999.99999999,245700000,-7300000.0,10700000.000000002,8700000.000000002,0.033604,13200000,0.050985,-600000.0,5300000.0,0.020471,200000.0,5100000.0,0.019699,0.08486,0.08486,60100000,60100000,https://www.sec.gov/Archives/edgar/data/6955/000000695517000021/0000006955-17-000021-index.htm,https://www.sec.gov/Archives/edgar/data/6955/000000695517000021/atu-2017228x10q.htm
0,2016-11-30,EPAC,2017-01-09,2017-01-09 14:51:12,Q1,265800000,172700000,93100000,0.35026335590669677,0.0,68600000,19760000,403000.0,84600000.00000001,257300000.00000003,-7100000.0,10900000,5800000.0,0.021821,8500000.0,0.031979,600000.0,2000000.0,0.007524,-3000000.0,5000000.0,0.018811,0.08389,0.08389,59600000,59600000,https://www.sec.gov/Archives/edgar/data/6955/000162828017000154/0001628280-17-000154-index.htm,https://www.sec.gov/Archives/edgar/data/6955/000000695516000084/atu10-k08312016.htm
0,2016-08-31,EPAC,2016-10-28,2016-10-28 12:54:22,Q4,275800000,179500000,96300000,0.3491660623640319,0.0,64300000,15628000,112000.0,78100000.00000001,257600000.00000003,-7500000.0,11599999.999999994,14999999.999999994,0.054387,18200000,0.06599,200000.0,10900000,0.039521,-6500000.0,17400000,0.063089,0.29542,0.29542,58900000,58900000,https://www.sec.gov/Archives/edgar/data/6955/000000695516000084/0000006955-16-000084-index.htm,https://www.sec.gov/Archives/edgar/data/6955/000000695516000084/atu10-k08312016.htm
0,2016-05-31,EPAC,2016-07-08,2016-07-08 15:28:42,Q3,305300000,197800000,107500000,0.352112676056338,0.0,70100000,17172000,199000.0,79199999.99999999,277000000,-7300000.0,11300000.000000004,24400000.000000004,0.079921,28300000,0.092696,-800000.0,20300000,0.066492,-800000.0,21200000,0.06944,0.3557,0.3557,59600000,59600000,https://www.sec.gov/Archives/edgar/data/6955/000000695516000077/0000006955-16-000077-index.htm,https://www.sec.gov/Archives/edgar/data/6955/000000695516000077/atu-20160531x10q.htm
0,2016-02-29,EPAC,2016-04-08,2016-04-08 15:18:53,Q2,263300000,172300000,91000000,0.34561336878085835,0.0,67200000,36877000,603000.0,263099999.99999997,435399999.99999994,-6900000.0,12399999.999999998,-173700000,-0.659704,-172100000,-0.653627,-200000.0,-179200000,-0.680592,-20000000,-159200000,-0.604633,-2.69831,-2.69831,59000000,59000000,https://www.sec.gov/Archives/edgar/data/6955/000000695516000071/0000006955-16-000071-index.htm,https://www.sec.gov/Archives/edgar/data/6955/000000695516000071/atu-20160229x10q.htm
0,2015-11-30,EPAC,2016-01-08,2016-01-08 13:51:51,Q1,305000000,196400000,108600000,0.3560655737704918,0.0,72900000,72911000,619000.0,83200000.00000001,279600000,-7100000.0,12500000,23000000,0.07541,25400000,0.083279,-600000.0,17600000,0.057705,2200000.0,15400000,0.050492,0.25796,0.25796,59700000,59700000,https://www.sec.gov/Archives/edgar/data/6955/000000695516000051/0000006955-16-000051-index.htm,https://www.sec.gov/Archives/edgar/data/6955/000000695515000046/atu10-k08312015.htm
0,2015-08-31,EPAC,2015-10-28,2015-10-28 11:46:21,Q4,300400000,193800000,106600000,0.3548601864181092,0.0,71800000,0.0,0.0,77800000.00000001,271600000,-7400000.0,13000000,26400000,0.087883,28800000,0.095872,-600000.0,20800000,0.069241,-1300000.0,22100000,0.073569,0.3536,0.3536,62500000,62500000,https://www.sec.gov/Archives/edgar/data/6955/000000695515000046/0000006955-15-000046-index.htm,https://www.sec.gov/Archives/edgar/data/6955/000000695515000046/atu10-k08312015.htm
0,2015-05-31,EPAC,2015-07-09,2015-07-09 10:45:51,Q3,320100000,201500000,118600000,0.3705092158700406,0.0,69600000,69569000,569000.0,75600000.00000001,277100000,-7500000.0,13300000.000000004,40800000.00000001,0.12746,43000000,0.134333,-600000.0,35000000,0.109341,-3000000.0,38000000,0.118713,0.63123,0.63123,60200000,60200000,https://www.sec.gov/Archives/edgar/data/6955/000000695515000037/0000006955-15-000037-index.htm,https://www.sec.gov/Archives/edgar/data/6955/000000695515000037/atu-20150531x10q.htm
0,2015-02-28,EPAC,2015-04-08,2015-04-08 11:03:10,Q2,301000000,191200000,109800000,0.3647840531561462,0.0,75800000,75768000,-619000.0,166300000,357500000,-7000000.0,13200000,-56600000,-0.18804,-56400000,-0.187375,600000.0,-62900000,-0.20897,2000000.0,-64800000,-0.215282,-1.04854,-1.04854,61800000,61800000,https://www.sec.gov/Archives/edgar/data/6955/000000695515000023/0000006955-15-000023-index.htm,https://www.sec.gov/Archives/edgar/data/6955/000000695515000023/atu-20150228x10q.htm
0,2014-11-30,EPAC,2015-01-09,2015-01-09 17:04:45,Q1,327800000,200800000,127000000,0.38743136058572303,0.0,82500000,82472000,-439000.0,88699999.99999999,289500000,-6200000.0,13700000,40000000,0.122026,38200000,0.116534,400000.0,32500000,0.099146,7800000.0,24700000,0.075351,0.37652,0.37652,65600000,65600000,https://www.sec.gov/Archives/edgar/data/6955/000000695515000005/0000006955-15-000005-index.htm,https://www.sec.gov/Archives/edgar/data/6955/000000695514000017/atu10-k08312014.htm
0,2014-08-31,EPAC,2014-10-27,2014-10-27 11:46:25,Q4,354300000,212300000,142000000,0.4007902907140841,0.0,87400000,-57811000,-12683000,80300000.00000001,292600000,-6100000.0,13700000.000000004,62300000,0.17584,61700000,0.174146,-1000000.0,54600000,0.154107,19100000,35600000,0.10048,0.51297,0.51297,69400000,69400000,https://www.sec.gov/Archives/edgar/data/6955/000000695514000017/0000006955-14-000017-index.htm,https://www.sec.gov/Archives/edgar/data/6955/000000695514000017/atu10-k08312014.htm
0,2014-05-31,EPAC,2014-07-09,2014-07-09 14:09:15,Q3,378200000,229600000,148600000,0.39291380222104705,0.0,83500000,22852000,13430000,89799999.99999999,319400000,-5900000.0,14899999.999999998,61300000,0.162084,58800000,0.155473,-600000.0,52200000,0.138022,1700000.0,50600000,0.133792,0.70474,0.70474,71800000,71800000,https://www.sec.gov/Archives/edgar/data/6955/000000695514000014/0000006955-14-000014-index.htm,https://www.sec.gov/Archives/edgar/data/6955/000000695514000014/atu-2014531x10q.htm
0,2014-02-28,EPAC,2014-04-08,2014-04-08 11:10:04,Q2,327800000,203300000,124500000,0.37980475899938987,0.0,79200000,34959000,-747000.0,85500000,288800000,-6300000.0,15800000,60000000,0.183038,39000000,0.118975,-1300000.0,31400000,0.09579,9100000.0,41400000,0.126297,0.56098,0.56098,73800000,73800000,https://www.sec.gov/Archives/edgar/data/6955/000000695514000009/0000006955-14-000009-index.htm,https://www.sec.gov/Archives/edgar/data/6955/000000695514000009/atu-2014228x10q.htm
0,2013-11-30,EPAC,2014-01-08,2014-01-08 14:39:25,Q1,339600000,207800000,131800000,0.38810365135453473,0.0,81900000,81918000,1141000.0,88099999.99999997,295899999.99999994,-6800000.0,16200000,48200000,0.141932,43600000,0.128386,-1100000.0,35800000,0.105418,2800000.0,36000000,0.106007,0.48,0.48,75000000,75000000,https://www.sec.gov/Archives/edgar/data/6955/000000695514000003/0000006955-14-000003-index.htm,https://www.sec.gov/Archives/edgar/data/6955/000000695513000013/atu10-k08312013.htm
0,2013-08-31,EPAC,2013-10-25,2013-10-25 13:27:47,Q4,327300000,197800000,129500000,0.3956614726550565,0.0,71300000,0.0,0.0,76699999.99999999,274500000,-6000000.0,11100000.000000002,64200000,0.19615,52800000,0.16132,-800000.0,45900000,0.140238,800000.0,58300000,0.178124,0.73426,0.73426,79400000,79400000,https://www.sec.gov/Archives/edgar/data/6955/000000695513000013/0000006955-13-000013-index.htm,https://www.sec.gov/Archives/edgar/data/6955/000000695513000013/atu10-k08312013.htm
0,2013-05-31,EPAC,2013-07-09,2013-07-09 13:33:06,Q3,344200000,207300000,136900000,0.39773387565368973,0.0,74300000,44714000,1190000.0,79899999.99999999,287200000,-6200000.0,13899999.999999998,-81500000,-0.236781,57000000,0.165601,-900000.0,49900000,0.144974,3800000.0,-93000000,-0.270192,-1.27223,-1.27223,73100000,73100000,https://www.sec.gov/Archives/edgar/data/6955/000000695513000010/0000006955-13-000010-index.htm,https://www.sec.gov/Archives/edgar/data/6955/000000695513000010/atu-20130531x10q.htm
0,2013-02-28,EPAC,2013-04-08,2013-04-08 13:23:34,Q2,300500000,184300000,116200000,0.3866888519134775,0.0,73300000,89977000,-36000.0,79300000.00000001,263600000,-6300000.0,14499999.999999998,41400000,0.13777,36900000,0.122795,328000.0,30600000,0.10183,4800000.0,28400000,0.094509,0.39118,0.39118,72600000,72600000,https://www.sec.gov/Archives/edgar/data/6955/000000695513000007/0000006955-13-000007-index.htm,https://www.sec.gov/Archives/edgar/data/6955/000000695513000007/atu-20130228x10q.htm
0,2012-11-30,EPAC,2013-01-08,2013-01-08 09:54:11,Q1,307800000,183400000,124400000,0.4041585445094217,0.0,74900000,87830000,364000.0,80900000,264300000,-6300000.0,14400000,50400000,0.163743,43500000,0.141326,-600000.0,36500000,0.118583,6000000.0,36300000,0.117934,0.48856,0.48856,74300000,74300000,https://www.sec.gov/Archives/edgar/data/6955/000119312513006280/0001193125-13-006280-index.htm,https://www.sec.gov/Archives/edgar/data/6955/000119312512437816/d396918d10k.htm
0,2012-08-31,EPAC,2012-10-26,2012-10-26 17:01:33,Q4,322400000,192800000,129600000,0.40198511166253104,0.0,74100000,-61935000,-904000.0,79899999.99999999,272700000,-6300000.0,14099999.999999994,-1400000.000000006,-0.004342,49700000,0.154156,-200000.0,43200000,0.133995,7300000.0,-16500000,-0.051179,-0.22665,-0.22665,72800000,72800000,https://www.sec.gov/Archives/edgar/data/6955/000119312512437816/0001193125-12-437816-index.htm,https://www.sec.gov/Archives/edgar/data/6955/000119312512437816/d396918d10k.htm
0,2012-05-31,EPAC,2012-07-09,2012-07-09 13:06:46,Q3,343300000,204500000,138800000,0.4043110981648704,0.0,74300000,21609000,-111000.0,79899999.99999999,284400000,16830000,13600000.000000002,69330000,0.201952,58900000,0.17157,-2600000.0,32200000,0.093796,4500000.0,34400000,0.100204,0.45623,0.45623,75400000,75400000,https://www.sec.gov/Archives/edgar/data/6955/000119312512297189/0001193125-12-297189-index.htm,https://www.sec.gov/Archives/edgar/data/6955/000119312512297189/d355871d10q.htm
0,2012-02-29,EPAC,2012-04-06,2012-04-06 13:01:53,Q2,218100000,127600000,90500000,0.4149472718936268,0.0,48900000,19660000,822000.0,51800000.00000001,179400000,-7800000.0,13100000.000000002,43900000,0.201284,38700000,0.177442,1328000.0,30800000,0.14122,6400000.0,32200000,0.147639,0.42202,0.42202,76300000,76300000,https://www.sec.gov/Archives/edgar/data/6955/000119312512153364/0001193125-12-153364-index.htm,https://www.sec.gov/Archives/edgar/data/6955/000119312512153364/d309223d10q.htm
0,2011-11-30,EPAC,2012-01-09,2012-01-09 16:12:11,Q1,392800000,240200000,152600000,0.3884928716904277,0.0,87600000,20666000,193000.0,95300000.00000001,335500000,-8200000.0,13500000,53700000,0.136711,57300000,0.145876,-700000.0,48400000,0.123218,11200000,37200000,0.094705,0.49534,0.49534,75100000,75100000,https://www.sec.gov/Archives/edgar/data/6955/000119312512006577/0001193125-12-006577-index.htm,https://www.sec.gov/Archives/edgar/data/6955/000119312511285382/d239890d10k.htm
0,2011-08-31,EPAC,2011-10-28,2011-10-28 10:20:46,Q4,403400000,248500000,154900000,0.3839861179970253,0.0,89900000,-62915000,4342000.0,98000000,346500000,-8500000.0,14899999.999999998,58000000,0.143778,57000000,0.141299,-1000000.0,47500000,0.117749,10200000,41400000,0.102628,0.5498,0.5498,75300000,75300000,https://www.sec.gov/Archives/edgar/data/6955/000119312511285382/0001193125-11-285382-index.htm,https://www.sec.gov/Archives/edgar/data/6955/000119312511285382/d239890d10k.htm
0,2011-05-31,EPAC,2011-07-08,2011-07-08 14:53:47,Q3,392800000,238700000,154100000,0.39231160896130346,0.0,88300000,23834000,-3646000.0,96100000.00000001,334800000,-7900000.0,12900000.000000002,52900000,0.134674,58000000,0.147658,-300000.0,49800000,0.126782,11500000,36400000,0.092668,0.48148,0.48148,75600000,75600000,https://www.sec.gov/Archives/edgar/data/6955/000119312511184883/0001193125-11-184883-index.htm,https://www.sec.gov/Archives/edgar/data/6955/000119312511184883/d10q.htm
0,2011-02-28,EPAC,2011-04-08,2011-04-08 12:43:54,Q2,330700000,205700000,125000000,0.3779860901118839,0.0,80700000,39081000,-696000.0,88000000,293700000,-8200000.0,12899999.999999998,18800000,0.056849,37000000,0.111884,-500000.0,28300000,0.085576,6200000.0,7900000.0,0.023889,0.10464,0.10464,75500000,75500000,https://www.sec.gov/Archives/edgar/data/6955/000119312511092214/0001193125-11-092214-index.htm,https://www.sec.gov/Archives/edgar/data/6955/000119312511092214/d10q.htm
0,2010-11-30,EPAC,2011-01-07,2011-01-07 13:46:50,Q1,318400000,196600000,121800000,0.38253768844221103,0.0,73700000,73739000,448000.0,80200000.00000001,276800000,-7600000.0,12300000,37500000,0.117776,41600000,0.130653,-400000.0,33600000,0.105528,6900000.0,25900000,0.081344,0.34579,0.34579,74900000,74900000,https://www.sec.gov/Archives/edgar/data/6955/000119312511003544/0001193125-11-003544-index.htm,https://www.sec.gov/Archives/edgar/data/6955/000119312510239211/d10k.htm
0,2010-08-31,EPAC,2010-10-28,2010-10-28 11:12:39,Q4,310400000,195800000,114600000,0.36920103092783507,0.0,68900000,-52983000,393000.0,77000000,272800000,-7700000.0,12799999.999999996,-3100000.000000003,-0.009987,37600000,0.121134,-300000.0,29500000,0.095039,8600000.0,-16800000,-0.054124,-0.22581,-0.22581,74400000,74400000,https://www.sec.gov/Archives/edgar/data/6955/000119312510239211/0001193125-10-239211-index.htm,https://www.sec.gov/Archives/edgar/data/6955/000119312510239211/d10k.htm
0,2010-05-31,EPAC,2010-07-09,2010-07-09 13:51:42,Q3,310100000,193900000,116200000,0.3747178329571106,0.0,69500000,20084000,143000.0,76100000,270000000,-7800000.0,12100000.000000002,29800000,0.096098,40100000,0.129313,-300000.0,32000000,0.103193,3700000.0,21800000,0.0703,0.29301,0.29301,74400000,74400000,https://www.sec.gov/Archives/edgar/data/6955/000119312510156443/0001193125-10-156443-index.htm,https://www.sec.gov/Archives/edgar/data/6955/000119312510156443/d10q.htm
0,2010-02-28,EPAC,2010-04-08,2010-04-08 15:35:23,Q2,267400000,171100000,96300000,0.36013462976813765,0.0,64300000,16530000,-234000.0,78900000,250000000,-7800000.0,14800000,16200000,0.060583,17500000,0.065445,200000.0,9900000.0,0.037023,2000000.0,7200000.0,0.026926,0.09717,0.09717,74100000,74100000,https://www.sec.gov/Archives/edgar/data/6955/000119312510079482/0001193125-10-079482-index.htm,https://www.sec.gov/Archives/edgar/data/6955/000119312510079482/d10q.htm
0,2009-11-30,EPAC,2010-01-08,2010-01-08 15:40:18,Q1,272600000,172500000,100100000,0.36720469552457813,0.0,65300000,16369000,-302000.0,73500000,246000000,-8500000.0,12200000,20100000,0.073734,26600000,0.097579,-300000.0,17800000,0.065297,4500000.0,11900000,0.043654,0.16081,0.16081,74000000,74000000,https://www.sec.gov/Archives/edgar/data/6955/000119312510003479/0001193125-10-003479-index.htm,https://www.sec.gov/Archives/edgar/data/6955/000119312509216254/d10k.htm
0,2009-08-31,EPAC,2009-10-28,2009-10-28 17:00:30,Q4,167900000,99800000,68100000,0.40559857057772486,0.0,39500000,235639000,1917000.0,50100000.00000001,149900000,-13736000,13500000,17864000,0.106397,18000000,0.107207,900000.0,8300000.0,0.049434,1600000.0,16500000,0.098273,0.24775,0.24775,66600000,66600000,https://www.sec.gov/Archives/edgar/data/6955/000119312509216254/0001193125-09-216254-index.htm,https://www.sec.gov/Archives/edgar/data/6955/000119312509216254/d10k.htm
0,2009-05-31,EPAC,2009-06-22,2009-06-22 16:02:37,Q3,285200000,189800000,95400000,0.3345021037868163,0.0,63800000,12086000,-1281000.0,84199999.99999999,274000000,-1769000.0,12800000,-8469000.0,-0.029695,11100000,0.03892,-800000.0,1300000.0,0.004558,-1900000.0,-17600000,-0.061711,-0.27457,-0.27457,64100000,64100000,https://www.sec.gov/Archives/edgar/data/6955/000119312509134877/0001193125-09-134877-index.htm,https://www.sec.gov/Archives/edgar/data/6955/000119312509134877/d10q.htm
0,2009-02-28,EPAC,2009-04-09,2009-04-09 12:38:53,Q2,293800000,199300000,94500000,0.3216473791695031,0.0,73000000,16147000,-613000.0,81000000,280300000,2569000.0,13000000,18169000,0.061841,13500000,0.04595,-613000.0,3600000.0,0.012253,-600000.0,3200000.0,0.010892,0.04977,0.04977,64300000,64300000,https://www.sec.gov/Archives/edgar/data/6955/000119312509076310/0001193125-09-076310-index.htm,https://www.sec.gov/Archives/edgar/data/6955/000119312509076310/d10q.htm
0,2008-11-30,EPAC,2009-01-08,2009-01-08 16:59:46,Q1,370800000,240600000,130200000,0.3511326860841424,0.0,73700000,11879000,186000.0,105100000,345700000,-10458000,12700000,15342000,0.041375,25100000,0.067691,500000.0,13400000,0.036138,1500000.0,11600000,0.031284,0.18012,0.18012,64400000,64400000,https://www.sec.gov/Archives/edgar/data/6955/000119312509003273/0001193125-09-003273-index.htm,https://www.sec.gov/Archives/edgar/data/6955/000119312508219025/d10k.htm
0,2008-08-31,EPAC,2008-10-29,2008-10-29 16:07:22,Q4,393500000,251200000,142300000,0.3616264294790343,0.0,83100000,21092000,-110000.0,87000000,338200000,-18522000,11800000.000000004,41678000.00000001,0.105916,55200000,0.14028,1400000.0,47800000,0.121474,14200000,34200000,0.086912,0.52615,0.52615,65000000,65000000,https://www.sec.gov/Archives/edgar/data/6955/000119312508219025/0001193125-08-219025-index.htm,https://www.sec.gov/Archives/edgar/data/6955/000119312508219025/d10k.htm
0,2008-05-31,EPAC,2008-07-09,2008-07-09 14:39:22,Q3,404900000,260800000,144100000,0.35589034329464064,0.0,83500000,23382000,68000.0,86899999.99999999,347700000,-13869000,11399999.999999998,48031000,0.118624,57300000,0.141516,-200000.0,47900000,0.118301,11900000,38600000,0.095332,0.59112,0.59112,65300000,65300000,https://www.sec.gov/Archives/edgar/data/6955/000119312508148639/0001193125-08-148639-index.htm,https://www.sec.gov/Archives/edgar/data/6955/000119312508148639/d10q.htm
0,2008-02-29,EPAC,2008-04-08,2008-04-08 14:55:04,Q2,399600000,265800000,133800000,0.33483483483483484,0.0,82700000,42792000,471000.0,91099999.99999997,356899999.99999994,-13656000,11000000,31744000,0.079439,42700000,0.106857,700000.0,34400000,0.086086,12200000,22200000,0.055556,0.34312,0.34312,64700000,64700000,https://www.sec.gov/Archives/edgar/data/6955/000119312508077138/0001193125-08-077138-index.htm,https://www.sec.gov/Archives/edgar/data/6955/000119312508077138/d10q.htm
0,2007-11-30,EPAC,2008-01-08,2008-01-08 16:55:56,Q1,415100000,274300000,140800000,0.33919537460852806,0.0,81300000,81296000,-1110000.0,90099999.99999997,364399999.99999994,-42570000,10500000,10430000,0.025126,50800000,0.12238,1100000.0,42600000,0.102626,15100000,27400000,0.066008,0.42349,0.42349,64700000,64700000,https://www.sec.gov/Archives/edgar/data/6955/000119312508003178/0001193125-08-003178-index.htm,https://www.sec.gov/Archives/edgar/data/6955/000119312507229345/d10k.htm
0,2007-08-31,EPAC,2007-10-30,2007-10-30 13:01:37,Q4,389700000,258400000,131300000,0.33692584039004364,0.0,74500000,74489000000,-850000000,78700000.00000004,337100000.00000006,-44607000000,10100000.000000002,-44552200000,-114.324352,52600000,0.134976,900000.0,44600000,0.114447,13300000,31400000,0.080575,0.49063,0.49063,64000000,64000000,https://www.sec.gov/Archives/edgar/data/6955/000119312507229345/0001193125-07-229345-index.htm,https://www.sec.gov/Archives/edgar/data/6955/000119312507229345/d10k.htm
0,2007-05-31,EPAC,2007-07-09,2007-07-09 17:06:22,Q3,385100000,255500000,129600000,0.33653596468449753,0.0,73800000,73773000,660000.0,77100000.00000001,332600000,-42736000,9200000.0,9164000.0,0.023796,52500000,0.136328,-700000.0,42700000,0.11088,13100000,29600000,0.076863,0.46541,0.46541,63600000,63600000,https://www.sec.gov/Archives/edgar/data/6955/000119312507151813/0001193125-07-151813-index.htm,https://www.sec.gov/Archives/edgar/data/6955/000119312507151813/d10q.htm
0,2007-02-28,EPAC,2007-04-06,2007-04-06 16:56:19,Q2,341000000,230800000,110200000,0.32316715542521995,0.0,66900000,66801000,755000.0,73300000.00000001,304100000,-27876000,8799999.999999998,8823999.999999998,0.025877,36900000,0.108211,-800000.0,27900000,0.081818,9000000.0,18900000,0.055425,0.29764,0.29764,63500000,63500000,https://www.sec.gov/Archives/edgar/data/6955/000119312507076349/0001193125-07-076349-index.htm,https://www.sec.gov/Archives/edgar/data/6955/000119312507076349/d10q.htm
0,2006-11-30,EPAC,2007-01-09,2007-01-09 15:01:50,Q1,343000000,229900000,113100000,0.32973760932944607,0.0,67200000,67263000,217000.0,69600000,299500000,-36471000,7900000.0,7929000.0,0.023117,43500000,0.126822,-200000.0,36500000,0.106414,11400000,25100000,0.073178,0.3959,0.3959,63400000,63400000,https://www.sec.gov/Archives/edgar/data/6955/000119312507003704/0001193125-07-003704-index.htm,https://www.sec.gov/Archives/edgar/data/6955/000119312506243784/d10k.htm
0,2006-08-31,EPAC,2006-11-29,2006-11-29 16:32:49,Q4,324600000,216500000,108100000,0.3330252618607517,0.0,62800000,62782000000,388000000,69899999.99999999,286400000,-30562000000,13300000,-30518100000,-94.01756,38200000,0.117683,-400000.0,30600000,0.09427,5400000.0,25200000,0.077634,0.39873,0.39873,63200000,63200000,https://www.sec.gov/Archives/edgar/data/6955/000119312506243784/0001193125-06-243784-index.htm,https://www.sec.gov/Archives/edgar/data/6955/000119312506243784/d10k.htm
0,2006-05-31,EPAC,2006-07-10,2006-07-10 12:34:31,Q3,316700000,210800000,105900000,0.3343858541206189,0.0,61200000,61171000,659000.0,63000000,273800000,-35396000,6700000.000000001,6704000.000000001,0.021168,42800000,0.135144,-700000.0,35400000,0.111778,8600000.0,26800000,0.084623,0.42271,0.42271,63400000,63400000,https://www.sec.gov/Archives/edgar/data/6955/000119312506143802/0001193125-06-143802-index.htm,https://www.sec.gov/Archives/edgar/data/6955/000119312506143802/d10q.htm
0,2006-02-28,EPAC,2006-04-06,2006-04-06 08:53:19,Q2,276000000,185000000,91000000,0.32971014492753625,0.0,54400000,54433000,325000.0,56199999.99999999,241200000,-28445000,6699999.999999999,6754999.999999999,0.024475,34900000,0.126449,-300000.0,28400000,0.102899,9200000.0,19300000,0.069928,0.30586,0.30586,63100000,63100000,https://www.sec.gov/Archives/edgar/data/6955/000119312506074367/0001193125-06-074367-index.htm,https://www.sec.gov/Archives/edgar/data/6955/000119312506074367/d10q.htm
0,2005-11-30,EPAC,2006-01-09,2006-01-09 16:23:10,Q1,283900000,184400000,99500000,0.350475519549137,0.0,59500000,59482000,698000.0,61299999.99999998,245699999.99999997,-31446000,6500000.0,6554000.0,0.023086,38200000,0.134554,-700000.0,31400000,0.110602,10200000,21300000,0.075026,0.33863,0.33863,62900000,62900000,https://www.sec.gov/Archives/edgar/data/6955/000119312506003468/0001193125-06-003468-index.htm,https://www.sec.gov/Archives/edgar/data/6955/000119312505222624/d10k.htm
0,2005-08-31,EPAC,2005-11-10,2005-11-10 11:11:58,Q4,269400000,177800000,91600000,0.340014847809948,0.0,54600000,0.0,0.0,56299999.99999998,234099999.99999997,-6100000.0,6199999.999999999,28600000,0.106162,35300000,0.131032,-600000.0,28500000,0.105791,9400000.0,19100000,0.070898,0.30463,0.30463,62700000,62700000,https://www.sec.gov/Archives/edgar/data/6955/000119312505222624/0001193125-05-222624-index.htm,https://www.sec.gov/Archives/edgar/data/6955/000119312505222624/d10k.htm
0,2005-05-31,EPAC,2005-07-07,2005-07-07 12:42:04,Q3,271700000,185100000,86600000,0.3187338976812661,0.0,51200000,50050000,435000.0,52800000.00000001,237900000,-29666000,6399999.999999999,5433999.999999999,0.02,33900000,0.12477,-400000.0,28500000,0.104895,8700000.0,20000000,0.073611,0.31797,0.31797,62900000,62900000,https://www.sec.gov/Archives/edgar/data/6955/000119312505138626/0001193125-05-138626-index.htm,https://www.sec.gov/Archives/edgar/data/6955/000119312505138626/d10q.htm
0,2005-02-28,EPAC,2005-04-08,2005-04-08 11:34:41,Q2,235300000,160900000,74400000,0.31619209519762004,0.0,46200000,45250000,40000.0,47400000.00000001,208300000,-23947000,5700000.000000001,4953000.000000001,0.02105,26900000,0.114322,40.0,23000000,0.097748,8000000.0,15200000,0.064598,0.24796,0.24796,61300000,61300000,https://www.sec.gov/Archives/edgar/data/6955/000119312505072648/0001193125-05-072648-index.htm,https://www.sec.gov/Archives/edgar/data/6955/000119312505072648/d10q.htm
0,2004-11-30,EPAC,2005-01-07,2005-01-07 09:04:50,Q1,199700000,135900000,63800000,0.3194792188282424,0.0,36800000,35957000,-1219000.0,37400000.00000001,173300000,-26560000,4100000.0,3240000.0,0.016224,26400000,0.132198,1200000.0,25700000,0.128693,8800000.0,16900000,0.084627,0.29806,0.29806,56700000,56700000,https://www.sec.gov/Archives/edgar/data/6955/000119312505002791/0001193125-05-002791-index.htm,https://www.sec.gov/Archives/edgar/data/6955/000119312504181607/d10k.htm
0,2004-08-31,EPAC,2004-10-29,2004-10-29 15:04:24,Q4,187800000,127700000,60100000,0.3200212992545261,0.0,35400000,0.0,0.0,45300000,173000000,-2400000.0,4300000.000000001,25500000,0.135783,14800000,0.078807,400000.0,12800000,0.068158,5300000.0,18300000,0.097444,0.37271,0.37271,49100000,49100000,https://www.sec.gov/Archives/edgar/data/6955/000119312504181607/0001193125-04-181607-index.htm,https://www.sec.gov/Archives/edgar/data/6955/000119312504181607/d10k.htm
0,2004-05-31,EPAC,2004-07-09,2004-07-09 15:19:01,Q3,196500000,134800000,61700000,0.3139949109414758,0.0,35900000,85045000,1162000.0,46399999.99999998,181199999.99999997,-32842000,4100000.000000001,-16842000,-0.08571,15200000,0.077354,-500000.0,11800000,0.060051,4400000.0,7500000.0,0.038168,0.13274,0.13274,56500000,56500000,https://www.sec.gov/Archives/edgar/data/6955/000119312504116165/0001193125-04-116165-index.htm,https://www.sec.gov/Archives/edgar/data/6955/000119312504116165/d10q.htm
0,2004-02-29,EPAC,2004-04-12,2004-04-12 12:34:30,Q2,176000000,121200000,54800000,0.31136363636363634,0.0,34000000,18283000,434000.0,36899999.99999999,158100000,6811000.0,4299999.999999999,24611000,0.139835,17900000,0.101705,-600000.0,13400000,0.076136,4700000.0,8800000.0,0.05,0.17671,0.17671,49800000,49800000,https://www.sec.gov/Archives/edgar/data/6955/000119312504060358/0001193125-04-060358-index.htm,https://www.sec.gov/Archives/edgar/data/6955/000119312504060358/d10q.htm
0,2003-11-30,EPAC,2004-01-14,2004-01-14 10:41:33,Q1,166600000,112000000,54600000,0.3277310924369748,0.0,33300000,33349000,453000.0,48900000.00000001,160900000,-809000.0,3900000.0,3691000.0,0.022155,5700000.0,0.034214,-500000.0,800000.0,0.004802,300000.0,300000.0,0.001801,0.00606,0.00606,49500000,49500000,https://www.sec.gov/Archives/edgar/data/6955/000119312504004117/0001193125-04-004117-index.htm,https://www.sec.gov/Archives/edgar/data/6955/000119312503066628/d10k.htm
0,2003-08-31,EPAC,2003-10-24,2003-10-24 09:27:49,Q4,148200000,99500000,48700000,0.32860998650472334,0.0,29100000,31889000000,-1722000000,29599999.999999993,129100000,9543000000,4000000.0,9562400000,64.523617,19200000,0.129555,1200000.0,15200000,0.102564,5400000.0,10000000,0.067476,0.20367,0.20367,49100000,49100000,https://www.sec.gov/Archives/edgar/data/6955/000119312503066628/0001193125-03-066628-index.htm,https://www.sec.gov/Archives/edgar/data/6955/000119312503066628/d10k.htm
0,2003-05-31,EPAC,2003-07-11,2003-07-11 11:26:43,Q3,147200000,98400000,48800000,0.33152173913043476,0.0,28900000,28880000,-515000.0,28599999.999999993,127000000,14344000,3599999.9999999995,33444000,0.227201,20200000,0.137228,500000.0,15500000,0.105299,5500000.0,10000000,0.067935,0.20534,0.20534,48700000,48700000,https://www.sec.gov/Archives/edgar/data/6955/000119312503018577/0001193125-03-018577-index.htm,https://www.sec.gov/Archives/edgar/data/6955/000119312503018577/d10q.htm
0,2003-02-28,EPAC,2003-04-11,2003-04-11 13:30:39,Q2,142100000,95600000,46500000,0.32723434201266716,0.0,29900000,29867000,-752000.0,30500000,126100000,-11338000,3800000.0,3562000.0,0.025067,16000000,0.112597,800000.0,11300000,0.079521,4000000.0,7100000.0,0.049965,0.14519,0.14519,48900000,48900000,https://www.sec.gov/Archives/edgar/data/6955/000095013103002079/0000950131-03-002079-index.htm,https://www.sec.gov/Archives/edgar/data/6955/000095013103002079/d10q.htm
0,2002-11-30,EPAC,,,Q1,147900000,102000000,45900000,0.310345,0.0,27100000,0.0,0.0,36900000.00000001,138900000,-5700000.0,3700000.0,1000000.0,0.006761,8900000.0,0.060176,-200000.0,3000000.0,0.020284,1100000.0,1900000.0,0.012847,0.03893,0.03893,48800000,48800000,,
0,2002-08-31,EPAC,,,Q4,121400000,78700000,42700000,0.35173,0.0,23200000,0.0,0.0,25799999.999999996,104500000,-6100000.0,3300000.000000001,8100000.000000001,0.066722,16900000,0.139209,100000.0,10800000,0.088962,3800000.0,7100000.0,0.058484,0.14549,0.14549,48800000,48800000,,
0,2002-05-31,EPAC,2002-07-16 00:00:00,2002-07-15 17:45:05,Q3,120000000,78400000,41600000,0.346667,0.0,21300000,0.0,0.0,36199999.99999999,114599999.99999999,-6900000.0,3000000.0,-15400000,-0.128333,5400000.0,0.045,100000.0,-1500000.0,-0.0125,-500000.0,-11000000,-0.091667,-0.23758,-0.23758,46300000,46300000,https://www.sec.gov/Archives/edgar/data/6955/000102140802009483/0001021408-02-009483-index.html,https://www.sec.gov/Archives/edgar/data/6955/000102140802009483/d10q.txt
0,2002-02-28,EPAC,2002-04-12 00:00:00,2002-04-12 00:00:00,Q2,108400000,71700000,36700000,0.338561,0.0,21100000,0.0,0.0,21700000.000000004,93400000,-9800000.0,3099999.9999999995,-400000.0000000004,-0.00369,15000000,0.138376,1100000.0,6300000.0,0.058118,2300000.0,4000000.0,0.0369,0.10782,0.10782,37100000,37100000,https://www.sec.gov/Archives/edgar/data/6955/000095013102001481/0000950131-02-001481-index.html,https://www.sec.gov/Archives/edgar/data/6955/000095013102001481/d10q.txt
0,2001-11-30,EPAC,2002-01-14 00:00:00,2002-01-14 00:00:00,Q1,113100000,75100000,38000000,0.335986,0.0,19900000,0.0,0.0,20500000,95600000,-9900000.0,3000000.0,-6800000.0,-0.060124,17500000,0.15473,-400000.0,7200000.0,0.06366,2700000.0,-2600000.0,-0.022989,-0.07692,-0.07692,33800000,33800000,https://www.sec.gov/Archives/edgar/data/6955/000095013102000126/0000950131-02-000126-index.html,https://www.sec.gov/Archives/edgar/data/6955/000095013102000126/d10q.txt
0,2001-08-31,EPAC,2001-11-06 00:00:00,2001-11-06 00:00:00,Q4,120500000,77600000,42900000,0.356017,0.0,22300000,0.0,0.0,24000000,101600000,-11000000,8800000.0,23600000,0.195851,18900000,0.156846,-600000.0,25900000,0.214938,10300000,15500000,0.128631,0.46547,0.46547,33300000,33300000,https://www.sec.gov/Archives/edgar/data/6955/000095013101503986/0000950131-01-503986-index.html,https://www.sec.gov/Archives/edgar/data/6955/000095013101503986/d10k.txt
0,2001-05-31,EPAC,2001-07-12 00:00:00,2001-07-12 00:00:00,Q3,126100000,82900000,43200000,0.342585,0.0,23400000,0.0,0.0,26899999.99999999,109799999.99999999,-12700000,4300000.0,-6700000.0,-0.053132,16300000,0.129262,-1200000.0,2400000.0,0.019033,1000000.0,700000.0,0.005551,0.02128,0.02128,32900000,32900000,https://www.sec.gov/Archives/edgar/data/6955/000095013101502258/0000950131-01-502258-index.html,https://www.sec.gov/Archives/edgar/data/6955/000095013101502258/d10q.txt
0,2001-02-28,EPAC,2001-04-16 00:00:00,2001-04-16 00:00:00,Q2,115500000,74500000,41000000,0.354978,0.0,21700000,0.0,0.0,23099999.999999993,97600000,-12500000,3899999.9999999995,-3400000.0000000005,-0.029437,17900000,0.154978,-200000.0,5200000.0,0.045022,2100000.0,3100000.0,0.02684,0.09337,0.09337,33200000,33200000,https://www.sec.gov/Archives/edgar/data/6955/000095013101500702/0000950131-01-500702-index.html,https://www.sec.gov/Archives/edgar/data/6955/000095013101500702/d10q.txt
0,2000-11-30,EPAC,2001-01-05 00:00:00,2001-01-05 00:00:00,Q1,119800000,78000000,41800000,0.348915,0.0,21600000,0.0,0.0,23000000,101000000,-13000000,4200000.0,-1500000.0,-0.012521,18800000,0.156928,1500000.0,7300000.0,0.060935,3000000.0,4300000.0,0.035893,0.12573,0.12573,34200000,34200000,https://www.sec.gov/Archives/edgar/data/6955/000095013101000064/0000950131-01-000064-index.html,https://www.sec.gov/Archives/edgar/data/6955/000095013101000064/0000950131-01-000064-0001.txt
0,2000-08-31,EPAC,,,Q4,136000000,87700000,48300000,0.355147,0.0,30700000,0.0,0.0,45600000.00000001,133300000.00000001,-9800000.0,4400000.000000002,4600000.000000002,0.033824,2700000.0,0.019853,100000.0,-7000000.0,-0.051471,-100000.0,10100000,0.074265,0.30793,0.30793,32800000,32800000,,
0,2000-05-31,EPAC,2000-07-17 00:00:00,2000-07-17 00:00:00,Q3,178500000,112500000,66000000,0.369748,0.0,34800000,0.0,0.0,37699999.99999999,150200000,-9800000.0,5799999.999999999,15499999.999999998,0.086835,28400000,0.159104,200000.0,18800000,0.105322,6700000.0,12800000,0.071709,0.39506,0.39506,32400000,32400000,https://www.sec.gov/Archives/edgar/data/6955/000095013100004388/0000950131-00-004388-index.html,https://www.sec.gov/Archives/edgar/data/6955/000095013100004388/0000950131-00-004388-0001.txt
0,2000-02-29,EPAC,2000-04-14 00:00:00,2000-04-14 00:00:00,Q2,184100000,118400000,65700000,0.356871,0.0,34900000,0.0,0.0,40400000.00000001,158800000,-7700000.0,6400000.0,25200000,0.136882,25300000,0.137425,200000.0,17800000,0.096687,6000000.0,20500000,0.111353,0.63467,0.63467,32300000,32300000,https://www.sec.gov/Archives/edgar/data/6955/000095013100002621/0000950131-00-002621-index.html,https://www.sec.gov/Archives/edgar/data/6955/0000950131-00-002621.txt
0,1999-11-30,EPAC,1999-12-06 00:00:00,1999-12-06 00:00:00,Q1,173000000,110900000,62100000,0.35896,0.0,33600000,0.0,0.0,34199999.99999999,145100000,-10500000,6000000.0,26100000,0.150867,27900000,0.161272,400000.0,17900000,0.103468,6900000.0,23700000,0.136994,0.73602,0.73602,32200000,32200000,https://www.sec.gov/Archives/edgar/data/6955/000095013199006556/0000950131-99-006556-index.html,https://www.sec.gov/Archives/edgar/data/6955/0000950131-99-006556.txt
0,1999-08-31,EPAC,,,Q4,171300000,108900000,62400000,0.364273,0.0,31100000,0.0,0.0,33199999.99999999,142100000,-10500000,5600000.000000001,26500000,0.154699,29200000,0.170461,-700000.0,18000000,0.105079,8200000.0,23200000,0.135435,0.72274,0.72274,32100000,32100000,,
0,1999-05-31,EPAC,1999-07-15 00:00:00,1999-07-15 00:00:00,Q3,180000000,113800000,66200000,0.367778,0.0,36600000,0.0,0.0,38800000,152600000,-10900000,-19100000,-2900000.0,-0.016111,27400000,0.152222,100000.0,16600000,0.092222,6600000.0,20500000,0.113889,0.63863,0.63863,32100000,32100000,https://www.sec.gov/Archives/edgar/data/6955/000095013199004316/0000950131-99-004316-index.html,https://www.sec.gov/Archives/edgar/data/6955/0000950131-99-004316.txt
0,1999-02-28,EPAC,,,Q2,-91300000,-77900000,-13300000,0.145674,0.0,-13400000,0.0,0.0,-16099999.999999994,-94000000,-5900000.0,20800000,32500000,-0.355969,2700000.0,-0.029573,-300000.0,-3500000.0,0.038335,-1700000.0,19300000,-0.211391,0.59021,0.59021,32700000,32700000,,
0,1998-11-30,EPAC,,,Q1,435700000,298300000,137400000,0.315355,0.0,82400000,0.0,0.0,97300000.00000001,395600000,-13900000,18800000,31100000,0.071379,40100000,0.092036,0.0,26200000,0.060133,9800000.0,16400000,0.037641,0.5109,0.5109,32100000,32100000,,
0,1998-08-31,EPAC,1998-11-20 00:00:00,1998-11-20 00:00:00,Q4,372000000,275200000,96700000,0.259946,0.0,82900000,0.0,0.0,123000000,398200000,-10500000,-7799999.999999997,-53100000,-0.142742,-26200000,-0.07043,2000000.0,-34800000,-0.093548,-3500000.0,-31300000,-0.08414,-0.79644,-0.79644,39300000,39300000,https://www.sec.gov/Archives/edgar/data/6955/000095013198006204/0000950131-98-006204-index.html,https://www.sec.gov/Archives/edgar/data/6955/0000950131-98-006204.txt
0,1998-05-31,EPAC,1998-07-14 00:00:00,1998-07-14 00:00:00,Q3,303900000,197500000,106400000,0.350115,0.0,64800000,0.0,0.0,68699999.99999999,266200000,-6600000.0,11799999.999999996,42100000,0.138532,37700000,0.124054,5900000.0,37000000,0.121751,14600000,22300000,0.073379,0.69255,0.69255,32200000,32200000,https://www.sec.gov/Archives/edgar/data/6955/000095013198004285/0000950131-98-004285-index.html,https://www.sec.gov/Archives/edgar/data/6955/0000950131-98-004285.txt
0,1998-02-28,EPAC,1998-04-02 00:00:00,1998-04-02 00:00:00,Q2,279400000,183300000,96100000,0.343951,0.0,61100000,0.0,0.0,64399999.99999998,247699999.99999997,-6100000.0,10800000,30600000,0.10952,31700000,0.113457,400000.0,25900000,0.092699,9400000.0,16500000,0.059055,0.51242,0.51242,32200000,32200000,https://www.sec.gov/Archives/edgar/data/6955/000095013198002327/0000950131-98-002327-index.html,https://www.sec.gov/Archives/edgar/data/6955/0000950131-98-002327.txt
0,1997-11-30,EPAC,,,Q1,275400000,179700000,95700000,0.347495,0.0,60400000,0.0,0.0,63100000.00000002,242800000.00000003,-5200000.0,9800000.0,33800000,0.122731,32600000,0.118373,1900000.0,29200000,0.106028,10100000,19100000,0.069354,0.59688,0.59688,32000000,32000000,,
0,1997-08-31,EPAC,1997-11-14 00:00:00,1997-11-14 16:05:00,Q4,188200000,121000000,67200000,0.357067,0.0,45700000,0.0,0.0,47400000.00000001,168400000,-3000000.0,12900000.000000002,25900000.000000004,0.13762,19800000,0.105207,-700000.0,16000000,0.085016,5500000.0,10500000,0.055792,0.42683,0.42683,24600000,24600000,https://www.sec.gov/Archives/edgar/data/6955/000095013197006854/0000950131-97-006854-index.html,https://www.sec.gov/Archives/edgar/data/6955/0000950131-97-006854.txt
0,1997-05-31,EPAC,1997-07-08 00:00:00,1997-07-08 00:00:00,Q3,173800000,109200000,64600000,0.371692,0.0,43500000,0.0,0.0,45300000,154500000,-3100000.0,6199999.999999999,19800000,0.113924,19400000,0.111623,500000.0,16700000,0.096087,5600000.0,11100000,0.063867,0.48261,0.48261,23000000,23000000,https://www.sec.gov/Archives/edgar/data/6955/000095012497003705/0000950124-97-003705-index.html,https://www.sec.gov/Archives/edgar/data/6955/0000950124-97-003705.txt
0,1997-02-28,EPAC,1997-04-11 00:00:00,1997-04-11 00:00:00,Q2,157200000,96700000,60400000,0.384224,0.0,41800000,0.0,0.0,43600000.00000001,140300000,-3200000.0,6300000.0,17400000,0.110687,16800000,0.10687,600000.0,14200000,0.090331,4800000.0,9500000.0,0.060433,0.41304,0.41304,23000000,23000000,https://www.sec.gov/Archives/edgar/data/6955/000095013797001498/0000950137-97-001498-index.html,https://www.sec.gov/Archives/edgar/data/6955/0000950137-97-001498.txt
0,1996-11-30,EPAC,1997-01-13 00:00:00,1997-01-13 00:00:00,Q1,153100000,92500000,60600000,0.39582,0.0,42200000,0.0,0.0,43699999.99999999,136200000,-2600000.0,5700000.0,17400000,0.113651,16900000,0.110385,100000.0,14300000,0.093403,4800000.0,9500000.0,0.062051,0.41667,0.41667,22800000,22800000,https://www.sec.gov/Archives/edgar/data/6955/000095013797000088/0000950137-97-000088-index.html,https://www.sec.gov/Archives/edgar/data/6955/0000950137-97-000088.txt
0,1996-08-31,EPAC,,,Q4,147300000,88600000,58700000,0.398506,0.0,42000000,0.0,0.0,43200000.00000002,131800000.00000001,-2400000.0,11399999.999999998,22100000,0.150034,15500000,0.105227,-100000.0,13100000,0.088934,3900000.0,9200000.0,0.062458,0.41071,0.41071,22400000,22400000,,
0,1996-05-31,EPAC,1996-07-12 00:00:00,1996-07-12 00:00:00,Q3,147600000,92100000,55400000,0.375339,0.0,38900000,0.0,0.0,40000000,132100000,-2000000.0,5400000.0,16800000,0.113821,15500000,0.105014,0.0,13500000,0.091463,4300000.0,9100000.0,0.061653,0.40625,0.40625,22400000,22400000,https://www.sec.gov/Archives/edgar/data/6955/000095012496003091/0000950124-96-003091-index.html,https://www.sec.gov/Archives/edgar/data/6955/0000950124-96-003091.txt
0,1996-02-29,EPAC,1996-04-12 00:00:00,1996-04-12 00:00:00,Q2,137100000,85400000,51700000,0.377097,0.0,37800000,0.0,0.0,38800000,124200000,-2000000.0,5300000.000000001,14600000.000000002,0.106492,12900000,0.094092,400000.0,11300000,0.082422,3600000.0,7700000.0,0.056163,0.34529,0.34529,22300000,22300000,https://www.sec.gov/Archives/edgar/data/6955/000095012496001573/0000950124-96-001573-index.html,https://www.sec.gov/Archives/edgar/data/6955/0000950124-96-001573.txt
0,1995-11-30,EPAC,1996-01-09 00:00:00,1996-01-09 00:00:00,Q1,139300000,85200000,54100000,0.38837,0.0,39900000,0.0,0.0,40599999.99999999,125800000,-4100000.0,5100000.0,10200000,0.073223,13500000,0.096913,-100000.0,9300000.0,0.066762,3600000.0,5600000.0,0.040201,0.25,0.25,22400000,22400000,https://www.sec.gov/Archives/edgar/data/6955/000095012496000160/0000950124-96-000160-index.html,https://www.sec.gov/Archives/edgar/data/6955/0000950124-96-000160.txt
0,1995-08-31,EPAC,1995-11-16 00:00:00,1995-11-16 00:00:00,Q4,137400000,85100000,52300000,0.38064,0.0,39000000,0.0,0.0,39700000,124800000,-5000000.0,4800000.000000001,2800000.000000001,0.020378,12600000,0.091703,-4500000.0,3100000.0,0.022562,2800000.0,200000.0,0.001456,0.00897,0.00897,22300000,22300000,https://www.sec.gov/Archives/edgar/data/6955/000095012495003836/0000950124-95-003836-index.html,https://www.sec.gov/Archives/edgar/data/6955/0000950124-95-003836.txt
0,1995-05-31,EPAC,1995-07-17 00:00:00,1995-07-17 00:00:00,Q3,139400000,85700000,53600000,0.384505,0.0,39400000,0.0,0.0,40000000,125700000,-2500000.0,4299999.999999999,12699999.999999998,0.091105,13600000,0.097561,-200000.0,10900000,0.078192,3600000.0,7300000.0,0.052367,0.33182,0.33182,22000000,22000000,https://www.sec.gov/Archives/edgar/data/6955/000095012495002156/0000950124-95-002156-index.html,https://www.sec.gov/Archives/edgar/data/6955/0000950124-95-002156.txt
0,1995-02-28,EPAC,1995-04-13 00:00:00,1995-04-13 00:00:00,Q2,124500000,77200000,47300000,0.37992,0.0,35100000,0.0,0.0,36000000,113200000,-2900000.0,4700000.0,4000000.0,0.032129,11300000,0.090763,-1200000.0,7200000.0,0.057831,2500000.0,-300000.0,-0.00241,-0.0137,-0.0137,21900000,21900000,https://www.sec.gov/Archives/edgar/data/6955/000095012495001098/0000950124-95-001098-index.html,https://www.sec.gov/Archives/edgar/data/6955/0000950124-95-001098.txt
0,1994-11-30,EPAC,1995-01-09 00:00:00,1995-01-09 00:00:00,Q1,125800000,77600000,48200000,0.383148,0.0,35700000,0.0,0.0,36900000.00000001,114500000,-2700000.0,4700000.0,10300000,0.081876,11300000,0.089825,-200000.0,8400000.0,0.066773,2900000.0,5400000.0,0.042925,0.24771,0.24771,21800000,21800000,https://www.sec.gov/Archives/edgar/data/6955/000095012495000011/0000950124-95-000011-index.html,https://www.sec.gov/Archives/edgar/data/6955/0000950124-95-000011.txt
0,1994-08-31,EPAC,1994-11-17 00:00:00,1994-11-17 00:00:00,Q4,116800000,72100000,44700000,0.382705,-10000000,42200000,0.0,0.0,33700000,105800000,-3000000.0,19400000,24200000,0.207192,11100000,0.095034,-200000.0,7800000.0,0.066781,2800000.0,5000000.0,0.042808,0.23148,0.23148,21600000,21600000,https://www.sec.gov/Archives/edgar/data/6955/000095012494001757/0000950124-94-001757-index.html,https://www.sec.gov/Archives/edgar/data/6955/0000950124-94-001757.txt
0,1994-05-31,EPAC,1994-07-15 00:00:00,1994-07-15 00:00:00,Q3,111300000,68800000,42500000,0.381851,0.0,30300000,0.0,0.0,31600000.00000001,100400000.00000001,-3000000.0,0.0,4900000.0,0.044025,11000000,0.098832,-100000.0,7900000.0,0.070979,2600000.0,5300000.0,0.047619,0.24766,0.24766,21400000,21400000,https://www.sec.gov/Archives/edgar/data/6955/000000695594000006/0000006955-94-000006-index.html,https://www.sec.gov/Archives/edgar/data/6955/0000006955-94-000006.txt
0,1994-02-28,EPAC,1994-04-14 00:00:00,1994-04-14 00:00:00,Q2,101900000,64200000,37700000,0.369971,3200000.0,25500000,0.0,0.0,30000000,94200000,-2700000.0,0.0,2200000.0,0.02159,7700000.0,0.075564,-100000.0,4900000.0,0.048086,1600000.0,3300000.0,0.032385,0.1564,0.1564,21100000,21100000,https://www.sec.gov/Archives/edgar/data/6955/000000695594000004/0000006955-94-000004-index.html,https://www.sec.gov/Archives/edgar/data/6955/0000006955-94-000004.txt
