,date,symbol,fillingDate,acceptedDate,period,revenue,costOfRevenue,grossProfit,grossProfitRatio,researchAndDevelopmentExpenses,generalAndAdministrativeExpenses,sellingAndMarketingExpenses,otherExpenses,operatingExpenses,costAndExpenses,interestExpense,depreciationAndAmortization,ebitda,ebitdaratio,operatingIncome,operatingIncomeRatio,totalOtherIncomeExpensesNet,incomeBeforeTax,incomeBeforeTaxRatio,incomeTaxExpense,netIncome,netIncomeRatio,eps,epsdiluted,weightedAverageShsOut,weightedAverageShsOutDil,link,finalLink
0,2020-08-31,ARTW,2020-10-09,2020-10-09 14:22:04,Q3,6464854.0,5539974.0,924880.0,0.14306278223761898,0.0,1309361.0,370236.0,58847.0,128813.0,6978148.0,73422.0,0.0,-265799.0,-0.0411144629097579,-513294.0,-0.08165211464945689,58847.0,-527869.0,-0.08165211464945689,-104258.0,-423611.0,-0.06552522299807544,-0.1,-0.1,4426850.0,4426850.0,https://www.sec.gov/Archives/edgar/data/7623/000143774920020967/0001437749-20-020967-index.htm,https://www.sec.gov/Archives/edgar/data/7623/000143774920020967/artw20200831_10q.htm
0,2020-05-31,ARTW,2020-07-10,2020-07-10 14:31:39,Q2,5445732.0,4451016.0,994716.0,0.18265974161049423,0.0,1796739.0,401224.0,4698.0,122593.0,6370348.0,77246.0,0.0,-687938.0,-0.1263260843537655,-924616.0,-0.18310926795516194,4698.0,-997164.0,-0.18310926795516194,-195444.0,-801720.0,-0.14721987787867635,-0.18,-0.18,4401754.0,4401754.0,https://www.sec.gov/Archives/edgar/data/7623/000143774920014995/0001437749-20-014995-index.htm,https://www.sec.gov/Archives/edgar/data/7623/000143774920014995/artw20200531_10q.htm
0,2020-02-29,ARTW,2020-04-14,2020-04-14 17:10:18,Q1,5025924.0,4048762.0,977162.0,0.1944243486371859,0.0,1337006.0,455684.0,9199.0,109852.0,5495620.0,83274.0,0.0,-233041.0,-0.046367792270635214,-469696.0,-0.10819323969085087,9199.0,-543771.0,-0.10819323969085087,-106579.0,-437192.0,-0.0869873877917772,-0.1,-0.1,4315481.0,4315481.0,https://www.sec.gov/Archives/edgar/data/7623/000143774920007708/0001437749-20-007708-index.htm,https://www.sec.gov/Archives/edgar/data/7623/000143774920001888/artw20191130_10k.htm
0,2019-11-30,ARTW,2020-02-06,2020-02-06 14:57:12,Q4,7514069.0,6154816.0,1359253.0,0.1808943995590139,0.0,1359948.0,482578.0,24238.0,99206.0,7613970.0,83525.0,0.0,153810.0,0.020469601756385257,-99901.0,-0.0211853258201382,24238.0,-159188.0,-0.0211853258201382,9208.0,-168396.0,-0.022410760401588008,0.0,0.0,0.0,0.0,https://www.sec.gov/Archives/edgar/data/7623/000143774920001888/0001437749-20-001888-index.htm,https://www.sec.gov/Archives/edgar/data/7623/000143774920001888/artw20191130_10k.htm
0,2019-08-31,ARTW,2019-10-10,2019-10-10 12:46:04,Q3,5503622.0,4498800.0,1004822.0,0.18257467536833016,0.0,1193513.0,378811.0,24082.0,116153.0,5808466.0,89208.0,0.0,-56027.0,-0.010180023264679152,-304844.0,-0.06722300332399282,24082.0,-369970.0,-0.06722300332399282,-80754.0,-289216.0,-0.0525501206296508,-0.07,-0.07,4309587.0,4309587.0,https://www.sec.gov/Archives/edgar/data/7623/000143774919019904/0001437749-19-019904-index.htm,https://www.sec.gov/Archives/edgar/data/7623/000143774919019904/artw20190831_10q.htm
0,2019-05-31,ARTW,2019-07-11,2019-07-11 16:08:59,Q2,5747256.0,4788261.0,958995.0,0.16686136827731354,0.0,1211735.0,397270.0,11092.0,116773.0,6116769.0,100402.0,0.0,-98160.0,-0.017079454960767366,-369513.0,-0.07983340223577999,11092.0,-458823.0,-0.07983340223577999,-102781.0,-356042.0,-0.06194991140119737,-0.08,-0.08,4299289.0,4299289.0,https://www.sec.gov/Archives/edgar/data/7623/000143774919013851/0001437749-19-013851-index.htm,https://www.sec.gov/Archives/edgar/data/7623/000143774919013851/artw20190531_10q.htm
0,2019-02-28,ARTW,2019-04-09,2019-04-09 14:01:20,Q1,4124226.0,3519382.0,604844.0,0.14665636655217246,0.0,1180255.0,343349.0,26824.0,147214.0,4846851.0,85039.0,0.0,-406729.0,-0.09861947429651043,-722625.0,-0.1893300706605312,26824.0,-780840.0,-0.1893300706605312,-174908.0,-605932.0,-0.14692017362773038,-0.14,-0.14,4243707.0,4243707.0,https://www.sec.gov/Archives/edgar/data/7623/000143774919006793/0001437749-19-006793-index.htm,https://www.sec.gov/Archives/edgar/data/7623/000143774919001882/artw20181130_10k.htm
0,2018-11-30,ARTW,2019-02-05,2019-02-05 16:29:49,Q4,3786525.0,3710616.0,75909.0,0.020047140848139126,0.0,1271160.0,488023.0,41221.0,181983.0,5163759.0,84121.0,0.0,-1057346.0,-0.27923914407009065,-1377234.0,-0.47859897927519296,-350872.0,-1812227.0,-0.47859897927519296,-424271.0,-1387956.0,-0.3665513894665954,0.0,0.0,0.0,0.0,https://www.sec.gov/Archives/edgar/data/7623/000143774919001882/0001437749-19-001882-index.htm,https://www.sec.gov/Archives/edgar/data/7623/000143774919001882/artw20181130_10k.htm
0,2018-08-31,ARTW,2018-10-09,2018-10-09 14:39:30,Q3,5280269.0,4105012.0,1175257.0,0.22257521349764567,0.0,1333344.0,475604.0,-307735.0,201845.0,5640201.0,82058.0,0.0,-394485.0,-0.07470926197131245,-359932.0,-0.1797067535763803,-506910.0,-948900.0,-0.1797067535763803,-182184.0,-766716.0,-0.1452039659343113,-0.18,-0.18,4209445.0,4209445.0,https://www.sec.gov/Archives/edgar/data/7623/000143774918018095/0001437749-18-018095-index.htm,https://www.sec.gov/Archives/edgar/data/7623/000143774918018095/artw20180831_10q.htm
0,2018-05-31,ARTW,2018-07-12,2018-07-12 14:11:36,Q2,5294464.0,4187450.0,1107014.0,0.20908896537968716,0.0,1437589.0,487991.0,-252687.0,127539.0,5752578.0,68711.0,0.0,-491698.0,-0.09287021311316877,-458114.0,-0.14723152334211734,-252687.0,-779512.0,-0.14723152334211734,-125533.0,-665778.0,-0.12574983983270072,-0.16,-0.16,4213893.0,4213893.0,https://www.sec.gov/Archives/edgar/data/7623/000143774918013251/0001437749-18-013251-index.htm,https://www.sec.gov/Archives/edgar/data/7623/000143774918013251/artw20180531_10q.htm
0,2018-02-28,ARTW,2018-04-02,2018-04-02 15:45:13,Q1,5365536.0,4245729.0,1119807.0,0.20870365980211483,0.0,1299464.0,450961.0,72572.0,129064.0,5674257.0,69676.0,0.0,-46495.0,-0.008665490269751242,-308721.0,-0.05699803337448486,72572.0,-305825.0,-0.05699803337448486,221573.0,-566452.0,-0.10557230442587656,-0.14,-0.14,4170818.0,4170818.0,https://www.sec.gov/Archives/edgar/data/7623/000143774918006045/0001437749-18-006045-index.htm,https://www.sec.gov/Archives/edgar/data/7623/000143774918001906/artw20171130_10k.htm
0,2017-11-30,ARTW,2018-02-07,2018-02-07 14:46:59,Q4,5054786.0,4342938.0,711848.0,0.1408265354853796,0.0,1271064.0,488458.0,58352.0,128250.0,5742252.0,84224.0,0.0,-513407.0,-0.10156849370082136,-687466.0,-0.15496956745547685,-11648.0,-783338.0,-0.15496956745547685,-134879.0,-882699.0,-0.17462638378756293,0.0,0.0,0.0,0.0,https://www.sec.gov/Archives/edgar/data/7623/000143774918001906/0001437749-18-001906-index.htm,https://www.sec.gov/Archives/edgar/data/7623/000143774918001906/artw20171130_10k.htm
0,2017-08-31,ARTW,2017-10-06,2017-10-06 16:31:19,Q3,6549772.0,5104826.0,1444946.0,0.22061012200119332,0.0,1227762.0,432562.0,75236.0,107944.0,6440532.0,92351.0,0.0,358731.0,0.05476999810069724,109240.0,0.01406537510007982,75236.0,92125.0,0.01406537510007982,50477.0,23207.0,0.003543176770122685,0.01,0.01,4161421.0,4161421.0,https://www.sec.gov/Archives/edgar/data/7623/000143774917016948/0001437749-17-016948-index.htm,https://www.sec.gov/Archives/edgar/data/7623/000143774917016948/artw20170831_10q.htm
0,2017-05-31,ARTW,2017-07-14,2017-07-14 12:11:41,Q2,4689354.0,3877870.0,811484.0,0.1730481426652797,0.0,1400521.0,483060.0,63245.0,132347.0,5410738.0,79253.0,0.0,-486541.0,-0.10375437640237867,-721384.0,-0.15724809856538874,63245.0,-737392.0,-0.15724809856538874,-228485.0,-527560.0,-0.1125016366859913,-0.12,-0.12,4158969.0,4158969.0,https://www.sec.gov/Archives/edgar/data/7623/000143774917012618/0001437749-17-012618-index.htm,https://www.sec.gov/Archives/edgar/data/7623/000143774917012618/artw20170531_10q.htm
0,2017-02-28,ARTW,2017-04-04,2017-04-04 14:59:41,Q1,4421168.0,3307345.0,1113823.0,0.25192958059951576,0.0,1333616.0,485380.0,51674.0,132640.0,4773601.0,63794.0,0.0,-129970.0,-0.029397209063306347,-352433.0,-0.08245626495080033,51674.0,-364553.0,-0.08245626495080033,-110911.0,-250029.0,-0.05655270281518368,-0.06,-0.06,4126012.0,4126012.0,https://www.sec.gov/Archives/edgar/data/7623/000143774917006012/0001437749-17-006012-index.htm,https://www.sec.gov/Archives/edgar/data/7623/000143774917001528/artw20161017_10k.htm
0,2016-11-30,ARTW,2017-02-02,2017-02-02 14:45:58,Q4,4115780.0,3149426.0,966354.0,0.23479243302606068,0.0,1305199.0,486096.0,41063.0,115116.0,4569741.0,66070.0,0.0,-302693.0,-0.07354450432238846,-453961.0,-0.127272594745103,-3795.0,-523826.0,-0.127272594745103,-96837.0,-557456.0,-0.13544358542001758,0.0,0.0,0.0,0.0,https://www.sec.gov/Archives/edgar/data/7623/000143774917001528/0001437749-17-001528-index.htm,https://www.sec.gov/Archives/edgar/data/7623/000143774917001528/artw20161017_10k.htm
0,2016-08-31,ARTW,2016-10-06,2016-10-06 12:55:15,Q3,6431217.0,5189532.0,1241685.0,0.1930715446236692,0.0,1335197.0,456037.0,53884.0,123653.0,6648382.0,60537.0,0.0,-55991.0,-0.008706128249132318,-217165.0,-0.03480181122795266,53884.0,-223818.0,-0.03480181122795266,-74142.0,-288279.0,-0.044824953037659904,-0.07,-0.07,4105704.0,4105704.0,https://www.sec.gov/Archives/edgar/data/7623/000143774916039537/0001437749-16-039537-index.htm,https://www.sec.gov/Archives/edgar/data/7623/000143774916039537/artw20160923_10q.htm
0,2016-05-31,ARTW,2016-07-15,2016-07-15 10:16:35,Q2,5741088.0,4241153.0,1499935.0,0.26126319610498916,0.0,1425618.0,434952.0,17745.0,107368.0,5774139.0,60153.0,0.0,192295.0,0.03349452229263861,-33051.0,-0.013143675902546694,17745.0,-75459.0,-0.013143675902546694,-18888.0,-56571.0,-0.00985370717188101,-0.01,-0.01,4101810.0,4101810.0,https://www.sec.gov/Archives/edgar/data/7623/000143774916035260/0001437749-16-035260-index.htm,https://www.sec.gov/Archives/edgar/data/7623/000143774916035260/artw20160531_10q.htm
0,2016-02-29,ARTW,2016-04-14,2016-04-14 11:50:37,Q1,6391997.0,4689700.0,1702297.0,0.266316927245116,0.0,1436897.0,483795.0,44998.0,116174.0,6242771.0,74032.0,0.0,396237.0,0.061989547241652336,149226.0,0.018803513205653884,44998.0,120192.0,0.018803513205653884,39230.0,80962.0,0.012666151126166049,0.02,0.02,4074338.0,4074338.0,https://www.sec.gov/Archives/edgar/data/7623/000143774916029494/0001437749-16-029494-index.htm,https://www.sec.gov/Archives/edgar/data/7623/000143774916024657/artw20151130_10k.htm
0,2015-11-30,ARTW,2016-02-03,2016-02-03 16:59:21,Q4,5956474.0,4498022.0,1458452.0,0.2448515682264373,0.0,2100417.0,471288.0,-52488.0,120143.0,6718582.0,82931.0,0.0,40633.0,0.006821653212957867,-762108.0,-0.04680587877996278,566241.0,-278798.0,-0.04680587877996278,-116726.0,-162072.0,-0.027209385955516637,0.0,0.0,0.0,0.0,https://www.sec.gov/Archives/edgar/data/7623/000143774916024657/0001437749-16-024657-index.htm,https://www.sec.gov/Archives/edgar/data/7623/000143774916024657/artw20151130_10k.htm
0,2015-08-31,ARTW,2015-10-01,2015-10-01 14:45:19,Q3,6886077.0,5620719.0,1265358.0,0.18375600505193304,0.0,1504755.0,532445.0,-96058.0,145458.0,7270932.0,85458.0,0.0,-247645.0,-0.03596314708650513,-384855.0,-0.17210089285960642,-714787.0,-1185100.0,-0.17210089285960642,-389507.0,-795593.0,-0.11553646582807599,-0.2,-0.2,4061052.0,4061052.0,https://www.sec.gov/Archives/edgar/data/7623/000143774915017897/0001437749-15-017897-index.htm,https://www.sec.gov/Archives/edgar/data/7623/000143774915017897/artw20150831_10q.htm
0,2015-05-31,ARTW,2015-06-30,2015-06-30 11:57:57,Q2,7804111.0,5596379.0,2207732.0,0.28289346473928934,0.0,1674048.0,581211.0,21445.0,119540.0,7389967.0,81582.0,0.0,665547.0,0.08528159068983002,414144.0,0.04536160492847936,21445.0,354007.0,0.04536160492847936,122386.0,231621.0,0.02967935745660204,0.06,0.06,4060775.0,4062294.0,https://www.sec.gov/Archives/edgar/data/7623/000143774915013093/0001437749-15-013093-index.htm,https://www.sec.gov/Archives/edgar/data/7623/000143774915013093/artw20150531_10q.htm
0,2015-02-28,ARTW,2015-03-31,2015-03-31 12:23:54,Q1,7289129.0,5236994.0,2052135.0,0.2815336372836864,0.0,1607307.0,564714.0,-4864.0,115679.0,6959980.0,79485.0,0.0,553739.0,0.07596778709774515,329149.0,0.03358425951852409,-4864.0,244800.0,0.03358425951852409,76605.0,168195.0,0.023074773405711436,0.04,0.04,4050507.0,4051754.0,https://www.sec.gov/Archives/edgar/data/7623/000143774915006393/0001437749-15-006393-index.htm,https://www.sec.gov/Archives/edgar/data/7623/000143774915001434/artw20141130_10k.htm
0,2014-11-30,ARTW,2015-01-29,2015-01-29 13:17:48,Q4,8878774.0,6526479.0,2352295.0,0.26493466327670917,0.0,1623159.0,629802.0,-58405.0,121026.0,8270664.0,82625.0,0.0,823284.0,0.09272496405472197,608110.0,0.05260636209458648,-58405.0,467080.0,0.05260636209458648,84884.0,382196.0,0.0430460331572805,0.0,0.0,0.0,0.0,https://www.sec.gov/Archives/edgar/data/7623/000143774915001434/0001437749-15-001434-index.htm,https://www.sec.gov/Archives/edgar/data/7623/000143774915001434/artw20141130_10k.htm
0,2014-08-31,ARTW,2014-10-09,2014-10-09 13:41:51,Q3,11584707,8880619.0,2704088.0,0.2334187649286253,129131.0,1667185.0,566452.0,30865.0,129131.0,10676935,94112.0,0.0,1130530.0,0.09758813925980174,907772.0,0.072899987889206,30865.0,844525.0,0.072899987889206,286317.0,558208.0,0.04818490446068252,0.14,0.14,4048552.0,4053129.0,https://www.sec.gov/Archives/edgar/data/7623/000143774914018184/0001437749-14-018184-index.htm,https://www.sec.gov/Archives/edgar/data/7623/000143774914018184/artw20140831_10q.htm
0,2014-05-31,ARTW,2014-06-27,2014-06-27 12:07:18,Q2,9468996.0,7141227.0,2327769.0,0.24583060337125498,0.0,1765517.0,639893.0,11431.0,118361.0,9025105.0,121222.0,0.0,683563.0,0.07218959644718405,443891.0,0.03528357177466333,11431.0,334100.0,0.03528357177466333,80945.0,253155.0,0.026735146999745274,0.06,0.06,4047487.0,4053747.0,https://www.sec.gov/Archives/edgar/data/7623/000143774914011958/0001437749-14-011958-index.htm,https://www.sec.gov/Archives/edgar/data/7623/000143774914011958/artw20140531_10q.htm
0,2014-02-28,ARTW,2014-04-14,2014-04-14 17:01:01,Q1,6237336.0,4896923.0,1340413.0,0.21490152206005897,0.0,1521810.0,536149.0,5675.0,113539.0,6532272.0,53939.0,0.0,-76272.0,-0.012228297465456407,-294936.0,-0.055023490797994526,5675.0,-343200.0,-0.055023490797994526,-84888.0,-258312.0,-0.04141383436774931,-0.06,-0.06,4046552.0,4046552.0,https://www.sec.gov/Archives/edgar/data/7623/000143774914006604/0001437749-14-006604-index.htm,https://www.sec.gov/Archives/edgar/data/7623/000143774914002836/artw20131130_10k.htm
0,2013-11-30,ARTW,2014-02-26,2014-02-26 16:02:27,Q4,7210749.0,5505958.0,1704791.0,0.23642356709407025,0.0,1320962.0,582862.0,1198.0,132521.0,6959441.0,67059.0,0.0,398671.0,0.05528843120180719,251308.0,0.025718132748761606,1198.0,185447.0,0.025718132748761606,-6035.0,191482.0,0.026555077704133092,0.0,0.0,0.0,0.0,https://www.sec.gov/Archives/edgar/data/7623/000143774914002836/0001437749-14-002836-index.htm,https://www.sec.gov/Archives/edgar/data/7623/000143774914002836/artw20131130_10k.htm
0,2013-08-31,ARTW,2013-10-15,2013-10-15 16:07:18,Q3,9350391.0,7622322.0,1728069.0,0.18481248538162737,177873.0,1496077.0,599259.0,55447.0,177873.0,9296272.0,60379.0,0.0,297774.0,0.031846154882720946,54119.0,0.0052604217299576025,55447.0,49187.0,0.0052604217299576025,22793.0,26394.0,0.0028227696574399937,0.01,0.01,4041682.0,4057773.0,https://www.sec.gov/Archives/edgar/data/7623/000143774913013065/0001437749-13-013065-index.htm,https://www.sec.gov/Archives/edgar/data/7623/000143774913013065/artw20131015_10q.htm
0,2013-05-31,ARTW,2013-07-15,2013-07-15 12:22:26,Q2,9250308.0,6685890.0,2564418.0,0.27722514753022276,0.0,1664334.0,483782.0,-9443.0,101125.0,8451349.0,79739.0,0.0,960847.0,0.10387189269805935,798959.0,0.0767300937439056,-9443.0,709777.0,0.0767300937439056,195537.0,514240.0,0.055591662461401285,0.13,0.13,4037552.0,4051692.0,https://www.sec.gov/Archives/edgar/data/7623/000143774913008789/0001437749-13-008789-index.htm,https://www.sec.gov/Archives/edgar/data/7623/000143774913008789/artw20130627_10q.htm
0,2013-02-28,ARTW,2013-04-15,2013-04-15 16:31:34,Q1,8415104.0,6045941.0,2369163.0,0.28153698397548027,0.0,1553848.0,489736.0,638142.0,102567.0,7702356.0,89463.0,0.0,1549643.0,0.18415018994417656,712748.0,0.14990034585431147,638142.0,1261427.0,0.14990034585431147,442173.0,819254.0,0.09735518420212037,0.2,0.2,4035052.0,4047134.0,https://www.sec.gov/Archives/edgar/data/7623/000143774913004423/0001437749-13-004423-index.htm,https://www.sec.gov/Archives/edgar/data/7623/000143774913001999/atrw_10k-113012.htm
0,2012-11-30,ARTW,2013-02-27,2013-02-26 18:39:42,Q4,6925562.0,4951207.0,1974355.0,0.28508227924318635,90606.0,1018468.0,351676.0,0.0,0.0,6060281.0,81777.0,0.0,1085399.0,0.15672359874909791,865281.0,0.11541229433799019,15791.0,799295.0,0.11541229433799019,243137.0,556158.0,0.08030510736890378,0.0,0.0,0.0,0.0,https://www.sec.gov/Archives/edgar/data/7623/000143774913001999/0001437749-13-001999-index.htm,https://www.sec.gov/Archives/edgar/data/7623/000143774913001999/atrw_10k-113012.htm
0,2012-08-31,ARTW,2012-10-15,2012-10-15 16:32:51,Q3,11533882,8109820.0,3424062.0,0.2968698656705522,82044.0,1735495.0,468228.0,0.0,0.0,9927359.0,129751.0,0.0,1831737.0,0.1588135720479887,1606523.0,0.12963328391949908,18403.0,1495175.0,0.12963328391949908,515724.0,979451.0,0.0849194572998059,0.24,0.24,4035852.0,4052246.0,https://www.sec.gov/Archives/edgar/data/7623/000143774912010321/0001437749-12-010321-index.htm,https://www.sec.gov/Archives/edgar/data/7623/000143774912010321/artsway_10q-083112.htm
0,2012-05-31,ARTW,2012-07-16,2012-07-16 16:03:47,Q2,11685169,8527545.0,3157624.0,0.2702249321340581,73351.0,1590507.0,424528.0,0.0,0.0,10191403,109026.0,0.0,1695683.0,0.14511411858912782,1493766.0,0.12019321243877602,19738.0,1404478.0,0.12019321243877602,468497.0,935981.0,0.0800999112635855,0.23,0.23,4031439.0,4047787.0,https://www.sec.gov/Archives/edgar/data/7623/000143774912006951/0001437749-12-006951-index.htm,https://www.sec.gov/Archives/edgar/data/7623/000143774912006951/artsway_10q-053112.htm
0,2012-02-29,ARTW,2012-04-13,2012-04-13 16:16:23,Q1,6312216.0,4835995.0,1476221.0,0.23386731379281064,85060.0,1028908.0,366783.0,0.0,0.0,5949963.0,93040.0,0.0,567914.0,0.08997062204461952,362253.0,0.04579659504681082,19865.0,289078.0,0.04579659504681082,95580.0,193498.0,0.03065452766508624,0.05,0.05,4028193.0,4046125.0,https://www.sec.gov/Archives/edgar/data/7623/000143774912003864/0001437749-12-003864-index.htm,https://www.sec.gov/Archives/edgar/data/7623/000143774912001749/artw_10k-113011.htm
0,2011-11-30,ARTW,2012-02-24,2012-02-24 17:14:51,Q4,5858209.0,3990441.0,1867768.0,0.31882918482423556,103284.0,1161846.0,382957.0,0.0,0.0,5255571.0,106628.0,0.0,776876.0,0.13261322701187342,602638.0,0.08499133438223185,1887.0,497897.0,0.08499133438223185,75004.0,422893.0,0.07218810390684252,0.0,0.0,0.0,0.0,https://www.sec.gov/Archives/edgar/data/7623/000143774912001749/0001437749-12-001749-index.htm,https://www.sec.gov/Archives/edgar/data/7623/000143774912001749/artw_10k-113011.htm
0,2011-08-31,ARTW,2011-10-14,2011-10-14 12:07:41,Q3,9252063.0,6544644.0,2707419.0,0.2926286818410121,91840.0,1177672.0,447103.0,0.0,0.0,7814156.0,120202.0,0.0,1641547.0,0.17742496997696622,1437907.0,0.14745122250032236,46523.0,1364228.0,0.14745122250032236,344392.0,1019836.0,0.11022795672705644,0.25,0.25,4019874.0,4042135.0,https://www.sec.gov/Archives/edgar/data/7623/000143774911007555/0001437749-11-007555-index.htm,https://www.sec.gov/Archives/edgar/data/7623/000143774911007555/artw_10q-083111.htm
0,2011-05-31,ARTW,2011-07-15,2011-07-15 12:18:42,Q2,7845150.0,5889162.0,1955988.0,0.24932448710349706,120333.0,1287480.0,472404.0,0.0,0.0,7296975.0,105506.0,0.0,754046.0,0.09611619918038533,548175.0,0.057093108481036055,5235.0,447904.0,0.057093108481036055,157155.0,290749.0,0.03706098672428188,0.07,0.07,4017852.0,4047678.0,https://www.sec.gov/Archives/edgar/data/7623/000143774911004854/0001437749-11-004854-index.htm,https://www.sec.gov/Archives/edgar/data/7623/000143774911004854/artw_10q-053111.htm
0,2011-02-28,ARTW,2011-04-12,2011-04-12 15:14:35,Q1,4664338.0,4188503.0,475835.0,0.10201554861590219,118309.0,1016482.0,400608.0,0.0,0.0,5323294.0,96202.0,0.0,-462536.0,-0.0991643401485913,-658956.0,-0.1563113565097555,26069.0,-729089.0,-0.1563113565097555,-244512.0,-484577.0,-0.10388976956644222,-0.12,-0.12,4038142.0,4038142.0,https://www.sec.gov/Archives/edgar/data/7623/000143774911002261/0001437749-11-002261-index.htm,https://www.sec.gov/Archives/edgar/data/7623/000143774911001008/artw_10k-113010.htm
0,2010-11-30,ARTW,2011-02-22,2011-02-22 14:50:23,Q4,6041576.0,4705084.0,1336492.0,0.2212157887279743,108179.0,939448.0,334420.0,0.0,0.0,5752711.0,112388.0,0.0,467777.0,0.07742632054947252,288865.0,0.032072757174618015,17293.0,193770.0,0.032072757174618015,26980.0,166790.0,0.0276070349855733,0.0,0.0,0.0,0.0,https://www.sec.gov/Archives/edgar/data/7623/000143774911001008/0001437749-11-001008-index.htm,https://www.sec.gov/Archives/edgar/data/7623/000143774911001008/artw_10k-113010.htm
0,2010-08-31,ARTW,2010-10-12,2010-10-12 12:09:57,Q3,10581783,8004666.0,2577117.0,0.2435427942531046,102042.0,1204193.0,549959.0,0.0,0.0,9310901.0,121085.0,0.0,1458393.0,0.13782110254954197,1270882.0,0.11025599372052895,16908.0,1166705.0,0.11025599372052895,414903.0,751802.0,0.07104681696836913,0.19,0.19,3992182.0,3992182.0,https://www.sec.gov/Archives/edgar/data/7623/000143774910003358/0001437749-10-003358-index.htm,https://www.sec.gov/Archives/edgar/data/7623/000143774910003358/artsway_10q-083110.htm
0,2010-05-31,ARTW,2010-07-13,2010-07-13 16:28:02,Q2,6748178.0,5178362.0,1569816.0,0.23262812569555813,110405.0,1247557.0,478384.0,0.0,0.0,6536324.0,97614.0,0.0,391206.0,0.057972092615221474,211854.0,0.02198297081078774,34105.0,148345.0,0.02198297081078774,47865.0,100480.0,0.014889945108146228,0.03,0.03,3991586.0,3991586.0,https://www.sec.gov/Archives/edgar/data/7623/000143774910002184/0001437749-10-002184-index.htm,https://www.sec.gov/Archives/edgar/data/7623/000143774910002184/artsway_10q-053110.htm
0,2010-02-28,ARTW,2010-04-12,2010-04-12 16:33:52,Q1,5579841.0,4254130.0,1325711.0,0.23758938650760836,96895.0,1105389.0,447759.0,0.0,0.0,5456414.0,92180.0,0.0,311393.0,0.055806787326018785,123427.0,0.008800071543257236,0.0,49103.0,0.008800071543257236,14678.0,34425.0,0.006169530637163317,0.01,0.01,3990352.0,3990352.0,https://www.sec.gov/Archives/edgar/data/7623/000114420410019571/0001144204-10-019571-index.htm,https://www.sec.gov/Archives/edgar/data/7623/000114420410009394/v175069_10k.htm
0,2009-11-30,ARTW,2010-02-23,2010-02-22 21:25:42,Q4,6889158.0,5603090.0,1286068.0,0.18667999775879723,109687.0,1070025.0,379601.0,0.0,0.0,6782802.0,118711.0,0.0,276245.0,0.04009851421610595,106356.0,0.1360010904090166,949288.0,936933.0,0.1360010904090166,355921.0,581012.0,0.08433715702267244,0.0,0.0,0.0,0.0,https://www.sec.gov/Archives/edgar/data/7623/000114420410009394/0001144204-10-009394-index.htm,https://www.sec.gov/Archives/edgar/data/7623/000114420410009394/v175069_10k.htm
0,2009-08-31,ARTW,2009-10-13,2009-10-13 15:35:23,Q3,5600464.0,4298659.0,1301805.0,0.23244591876673076,89316.0,999320.0,436416.0,0.0,0.0,5387295.0,122648.0,0.0,378589.0,0.06759957746358158,213169.0,0.017605862657094126,8080.0,98601.0,0.017605862657094126,33876.0,64725.0,0.011557078127812266,0.02,0.02,3990352.0,3999950.0,https://www.sec.gov/Archives/edgar/data/7623/000114420409052632/0001144204-09-052632-index.htm,https://www.sec.gov/Archives/edgar/data/7623/000114420409052632/v162615_10q.htm
0,2009-05-31,ARTW,2009-07-08,2009-07-08 11:12:44,Q2,7115645.0,5647551.0,1468094.0,0.20631917415778891,70177.0,1106690.0,393181.0,0.0,0.0,6824418.0,140624.0,0.0,453870.0,0.06378480095620284,291227.0,0.02446468310321833,23479.0,174082.0,0.02446468310321833,61164.0,112918.0,0.015868976038012014,0.03,0.03,3986830.0,3989086.0,https://www.sec.gov/Archives/edgar/data/7623/000114420409036437/0001144204-09-036437-index.htm,https://www.sec.gov/Archives/edgar/data/7623/000114420409036437/v154301_10q.htm
0,2009-02-28,ARTW,2009-04-14,2009-04-14 11:11:22,Q1,6690866.0,5374586.0,1316280.0,0.19672789740520882,88952.0,1129691.0,420132.0,0.0,0.0,6593229.0,126162.0,0.0,255803.0,0.03823167285071918,97637.0,0.0008278450054148447,34064.0,5539.0,0.0008278450054148447,1944.0,3595.0,0.0005372996559787627,0.0,0.0,3986352.0,3986352.0,https://www.sec.gov/Archives/edgar/data/7623/000114420409020271/0001144204-09-020271-index.htm,https://www.sec.gov/Archives/edgar/data/7623/000114420409011196/v141271_10k.htm
0,2008-11-30,ARTW,2009-02-27,2009-02-27 10:27:01,Q4,8185375.0,7043298.0,1142077.0,0.13952653360414152,63558.0,1035863.0,0.0,0.0,0.0,8142719.0,0.0,0.0,705801.0,0.0862270818380343,42656.0,-0.009676771070354138,-59904.0,-79208.0,-0.009676771070354138,-4500.0,-74708.0,-0.00912701006368065,0.0,0.0,0.0,0.0,https://www.sec.gov/Archives/edgar/data/7623/000114420409011196/0001144204-09-011196-index.htm,https://www.sec.gov/Archives/edgar/data/7623/000114420409011196/v141271_10k.htm
0,2008-08-31,ARTW,2008-10-07,2008-10-07 12:51:29,Q3,9420696.0,7214281.0,2206415.0,0.23420934079605157,110031.0,1225900.0,0.0,0.0,0.0,8550212.0,0.0,0.0,957503.0,0.10163824413822503,870484.0,0.08569557918013701,69992.0,807312.0,0.08569557918013701,268923.0,538389.0,0.05714959913789809,0.14,0.13,3972548.0,3972548.0,https://www.sec.gov/Archives/edgar/data/7623/000114420408056442/0001144204-08-056442-index.htm,https://www.sec.gov/Archives/edgar/data/7623/000114420408056442/v128250_10qsb.htm
0,2008-05-31,ARTW,2008-07-15,2008-07-15 10:51:37,Q2,7686553.0,5247976.0,2438577.0,0.31725234965530064,74208.0,1325174.0,0.0,0.0,0.0,6647358.0,0.0,0.0,785819.0,0.10223295149334169,1039195.0,0.16775699068229932,393935.0,1289473.0,0.16775699068229932,400428.0,889045.0,0.11566237818174155,0.225,0.225,3951311.0,3951311.0,https://www.sec.gov/Archives/edgar/data/7623/000114420408039969/0001144204-08-039969-index.htm,https://www.sec.gov/Archives/edgar/data/7623/000114420408039969/v119834_10qsb.htm
0,2008-02-29,ARTW,2008-04-08,2008-04-08 15:45:44,Q1,6748514.0,4573192.0,2175322.0,0.3223408886756403,75468.0,1285929.0,0.0,0.0,0.0,5934589.0,0.0,0.0,911809.0,0.1351125595946011,813925.0,0.1086271733303065,41779.0,733072.0,0.1086271733303065,256241.0,476831.0,0.07065718467798986,0.12,0.12,3973592.0,3973592.0,https://www.sec.gov/Archives/edgar/data/7623/000114420408021179/0001144204-08-021179-index.htm,https://www.sec.gov/Archives/edgar/data/7623/000114420408021179/v109848_10qsb.htm
0,2007-11-30,ARTW,,,Q4,6352022.0,4635461.0,1716561.0,0.2702385161764238,64776.0,988761.0,0.0,0.0,0.0,5688998.0,0.0,0.0,1035027.0,0.162944492320713,663024.0,0.06950700107776704,-170549.0,441510.0,0.06950700107776704,76336.0,365174.0,0.05748941045859098,0.0,0.0,0.0,0.0,,
0,2007-08-31,ARTW,,,Q3,8191523.0,5410688.0,2780835.0,0.3394771643807873,59401.0,872870.0,0.0,0.0,0.0,6342959.0,154440.0,0.0,2100391.0,0.25641031588387164,1848564.0,0.18516886298188995,-177309.0,1516815.0,0.18516886298188995,586767.0,930048.0,0.1135378610302382,0.235,0.235,3956352.0,3975904.0,,
0,2007-05-31,ARTW,,,Q2,5699168.0,4014104.0,1685064.0,0.29566842037293867,135021.0,811780.0,0.0,0.0,0.0,4960905.0,72240.0,0.0,660636.0,0.11591797258827956,738263.0,0.14691390041493776,171264.0,837287.0,0.14691390041493776,279157.0,558130.0,0.09793183847186115,0.14,0.14,3956352.0,3966364.0,,
0,2007-02-28,ARTW,,,Q1,5275037.0,3776777.0,1498260.0,0.28402833951686024,79088.0,912173.0,0.0,0.0,0.0,4768038.0,0.0,0.0,400267.0,0.07587946776487066,506999.0,0.1106564750161942,182689.0,583717.0,0.1106564750161942,203388.0,380329.0,0.07209977863662378,0.095,0.095,3956352.0,3965004.0,,
0,2006-11-30,ARTW,,,Q4,5383728.0,3743758.0,1639970.0,0.304616057869194,127175.0,956663.0,0.0,0.0,0.0,4827596.0,0.0,0.0,656231.0,0.12189155915752059,556132.0,0.07857473483058579,-19246.0,423025.0,0.07857473483058579,94989.0,328036.0,0.06093101285949067,0.0,0.0,0.0,0.0,,
0,2006-08-31,ARTW,,,Q3,6056267.0,4655972.0,1400295.0,0.23121421165876604,101263.0,883145.0,0.0,0.0,0.0,5640380.0,0.0,0.0,476110.0,0.07861443361067139,415887.0,0.05512521161963302,30412.0,333853.0,0.05512521161963302,153488.0,180365.0,0.029781546949630852,0.045,0.045,3946352.0,3959402.0,,
0,2006-05-31,ARTW,,,Q2,4111729.0,2822374.0,1289355.0,0.3135797617012211,108858.0,870334.0,0.0,0.0,0.0,3801566.0,0.0,0.0,364178.0,0.08857052592717078,310163.0,0.05715746344177838,24822.0,235016.0,0.05715746344177838,81847.0,153169.0,0.03725172549066342,0.04,0.04,3945592.0,3959140.0,,
0,2006-02-28,ARTW,,,Q1,4302088.0,2926683.0,1375405.0,0.319706384434721,91040.0,793707.0,0.0,0.0,0.0,3811430.0,0.0,0.0,527451.0,0.12260348928241356,490658.0,0.09877808171287988,16636.0,424952.0,0.09877808171287988,152982.0,271970.0,0.0632181396568364,0.07,0.07,3928018.0,3952886.0,,
0,2005-11-30,ARTW,,,Q4,3036935.0,1978429.0,1058506.0,0.348544173648761,108612.0,567818.0,0.0,0.0,0.0,2654859.0,0.0,0.0,472435.0,0.1555630923941408,382076.0,0.10341610867535854,-5768.0,314068.0,0.10341610867535854,88242.0,225826.0,0.07435983977266554,0.0,0.0,0.0,0.0,,
0,2005-08-31,ARTW,,,Q3,4190253.0,3121725.0,1068528.0,0.25500321818276844,95932.0,518440.0,0.0,0.0,0.0,3736097.0,0.0,0.0,502966.0,0.12003237036045318,454156.0,0.09359959887863573,9603.0,392206.0,0.09359959887863573,133365.0,258841.0,0.061772165069746386,0.065,0.065,3917222.0,3949312.0,,
0,2005-05-31,ARTW,,,Q2,3799873.0,2776938.0,1022935.0,0.2692024180808148,150367.0,550479.0,0.0,0.0,0.0,3477784.0,0.0,0.0,366682.0,0.09649848823894903,322089.0,0.06540008047637381,6510.0,248512.0,0.06540008047637381,98754.0,149758.0,0.039411317167705344,0.04,0.04,3888770.0,3932810.0,,
0,2005-02-28,ARTW,,,Q1,3591843.0,2336859.0,1254984.0,0.34939834508356854,128920.0,594694.0,0.0,0.0,0.0,3060473.0,0.0,0.0,567508.0,0.15799911076291476,531370.0,0.1446427363334088,38371.0,519534.0,0.1446427363334088,176642.0,342892.0,0.09546408348026347,0.09,0.085,3876352.0,3929568.0,,
0,2004-11-30,ARTW,,,Q4,3576296.0,2514898.0,1061398.0,0.2967869549947767,37713.0,540310.0,0.0,0.0,0.0,3092921.0,50979.0,0.0,634194.0,0.17733263689582743,483375.0,0.11077606551582979,-36228.0,396168.0,0.11077606551582979,-178631.0,574799.0,0.16072467155962483,0.0,0.0,0.0,0.0,,
0,2004-08-31,ARTW,,,Q3,3398683.0,2484402.0,914281.0,0.2690103784318808,57026.0,556199.0,0.0,0.0,0.0,3097627.0,0.0,0.0,337115.0,0.09918989208466927,301056.0,0.08394310384345936,32444.0,285296.0,0.08394310384345936,-200000.0,485296.0,0.14278942755178992,0.125,0.125,3876352.0,3916486.0,,
0,2004-05-31,ARTW,,,Q2,2917125.0,1991203.0,925922.0,0.31740909285683677,40058.0,697083.0,0.0,0.0,0.0,2728344.0,0.0,0.0,240892.0,0.08257856622530745,188781.0,0.053468740626472985,11999.0,155975.0,0.053468740626472985,-100000.0,255975.0,0.08774906800359944,0.065,0.065,3876352.0,3919278.0,,
0,2004-02-29,ARTW,,,Q1,2892293.0,2196469.0,695824.0,0.2405786688969617,0.0,576796.0,0.0,0.0,0.0,2773265.0,36025.0,0.0,179938.0,0.06221292241138778,119028.0,0.029804380123313923,3200.0,86203.0,0.029804380123313923,0.0,86203.0,0.029804380123313923,0.02,0.02,3876352.0,3916392.0,,
0,2003-11-30,ARTW,,,Q4,2743400.0,1823533.0,919867.0,0.33530181526572866,180936.0,519182.0,0.0,0.0,0.0,2523651.0,67251.0,0.0,276831.0,0.10090799737551943,219749.0,0.05933075745425385,10270.0,162768.0,0.05933075745425385,-802674.0,965442.0,0.3519144127724721,0.0,0.0,0.0,0.0,,
0,2003-08-31,ARTW,,,Q3,3726583.0,2706793.0,1019790.0,0.2736528342452053,95600.0,544564.0,0.0,0.0,0.0,3346957.0,39889.0,0.0,468038.0,0.12559441182445152,379626.0,0.0867269023660549,-16542.0,323195.0,0.0867269023660549,0.0,323195.0,0.0867269023660549,0.085,0.085,3876352.0,3908558.0,,
0,2003-05-31,ARTW,,,Q2,2432516.0,1634639.0,797877.0,0.3280048312117988,15256.0,479443.0,0.0,0.0,0.0,2129338.0,0.0,0.0,382830.0,0.15738025978040843,303178.0,0.10787267175221046,-9782.0,262402.0,0.10787267175221046,0.0,262402.0,0.10787267175221046,0.07,0.065,3876352.0,3900876.0,,
0,2003-02-28,ARTW,,,Q1,2508877.0,1870449.0,638428.0,0.25446763631696573,0.0,499544.0,0.0,0.0,0.0,2369993.0,17979.0,0.0,214819.0,0.0856235678353303,138884.0,-0.04577346757134766,-6065.0,-114840.0,-0.04577346757134766,2031.0,112809.0,0.04496394203462346,0.03,0.028966,3876352.0,3894544.0,,
0,2002-11-30,ARTW,,,Q4,2778318.0,2067893.0,710425.0,0.2557032708278894,0.0,361514.0,0.0,0.0,0.0,2433690.0,0.0,0.0,401216.0,0.14440967520636586,344628.0,0.11723100091494207,12463.0,325705.0,0.11723100091494207,0.0,321673.0,0.11577976315166226,0.0,0.0,0.0,0.0,,
0,2002-08-31,ARTW,,,Q3,3226991.0,2379773.0,847218.0,0.2625411722561358,0.0,512696.0,0.0,0.0,0.0,2892469.0,0.0,0.0,420471.0,0.1302981632114871,334522.0,0.08226456163032372,-24995.0,265467.0,0.08226456163032372,0.0,265467.0,0.08226456163032372,0.07,0.07,3876352.0,3886372.0,,
0,2002-05-31,ARTW,2002-07-05 00:00:00,2002-07-05 12:35:00,Q2,2252621.0,1611101.0,641520.0,0.2847882533280121,0.0,545035.0,0.0,0.0,0.0,2156136.0,34225.0,0.0,189236.0,0.08400703003301488,96485.0,0.013523801829069338,-31796.0,30464.0,0.013523801829069338,0.0,30464.0,0.013523801829069338,0.01,0.01,3876352.0,3888736.0,https://www.sec.gov/Archives/edgar/data/7623/000000762302000006/0000007623-02-000006-index.html,https://www.sec.gov/Archives/edgar/data/7623/000000762302000006/may0210q.txt
0,2002-02-28,ARTW,2002-04-16 00:00:00,2002-04-16 00:00:00,Q1,2641892.0,2071292.0,570600.0,0.21598157683962857,0.0,544401.0,0.0,0.0,0.0,2615693.0,0.0,0.0,101263.0,0.038329727331775865,26199.0,-0.01835843403136843,-14111.0,-48501.0,-0.01835843403136843,0.0,-48501.0,-0.01835843403136843,-0.015,-0.015,2823908.0,2823908.0,https://www.sec.gov/Archives/edgar/data/7623/000000762302000004/0000007623-02-000004-index.html,https://www.sec.gov/Archives/edgar/data/7623/000000762302000004/qfeb02.txt
0,2001-11-30,ARTW,,,Q4,2875956.0,2377664.0,498292.0,0.17326134335852147,0.0,558459.0,0.0,0.0,0.0,3144501.0,0.0,0.0,1331353.0,0.46292537159817465,-268545.0,-0.6549954171760625,-1529753.0,-1883738.0,-0.6549954171760625,0.0,-1948914.0,-0.6776577944864247,0.0,0.0,0.0,0.0,,
0,2001-08-31,ARTW,2001-10-17 00:00:00,2001-10-17 00:00:00,Q3,2615463.0,2102054.0,513409.0,0.1962975580231875,0.0,502235.0,0.0,0.0,0.0,2604289.0,0.0,0.0,155936.0,0.05962080136480615,11174.0,-0.03893880356938714,-17064.0,-101843.0,-0.03893880356938714,0.0,-101843.0,-0.03893880356938714,-0.04,-0.04,2596352.0,2596352.0,https://www.sec.gov/Archives/edgar/data/7623/000000762301500010/0000007623-01-500010-index.html,https://www.sec.gov/Archives/edgar/data/7623/000000762301500010/aug01aga.txt
0,2001-05-31,ARTW,2001-07-17 00:00:00,2001-07-17 00:00:00,Q2,2409492.0,1772782.0,636710.0,0.2642507217288956,0.0,553579.0,0.0,0.0,0.0,2326361.0,0.0,0.0,231426.0,0.09604763161695494,83131.0,-0.018406369475391492,-20597.0,-44350.0,-0.018406369475391492,0.0,-44350.0,-0.018406369475391492,-0.02,-0.02,2530886.0,2530886.0,https://www.sec.gov/Archives/edgar/data/7623/000000762301500008/0000007623-01-500008-index.html,https://www.sec.gov/Archives/edgar/data/7623/000000762301500008/may0110q.txt
0,2001-02-28,ARTW,2001-03-01 00:00:00,2001-03-01 00:00:00,Q1,2990487.0,2516176.0,474311.0,0.15860660822133651,0.0,585939.0,0.0,0.0,0.0,3102115.0,0.0,0.0,68774.0,0.02299759203099696,-111628.0,0.0,-52340.0,0.0,0.0,0.0,-286792.0,-0.0959014367893925,-0.115,-0.115,2512702.0,2512702.0,https://www.sec.gov/Archives/edgar/data/7623/000000762301000001/0000007623-01-000001-index.html,https://www.sec.gov/Archives/edgar/data/7623/000000762301000001/0000007623-01-000001-0001.txt
0,2000-11-30,ARTW,,,Q4,3400926.0,3494765.0,-93839.0,-0.02759219106796208,0.0,1133311.0,0.0,0.0,0.0,4768424.0,125585.0,0.0,-1180364.0,-0.3470713564482144,-1367498.0,0.0,-46786.0,0.0,0.0,0.0,-2090426.0,-0.6146637709847259,0.0,0.0,0.0,0.0,,
0,2000-08-31,ARTW,2000-10-16 00:00:00,2000-10-16 00:00:00,Q3,4162794.0,2930305.0,1232489.0,0.29607254166312336,0.0,778722.0,0.0,0.0,0.0,3860182.0,0.0,0.0,490211.0,0.11776009093892227,302612.0,0.0,-36444.0,0.0,0.0,0.0,120354.0,0.028911831812960236,0.05,0.05,2512702.0,2512702.0,https://www.sec.gov/Archives/edgar/data/7623/000000762300000012/0000007623-00-000012-index.html,https://www.sec.gov/Archives/edgar/data/7623/000000762300000012/0000007623-00-000012-0001.txt
0,2000-05-31,ARTW,2000-07-17 00:00:00,2000-07-17 00:00:00,Q2,4231447.0,3138589.0,1092858.0,0.2582705159724321,0.0,653261.0,0.0,0.0,0.0,3899964.0,0.0,0.0,469057.0,0.11085025997017096,331483.0,0.0,-29460.0,0.0,0.0,0.0,150755.0,0.03562729250774026,0.06,0.06,2512702.0,2512702.0,https://www.sec.gov/Archives/edgar/data/7623/000000762300000011/0000007623-00-000011-index.html,https://www.sec.gov/Archives/edgar/data/7623/000000762300000011/0000007623-00-000011-0001.txt
0,2000-02-29,ARTW,2000-04-25 00:00:00,2000-04-25 00:00:00,Q1,2434011.0,1786283.0,647728.0,0.26611547770326427,0.0,703670.0,0.0,0.0,0.0,2607798.0,0.0,0.0,-20178.0,-0.008290020053319398,-173787.0,0.0,-35764.0,0.0,0.0,0.0,-346669.0,-0.14242704737160186,-0.14,-0.14,2512702.0,2512702.0,https://www.sec.gov/Archives/edgar/data/7623/000000762300000008/0000007623-00-000008-index.html,https://www.sec.gov/Archives/edgar/data/7623/0000007623-00-000008.txt
0,1999-11-30,ARTW,,,Q4,4000000.0,2700000.0,1300000.0,0.325,0.0,1200000.0,0.0,0.0,0.0,4200000.0,0.0,0.0,100000.0,0.025,-200000.0,-0.1,0.0,-400000.0,-0.1,0.0,-400000.0,-0.1,0.0,0.0,0.0,0.0,,
0,1999-08-31,ARTW,1999-10-15 00:00:00,1999-10-15 00:00:00,Q3,5100000.0,3400000.0,1700000.0,0.3333333333333333,0.0,1000000.0,0.0,0.0,0.0,4700000.0,0.0,0.0,700000.0,0.13725490196078433,400000.0,0.058823529411764705,0.0,300000.0,0.058823529411764705,100000.0,200000.0,0.0392156862745098,0.08,0.08,2500000.0,2500000.0,https://www.sec.gov/Archives/edgar/data/7623/000000762399000010/0000007623-99-000010-index.html,https://www.sec.gov/Archives/edgar/data/7623/0000007623-99-000010.txt
0,1999-05-31,ARTW,,,Q2,3400000.0,0.0,0.0,0.0,0.0,0.0,0.0,0.0,0.0,0.0,0.0,0.0,3400000.0,1.0,3400000.0,0.0,0.0,0.0,0.0,0.0,-200000.0,-0.058823529411764705,-0.08,-0.08,2500000.0,2500000.0,,
0,1999-02-28,ARTW,,,Q1,4700000.0,3600000.0,1100000.0,0.23404255319148937,0.0,1000000.0,0.0,0.0,0.0,4700000.0,0.0,0.0,200000.0,0.0425531914893617,0.0,-0.06382978723404255,-100000.0,-300000.0,-0.06382978723404255,-100000.0,-200000.0,-0.0425531914893617,-0.08,-0.08,2500000.0,2500000.0,,
0,1998-11-30,ARTW,,,Q4,6300000.0,5200000.0,1100000.0,0.1746031746031746,0.0,1400000.0,0.0,0.0,0.0,6800000.0,0.0,0.0,-100000.0,-0.015873015873015872,-500000.0,-0.1111111111111111,-200000.0,-700000.0,-0.1111111111111111,-300000.0,-400000.0,-0.06349206349206349,0.0,0.0,0.0,0.0,,
0,1998-08-31,ARTW,1998-10-15 00:00:00,1998-10-15 00:00:00,Q3,5700000.0,3700000.0,2000000.0,0.3508771929824561,0.0,1300000.0,0.0,0.0,0.0,5200000.0,0.0,0.0,700000.0,0.12280701754385964,500000.0,0.05263157894736842,0.0,300000.0,0.05263157894736842,100000.0,200000.0,0.03508771929824561,0.1,0.1,2000000.0,2000000.0,https://www.sec.gov/Archives/edgar/data/7623/000000762398000007/0000007623-98-000007-index.html,https://www.sec.gov/Archives/edgar/data/7623/0000007623-98-000007.txt
0,1998-05-31,ARTW,1998-07-16 00:00:00,1998-07-16 00:00:00,Q2,6900000.0,5600000.0,1300000.0,0.18840579710144928,0.0,1100000.0,0.0,0.0,0.0,6800000.0,0.0,0.0,200000.0,0.028985507246376812,100000.0,0.0,0.0,0.0,0.0,0.0,-100000.0,-0.014492753623188406,-0.02,-0.02,2492000.0,2492000.0,https://www.sec.gov/Archives/edgar/data/7623/000000762398000005/0000007623-98-000005-index.html,https://www.sec.gov/Archives/edgar/data/7623/0000007623-98-000005.txt
0,1998-02-28,ARTW,,,Q1,4800000.0,3500000.0,1300000.0,0.2708333333333333,0.0,1000000.0,0.0,0.0,0.0,4600000.0,0.0,0.0,300000.0,0.0625,200000.0,0.0,0.0,0.0,0.0,0.0,0.0,0.0,-0.02,-0.02,2492000.0,2492000.0,,
0,1997-11-30,ARTW,,,Q4,5550000.0,4040000.0,1510000.0,0.272072,160000.0,990000.0,0.0,0.0,1150000.0000000005,5190000.0,-120000.0,120000.00000000001,180000.00000000003,0.032432,360000.0,0.064865,-60000.0,180000.0,0.032432,60000.0,120000.0,0.021622,0.04819,0.04819,2490000.0,2490000.0,,
0,1997-08-31,ARTW,1997-10-15 00:00:00,1997-10-15 00:00:00,Q3,5600000.0,3600000.0,2000000.0,0.35714285714285715,0.0,1100000.0,0.0,0.0,0.0,4900000.0,0.0,0.0,1000000.0,0.17857142857142858,700000.0,0.10714285714285714,-100000.0,600000.0,0.10714285714285714,200000.0,400000.0,0.07142857142857142,0.15,0.15,2666667.0,2666667.0,https://www.sec.gov/Archives/edgar/data/7623/000000762397000018/0000007623-97-000018-index.html,https://www.sec.gov/Archives/edgar/data/7623/0000007623-97-000018.txt
0,1997-05-31,ARTW,,,Q2,4600000.0,3000000.0,1600000.0,0.34782608695652173,0.0,1100000.0,0.0,0.0,0.0,4200000.0,0.0,0.0,500000.0,0.10869565217391304,400000.0,0.0,0.0,0.0,0.0,0.0,200000.0,0.043478260869565216,0.0,0.0,0.0,0.0,,
