,date,symbol,fillingDate,acceptedDate,period,revenue,costOfRevenue,grossProfit,grossProfitRatio,researchAndDevelopmentExpenses,generalAndAdministrativeExpenses,sellingAndMarketingExpenses,otherExpenses,operatingExpenses,costAndExpenses,interestExpense,depreciationAndAmortization,ebitda,ebitdaratio,operatingIncome,operatingIncomeRatio,totalOtherIncomeExpensesNet,incomeBeforeTax,incomeBeforeTaxRatio,incomeTaxExpense,netIncome,netIncomeRatio,eps,epsdiluted,weightedAverageShsOut,weightedAverageShsOutDil,link,finalLink
0,2020-09-30,STRL,2020-11-03,2020-11-03 09:08:55,Q3,383458000,333542000,49916000,0.1301733175471629,0.0,-15154000,0.0,12490000,-2664000.0,330878000,7177000.0,8098000.0,36929000,0.09630520161269292,28831000,0.07518685227586855,0.0,21677000,0.056530311011897,-6280000.0,15397000,0.040153028493342166,0.54,0.54,27957000,27957000,https://www.sec.gov/Archives/edgar/data/874238/000087423820000120/0000874238-20-000120-index.htm,https://www.sec.gov/Archives/edgar/data/874238/000087423820000120/strl-20200930.htm
0,2020-06-30,STRL,2020-08-04,2020-08-04 09:13:18,Q2,400038000,340439000,59599000,0.1489833465820747,0.0,18451000,0.0,5097000.0,26552999.999999996,366992000,24000.0,8256000.0,33738000,0.084337,33046000,0.082607,0.0,25513000,0.063776,7248000.0,18210000,0.045521,0.65136,0.65136,27957000,27957000,https://www.sec.gov/Archives/edgar/data/874238/000087423820000089/0000874238-20-000089-index.htm,https://www.sec.gov/Archives/edgar/data/874238/000087423820000089/strl-20200630.htm
0,2020-03-31,STRL,2020-05-05 00:00:00,2020-05-05 09:04:24,Q1,296688000,261443000,35245000,0.118795,0.0,17604000,0.0,2228000.0,23141999.999999996,284585000,-7704000.0,8285000.0,4880000.0,0.016448,12103000,0.040794,0.0,4399000.0,0.014827,1184000.0,3115000.0,0.010499,0.11128,0.11128,27992000,27992000,https://www.sec.gov/Archives/edgar/data/874238/000087423820000056/0000874238-20-000056-index.html,https://www.sec.gov/Archives/edgar/data/874238/000087423820000056/a20200331form10-q.htm
0,2019-12-31,STRL,2020-03-03 00:00:00,2020-03-03 16:09:42,Q4,346544000,312965000,33579000,0.096897,0.0,19793000,0.0,1901000.0,31575000.000000045,344540000.00000006,30000.0,8451999.999999998,2784999.999999998,0.008036,2004000.0,0.005783,0.0,-5538000.0,-0.015981,-27998000,22301000,0.064353,0.78268,0.78268,28493000,28493000,https://www.sec.gov/Archives/edgar/data/874238/000087423820000033/0000874238-20-000033-index.html,https://www.sec.gov/Archives/edgar/data/874238/000087423820000033/strl_123119x10kdocument.htm
0,2019-09-30,STRL,2019-11-05 00:00:00,2019-11-05 09:07:38,Q3,291699000,262483000,29216000,0.100158,0.0,10839000,0.0,4366000.0,17101000,279584000,-2693000.0,3814999.9999999995,9992000.0,0.034254,12115000,0.041533,0.0,9422000.0,0.0323,913000.0,7957000.0,0.027278,0.29872,0.29872,26637000,26637000,https://www.sec.gov/Archives/edgar/data/874238/000087423819000132/0000874238-19-000132-index.html,https://www.sec.gov/Archives/edgar/data/874238/000087423819000132/a20190930form10-q.htm
0,2019-06-30,STRL,2019-08-06 00:00:00,2019-08-06 09:10:57,Q2,264086000,238590000,25496000,0.096544,0.0,10774000,0.0,3538000.0,14311999.999999983,252901999.99999997,-2613000.0,4084000.0000000005,10005000,0.037885,11184000,0.04235,0.0,8571000.0,0.032455,706000.0,7828000.0,0.029642,0.29403,0.29403,26623000,26623000,https://www.sec.gov/Archives/edgar/data/874238/000087423819000104/0000874238-19-000104-index.html,https://www.sec.gov/Archives/edgar/data/874238/000087423819000104/a20190630form10-q.htm
0,2019-03-31,STRL,2019-05-07 00:00:00,2019-05-07 09:06:04,Q1,223949000,204446000,19503000,0.087087,0.0,12489000,0.0,2294000.0,14783000.000000015,219229000.00000003,-2696000.0,4389000.0,3671000.0,0.016392,4720000.0,0.021076,0.0,2024000.0,0.009038,163000.0,1815000.0,0.008105,0.06792,0.06792,26723000,26723000,https://www.sec.gov/Archives/edgar/data/874238/000087423819000068/0000874238-19-000068-index.html,https://www.sec.gov/Archives/edgar/data/874238/000087423819000068/a20190331form10-q.htm
0,2018-12-31,STRL,2019-03-05 00:00:00,2019-03-05 14:39:02,Q4,255175000,228360000,26815000,0.105085,0.0,12264000,0.0,5141000.0,17404999.999999974,245764999.99999997,-2672000.0,4259000.0,7662000.0,0.030026,9410000.0,0.036877,0.0,6738000.0,0.026405,468000.0,5607000.0,0.021973,0.20573,0.20573,27254000,27254000,https://www.sec.gov/Archives/edgar/data/874238/000087423819000044/0000874238-19-000044-index.html,https://www.sec.gov/Archives/edgar/data/874238/000087423819000044/strl_123118x10kdocument.htm
0,2018-09-30,STRL,2018-11-06 00:00:00,2018-11-06 09:10:55,Q3,291266000,259987000,31279000,0.10739,0.0,11455000,0.0,5451000.0,16905999.99999995,276892999.99999994,-2792000.0,4200999.999999999,11738999.999999998,0.040303,14373000,0.049347,0.0,11581000,0.039761,1413000.0,8917000.0,0.030615,0.32669,0.32669,27295000,27295000,https://www.sec.gov/Archives/edgar/data/874238/000087423818000085/0000874238-18-000085-index.html,https://www.sec.gov/Archives/edgar/data/874238/000087423818000085/strl_093018x10qdocument.htm
0,2018-06-30,STRL,2018-08-02 00:00:00,2018-08-02 16:50:43,Q2,268700000,237700000,31000000,0.11537,0.0,13200000,0.0,5700000.0,18900000.000000034,256600000.00000003,-2900000.0,4190000.0,9590000.0,0.03569,12100000,0.045032,5700000.0,9200000.0,0.034239,100000.0,8200000.0,0.030517,0.30258,0.30258,27100000,27100000,https://www.sec.gov/Archives/edgar/data/874238/000087423818000075/0000874238-18-000075-index.html,https://www.sec.gov/Archives/edgar/data/874238/000087423818000075/strl_063018x10qdocument.htm
0,2018-03-31,STRL,2018-05-08 00:00:00,2018-05-08 10:01:07,Q1,222500000,202700000,19800000,0.088989,0.0,12300000,0.0,800000.0,13100000.000000022,215800000.00000003,-3000000.0,4120000.0,3620000.0,0.01627,6700000.0,0.030112,800000.0,3700000.0,0.016629,0.0,2500000.0,0.011236,0.09225,0.09225,27100000,27100000,https://www.sec.gov/Archives/edgar/data/874238/000087423818000046/0000874238-18-000046-index.html,https://www.sec.gov/Archives/edgar/data/874238/000087423818000046/strl_033118x10qdocument.htm
0,2017-12-31,STRL,2018-03-06 00:00:00,2018-03-06 09:09:32,Q4,253900000,229900000,24000000,0.094525,0.0,11800000,0.0,5200000.0,17000000,246900000,-3000000.0,3849999.999999998,-15950000.000000002,-0.06282,7000000.0,0.02757,5200000.0,4000000.0,0.015754,-19900000,3100000.0,0.01221,0.11032,0.11032,28100000,28100000,https://www.sec.gov/Archives/edgar/data/874238/000087423818000022/0000874238-18-000022-index.html,https://www.sec.gov/Archives/edgar/data/874238/000087423818000022/strl_123117x10k.htm
0,2017-09-30,STRL,2017-10-31 00:00:00,2017-10-31 09:00:23,Q3,304200000,273600000,30600000,0.100592,0.0,13100000,0.0,4900000.0,18000000,291600000,-3500000.0,4750000.0,8650000.0,0.028435,12600000,0.04142,4900000.0,9200000.0,0.030243,300000.0,7100000.0,0.02334,0.26394,0.26394,26900000,26900000,https://www.sec.gov/Archives/edgar/data/874238/000087423817000011/0000874238-17-000011-index.html,https://www.sec.gov/Archives/edgar/data/874238/000087423817000011/strl_93017x10qdocument.htm
0,2017-06-30,STRL,2017-08-02 00:00:00,2017-08-02 12:17:23,Q2,246400000,221200000,25200000,0.102273,0.0,12800000,0.0,4000000.0,17600000.000000022,238800000.00000003,-2900000.0,4320000.0,5220000.0,0.021185,7600000.0,0.030844,4000000.0,4700000.0,0.019075,100000.0,3700000.0,0.015016,0.13553,0.13553,27300000,27300000,https://www.sec.gov/Archives/edgar/data/874238/000117184317004586/0001171843-17-004586-index.html,https://www.sec.gov/Archives/edgar/data/874238/000117184317004586/f10q_080217p.htm
0,2017-03-31,STRL,2017-05-03 00:00:00,2017-05-03 09:06:10,Q1,153400000,144100000,9300000.0,0.060626,0.0,10600000,0.0,500000.0,11099999.999999994,155200000,-100000.0,4070000.0,1670000.0,0.010887,-1800000.0,-0.011734,500000.0,-1900000.0,-0.012386,0.0,-2300000.0,-0.014993,-0.092,-0.092,25000000,25000000,https://www.sec.gov/Archives/edgar/data/874238/000117184317002553/0001171843-17-002553-index.html,https://www.sec.gov/Archives/edgar/data/874238/000117184317002553/f10q_050317p.htm
0,2016-12-31,STRL,2017-03-09 00:00:00,2017-03-09 09:06:31,Q4,168300000,161400000,6900000.0,0.040998,0.0,9400000.0,0.0,2800000.0,12299999.999999983,173699999.99999997,-400000.0,3950000.000000001,-2749999.999999999,-0.01634,-5300000.0,-0.031491,2800000.0,-5800000.0,-0.034462,0.0,-6300000.0,-0.037433,-0.30288,-0.30288,20800000,20800000,https://www.sec.gov/Archives/edgar/data/874238/000117184317001381/0001171843-17-001381-index.html,https://www.sec.gov/Archives/edgar/data/874238/000117184317001381/f10k_030917p.htm
0,2016-09-30,STRL,2016-10-31 00:00:00,2016-10-31 16:26:21,Q3,205600000,188600000,17000000,0.082685,0.0,9600000.0,0.0,3800000.0,13400000.000000006,202000000,-500000.0,3959999.999999999,5859999.999999999,0.028502,3700000.0,0.017996,3800000.0,3200000.0,0.015564,0.0,2400000.0,0.011673,0.09449,0.09449,25400000,25400000,https://www.sec.gov/Archives/edgar/data/874238/000117184316012746/0001171843-16-012746-index.html,https://www.sec.gov/Archives/edgar/data/874238/000117184316012746/f10q_103116p.htm
0,2016-06-30,STRL,2016-08-01 00:00:00,2016-08-01 09:01:15,Q2,189600000,174000000,15500000,0.081751,0.0,8700000.0,0.0,3500000.0,12199999.999999989,186200000,-800000.0,3980000.0000000005,5180000.0,0.027321,3400000.0,0.017932,3500000.0,2600000.0,0.013713,0.0,2000000.0,0.010549,0.08696,0.08696,23000000,23000000,https://www.sec.gov/Archives/edgar/data/874238/000117184316011379/0001171843-16-011379-index.html,https://www.sec.gov/Archives/edgar/data/874238/000117184316011379/f10q_080116p.htm
0,2016-03-31,STRL,2016-05-02 00:00:00,2016-05-02 07:11:10,Q1,126600000,122700000,3800000.0,0.030016,0.0,10500000,0.0,-200000.0,10299999.999999996,133000000,-900000.0,4160000.0,-4040000.0,-0.031912,-6500000.0,-0.051343,-200000.0,-7300000.0,-0.057662,0.0,-7300000.0,-0.057662,-0.36869,-0.36869,19800000,19800000,https://www.sec.gov/Archives/edgar/data/874238/000117184316009576/0001171843-16-009576-index.html,https://www.sec.gov/Archives/edgar/data/874238/000117184316009576/f10q_050216p.htm
0,2015-12-31,STRL,2016-03-14 00:00:00,2016-03-14 10:51:27,Q4,152500000,140300000,12200000,0.08,0.0,9600000.0,0.0,2600000.0,12099999.999999994,152400000,-900000.0,4050000.000000001,2050000.000000001,0.013443,100000.0,0.000656,2600000.0,-800000.0,-0.005246,0.0,-1100000.0,-0.007213,-0.05584,-0.05584,19700000,19700000,https://www.sec.gov/Archives/edgar/data/874238/000117184316008548/0001171843-16-008548-index.html,https://www.sec.gov/Archives/edgar/data/874238/000117184316008548/f10k_031416p.htm
0,2015-09-30,STRL,2015-11-09 00:00:00,2015-11-09 06:05:24,Q3,176000000,161500000,14500000,0.082386,0.0,11100000,0.0,1000000.0,12099999.999999994,173600000,-1100000.0,4090000.0,3290000.0,0.018693,2400000.0,0.013636,1000000.0,1300000.0,0.007386,0.0,300000.0,0.001705,0.01531,0.01531,19600000,19600000,https://www.sec.gov/Archives/edgar/data/874238/000117184315006116/0001171843-15-006116-index.html,https://www.sec.gov/Archives/edgar/data/874238/000117184315006116/gff10q_110915.htm
0,2015-06-30,STRL,2015-08-10 00:00:00,2015-08-10 17:25:17,Q2,177400000,168300000,9100000.0,0.051297,0.0,9600000.0,0.0,-300000.0,9500000.0,177800000,-600000.0,4120000.000000001,1020000.000000001,0.00575,-400000.0,-0.002255,-300000.0,-1000000.0,-0.005637,0.0,-2500000.0,-0.014092,-0.12953,-0.12953,19300000,19300000,https://www.sec.gov/Archives/edgar/data/874238/000117184315004528/0001171843-15-004528-index.html,https://www.sec.gov/Archives/edgar/data/874238/000117184315004528/gff10q_081015.htm
0,2015-03-31,STRL,2015-05-11 00:00:00,2015-05-11 06:05:34,Q1,117700000,124500000,-6800000.0,-0.057774,0.0,11600000,0.0,-1800000.0,9900000.000000006,134400000,0.0,4270000.0,-12730000,-0.108156,-16700000,-0.141886,-1800000.0,-16700000,-0.141886,0.0,-17000000,-0.144435,-0.89947,-0.89947,18900000,18900000,https://www.sec.gov/Archives/edgar/data/874238/000117184315002705/0001171843-15-002705-index.html,https://www.sec.gov/Archives/edgar/data/874238/000117184315002705/f10q_051115.htm
0,2014-12-31,STRL,2015-03-16,2015-03-16 06:06:30,Q4,153600000,149900000,3700000.0,0.024089,0.0,9600000.0,0.0,-300000.0,9299999.999999983,159199999.99999997,300000.0,4540000.000000001,-2359999.999999999,-0.015365,-5600000.0,-0.036458,-300000.0,-5900000.0,-0.038411,100000.0,-7300000.0,-0.047526,-0.3883,-0.3883,18800000,18800000,https://www.sec.gov/Archives/edgar/data/874238/000117184315001420/f10k_031615.htm,https://www.sec.gov/Archives/edgar/data/874238/000117184315001420/f10k_031615.htm
0,2014-09-30,STRL,2014-11-10 00:00:00,2014-11-10 06:10:38,Q3,189300000,180900000,8400000.0,0.044374,0.0,9300000.0,0.0,600000.0,9900000.000000006,190800000,-100000.0,4610000.000000001,1110000.000000001,0.005864,-1600000.0,-0.008452,600000.0,-1700000.0,-0.00898,500000.0,-3900000.0,-0.020602,-0.20745,-0.20745,18800000,18800000,https://www.sec.gov/Archives/edgar/data/874238/000117184314005379/0001171843-14-005379-index.html,https://www.sec.gov/Archives/edgar/data/874238/000117184314005379/f10q_111014.htm
0,2014-06-30,STRL,2014-08-11 00:00:00,2014-08-11 06:06:46,Q2,194800000,182300000,12500000,0.064168,0.0,9500000.0,0.0,500000.0,10000000,192300000,-100000.0,4569999.999999999,5669999.999999999,0.029107,2500000.0,0.012834,500000.0,2500000.0,0.012834,0.0,1200000.0,0.00616,0.0663,0.0663,18100000,18100000,https://www.sec.gov/Archives/edgar/data/874238/000117184314003853/0001171843-14-003853-index.html,https://www.sec.gov/Archives/edgar/data/874238/000117184314003853/f10q_081114.htm
0,2014-03-31,STRL,2014-05-12 00:00:00,2014-05-12 06:04:31,Q1,134500000,126700000,7900000.0,0.058736,0.0,8500000.0,0.0,-1100000.0,7399999.999999992,134099999.99999999,0.0,4630000.0,4830000.0,0.035911,400000.0,0.002974,-1100000.0,500000.0,0.003717,0.0,200000.0,0.001487,0.01183,0.01183,16900000,16900000,https://www.sec.gov/Archives/edgar/data/874238/000117184314002287/0001171843-14-002287-index.html,https://www.sec.gov/Archives/edgar/data/874238/000117184314002287/f10q_051214.htm
0,2013-12-31,STRL,2014-03-17,2014-03-17 06:49:19,Q4,125900000,149000000,-23100000,-0.183479,0.0,13700000,0.0,300000.0,13900000.000000006,162900000,-300000.0,4629999.999999999,-33570000,-0.26664,-37000000,-0.293884,300000.0,-37300000,-0.296267,14200000,-52100000,-0.41382,-3.11976,-3.11976,16700000,16700000,https://www.sec.gov/Archives/edgar/data/874238/000117184314001265/f10k_031714.htm,https://www.sec.gov/Archives/edgar/data/874238/000117184314001265/f10k_031714.htm
0,2013-09-30,STRL,2013-11-08 00:00:00,2013-11-08 16:15:37,Q3,185900000,177600000,8400000.0,0.045186,0.0,8200000.0,0.0,-1300000.0,6800000.000000011,184400000,200000.0,4529999.999999999,4129999.999999999,0.022216,1500000.0,0.008069,-1300000.0,1700000.0,0.009145,-400000.0,-200000.0,-0.001076,-0.01198,-0.01198,16700000,16700000,https://www.sec.gov/Archives/edgar/data/874238/000117184313004537/0001171843-13-004537-index.html,https://www.sec.gov/Archives/edgar/data/874238/000117184313004537/f10q_110813.htm
0,2013-06-30,STRL,2013-08-09 00:00:00,2013-08-09 06:00:43,Q2,133400000,150000000,-16600000,-0.124438,0.0,9500000.0,0.0,-100000.0,9400000.000000006,159400000,0.0,4870000.0,-21830000,-0.163643,-26000000,-0.194903,-100000.0,-26000000,-0.194903,-9700000.0,-17000000,-0.127436,-1.0241,-1.0241,16600000,16600000,https://www.sec.gov/Archives/edgar/data/874238/000117184313003304/0001171843-13-003304-index.html,https://www.sec.gov/Archives/edgar/data/874238/000117184313003304/f10q_080913.htm
0,2013-03-31,STRL,2013-05-10 00:00:00,2013-05-10 06:00:54,Q1,111000000,109700000,1400000.0,0.012613,0.0,9600000.0,0.0,-300000.0,9200000.000000004,118900000,700000.0,4620000.0,-2080000.0,-0.018739,-7900000.0,-0.071171,-300000.0,-7200000.0,-0.064865,-2800000.0,-4600000.0,-0.041441,-0.27711,-0.27711,16600000,16600000,https://www.sec.gov/Archives/edgar/data/874238/000117184313001961/0001171843-13-001961-index.html,https://www.sec.gov/Archives/edgar/data/874238/000117184313001961/f10q_051013.htm
0,2012-12-31,STRL,2013-03-18 00:00:00,2013-03-18 06:05:19,Q4,158100000,141800000,16300000,0.103099,0.0,8800000.0,0.0,-200000.0,9199999.999999989,151000000,200000.0,4369999.999999999,9069999.999999998,0.057369,7100000.0,0.044908,-200000.0,7300000.0,0.046173,1600000.0,2900000.0,0.018343,0.1747,0.1747,16600000,16600000,https://www.sec.gov/Archives/edgar/data/874238/000117184313001025/0001171843-13-001025-index.html,https://www.sec.gov/Archives/edgar/data/874238/000117184313001025/f10k_031813.htm
0,2012-09-30,STRL,2012-11-08 00:00:00,2012-11-08 16:16:32,Q3,205300000,191100000,14200000,0.069167,0.0,10300000,0.0,-300000.0,10000000,201100000,700000.0,5250000.0,7750000.0,0.03775,4200000.0,0.020458,-300000.0,4900000.0,0.023868,800000.0,1000000.0,0.004871,0.06061,0.06061,16500000,16500000,https://www.sec.gov/Archives/edgar/data/874238/000117184312004042/0001171843-12-004042-index.html,https://www.sec.gov/Archives/edgar/data/874238/000117184312004042/f10q_110812.htm
0,2012-06-30,STRL,2012-08-08 00:00:00,2012-08-08 17:18:28,Q2,168700000,153600000,15200000,0.090101,0.0,8400000.0,0.0,-1500000.0,6900000.000000006,160500000,400000.0,4850000.000000001,9550000.0,0.056609,8200000.0,0.048607,-1500000.0,8700000.0,0.051571,1000000.0,3300000.0,0.019561,0.20122,0.20122,16400000,16400000,https://www.sec.gov/Archives/edgar/data/874238/000117184312003010/0001171843-12-003010-index.html,https://www.sec.gov/Archives/edgar/data/874238/000117184312003010/f10q_080812.htm
0,2012-03-31,STRL,2012-05-09 00:00:00,2012-05-09 17:26:08,Q1,98400000,96600000,1900000.0,0.019309,0.0,7700000.0,0.0,-1200000.0,6400000.000000006,103000000,800000.0,4530000.0,-6170000.0,-0.062703,-4600000.0,-0.046748,-1200000.0,-3800000.0,-0.038618,-4000000.0,-7500000.0,-0.07622,-0.46012,-0.46012,16300000,16300000,https://www.sec.gov/Archives/edgar/data/874238/000114036112024059/0001140361-12-024059-index.html,https://www.sec.gov/Archives/edgar/data/874238/000114036112024059/form10q.htm
0,2011-12-31,STRL,2012-03-15 00:00:00,2012-03-15 17:23:05,Q4,114000000,110100000,3900000.0,0.034211,0.0,6000000.0,0.0,-200000.0,72900000,183000000,200000.0,4540000.000000001,-59160000,-0.518947,-69000000,-0.605263,-200000.0,-68700000,-0.602632,-20300000,-43600000,-0.382456,-2.67485,-2.67485,16300000,16300000,https://www.sec.gov/Archives/edgar/data/874238/000114036112016008/0001140361-12-016008-index.html,https://www.sec.gov/Archives/edgar/data/874238/000114036112016008/form10k.htm
0,2011-09-30,STRL,2011-11-08 00:00:00,2011-11-08 17:09:19,Q3,159400000,144700000,14800000,0.092848,0.0,7100000.0,0.0,-100000.0,7000000.0,151700000,200000.0,4340000.0,10040000,0.062986,7800000.0,0.048934,-100000.0,7900000.0,0.049561,2000000.0,3500000.0,0.021957,0.21341,0.21341,16400000,16400000,https://www.sec.gov/Archives/edgar/data/874238/000087423811000027/0000874238-11-000027-index.html,https://www.sec.gov/Archives/edgar/data/874238/000087423811000027/form10-q.htm
0,2011-06-30,STRL,2011-08-08 00:00:00,2011-08-08 06:48:50,Q2,128500000,114900000,13600000,0.105837,0.0,6300000.0,0.0,0.0,6299999.999999997,121200000,200000.0,4229999.999999999,9730000.0,0.07572,7300000.0,0.056809,0.0,7400000.0,0.057588,1100000.0,4200000.0,0.032685,0.25301,0.25301,16600000,16600000,https://www.sec.gov/Archives/edgar/data/874238/000087423811000020/0000874238-11-000020-index.html,https://www.sec.gov/Archives/edgar/data/874238/000087423811000020/form_10q.htm
0,2011-03-31,STRL,2011-05-10 00:00:00,2011-05-09 18:25:41,Q1,99200000,91600000,7600000.0,0.076613,0.0,6100000.0,0.0,-100000.0,6000000.0,97600000,214000.0,4210000.0,4624000.0,0.046613,1700000.0,0.017137,-100000.0,1600000.0,0.016129,200000.0,0.0,0.0,0.0,0.0,16600000,16600000,https://www.sec.gov/Archives/edgar/data/874238/000087423811000012/0000874238-11-000012-index.html,https://www.sec.gov/Archives/edgar/data/874238/000087423811000012/form10q.htm
0,2010-12-31,STRL,2011-03-16 00:00:00,2011-03-16 07:22:26,Q4,138000000,109200000,28800000,0.208696,0.0,7400000.0,0.0,1800000.0,9299999.999999996,118500000,296000.0,3949999.999999999,18946000,0.13729,19500000,0.141304,1800000.0,18700000,0.135507,5300000.0,9400000.0,0.068116,0.56627,0.56627,16600000,16600000,https://www.sec.gov/Archives/edgar/data/874238/000087423811000006/0000874238-11-000006-index.html,https://www.sec.gov/Archives/edgar/data/874238/000087423811000006/form10k.htm
0,2010-09-30,STRL,2010-11-09 00:00:00,2010-11-09 07:37:00,Q3,118900000,105900000,13000000,0.109336,0.0,6800000.0,0.0,0.0,6799999.999999997,112700000,297000.0,3720000.0000000005,9317000.0,0.07836,6200000.0,0.052145,0.0,6500000.0,0.054668,1800000.0,3500000.0,0.029437,0.20958,0.20958,16700000,16700000,https://www.sec.gov/Archives/edgar/data/874238/000087423810000027/0000874238-10-000027-index.html,https://www.sec.gov/Archives/edgar/data/874238/000087423810000027/form10q.htm
0,2010-06-30,STRL,2010-08-09 00:00:00,2010-08-09 08:33:56,Q2,116900000,104200000,12700000,0.10864,0.0,5200000.0,0.0,100000.0,5299999.999999997,109500000,297000.0,4129999.999999999,11426999.999999998,0.09775,7400000.0,0.063302,100000.0,8100000.0,0.06929,2300000.0,4700000.0,0.040205,0.28485,0.28485,16500000,16500000,https://www.sec.gov/Archives/edgar/data/874238/000087423810000020/0000874238-10-000020-index.html,https://www.sec.gov/Archives/edgar/data/874238/000087423810000020/form10q.htm
0,2010-03-31,STRL,2010-05-10 00:00:00,2010-05-10 07:49:26,Q1,86200000,77900000,8300000.0,0.096288,0.0,5500000.0,0.0,0.0,5399999.999999992,83299999.99999999,297000.0,3970000.0,6767000.0,0.078503,2800000.0,0.032483,0.0,3100000.0,0.035963,900000.0,1600000.0,0.018561,0.09697,0.09697,16500000,16500000,https://www.sec.gov/Archives/edgar/data/874238/000087423810000016/0000874238-10-000016-index.html,https://www.sec.gov/Archives/edgar/data/874238/000087423810000016/form10q.htm
0,2009-12-31,STRL,2010-03-15 00:00:00,2010-03-15 07:04:19,Q4,71700000,64200000,7400000.0,0.103208,0.0,4400000.0,0.0,100000.0,6799999.999999997,71000000,80000.0,3410000.0,4390000.0,0.061227,700000.0,0.009763,100000.0,1200000.0,0.016736,100000.0,800000.0,0.011158,0.05634,0.05634,14200000,14200000,https://www.sec.gov/Archives/edgar/data/874238/000087423810000005/0000874238-10-000005-index.html,https://www.sec.gov/Archives/edgar/data/874238/000087423810000005/form10k.htm
0,2009-09-30,STRL,2009-11-09 00:00:00,2009-11-09 08:47:49,Q3,103900000,87400000,16500000,0.158807,0.0,3500000.0,0.0,100000.0,3599999.9999999944,91000000,50000.0,3350000.0000000005,15700000,0.151107,13000000,0.12512,100000.0,13000000,0.12512,4200000.0,8100000.0,0.07796,0.59124,0.59124,13700000,13700000,https://www.sec.gov/Archives/edgar/data/874238/000087423809000034/0000874238-09-000034-index.html,https://www.sec.gov/Archives/edgar/data/874238/000087423809000034/form10q.htm
0,2009-06-30,STRL,2009-08-10 00:00:00,2009-08-10 08:37:29,Q2,120400000,101800000,18600000,0.154485,0.0,3800000.0,0.0,200000.0,4000000.0,105800000,46000.0,3369999.9999999995,17716000,0.147143,14600000,0.121262,200000.0,14800000,0.122924,5000000.0,9300000.0,0.077243,0.67883,0.67883,13700000,13700000,https://www.sec.gov/Archives/edgar/data/874238/000087423809000023/0000874238-09-000023-index.html,https://www.sec.gov/Archives/edgar/data/874238/000087423809000023/form10q.htm
0,2009-03-31,STRL,2009-05-11 00:00:00,2009-05-11 08:35:27,Q1,94900000,83100000,11800000,0.124341,0.0,3200000.0,0.0,-100000.0,3100000.0000000084,86200000.00000001,58000.0,3600000.0,12158000,0.128114,8700000.0,0.091675,-100000.0,8800000.0,0.092729,2900000.0,5600000.0,0.059009,0.40876,0.40876,13700000,13700000,https://www.sec.gov/Archives/edgar/data/874238/000087423809000013/0000874238-09-000013-index.html,https://www.sec.gov/Archives/edgar/data/874238/000087423809000013/form10q.htm
0,2008-12-31,STRL,2009-03-16 00:00:00,2009-03-16 08:20:37,Q4,109300000,99700000,9600000.0,0.087832,0.0,3700000.0,0.0,0.0,3700000.000000003,103400000,-227000.0,3410000.0,9383000.0,0.085846,5800000.0,0.053065,0.0,6300000.0,0.05764,2400000.0,3800000.0,0.034767,0.27941,0.27941,13600000,13600000,https://www.sec.gov/Archives/edgar/data/874238/000087423809000003/0000874238-09-000003-index.html,https://www.sec.gov/Archives/edgar/data/874238/000087423809000003/form10k.htm
0,2008-09-30,STRL,2008-11-10 00:00:00,2008-11-10 12:12:32,Q3,114100000,101600000,12600000,0.110429,0.0,3200000.0,0.0,-100000.0,3100000.0000000084,104700000.00000001,144000.0,3210000.0,12554000,0.110026,9400000.0,0.082384,-100000.0,9600000.0,0.084137,3200000.0,6000000.0,0.052585,0.43796,0.43796,13700000,13700000,https://www.sec.gov/Archives/edgar/data/874238/000087423808000005/0000874238-08-000005-index.html,https://www.sec.gov/Archives/edgar/data/874238/000087423808000005/form10q.htm
0,2008-06-30,STRL,2008-08-11 00:00:00,2008-08-11 08:24:57,Q2,106700000,95000000,11700000,0.109653,0.0,3400000.0,0.0,100000.0,3500000.0,98500000,152000.0,3260000.0,11312000,0.106017,8200000.0,0.076851,100000.0,8300000.0,0.077788,2800000.0,5100000.0,0.047798,0.36957,0.36957,13800000,13800000,https://www.sec.gov/Archives/edgar/data/874238/000087423808000003/0000874238-08-000003-index.html,https://www.sec.gov/Archives/edgar/data/874238/000087423808000003/form10q.htm
0,2008-03-31,STRL,2008-05-12 00:00:00,2008-05-12 11:38:27,Q1,84900000,76800000,8100000.0,0.095406,0.0,3400000.0,0.0,0.0,3500000.0,80300000,130000.0,3290000.0,8120000.0,0.095642,4600000.0,0.054181,0.0,4800000.0,0.056537,1600000.0,3100000.0,0.036514,0.22628,0.22628,13700000,13700000,https://www.sec.gov/Archives/edgar/data/874238/000114036108011866/0001140361-08-011866-index.html,https://www.sec.gov/Archives/edgar/data/874238/000114036108011866/form10q.htm
0,2007-12-31,STRL,2008-03-17,2008-03-17 16:24:13,Q4,88300000,76300000,12100000,0.137033,0.0,4500000.0,0.0,-100000.0,4299999.999999997,80600000,-222000.0,2779999.9999999995,10258000,0.116172,7700000.0,0.087203,-100000.0,7700000.0,0.087203,3000000.0,4700000.0,0.053228,0.39167,0.39167,12000000,12000000,https://www.sec.gov/Archives/edgar/data/874238/000114036108006929/form10k.htm,https://www.sec.gov/Archives/edgar/data/874238/000114036108006929/form10k.htm
0,2007-09-30,STRL,2007-11-09 00:00:00,2007-11-09 11:14:33,Q3,77700000,69800000,7900000.0,0.101673,0.0,3300000.0,0.0,0.0,3299999.999999997,73100000,-13000.0,2099999.9999999995,7187000.0,0.092497,4700000.0,0.060489,0.0,5100000.0,0.065637,1700000.0,3400000.0,0.043758,0.28814,0.28814,11800000,11800000,https://www.sec.gov/Archives/edgar/data/874238/000114036107021425/0001140361-07-021425-index.html,https://www.sec.gov/Archives/edgar/data/874238/000114036107021425/form10-q.htm
0,2007-06-30,STRL,2007-08-09 00:00:00,2007-08-09 09:15:23,Q2,71300000,63200000,8000000.0,0.112202,0.0,2900000.0,0.0,-100000.0,2799999.999999997,66000000,-42000.0,2210000.0,7868000.0,0.110351,5300000.0,0.074334,-100000.0,5700000.0,0.079944,1900000.0,3800000.0,0.053296,0.32203,0.32203,11800000,11800000,https://www.sec.gov/Archives/edgar/data/874238/000114036107015753/0001140361-07-015753-index.html,https://www.sec.gov/Archives/edgar/data/874238/000114036107015753/form10q.htm
0,2007-03-31,STRL,2007-05-10 00:00:00,2007-05-10 10:01:00,Q1,68900000,63300000,5600000.0,0.081277,0.0,2600000.0,0.0,-300000.0,2200000.000000003,65500000,500000.0,2450000.0,6750000.0,0.097968,3300000.0,0.047896,-300000.0,3800000.0,0.055152,1300000.0,2500000.0,0.036284,0.21186,0.21186,11800000,11800000,https://www.sec.gov/Archives/edgar/data/874238/000087423807000005/0000874238-07-000005-index.html,https://www.sec.gov/Archives/edgar/data/874238/000087423807000005/strl-2007qtr1.htm
0,2006-12-31,STRL,2007-03-16,2007-03-16 14:39:04,Q4,64100000,57400000,6700000.0,0.104524,0.0,2700000.0,0.0,0.0,2700000.000000003,60100000,-30000.0,1439999.9999999995,6109999.999999999,0.09532,4100000.0,0.063963,0.0,4500000.0,0.070203,1500000.0,3200000.0,0.049922,0.26667,0.26667,12000000,12000000,https://www.sec.gov/Archives/edgar/data/874238/000095013407005929/d44640e10vk.htm,https://www.sec.gov/Archives/edgar/data/874238/000095013407005929/d44640e10vk.htm
0,2006-09-30,STRL,2006-11-13,2006-11-13 06:21:20,Q3,68700000,60900000,7900000.0,0.114993,0.0,2900000.0,0.0,-100000.0,2700000.000000003,63600000,360000.0,1930000.0000000002,7690000.0,0.111936,5100000.0,0.074236,-100000.0,5400000.0,0.078603,1800000.0,3600000.0,0.052402,0.30508,0.30508,11800000,11800000,https://www.sec.gov/Archives/edgar/data/874238/000095013406021189/d41202e10vq.htm,https://www.sec.gov/Archives/edgar/data/874238/000095013406021189/d41202e10vq.htm
0,2006-06-30,STRL,2006-08-10,2006-08-10 17:21:11,Q2,60000000,52700000,7300000.0,0.121667,0.0,2900000.0,0.0,0.0,2799999.999999997,55500000,-364000.0,1840000.0,6576000.0,0.1096,4500000.0,0.075,0.0,4800000.0,0.08,1700000.0,3400000.0,0.056667,0.28814,0.28814,11800000,11800000,https://www.sec.gov/Archives/edgar/data/874238/000095013406015743/d38726e10vq.htm,https://www.sec.gov/Archives/edgar/data/874238/000095013406015743/d38726e10vq.htm
0,2006-03-31,STRL,2006-05-12,2006-05-12 15:17:36,Q1,56500000,49800000,6700000.0,0.118584,0.0,2400000.0,0.0,-100000.0,2300000.000000004,52100000.00000001,-186000.0,1800000.0,6314000.0,0.111752,4400000.0,0.077876,-100000.0,4600000.0,0.081416,1500000.0,3200000.0,0.056637,0.28319,0.28319,11300000,11300000,https://www.sec.gov/Archives/edgar/data/874238/000095013406006063/d34503e10vk.htm,https://www.sec.gov/Archives/edgar/data/874238/000095013406006063/d34503e10vk.htm
0,2005-12-31,STRL,2006-03-29,2006-03-28 18:09:44,Q4,61600000,54100000,7500000.0,0.121753,0.0,2600000.0,0.0,-300000.0,2399999.9999999986,56500000,-138000.0,1229999.9999999995,6191999.999999999,0.100519,5200000.0,0.084416,-300000.0,5000000.0,0.081169,0.0,5100000.0,0.082792,0.52577,0.52577,9700000.0,9700000.0,https://www.sec.gov/Archives/edgar/data/874238/000095013406006063/d34503e10vk.htm,https://www.sec.gov/Archives/edgar/data/874238/000095013406006063/d34503e10vk.htm
0,2005-09-30,STRL,2005-11-07,2005-11-07 16:46:12,Q3,61200000,54300000,6900000.0,0.112745,0.0,2400000.0,-5509000.0,0.0,2400000.0000000056,56700000.00000001,-216000.0,1340000.0,5324000.0,0.086993,4500000.0,0.073529,0.0,4100000.0,0.066993,1400000.0,2800000.0,0.045752,0.28866,0.28866,9700000.0,9700000.0,https://www.sec.gov/Archives/edgar/data/874238/000095013405020736/d30023e10vq.htm,https://www.sec.gov/Archives/edgar/data/874238/000095013405020736/d30023e10vq.htm
0,2005-06-30,STRL,2005-08-12,2005-08-12 13:00:47,Q2,57200000,51200000,6000000.0,0.104895,0.0,2400000.0,2984000.0,0.0,2399999.9999999986,53600000,-435000.0,1260000.0000000002,4325000.0,0.075612,3600000.0,0.062937,0.0,3300000.0,0.057692,1100000.0,2400000.0,0.041958,0.25532,0.25532,9400000.0,9400000.0,https://www.sec.gov/Archives/edgar/data/874238/000095013405015815/d28008e10vq.htm,https://www.sec.gov/Archives/edgar/data/874238/000095013405015815/d28008e10vq.htm
0,2005-03-31,STRL,2005-05-13,2005-05-13 15:48:10,Q1,39400000,36100000,3400000.0,0.086294,0.0,2000000.0,2525000.0,0.0,1899999.9999999986,38000000,-547000.0,1230000.0,1783000.0,0.045254,1400000.0,0.035533,0.0,900000.0,0.022843,300000.0,800000.0,0.020305,0.08602,0.08602,9300000.0,9300000.0,https://www.sec.gov/Archives/edgar/data/874238/000095013405006245/d23794e10vk.htm,https://www.sec.gov/Archives/edgar/data/874238/000095013405006245/d23794e10vk.htm
0,2004-12-31,STRL,2005-03-29,2005-03-29 16:51:49,Q4,37300000,35200000,2100000.0,0.0563,0.0,1900000.0,-7681000.0,0.0,1899999.9999999986,37100000,-470000.0,1059999.9999999995,289999.9999999996,0.007775,200000.0,0.005362,0.0,-300000.0,-0.008043,-3300000.0,3000000.0,0.080429,0.44118,0.44118,6800000.0,6800000.0,https://www.sec.gov/Archives/edgar/data/874238/000095013405006245/d23794e10vk.htm,https://www.sec.gov/Archives/edgar/data/874238/000095013405006245/d23794e10vk.htm
0,2004-09-30,STRL,2004-11-12,2004-11-12 16:51:43,Q3,40200000,36300000,3900000.0,0.097015,0.0,2200000.0,2816000.0,0.0,2300000.000000004,38600000.00000001,-487000.0,1130000.0000000002,1643000.0000000002,0.040871,1700000.0,0.042289,0.0,1000000.0,0.024876,300000.0,700000.0,0.017413,0.09859,0.09859,7100000.0,7100000.0,https://www.sec.gov/Archives/edgar/data/874238/000095013404017441/d20122e10vq.htm,https://www.sec.gov/Archives/edgar/data/874238/000095013404017441/d20122e10vq.htm
0,2004-06-30,STRL,2004-08-13,2004-08-13 10:15:22,Q2,22600000,19000000,3700000.0,0.163717,0.0,1100000.0,2389000.0,0.0,1100000.0000000014,20100000,-219000.0,1180000.0,3161000.0,0.139867,2500000.0,0.110619,0.0,2000000.0,0.088496,600000.0,1600000.0,0.070796,0.22222,0.22222,7200000.0,7200000.0,https://www.sec.gov/Archives/edgar/data/874238/000095013404012204/d17661e10vq.htm,https://www.sec.gov/Archives/edgar/data/874238/000095013404012204/d17661e10vq.htm
0,2004-03-31,STRL,2004-05-13,2004-05-13 15:48:49,Q1,32300000,28700000,3600000.0,0.111455,0.0,2500000.0,2476000.0,0.0,2500000.0,31200000,-519000.0,1180000.0,1161000.0,0.035944,1100000.0,0.034056,0.0,500000.0,0.01548,200000.0,300000.0,0.009288,0.0411,0.0411,7300000.0,7300000.0,https://www.sec.gov/Archives/edgar/data/874238/000095013404007480/d15451e10vq.htm,https://www.sec.gov/Archives/edgar/data/874238/000095013404007480/d15451e10vq.htm
0,2003-12-31,STRL,,,Q4,37700000,32100000,5600000.0,0.148541,0.0,4200000.0,0.0,0.0,4199999.999999996,36299999.99999999,-700000.0,1110000.0000000002,1110000.0000000002,0.029443,1400000.0,0.037135,0.0,700000.0,0.018568,300000.0,400000.0,0.01061,0.05714,0.05714,7000000.0,7000000.0,,
0,2003-09-30,STRL,,,Q3,41400000,35600000,5800000.0,0.140097,0.0,2500000.0,0.0,0.0,2399999.9999999986,38000000,-900000.0,1290000.0,2790000.0,0.067391,3300000.0,0.07971,0.0,2400000.0,0.057971,100000.0,2300000.0,0.055556,0.34328,0.34328,6700000.0,6700000.0,,
0,2003-06-30,STRL,,,Q2,49300000,44000000,5300000.0,0.107505,0.0,1800000.0,0.0,0.0,1799999.9999999972,45800000,-1100000.0,1210000.0,2510000.0,0.050913,3500000.0,0.070994,0.0,2400000.0,0.048682,800000.0,1600000.0,0.032454,0.25806,0.25806,6200000.0,6200000.0,,
0,2003-03-31,STRL,,,Q1,41700000,37000000,4700000.0,0.11271,0.0,2000000.0,0.0,0.0,2000000.0,39000000,-900000.0,1080000.0,1980000.0,0.047482,2700000.0,0.064748,0.0,1800000.0,0.043165,600000.0,1200000.0,0.028777,0.2,0.2,6000000.0,6000000.0,,
0,2002-12-31,STRL,,,Q4,38400000,33300000,5200000.0,0.135417,0.0,3300000.0,0.0,0.0,3300000.000000004,36600000.00000001,-1100000.0,1179999.9999999998,879999.9999999997,0.022917,1900000.0,0.049479,0.0,800000.0,0.020833,-1600000.0,2400000.0,0.0625,0.39344,0.39344,6100000.0,6100000.0,,
0,2002-09-30,STRL,,,Q3,32500000,28500000,4000000.0,0.123077,0.0,2300000.0,0.0,0.0,2300000.000000001,30800000,-900000.0,960000.0000000002,860000.0000000002,0.026462,1700000.0,0.052308,0.0,900000.0,0.027692,-400000.0,1200000.0,0.036923,0.19048,0.19048,6300000.0,6300000.0,,
0,2002-06-30,STRL,,,Q2,34000000,29700000,4300000.0,0.126471,0.0,2300000.0,0.0,0.0,2300000.000000001,32000000,-800000.0,840000.0,1240000.0,0.036471,2000000.0,0.058824,0.0,1200000.0,0.035294,500000.0,700000.0,0.020588,0.11864,0.11864,5900000.0,5900000.0,,
0,2002-03-31,STRL,,,Q1,29700000,26400000,3300000.0,0.111111,0.0,1900000.0,0.0,0.0,1900000.000000002,28300000.000000004,-700000.0,880000.0,880000.0,0.02963,1400000.0,0.047138,0.0,600000.0,0.020202,300000.0,400000.0,0.013468,0.06897,0.06897,5800000.0,5800000.0,,
0,2001-08-31,STRL,2001-10-22 00:00:00,2001-10-22 00:00:00,Q4,23800000,20900000,2900000.0,0.121849,0.0,2500000.0,0.0,0.0,2500000.0,23400000,-800000.0,570000.0,-1030000.0,-0.043277,400000.0,0.016807,0.0,-400000.0,-0.016807,0.0,-800000.0,-0.033613,-0.16327,-0.16327,4900000.0,4900000.0,https://www.sec.gov/Archives/edgar/data/874238/000095013401507506/0000950134-01-507506-index.html,https://www.sec.gov/Archives/edgar/data/874238/000095013401507506/d91440e10-q.txt
0,2001-05-31,STRL,2001-08-16 00:00:00,2001-08-16 00:00:00,Q3,5800000.0,4700000.0,1100000.0,0.189655,0.0,1100000.0,0.0,0.0,1099999.9999999995,5800000.0,-700000.0,40000.0,-2360000.0,-0.406897,0.0,0.0,0.0,-700000.0,-0.12069,0.0,-1700000.0,-0.293103,-0.34694,-0.34694,4900000.0,4900000.0,https://www.sec.gov/Archives/edgar/data/874238/000095013401505605/0000950134-01-505605-index.html,https://www.sec.gov/Archives/edgar/data/874238/000095013401505605/d90106e10-q.txt
0,2001-02-28,STRL,,,Q2,5300000.0,4100000.0,1200000.0,0.226415,0.0,1200000.0,0.0,0.0,1200000.0000000002,5300000.0,-4000000.0,90000.00000000001,-7910000.0,-1.492453,0.0,0.0,0.0,-4000000.0,-0.754717,0.0,-4000000.0,-0.754717,-0.81633,-0.81633,4900000.0,4900000.0,,
0,2000-11-30,STRL,,,Q1,4700000.0,3700000.0,900000.0,0.191489,0.0,1000000.0,0.0,0.0,1099999.9999999995,4800000.0,-1000000.0,39999.99999999999,-1660000.0,-0.353191,-100000.0,-0.021277,0.0,-1100000.0,-0.234043,0.0,-700000.0,-0.148936,-0.14286,-0.14286,4900000.0,4900000.0,,
0,2000-08-31,STRL,2000-10-13 00:00:00,2000-10-13 00:00:00,Q4,5500000.0,4200000.0,1300000.0,0.236364,0.0,1100000.0,0.0,0.0,1099999.9999999995,5300000.0,-600000.0,40000.00000000001,-1560000.0,-0.283636,200000.0,0.036364,0.0,-400000.0,-0.072727,0.0,-1000000.0,-0.181818,-0.20408,-0.20408,4900000.0,4900000.0,https://www.sec.gov/Archives/edgar/data/874238/000095013400008604/0000950134-00-008604-index.html,https://www.sec.gov/Archives/edgar/data/874238/000095013400008604/d80893e10-q.txt
0,2000-05-31,STRL,2000-07-28 00:00:00,2000-07-28 00:00:00,Q3,5800000.0,4500000.0,1300000.0,0.224138,0.0,1100000.0,0.0,0.0,1099999.9999999995,5600000.0,-600000.0,30000.0,-1670000.0,-0.287931,200000.0,0.034483,0.0,-400000.0,-0.068966,0.0,-1100000.0,-0.189655,-0.22449,-0.22449,4900000.0,4900000.0,https://www.sec.gov/Archives/edgar/data/874238/000095013400006047/0000950134-00-006047-index.html,https://www.sec.gov/Archives/edgar/data/874238/000095013400006047/e10-q.txt
0,2000-02-29,STRL,,,Q2,4700000.0,3600000.0,1100000.0,0.234043,0.0,1100000.0,0.0,0.0,1199999.9999999998,4800000.0,-900000.0,100000.0,-3800000.0,-0.808511,0.0,0.0,0.0,-1000000.0,-0.212766,0.0,-3000000.0,-0.638298,-0.61224,-0.61224,4900000.0,4900000.0,,
0,1999-11-30,STRL,,,Q1,4700000.0,3800000.0,900000.0,0.191489,0.0,1000000.0,0.0,0.0,1000000.0,4800000.0,-1000000.0,49999.99999999999,-2250000.0,-0.478723,-100000.0,-0.021277,0.0,-1100000.0,-0.234043,0.0,-1300000.0,-0.276596,-0.26531,-0.26531,4900000.0,4900000.0,,
0,1999-08-31,STRL,,,Q4,5400000.0,4400000.0,1100000.0,0.203704,0.0,1000000.0,0.0,0.0,1000000.0,5400000.0,-600000.0,50000.0,-1150000.0,-0.212963,0.0,0.0,0.0,-600000.0,-0.111111,0.0,-600000.0,-0.111111,-0.12245,-0.12245,4900000.0,4900000.0,,
0,1999-05-31,STRL,,,Q3,5700000.0,4500000.0,1200000.0,0.210526,0.0,1100000.0,0.0,0.0,1099999.9999999995,5600000.0,-400000.0,50000.0,-950000.0,-0.166667,100000.0,0.017544,0.0,-300000.0,-0.052632,0.0,-600000.0,-0.105263,-0.12245,-0.12245,4900000.0,4900000.0,,
0,1999-02-28,STRL,,,Q2,7400000.0,5800000.0,1600000.0,0.216216,0.0,1700000.0,0.0,0.0,1700000.0000000002,7500000.0,-300000.0,-240000.00000000003,-940000.0,-0.127027,-100000.0,-0.013514,0.0,-400000.0,-0.054054,0.0,-400000.0,-0.054054,-0.09091,-0.09091,4400000.0,4400000.0,,
0,1998-11-30,STRL,,,Q1,7600000.0,6200000.0,1500000.0,0.197368,0.0,1400000.0,0.0,0.0,1500000.0,7700000.0,-100000.0,120000.0,-180000.0,-0.023684,0.0,0.0,0.0,-200000.0,-0.026316,0.0,-200000.0,-0.026316,-0.0625,-0.0625,3200000.0,3200000.0,,
0,1998-08-31,STRL,,,Q4,9100000.0,7300000.0,1700000.0,0.186813,0.0,1700000.0,0.0,0.0,1799999.9999999998,9100000.0,-100000.0,130000.0,-170000.0,-0.018681,0.0,0.0,0.0,-200000.0,-0.021978,0.0,-200000.0,-0.021978,-0.0625,-0.0625,3200000.0,3200000.0,,
0,1998-05-31,STRL,,,Q3,8000000.0,6600000.0,1500000.0,0.1875,0.0,1600000.0,0.0,0.0,1700000.000000001,8300000.000000001,-100000.0,140000.0,-360000.0,-0.045,-200000.0,-0.025,0.0,-400000.0,-0.05,0.0,-400000.0,-0.05,-0.125,-0.125,3200000.0,3200000.0,,
0,1998-02-28,STRL,,,Q2,6900000.0,5500000.0,1500000.0,0.217391,0.0,2000000.0,0.0,0.0,200000.00000000017,5700000.0,-100000.0,-240000.0,760000.0,0.110145,1300000.0,0.188406,0.0,1100000.0,0.15942,1000000.0,100000.0,0.014493,0.03125,0.03125,3200000.0,3200000.0,,
0,1997-11-30,STRL,,,Q1,7900000.0,6400000.0,1500000.0,0.189873,0.0,1600000.0,0.0,0.0,1699999.9999999993,8099999.999999999,-200000.0,159999.99999999997,-340000.0,-0.043038,-200000.0,-0.025316,0.0,-300000.0,-0.037975,0.0,-300000.0,-0.037975,-0.09375,-0.09375,3200000.0,3200000.0,,
0,1997-08-31,STRL,,,Q4,9400000.0,7400000.0,2000000.0,0.212766,0.0,1700000.0,0.0,0.0,1699999.9999999993,9100000.0,-200000.0,170000.0,70000.0,0.007447,300000.0,0.031915,0.0,100000.0,0.010638,0.0,100000.0,0.010638,0.03125,0.03125,3200000.0,3200000.0,,
0,1997-05-31,STRL,,,Q3,8300000.0,6800000.0,1500000.0,0.180723,0.0,1600000.0,0.0,0.0,1600000.0000000005,8400000.0,-200000.0,170000.0,-330000.0,-0.039759,-100000.0,-0.012048,0.0,-300000.0,-0.036145,0.0,-300000.0,-0.036145,-0.09375,-0.09375,3200000.0,3200000.0,,
0,1997-02-28,STRL,,,Q2,9500000.0,7100000.0,2400000.0,0.252632,0.0,2800000.0,0.0,0.0,6400000.0,13500000,-200000.0,309999.99999999994,-4090000.0,-0.430526,-4000000.0,-0.421053,0.0,-4200000.0,-0.442105,3100000.0,-7300000.0,-0.768421,-2.28125,-2.28125,3200000.0,3200000.0,,
0,1996-11-30,STRL,,,Q1,10300000,8000000.0,2300000.0,0.223301,0.0,2500000.0,0.0,0.0,2699999.999999999,10700000,-200000.0,290000.00000000006,-509999.99999999994,-0.049515,-400000.0,-0.038835,0.0,-600000.0,-0.058252,0.0,-600000.0,-0.058252,-0.1875,-0.1875,3200000.0,3200000.0,,
0,1996-08-31,STRL,,,Q4,11500000,8900000.0,2700000.0,0.234783,0.0,2800000.0,0.0,0.0,2900000.0000000005,11800000,-200000.0,329999.99999999994,-270000.00000000006,-0.023478,-200000.0,-0.017391,0.0,-400000.0,-0.034783,0.0,-400000.0,-0.034783,-0.125,-0.125,3200000.0,3200000.0,,
0,1996-05-31,STRL,1996-06-12 00:00:00,1996-06-12 00:00:00,Q3,10900000,8500000.0,2500000.0,0.229358,0.0,2600000.0,0.0,0.0,2699999.999999999,11200000,-200000.0,280000.0,-420000.0,-0.038532,-300000.0,-0.027523,0.0,-500000.0,-0.045872,0.0,-500000.0,-0.045872,-0.15625,-0.15625,3200000.0,3200000.0,https://www.sec.gov/Archives/edgar/data/874238/000095013496002832/0000950134-96-002832-index.html,https://www.sec.gov/Archives/edgar/data/874238/0000950134-96-002832.txt
0,1996-02-29,STRL,,,Q2,9400000.0,7400000.0,2000000.0,0.212766,0.0,2800000.0,0.0,0.0,3000000.0,10400000,-100000.0,189999.99999999994,-910000.0,-0.096809,-900000.0,-0.095745,0.0,-1000000.0,-0.106383,-100000.0,-900000.0,-0.095745,-0.28125,-0.28125,3200000.0,3200000.0,,
0,1995-11-30,STRL,,,Q1,11600000,9100000.0,2500000.0,0.215517,0.0,2700000.0,0.0,0.0,2800000.000000001,11900000,-200000.0,240000.00000000006,-359999.99999999994,-0.031034,-300000.0,-0.025862,0.0,-500000.0,-0.043103,2000000.0,-2400000.0,-0.206897,-0.75,-0.75,3200000.0,3200000.0,,
