,date,symbol,fillingDate,acceptedDate,period,revenue,costOfRevenue,grossProfit,grossProfitRatio,researchAndDevelopmentExpenses,generalAndAdministrativeExpenses,sellingAndMarketingExpenses,otherExpenses,operatingExpenses,costAndExpenses,interestExpense,depreciationAndAmortization,ebitda,ebitdaratio,operatingIncome,operatingIncomeRatio,totalOtherIncomeExpensesNet,incomeBeforeTax,incomeBeforeTaxRatio,incomeTaxExpense,netIncome,netIncomeRatio,eps,epsdiluted,weightedAverageShsOut,weightedAverageShsOutDil,link,finalLink
0,2020-09-30,ALG,2020-10-28,2020-10-28 17:18:45,Q3,291759000,213123000,78636000,0.2695238193166278,0.0,44069000,0.0,-333000.0,44069000,257192000,3461000.0,4830000.0,35753000,0.12254292069824753,30923000,0.1059881614620286,-333000.0,27435000,0.09403308895355413,7402000.0,20033000,0.06866283473688901,4.12,4.1,11783980,11841463,https://www.sec.gov/Archives/edgar/data/897077/000089707720000142/0000897077-20-000142-index.htm,https://www.sec.gov/Archives/edgar/data/897077/000089707720000142/alg-20200930.htm
0,2020-06-30,ALG,2020-07-30,2020-07-29 17:45:27,Q2,268635000,200810000,67825000,0.252480131032814,0.0,41551000,0.0,-1288000.0,45163999.99999999,245974000,3941000.0,11038000,32717000,0.12179,22661000,0.084356,-1288000.0,17738000,0.06603,4749000.0,12989000,0.048352,1.09686,1.09686,11842000,11842000,https://www.sec.gov/Archives/edgar/data/897077/000089707720000116/0000897077-20-000116-index.htm,https://www.sec.gov/Archives/edgar/data/897077/000089707720000116/alg-20200630.htm
0,2020-03-31,ALG,2020-05-07 00:00:00,2020-05-06 18:52:42,Q1,314448000,235508000,78940000,0.251043,0.0,51248000,0.0,2341000.0,55083999.99999998,290592000,5519000.0,10975999.999999998,37529000,0.119349,23856000,0.075866,2341000.0,21034000,0.066892,5506000.0,15528000,0.049382,1.31293,1.31293,11827000,11827000,https://www.sec.gov/Archives/edgar/data/897077/000089707720000064/0000897077-20-000064-index.html,https://www.sec.gov/Archives/edgar/data/897077/000089707720000064/alg-20200331.htm
0,2019-12-31,ALG,2020-02-28 00:00:00,2020-02-28 06:34:28,Q4,768454000,845911000,273227000,0.355554138569,11984000,172921000,0.0,0.0,184905000,1030816000,10747000,20887000,115535000,0.150347320724,94648000,0.123166773808,0.0,84335000,0.109746321836,21429000,62906000,0.0818604626952,5.36,5.33,11729000,11800000,https://www.sec.gov/Archives/edgar/data/897077/000089707720000011/0000897077-20-000011-index.html,https://www.sec.gov/Archives/edgar/data/897077/000089707720000011/alg-20191231.htm
0,2019-09-30,ALG,2019-10-31 00:00:00,2019-10-30 17:33:49,Q3,271829000,203119000,68710000,0.252769,0.0,44255000,0.0,242000.0,44254999.99999999,247374000,1837000.0,7274000.000000001,32330000,0.118935,24455000,0.089965,242000.0,23219000,0.085418,5801000.0,17418000,0.064077,1.47448,1.47448,11813000,11813000,https://www.sec.gov/Archives/edgar/data/897077/000089707719000156/0000897077-19-000156-index.html,https://www.sec.gov/Archives/edgar/data/897077/000089707719000156/alg-20190930.htm
0,2019-06-30,ALG,2019-07-31 00:00:00,2019-07-31 17:00:18,Q2,285186000,212053000,73133000,0.25644,0.0,43784000,0.0,-295000.0,43783999.99999999,255837000,1935000.0,6879000.0,36263000,0.127156,29349000,0.102912,-295000.0,27449000,0.096249,6782000.0,20667000,0.072468,1.75174,1.75174,11798000,11798000,https://www.sec.gov/Archives/edgar/data/897077/000089707719000127/0000897077-19-000127-index.html,https://www.sec.gov/Archives/edgar/data/897077/000089707719000127/alg-20190630.htm
0,2019-03-31,ALG,2019-05-01 00:00:00,2019-05-01 17:11:30,Q1,261934000,198626000,63308000,0.241694,0.0,40702000,0.0,-389000.0,40702000,239328000,1450000.0,6281000.000000001,28671000,0.109459,22606000,0.086304,-389000.0,20940000,0.079944,5687000.0,15253000,0.058232,1.29515,1.29515,11777000,11777000,https://www.sec.gov/Archives/edgar/data/897077/000089707719000042/0000897077-19-000042-index.html,https://www.sec.gov/Archives/edgar/data/897077/000089707719000042/alg-20190331.htm
0,2018-12-31,ALG,2019-01-30 00:00:00,2019-01-29 19:31:00,Q4,256038000,193406000,62632000,0.24462,0.0,37940000,0.0,491000.0,37940000,231346000,654000.0,6306000.000000001,32841000,0.128266,24692000,0.096439,-983000.0,22550000,0.088073,9292000.0,16589000,0.064791,1.40943,1.40943,11770000,11770000,https://www.sec.gov/Archives/edgar/data/1607679/000149315219001141/0001493152-19-001141-index.html,https://www.sec.gov/Archives/edgar/data/1607679/000149315219001141/form10-k.htm
0,2018-09-30,ALG,2018-10-31 00:00:00,2018-10-31 16:37:48,Q3,257572000,190800000,66772000,0.259236,0.0,38523000,0.0,-265000.0,38522999.99999999,229323000,1399000.0,5818000.000000001,33902000,0.131621,28249000,0.109674,-265000.0,26685000,0.103602,3142000.0,23543000,0.091404,1.99907,1.99907,11777000,11777000,https://www.sec.gov/Archives/edgar/data/897077/000089707718000108/0000897077-18-000108-index.html,https://www.sec.gov/Archives/edgar/data/897077/000089707718000108/alg-20180930.htm
0,2018-06-30,ALG,2018-08-01 00:00:00,2018-08-01 16:26:41,Q2,257100000,190700000,66500000,0.258654,0.0,39700000,0.0,-92000.0,39600000.00000002,230300000.00000003,1497000.0,5570000.0,32367000,0.125893,26800000,0.10424,-100000.0,25300000,0.098405,6500000.0,18800000,0.073123,1.59322,1.59322,11800000,11800000,https://www.sec.gov/Archives/edgar/data/897077/000089707718000094/0000897077-18-000094-index.html,https://www.sec.gov/Archives/edgar/data/897077/000089707718000094/alg-20180630.htm
0,2018-03-31,ALG,2018-05-03 00:00:00,2018-05-03 16:16:56,Q1,238100000,177800000,60300000,0.253255,0.0,38900000,0.0,-134000.0,38899999.99999998,216699999.99999997,1337000.0,5420000.0,26757000,0.112377,21400000,0.089878,-100000.0,20000000,0.083998,5400000.0,14600000,0.061319,1.24786,1.24786,11700000,11700000,https://www.sec.gov/Archives/edgar/data/897077/000089707718000028/0000897077-18-000028-index.html,https://www.sec.gov/Archives/edgar/data/897077/000089707718000028/a201810qq1-body.htm
0,2017-12-31,ALG,2018-01-10 00:00:00,2018-01-10 15:53:35,Q4,243300000,182300000,60900000,0.250308,0.0,40000000,0.0,2284000.0,40099999.99999999,222400000,-1075000.0,5139999.999999997,14564999.999999996,0.059864,20900000,0.085902,400000.0,20800000,0.085491,7300000.0,3200000.0,0.013152,0.2735,0.2735,11700000,11700000,https://www.sec.gov/Archives/edgar/data/1607679/000149315218000410/0001493152-18-000410-index.html,https://www.sec.gov/Archives/edgar/data/1607679/000149315218000410/form10-q.htm
0,2017-09-30,ALG,2017-10-31 00:00:00,2017-10-31 16:52:41,Q3,240500000,175500000,64900000,0.269854,0.0,37200000,0.0,-1411000.0,37199999.99999999,212700000,1414000.0,5420000.000000002,31734000.000000004,0.13195,27800000,0.115593,-1600000.0,24900000,0.103534,8300000.0,16600000,0.069023,1.4188,1.4188,11700000,11700000,https://www.sec.gov/Archives/edgar/data/897077/000089707717000121/0000897077-17-000121-index.html,https://www.sec.gov/Archives/edgar/data/897077/000089707717000121/a201710qq3-body.htm
0,2017-06-30,ALG,2017-08-02 00:00:00,2017-08-02 16:48:34,Q2,213300000,158600000,54700000,0.256446,0.0,34400000,0.0,-665000.0,34400000.00000001,193000000,1500000.0,4949999.999999999,24550000,0.115096,20300000,0.095171,-800000.0,18100000,0.084857,5800000.0,12300000,0.057665,1.05128,1.05128,11700000,11700000,https://www.sec.gov/Archives/edgar/data/897077/000089707717000106/0000897077-17-000106-index.html,https://www.sec.gov/Archives/edgar/data/897077/000089707717000106/a201710qq2-body.htm
0,2017-03-31,ALG,2017-05-04 00:00:00,2017-05-03 18:27:34,Q1,215400000,161200000,54200000,0.251625,0.0,33900000,0.0,-208000.0,33900000.00000001,195100000,1327000.0,4960000.0,24987000,0.116003,20300000,0.094243,-400000.0,18600000,0.086351,6500000.0,12200000,0.056639,1.05172,1.05172,11600000,11600000,https://www.sec.gov/Archives/edgar/data/897077/000089707717000047/0000897077-17-000047-index.html,https://www.sec.gov/Archives/edgar/data/897077/000089707717000047/a201710qq1-body.htm
0,2016-12-31,ALG,2017-02-14 00:00:00,2017-02-14 17:40:22,Q4,205500000,157600000,47900000,0.23309,0.0,35700000,0.0,253000.0,35599999.99999999,193200000,-810000.0,5020000.0,15510000,0.075474,12300000,0.059854,500000.0,11300000,0.054988,3700000.0,7600000.0,0.036983,0.65517,0.65517,11600000,11600000,https://www.sec.gov/Archives/edgar/data/1607679/000149315217001583/0001493152-17-001583-index.html,https://www.sec.gov/Archives/edgar/data/1607679/000149315217001583/form10-q.htm
0,2016-09-30,ALG,2016-11-04 00:00:00,2016-11-04 16:41:19,Q3,216800000,162100000,54700000,0.252306,0.0,33700000,0.0,127000.0,33700000.00000002,195800000.00000003,1405000.0,5069999.999999999,26175000,0.120733,21000000,0.096863,100000.0,19800000,0.091328,6500000.0,13200000,0.060886,1.13793,1.13793,11600000,11600000,https://www.sec.gov/Archives/edgar/data/897077/000089707716000193/0000897077-16-000193-index.html,https://www.sec.gov/Archives/edgar/data/897077/000089707716000193/a201610qq3-body.htm
0,2016-06-30,ALG,2016-07-05 00:00:00,2016-07-05 13:07:55,Q2,211500000,159300000,52200000,0.246809,0.0,34100000,0.0,242000.0,34099999.99999999,193400000,1523000.0,5360000.0,23783000,0.112449,18000000,0.085106,200000.0,16800000,0.079433,6300000.0,10600000,0.050118,0.91379,0.91379,11600000,11600000,https://www.sec.gov/Archives/edgar/data/1607679/000135448816007974/0001354488-16-007974-index.html,https://www.sec.gov/Archives/edgar/data/1607679/000135448816007974/adc_10k.htm
0,2016-03-31,ALG,2016-05-06 00:00:00,2016-05-06 16:38:38,Q1,211000000,160700000,50300000,0.238389,0.0,34000000,0.0,-622000.0,34000000,194700000,1406000.0,5350000.0,21156000,0.100265,16300000,0.077251,-600000.0,14300000,0.067773,5700000.0,8700000.0,0.041232,0.75652,0.75652,11500000,11500000,https://www.sec.gov/Archives/edgar/data/897077/000089707716000102/0000897077-16-000102-index.html,https://www.sec.gov/Archives/edgar/data/897077/000089707716000102/a201610qq1-body.htm
0,2015-12-31,ALG,2016-02-16 00:00:00,2016-02-16 15:10:02,Q4,224400000,175700000,48700000,0.217023,0.0,34300000,0.0,6874000.0,34300000.00000001,210000000,2687000.0,5559999.999999999,25747000,0.114737,14400000,0.064171,4600000.0,17500000,0.077986,6100000.0,11400000,0.050802,0.9913,0.9913,11500000,11500000,https://www.sec.gov/Archives/edgar/data/1607679/000135448816006227/0001354488-16-006227-index.html,https://www.sec.gov/Archives/edgar/data/1607679/000135448816006227/adc_10q.htm
0,2015-09-30,ALG,2015-11-06 00:00:00,2015-11-06 15:00:17,Q3,231600000,174100000,57500000,0.248273,0.0,33900000,0.0,0.0,33900000.00000001,208000000,1671000.0,5619999.999999999,30191000,0.130358,23600000,0.1019,900000.0,22800000,0.098446,8100000.0,14800000,0.063903,1.28696,1.28696,11500000,11500000,https://www.sec.gov/Archives/edgar/data/897077/000089707715000088/0000897077-15-000088-index.html,https://www.sec.gov/Archives/edgar/data/897077/000089707715000088/a201510qq3-body.htm
0,2015-06-30,ALG,2015-08-07 00:00:00,2015-08-07 17:28:52,Q2,215700000,165100000,50700000,0.235049,0.0,34200000,0.0,0.0,34200000.00000002,199300000.00000003,1848000.0,7319999.999999999,24268000,0.112508,16400000,0.076032,500000.0,15100000,0.070005,5400000.0,9700000.0,0.04497,0.84348,0.84348,11500000,11500000,https://www.sec.gov/Archives/edgar/data/897077/000089707715000068/0000897077-15-000068-index.html,https://www.sec.gov/Archives/edgar/data/897077/000089707715000068/a201510qq2-body.htm
0,2015-03-31,ALG,2015-05-08 00:00:00,2015-05-08 15:01:48,Q1,207800000,162300000,45500000,0.218961,0.0,33400000,0.0,0.0,33399999.99999998,195699999.99999997,1623000.0,3599999.9999999995,16723000,0.080476,12100000,0.058229,900000.0,11400000,0.05486,4100000.0,7400000.0,0.035611,0.64912,0.64912,11400000,11400000,https://www.sec.gov/Archives/edgar/data/897077/000089707715000046/0000897077-15-000046-index.html,https://www.sec.gov/Archives/edgar/data/897077/000089707715000046/a201510qq1-body.htm
0,2014-12-31,ALG,2015-03-06,2015-03-06 17:31:01,Q4,228300000,179900000,48400000,0.212002,0.0,32700000,0.0,1767000.0,32699999.99999999,212600000,2876000.0,4220000.000000001,22396000,0.098099,15700000,0.068769,700000.0,15200000,0.066579,3900000.0,11400000,0.049934,1.0,1.0,11400000,11400000,https://www.sec.gov/Archives/edgar/data/897077/000089707715000011/a201410k-body.htm,https://www.sec.gov/Archives/edgar/data/897077/000089707715000011/a201410k-body.htm
0,2014-09-30,ALG,2014-11-06 00:00:00,2014-11-06 14:00:34,Q3,234800000,179300000,55400000,0.235945,0.0,33900000,0.0,0.0,34000000,213300000,1497000.0,3470000.0,25467000,0.108463,21500000,0.091567,400000.0,20500000,0.087308,7100000.0,13400000,0.05707,1.09836,1.09836,12200000,12200000,https://www.sec.gov/Archives/edgar/data/897077/000089707714000071/0000897077-14-000071-index.html,https://www.sec.gov/Archives/edgar/data/897077/000089707714000071/a201410qq3-body.htm
0,2014-06-30,ALG,2014-08-08 00:00:00,2014-08-08 14:48:01,Q2,207800000,160500000,47300000,0.227623,0.0,32500000,0.0,-474000.0,32500000,193000000,1044000.0,2660000.0,17604000,0.084716,14800000,0.071222,200000.0,13900000,0.066891,4700000.0,9200000.0,0.044273,0.74797,0.74797,12300000,12300000,https://www.sec.gov/Archives/edgar/data/897077/000089707714000064/0000897077-14-000064-index.html,https://www.sec.gov/Archives/edgar/data/897077/000089707714000064/a201410qq2-body.htm
0,2014-03-31,ALG,2014-05-08 00:00:00,2014-05-08 14:55:41,Q1,171300000,133100000,38100000,0.222417,0.0,27500000,0.0,474000.0,27500000,160600000,239000.0,2310000.0,13449000,0.078511,10600000,0.06188,500000.0,10900000,0.063631,3700000.0,7200000.0,0.042032,0.58537,0.58537,12300000,12300000,https://www.sec.gov/Archives/edgar/data/897077/000089707714000033/0000897077-14-000033-index.html,https://www.sec.gov/Archives/edgar/data/897077/000089707714000033/a201410qq1-body.htm
0,2013-12-31,ALG,2014-03-11,2014-03-11 16:30:17,Q4,170900000,134500000,36400000,0.21299,0.0,28200000,0.0,436000.0,28199999.99999999,162700000,-459000.0,2310000.0000000005,10151000,0.059397,8100000.0,0.047396,400000.0,8300000.0,0.048566,2300000.0,6000000.0,0.035108,0.4878,0.4878,12300000,12300000,https://www.sec.gov/Archives/edgar/data/897077/000089707714000007/a201310k-body.htm,https://www.sec.gov/Archives/edgar/data/897077/000089707714000007/a201310k-body.htm
0,2013-09-30,ALG,2013-11-08 00:00:00,2013-11-08 12:47:24,Q3,174700000,131600000,43200000,0.247281,0.0,27800000,0.0,558000.0,27800000.00000001,159400000,319000.0,2250000.0,18169000,0.104001,15300000,0.087579,600000.0,15600000,0.089296,4300000.0,11300000,0.064682,0.92623,0.92623,12200000,12200000,https://www.sec.gov/Archives/edgar/data/897077/000089707713000048/0000897077-13-000048-index.html,https://www.sec.gov/Archives/edgar/data/897077/000089707713000048/a201310qq3-body.htm
0,2013-06-30,ALG,2013-08-05 00:00:00,2013-08-05 12:22:22,Q2,178100000,134000000,44100000,0.247614,0.0,26500000,0.0,343000.0,26500000,160500000,336000.0,2190000.0,20126000,0.113004,17600000,0.098821,300000.0,17600000,0.098821,5800000.0,11800000,0.066255,0.96721,0.96721,12200000,12200000,https://www.sec.gov/Archives/edgar/data/897077/000089707713000040/0000897077-13-000040-index.html,https://www.sec.gov/Archives/edgar/data/897077/000089707713000040/a201310qq2-body.htm
0,2013-03-31,ALG,2013-05-03 00:00:00,2013-05-03 15:14:53,Q1,158400000,123500000,34900000,0.220328,0.0,25200000,0.0,289000.0,25199999.99999999,148700000,242000.0,2150000.0,12292000,0.077601,9700000.0,0.061237,300000.0,9800000.0,0.061869,2900000.0,7000000.0,0.044192,0.57377,0.57377,12200000,12200000,https://www.sec.gov/Archives/edgar/data/897077/000089707713000023/0000897077-13-000023-index.html,https://www.sec.gov/Archives/edgar/data/897077/000089707713000023/a201310qq1-body.htm
0,2012-12-31,ALG,2013-03-11 00:00:00,2013-03-11 15:15:47,Q4,154000000,122000000,32000000,0.207792,0.0,24400000,0.0,139000.0,25099999.999999993,147100000,-802000.0,2249999.999999999,8347999.999999999,0.054208,7000000.0,0.045455,100000.0,6900000.0,0.044805,2700000.0,4200000.0,0.027273,0.34711,0.34711,12100000,12100000,https://www.sec.gov/Archives/edgar/data/897077/000089707713000009/0000897077-13-000009-index.html,https://www.sec.gov/Archives/edgar/data/897077/000089707713000009/a201210k-body.htm
0,2012-09-30,ALG,2012-11-08 00:00:00,2012-11-08 16:34:03,Q3,156100000,119000000,37100000,0.237668,0.0,24000000,0.0,-234000.0,24000000,143000000,392000.0,2670000.0,15562000,0.099693,13100000,0.083921,-200000.0,12500000,0.080077,3900000.0,8600000.0,0.055093,0.71074,0.71074,12100000,12100000,https://www.sec.gov/Archives/edgar/data/897077/000089707712000033/0000897077-12-000033-index.html,https://www.sec.gov/Archives/edgar/data/897077/000089707712000033/a201210qq3-body.htm
0,2012-06-30,ALG,2012-08-09 00:00:00,2012-08-09 12:50:43,Q2,167000000,127800000,39200000,0.234731,0.0,24800000,0.0,152000.0,24899999.99999999,152700000,525000.0,2510000.0,17035000,0.102006,14300000,0.085629,200000.0,14000000,0.083832,4700000.0,9300000.0,0.055689,0.7686,0.7686,12100000,12100000,https://www.sec.gov/Archives/edgar/data/897077/000089707712000025/0000897077-12-000025-index.html,https://www.sec.gov/Archives/edgar/data/897077/000089707712000025/a201210qq2-body.htm
0,2012-03-31,ALG,2012-05-07,2012-05-07 16:05:29,Q1,155900000,120700000,35200000,0.225786,0.0,24200000,0.0,-574000.0,24200000.000000004,144900000,443000.0,2520000.0,12963000,0.083149,11000000,0.070558,-600000.0,10000000,0.064144,3200000.0,6800000.0,0.043618,0.56667,0.56667,12000000,12000000,https://www.sec.gov/Archives/edgar/data/897077/000089707712000004/alg-12312011x10k.htm,https://www.sec.gov/Archives/edgar/data/897077/000089707712000004/alg-12312011x10k.htm
0,2011-12-31,ALG,2012-03-12 00:00:00,2012-03-12 16:26:28,Q4,147000000,118400000,28600000,0.194558,0.0,23300000,0.0,253000.0,16599999.999999994,135000000,2422000.0,2429999.9999999995,16452000,0.111918,11900000,0.080952,300000.0,11600000,0.078912,3500000.0,8100000.0,0.055102,0.675,0.675,12000000,12000000,https://www.sec.gov/Archives/edgar/data/897077/000089707712000004/0000897077-12-000004-index.html,https://www.sec.gov/Archives/edgar/data/897077/000089707712000004/alg-12312011x10k.htm
0,2011-09-30,ALG,2011-11-04 00:00:00,2011-11-04 17:22:02,Q3,155100000,117800000,37200000,0.239845,0.0,22800000,0.0,817000.0,22799999.999999996,140600000,506000.0,2700000.0,18006000,0.116093,14500000,0.093488,800000.0,14800000,0.095422,4700000.0,10100000,0.065119,0.84874,0.84874,11900000,11900000,https://www.sec.gov/Archives/edgar/data/897077/000089707711000040/0000897077-11-000040-index.html,https://www.sec.gov/Archives/edgar/data/897077/000089707711000040/a10qbodyq3.htm
0,2011-06-30,ALG,2011-08-05 00:00:00,2011-08-05 12:29:40,Q2,160800000,123400000,37400000,0.232587,0.0,23700000,0.0,-75000.0,23699999.99999999,147100000,444000.0,2670000.0,16314000,0.101455,13700000,0.085199,-100000.0,13200000,0.08209,4300000.0,8900000.0,0.055348,0.74167,0.74167,12000000,12000000,https://www.sec.gov/Archives/edgar/data/897077/000089707711000020/0000897077-11-000020-index.html,https://www.sec.gov/Archives/edgar/data/897077/000089707711000020/a10qbody.htm
0,2011-03-31,ALG,2011-05-06 00:00:00,2011-05-06 11:42:25,Q1,140700000,108800000,31900000,0.226724,0.0,22600000,0.0,-147000.0,22600000.00000001,131400000.00000001,765000.0,2620000.0,11885000,0.084471,9300000.0,0.066098,-100000.0,8500000.0,0.060412,2800000.0,5700000.0,0.040512,0.475,0.475,12000000,12000000,https://www.sec.gov/Archives/edgar/data/897077/000100329711000161/0001003297-11-000161-index.html,https://www.sec.gov/Archives/edgar/data/897077/000100329711000161/esalamo10qmay.htm
0,2010-12-31,ALG,2011-03-15,2011-03-15 09:28:09,Q4,132700000,104900000,27700000,0.208742,0.0,21700000,0.0,213000.0,21799999.999999996,126700000,502000.0,2710000.0,8912000.0,0.067159,6000000.0,0.045215,200000.0,5700000.0,0.042954,1600000.0,4100000.0,0.030897,0.34167,0.34167,12000000,12000000,https://www.sec.gov/Archives/edgar/data/897077/000100329711000103/esalamo10k.htm,https://www.sec.gov/Archives/edgar/data/897077/000100329711000103/esalamo10k.htm
0,2010-09-30,ALG,2010-11-05 00:00:00,2010-11-05 11:48:39,Q3,136700000,104300000,32400000,0.237015,0.0,21300000,0.0,112000.0,21299999.999999996,125600000,888000.0,2720000.0000000005,14408000,0.105399,11100000,0.0812,100000.0,10800000,0.079005,2600000.0,8200000.0,0.059985,0.68908,0.68908,11900000,11900000,https://www.sec.gov/Archives/edgar/data/897077/000100329710000268/0001003297-10-000268-index.html,https://www.sec.gov/Archives/edgar/data/897077/000100329710000268/esalamo10q.htm
0,2010-06-30,ALG,2010-08-06 00:00:00,2010-08-06 14:57:46,Q2,138100000,109400000,28700000,0.20782,0.0,21400000,0.0,-25000.0,21299999.99999998,130699999.99999999,1024000.0,2720000.0,10344000,0.074902,7300000.0,0.05286,0.0,6600000.0,0.047791,1700000.0,4900000.0,0.035482,0.41176,0.41176,11900000,11900000,https://www.sec.gov/Archives/edgar/data/897077/000100329710000179/0001003297-10-000179-index.html,https://www.sec.gov/Archives/edgar/data/897077/000100329710000179/esalamo10q.htm
0,2010-03-31,ALG,2010-05-07 00:00:00,2010-05-07 15:59:41,Q1,131200000,103000000,28100000,0.214177,0.0,21700000,0.0,-10000.0,21700000.000000004,124700000,1250000.0,2750000.0,10000000,0.07622,6500000.0,0.049543,0.0,6000000.0,0.045732,2000000.0,4000000.0,0.030488,0.33898,0.33898,11800000,11800000,https://www.sec.gov/Archives/edgar/data/897077/000100329710000114/0001003297-10-000114-index.html,https://www.sec.gov/Archives/edgar/data/897077/000100329710000114/es10q-2010qtr1final.htm
0,2009-12-31,ALG,2010-03-15 00:00:00,2010-03-15 14:54:44,Q4,112800000,89900000,22900000,0.203014,0.0,20600000,0.0,495000.0,4599999.999999994,94500000,1518000.0,2680000.000000001,21798000,0.193245,18300000,0.162234,500000.0,17700000,0.156915,8100000.0,9500000.0,0.08422,0.83333,0.83333,11400000,11400000,https://www.sec.gov/Archives/edgar/data/897077/000100329710000062/0001003297-10-000062-index.html,https://www.sec.gov/Archives/edgar/data/897077/000100329710000062/alamo10k.htm
0,2009-09-30,ALG,2009-11-09 00:00:00,2009-11-09 14:47:14,Q3,110300000,84700000,25600000,0.232094,0.0,18000000,0.0,134000.0,18000000,102700000,1005000.0,2020000.0,9825000.0,0.089075,7700000.0,0.06981,100000.0,6800000.0,0.06165,2200000.0,4600000.0,0.041704,0.45545,0.45545,10100000,10100000,https://www.sec.gov/Archives/edgar/data/897077/000100329709000269/0001003297-09-000269-index.html,https://www.sec.gov/Archives/edgar/data/897077/000100329709000269/es3q2009.htm
0,2009-06-30,ALG,2009-08-10 00:00:00,2009-08-10 12:44:09,Q2,113200000,88900000,24300000,0.214664,0.0,18900000,0.0,-49000.0,19000000,107900000,1147000.0,2040000.0,7587000.0,0.067023,5400000.0,0.047703,0.0,4400000.0,0.038869,1400000.0,3000000.0,0.026502,0.3,0.3,10000000,10000000,https://www.sec.gov/Archives/edgar/data/897077/000100329709000176/0001003297-09-000176-index.html,https://www.sec.gov/Archives/edgar/data/897077/000100329709000176/esalamo10q.htm
0,2009-03-31,ALG,2009-05-08 00:00:00,2009-05-08 15:19:05,Q1,110100000,88400000,21700000,0.197094,0.0,18600000,0.0,45000.0,18599999.999999993,107000000,1096000.0,2050000.0,5346000.0,0.048556,3200000.0,0.029064,0.0,2300000.0,0.02089,700000.0,1500000.0,0.013624,0.15,0.15,10000000,10000000,https://www.sec.gov/Archives/edgar/data/897077/000100329709000121/0001003297-09-000121-index.html,https://www.sec.gov/Archives/edgar/data/897077/000100329709000121/esalamoq.htm
0,2008-12-31,ALG,2009-03-11 00:00:00,2009-03-10 18:58:14,Q4,122500000,98200000,24300000,0.198367,0.0,20500000,0.0,632000.0,25500000,123700000,1702000.0,2289999.9999999995,1791999.9999999995,0.014629,-1200000.0,-0.009796,600000.0,-2100000.0,-0.017143,-300000.0,-1900000.0,-0.01551,-0.19192,-0.19192,9900000.0,9900000.0,https://www.sec.gov/Archives/edgar/data/897077/000100329709000068/0001003297-09-000068-index.html,https://www.sec.gov/Archives/edgar/data/897077/000100329709000068/esalamo10k.htm
0,2008-09-30,ALG,2008-11-07 00:00:00,2008-11-07 12:28:36,Q3,148700000,119100000,29600000,0.199059,0.0,21800000,0.0,222000.0,21800000.00000001,140900000,2024000.0,2420000.0000000005,11244000,0.075615,7800000.0,0.052455,200000.0,6700000.0,0.045057,2300000.0,4500000.0,0.030262,0.45,0.45,10000000,10000000,https://www.sec.gov/Archives/edgar/data/897077/000100329708000238/0001003297-08-000238-index.html,https://www.sec.gov/Archives/edgar/data/897077/000100329708000238/esalamo10q1.htm
0,2008-06-30,ALG,2008-08-11 00:00:00,2008-08-11 15:48:27,Q2,152200000,121700000,30500000,0.200394,0.0,21100000,0.0,408000.0,21100000.00000001,142800000,1889000.0,2349999.9999999995,12739000,0.083699,9400000.0,0.061761,400000.0,8400000.0,0.055191,2900000.0,5600000.0,0.036794,0.56,0.56,10000000,10000000,https://www.sec.gov/Archives/edgar/data/897077/000100329708000169/0001003297-08-000169-index.html,https://www.sec.gov/Archives/edgar/data/897077/000100329708000169/esalamo10q.htm
0,2008-03-31,ALG,2008-05-09 00:00:00,2008-05-09 16:01:06,Q1,133800000,108800000,25000000,0.186846,0.0,19600000,0.0,251000.0,19600000.00000001,128400000.00000001,1835000.0,2300000.0,8335000.0,0.062294,5400000.0,0.040359,300000.0,4200000.0,0.03139,1400000.0,2800000.0,0.020927,0.28283,0.28283,9900000.0,9900000.0,https://www.sec.gov/Archives/edgar/data/897077/000100329708000095/0001003297-08-000095-index.html,https://www.sec.gov/Archives/edgar/data/897077/000100329708000095/esalamo10q.htm
0,2007-12-31,ALG,2008-03-12,2008-03-11 18:19:08,Q4,126300000,102900000,23400000,0.185273,0.0,17900000,0.0,344000.0,17899999.99999999,120799999.99999999,1923000.0,2300000.0000000005,8823000.0,0.069857,5500000.0,0.043547,300000.0,4600000.0,0.036421,1300000.0,3300000.0,0.026128,0.33333,0.33333,9900000.0,9900000.0,https://www.sec.gov/Archives/edgar/data/897077/000100329708000054/esalamo10k.htm,https://www.sec.gov/Archives/edgar/data/897077/000100329708000054/esalamo10k.htm
0,2007-09-30,ALG,2007-11-06 00:00:00,2007-11-05 18:21:31,Q3,126000000,99600000,26400000,0.209524,0.0,18700000,0.0,235000.0,18700000.000000004,118300000,2025000.0,2229999.999999999,10554999.999999998,0.08377,7700000.0,0.061111,200000.0,6300000.0,0.05,2100000.0,4200000.0,0.033333,0.42,0.42,10000000,10000000,https://www.sec.gov/Archives/edgar/data/897077/000100329707000274/0001003297-07-000274-index.html,https://www.sec.gov/Archives/edgar/data/897077/000100329707000274/esalamo10q.htm
0,2007-06-30,ALG,2007-08-08 00:00:00,2007-08-08 11:56:06,Q2,132000000,105600000,26400000,0.2,0.0,18700000,0.0,181000.0,18800000.00000001,124400000.00000001,2207000.0,2240000.0,10347000,0.078386,7600000.0,0.057576,200000.0,6000000.0,0.045455,1900000.0,4000000.0,0.030303,0.4,0.4,10000000,10000000,https://www.sec.gov/Archives/edgar/data/897077/000100329707000202/0001003297-07-000202-index.html,https://www.sec.gov/Archives/edgar/data/897077/000100329707000202/alamoq1.htm
0,2007-03-31,ALG,2007-05-08 00:00:00,2007-05-07 17:55:23,Q1,120100000,98600000,21600000,0.17985,0.0,18500000,0.0,53000.0,18500000,117100000,2183000.0,2250000.0,5633000.0,0.046903,3100000.0,0.025812,100000.0,1200000.0,0.009992,400000.0,800000.0,0.006661,0.08081,0.08081,9900000.0,9900000.0,https://www.sec.gov/Archives/edgar/data/897077/000100329707000123/0001003297-07-000123-index.html,https://www.sec.gov/Archives/edgar/data/897077/000100329707000123/alamo10q1.htm
0,2006-12-31,ALG,2007-03-14,2007-03-13 18:59:57,Q4,111900000,92100000,19800000,0.176944,0.0,16600000,0.0,161000.0,16700000.000000004,108800000,1902000.0,2319999.999999999,5821999.999999999,0.052029,3200000.0,0.028597,200000.0,1700000.0,0.015192,500000.0,1100000.0,0.00983,0.11111,0.11111,9900000.0,9900000.0,https://www.sec.gov/Archives/edgar/data/897077/000100329707000072/alamo10k1.htm,https://www.sec.gov/Archives/edgar/data/897077/000100329707000072/alamo10k1.htm
0,2006-09-30,ALG,2006-11-08,2006-11-08 14:42:44,Q3,114700000,91500000,23300000,0.203139,0.0,17400000,0.0,66000.0,17400000.000000007,108900000,1812000.0,2570000.0000000005,8682000.0,0.075693,5800000.0,0.050567,100000.0,4300000.0,0.037489,1200000.0,3100000.0,0.027027,0.31313,0.31313,9900000.0,9900000.0,https://www.sec.gov/Archives/edgar/data/897077/000100329706000419/alamo10q.htm,https://www.sec.gov/Archives/edgar/data/897077/000100329706000419/alamo10q.htm
0,2006-06-30,ALG,2006-08-09,2006-08-09 16:33:34,Q2,125500000,98100000,27300000,0.21753,0.0,17500000,0.0,-170000.0,17500000,115600000,1784000.0,2320000.0,12104000,0.096446,9800000.0,0.078088,-200000.0,8000000.0,0.063745,2700000.0,5300000.0,0.042231,0.53535,0.53535,9900000.0,9900000.0,https://www.sec.gov/Archives/edgar/data/897077/000100329706000338/alamoq21.htm,https://www.sec.gov/Archives/edgar/data/897077/000100329706000338/alamoq21.htm
0,2006-03-31,ALG,2006-05-10,2006-05-10 16:13:04,Q1,104400000,84800000,19600000,0.187739,0.0,15400000,0.0,2000.0,15400000.000000006,100200000,1414000.0,1990000.0,6304000.0,0.060383,4200000.0,0.04023,0.0,3000000.0,0.028736,1000000.0,1900000.0,0.018199,0.19192,0.19192,9900000.0,9900000.0,https://www.sec.gov/Archives/edgar/data/897077/000100329706000101/alamo10k1.htm,https://www.sec.gov/Archives/edgar/data/897077/000100329706000101/alamo10k1.htm
0,2005-12-31,ALG,2006-03-16 00:00:00,2006-03-16 11:32:57,Q4,82600000,66200000,16400000,0.198547,0.0,15700000,0.0,418000.0,16299999.999999996,82500000,709000.0,1580000.0000000002,2389000.0000000005,0.028923,200000.0,0.002421,400000.0,100000.0,0.001211,0.0,100000.0,0.001211,0.0101,0.0101,9900000.0,9900000.0,https://www.sec.gov/Archives/edgar/data/897077/000100329706000101/0001003297-06-000101-index.html,https://www.sec.gov/Archives/edgar/data/897077/000100329706000101/alamo10k1.htm
0,2005-09-30,ALG,2005-10-09,2005-11-09 17:53:06,Q3,95800000,74200000,21600000,0.22547,0.0,14600000,0.0,38000.0,14599999.999999994,88800000,840000.0,1519999.9999999998,8760000.0,0.091441,7000000.0,0.073069,0.0,6300000.0,0.065762,2000000.0,4400000.0,0.045929,0.44444,0.44444,9900000.0,9900000.0,https://www.sec.gov/Archives/edgar/data/897077/000100329705000356/alamo10q1.htm,https://www.sec.gov/Archives/edgar/data/897077/000100329705000356/alamo10q1.htm
0,2005-06-30,ALG,2005-08-05,2005-08-05 15:49:59,Q2,98400000,76500000,21900000,0.222561,0.0,15100000,0.0,22000.0,15099999.999999994,91600000,898000.0,1720000.0000000002,8718000.0,0.088598,6800000.0,0.069106,0.0,6100000.0,0.061992,1900000.0,4200000.0,0.042683,0.42424,0.42424,9900000.0,9900000.0,https://www.sec.gov/Archives/edgar/data/897077/000100329705000248/alamoq1.htm,https://www.sec.gov/Archives/edgar/data/897077/000100329705000248/alamoq1.htm
0,2005-03-31,ALG,2005-05-06,2005-05-06 11:45:56,Q1,91300000,72400000,18900000,0.20701,0.0,14400000,0.0,77000.0,14500000,86900000,594000.0,1640000.0,6434000.0,0.070471,4400000.0,0.048193,100000.0,4200000.0,0.046002,1600000.0,2600000.0,0.028478,0.26263,0.26263,9900000.0,9900000.0,https://www.sec.gov/Archives/edgar/data/897077/000100329705000049/alamo10k1.htm,https://www.sec.gov/Archives/edgar/data/897077/000100329705000049/alamo10k1.htm
0,2004-12-31,ALG,2005-03-11,2005-03-11 12:09:58,Q4,84600000,67900000,16700000,0.1974,0.0,13500000,0.0,-32000.0,13500000,81400000,500000.0,1499999.9999999998,5200000.0,0.061466,3200000.0,0.037825,100000.0,3200000.0,0.037825,1100000.0,2100000.0,0.024823,0.21212,0.21212,9900000.0,9900000.0,https://www.sec.gov/Archives/edgar/data/897077/000100329705000049/alamo10k1.htm,https://www.sec.gov/Archives/edgar/data/897077/000100329705000049/alamo10k1.htm
0,2004-09-30,ALG,2004-11-10,2004-11-10 10:16:25,Q3,88000000,67900000,20100000,0.228409,0.0,13500000,0.0,136000.0,13500000,81400000,507000.0,1620000.0000000002,8327000.0,0.094625,6600000.0,0.075,0.0,6200000.0,0.070455,2000000.0,4200000.0,0.047727,0.42424,0.42424,9900000.0,9900000.0,https://www.sec.gov/Archives/edgar/data/897077/000100329704000439/alamo10q3.htm,https://www.sec.gov/Archives/edgar/data/897077/000100329704000439/alamo10q3.htm
0,2004-06-30,ALG,2004-08-05 00:00:00,2004-08-05 16:45:11,Q2,89800000,68700000,21100000,0.234967,0.0,13200000,0.0,-64000.0,13200000.000000004,81900000,527000.0,1610000.0,9537000.0,0.106203,7900000.0,0.087973,-100000.0,7400000.0,0.082405,2600000.0,4800000.0,0.053452,0.4898,0.4898,9800000.0,9800000.0,https://www.sec.gov/Archives/edgar/data/897077/000100329704000336/0001003297-04-000336-index.html,https://www.sec.gov/Archives/edgar/data/897077/000100329704000336/alamo10q1.htm
0,2004-03-31,ALG,2004-05-10,2004-05-10 12:23:18,Q1,79700000,62500000,17300000,0.217064,0.0,12200000,0.0,-831000.0,12200000.000000004,74700000,515000.0,1570000.0,5885000.0,0.073839,5000000.0,0.062735,-800000.0,3800000.0,0.047679,1500000.0,2300000.0,0.028858,0.23232,0.23232,9900000.0,9900000.0,https://www.sec.gov/Archives/edgar/data/897077/000100329704000130/alamo10k1.htm,https://www.sec.gov/Archives/edgar/data/897077/000100329704000130/alamo10k1.htm
0,2003-12-31,ALG,2004-03-15,2004-03-15 16:39:19,Q4,67400000,53400000,14000000,0.207715,0.0,11200000,0.0,-182000.0,11199999.999999996,64599999.99999999,363000.0,1480000.0,4243000.0,0.062953,2800000.0,0.041543,-200000.0,2400000.0,0.035608,900000.0,1500000.0,0.022255,0.15306,0.15306,9800000.0,9800000.0,https://www.sec.gov/Archives/edgar/data/897077/000100329704000130/alamo10k1.htm,https://www.sec.gov/Archives/edgar/data/897077/000100329704000130/alamo10k1.htm
0,2003-09-30,ALG,2003-11-12,2003-11-12 08:32:58,Q3,70700000,54200000,16500000,0.23338,0.0,11900000,0.0,166000.0,12000000,66200000,503000.0,1479999.9999999998,6283000.0,0.088868,4600000.0,0.065064,200000.0,4300000.0,0.06082,1700000.0,2600000.0,0.036775,0.26531,0.26531,9800000.0,9800000.0,https://www.sec.gov/Archives/edgar/data/897077/000100329703000445/alamo10q1.htm,https://www.sec.gov/Archives/edgar/data/897077/000100329703000445/alamo10q1.htm
0,2003-06-30,ALG,2003-08-11,2003-08-11 13:43:05,Q2,73500000,56700000,16800000,0.228571,0.0,11600000,0.0,491000.0,11599999.999999994,68300000,631000.0,1480000.0000000002,7311000.0,0.099469,5200000.0,0.070748,400000.0,5100000.0,0.069388,1900000.0,3300000.0,0.044898,0.33673,0.33673,9800000.0,9800000.0,https://www.sec.gov/Archives/edgar/data/897077/000100329703000308/alamoq1.htm,https://www.sec.gov/Archives/edgar/data/897077/000100329703000308/alamoq1.htm
0,2003-03-31,ALG,2003-05-14,2003-05-14 12:47:47,Q1,67400000,55000000,12400000,0.183976,0.0,11000000,0.0,0.0,11000000,66000000,471000.0,1450000.0,3021000.0,0.044822,1400000.0,0.020772,100000.0,1100000.0,0.01632,400000.0,700000.0,0.010386,0.07143,0.07143,9800000.0,9800000.0,https://www.sec.gov/Archives/edgar/data/897077/000100329703000058/alamok1.htm,https://www.sec.gov/Archives/edgar/data/897077/000100329703000058/alamok1.htm
0,2002-12-31,ALG,2003-03-19,2003-03-19 14:20:56,Q4,59900000,50300000,9600000.0,0.160267,0.0,10200000,0.0,207000.0,10200000.000000004,60500000,436000.0,1290000.0000000002,1026000.0000000003,0.017129,-600000.0,-0.010017,200000.0,-700000.0,-0.011686,-200000.0,-500000.0,-0.008347,-0.05102,-0.05102,9800000.0,9800000.0,https://www.sec.gov/Archives/edgar/data/897077/000100329703000058/alamok1.htm,https://www.sec.gov/Archives/edgar/data/897077/000100329703000058/alamok1.htm
0,2002-09-30,ALG,2002-11-14,2002-11-14 12:52:08,Q3,65200000,51100000,14100000,0.216258,0.0,11100000,0.0,-6000.0,11100000.000000002,62200000,557000.0,1499999.9999999998,4657000.0,0.071426,3000000.0,0.046012,0.0,2600000.0,0.039877,900000.0,1700000.0,0.026074,0.17347,0.17347,9800000.0,9800000.0,https://www.sec.gov/Archives/edgar/data/897077/000100329702000221/alamo1.htm,https://www.sec.gov/Archives/edgar/data/897077/000100329702000221/alamo1.htm
0,2002-06-30,ALG,2002-08-13,2002-08-13 16:59:38,Q2,69500000,54100000,15400000,0.221583,0.0,10800000,0.0,55000.0,10800000.000000004,64900000.00000001,745000.0,1380000.0,6125000.0,0.088129,4600000.0,0.066187,100000.0,4000000.0,0.057554,1300000.0,2700000.0,0.038849,0.27551,0.27551,9800000.0,9800000.0,https://www.sec.gov/Archives/edgar/data/897077/000100329702000160/alamoq1.htm,https://www.sec.gov/Archives/edgar/data/897077/000100329702000160/alamoq1.htm
0,2002-03-31,ALG,,,Q1,64800000,50400000,14400000,0.222222,0.0,10000000,0.0,0.0,10000000,60400000,-600000.0,1380000.0,4580000.0,0.070679,4400000.0,0.067901,0.0,3800000.0,0.058642,1300000.0,2500000.0,0.03858,0.2551,0.2551,9800000.0,9800000.0,,
0,2001-12-31,ALG,,,Q4,58600000,46400000,12200000,0.208191,0.0,10300000,0.0,0.0,10300000.000000004,56700000.00000001,-500000.0,1719999.9999999998,2620000.0,0.04471,1900000.0,0.032423,0.0,1400000.0,0.023891,700000.0,700000.0,0.011945,0.07143,0.07143,9800000.0,9800000.0,,
0,2001-09-30,ALG,2001-11-13 00:00:00,2001-11-13 00:00:00,Q3,63900000,47100000,16800000,0.262911,0.0,10400000,0.0,0.0,10399999.999999998,57500000,-700000.0,1300000.0000000002,6300000.0,0.098592,6400000.0,0.100156,0.0,5700000.0,0.089202,1900000.0,3800000.0,0.059468,0.38776,0.38776,9800000.0,9800000.0,https://www.sec.gov/Archives/edgar/data/897077/000091205701538774/0000912057-01-538774-index.html,https://www.sec.gov/Archives/edgar/data/897077/000091205701538774/a2063133z10-q.txt
0,2001-06-30,ALG,2001-08-14 00:00:00,2001-08-14 00:00:00,Q2,66800000,50600000,16200000,0.242515,0.0,9900000.0,0.0,0.0,9799999.999999996,60400000,-900000.0,1590000.0,6090000.0,0.091168,6300000.0,0.094311,-100000.0,5400000.0,0.080838,1900000.0,3500000.0,0.052395,0.35714,0.35714,9800000.0,9800000.0,https://www.sec.gov/Archives/edgar/data/897077/000091205701528605/0000912057-01-528605-index.html,https://www.sec.gov/Archives/edgar/data/897077/000091205701528605/a2056792z10-q.txt
0,2001-03-31,ALG,,,Q1,56800000,42400000,14400000,0.253521,0.0,9700000.0,0.0,0.0,9700000.000000004,52100000,-700000.0,1720000.0,5120000.0,0.090141,4700000.0,0.082746,100000.0,4100000.0,0.072183,1200000.0,2900000.0,0.051056,0.29592,0.29592,9800000.0,9800000.0,,
0,2000-12-31,ALG,,,Q4,49500000,40000000,9500000.0,0.191919,0.0,9000000.0,0.0,0.0,9000000.0,49000000,-500000.0,1580000.0000000002,1180000.0000000002,0.023838,500000.0,0.010101,0.0,100000.0,0.00202,-200000.0,300000.0,0.006061,0.03061,0.03061,9800000.0,9800000.0,,
0,2000-09-30,ALG,2000-11-13 00:00:00,2000-11-13 00:00:00,Q3,55700000,41000000,14700000,0.263914,0.0,9000000.0,0.0,0.0,9000000.0,50000000,-300000.0,1530000.0000000002,6530000.0,0.117235,5600000.0,0.100539,-100000.0,5300000.0,0.095153,1600000.0,3700000.0,0.066427,0.37755,0.37755,9800000.0,9800000.0,https://www.sec.gov/Archives/edgar/data/897077/000089707700000015/0000897077-00-000015-index.html,https://www.sec.gov/Archives/edgar/data/897077/000089707700000015/0000897077-00-000015-0001.txt
0,2000-06-30,ALG,2000-08-14 00:00:00,2000-08-14 00:00:00,Q2,60700000,45400000,15300000,0.252059,0.0,8700000.0,0.0,0.0,8700000.000000004,54100000,-500000.0,1559999.9999999998,7360000.0,0.121252,6600000.0,0.108731,0.0,6200000.0,0.102142,2100000.0,4200000.0,0.069193,0.42857,0.42857,9800000.0,9800000.0,https://www.sec.gov/Archives/edgar/data/897077/000089707700000008/0000897077-00-000008-index.html,https://www.sec.gov/Archives/edgar/data/897077/000089707700000008/0000897077-00-000008-0001.txt
0,2000-03-31,ALG,2000-05-15 00:00:00,2000-05-15 00:00:00,Q1,50000000,37300000,12600000,0.252,0.0,7900000.0,0.0,0.0,8000000.0,45300000,-200000.0,1330000.0,5530000.0,0.1106,4700000.0,0.094,-200000.0,4400000.0,0.088,1700000.0,2700000.0,0.054,0.27551,0.27551,9800000.0,9800000.0,https://www.sec.gov/Archives/edgar/data/897077/000089707700000004/0000897077-00-000004-index.html,https://www.sec.gov/Archives/edgar/data/897077/0000897077-00-000004.txt
0,1999-12-31,ALG,,,Q4,39400000,30200000,9200000.0,0.233503,0.0,8200000.0,0.0,0.0,8200000.0,38400000,100000.0,1270000.0,2770000.0,0.070305,1000000.0,0.025381,400000.0,1400000.0,0.035533,700000.0,700000.0,0.017766,0.07216,0.07216,9700000.0,9700000.0,,
0,1999-09-30,ALG,,,Q3,43900000,35700000,8300000.0,0.189066,0.0,7900000.0,0.0,0.0,7799999.999999997,43500000,-100000.0,1280000.0000000005,1180000.0000000005,0.026879,400000.0,0.009112,-300000.0,100000.0,0.002278,-100000.0,100000.0,0.002278,0.01031,0.01031,9700000.0,9700000.0,,
0,1999-06-30,ALG,,,Q2,51100000,37800000,13300000,0.260274,0.0,7200000.0,0.0,0.0,7100000.000000001,44900000,-300000.0,1319999.9999999998,6720000.0,0.131507,6200000.0,0.121331,-200000.0,5700000.0,0.111546,2100000.0,3600000.0,0.07045,0.37113,0.37113,9700000.0,9700000.0,,
0,1999-03-31,ALG,,,Q1,42200000,32100000,10100000,0.239336,0.0,6900000.0,0.0,0.0,6899999.999999999,39000000,-600000.0,1290000.0,3190000.0,0.075592,3200000.0,0.075829,-100000.0,2500000.0,0.059242,900000.0,1600000.0,0.037915,0.16495,0.16495,9700000.0,9700000.0,,
0,1998-12-31,ALG,,,Q4,40400000,37900000,2500000.0,0.061881,0.0,9100000.0,0.0,0.0,9100000.000000002,47000000,-400000.0,1900000.0,-5300000.0,-0.131188,-6600000.0,-0.163366,100000.0,-6800000.0,-0.168317,-2500000.0,-4300000.0,-0.106436,-0.4433,-0.4433,9700000.0,9700000.0,,
0,1998-09-30,ALG,,,Q3,51000000,37400000,13600000,0.266667,0.0,10300000,0.0,0.0,10300000.000000004,47700000.00000001,-500000.0,1330000.0,3830000.0,0.075098,3400000.0,0.066667,100000.0,3000000.0,0.058824,900000.0,2100000.0,0.041176,0.21649,0.21649,9700000.0,9700000.0,,
0,1998-06-30,ALG,,,Q2,60400000,44200000,16200000,0.268212,0.0,8400000.0,0.0,0.0,8399999.999999998,52600000,-600000.0,1340000.0,7940000.0,0.131457,7800000.0,0.129139,0.0,7200000.0,0.119205,2700000.0,4500000.0,0.074503,0.46392,0.46392,9700000.0,9700000.0,,
0,1998-03-31,ALG,,,Q1,48700000,37400000,11300000,0.232033,0.0,7400000.0,0.0,0.0,7399999.999999999,44800000,-500000.0,1270000.0,3970000.0,0.08152,4000000.0,0.082136,-200000.0,3200000.0,0.065708,1300000.0,1900000.0,0.039014,0.19588,0.19588,9700000.0,9700000.0,,
0,1997-12-31,ALG,,,Q4,40800000,32600000,8200000.0,0.20098,0.0,8100000.0,0.0,0.0,8000000.0,40600000,-400000.0,1250000.0000000005,550000.0000000003,0.01348,200000.0,0.004902,-100000.0,-300000.0,-0.007353,-500000.0,200000.0,0.004902,0.02062,0.02062,9700000.0,9700000.0,,
0,1997-09-30,ALG,,,Q3,52200000,36600000,15600000,0.298851,0.0,7900000.0,0.0,0.0,7899999.999999999,44500000,-400000.0,1249999.9999999998,8450000.0,0.161877,7700000.0,0.14751,300000.0,7600000.0,0.145594,2700000.0,4900000.0,0.09387,0.50515,0.50515,9700000.0,9700000.0,,
0,1997-06-30,ALG,,,Q2,58400000,41900000,16600000,0.284247,0.0,7900000.0,0.0,0.0,7899999.999999999,49800000,-600000.0,1300000.0,8700000.0,0.148973,8600000.0,0.14726,-100000.0,8000000.0,0.136986,2800000.0,5200000.0,0.089041,0.53608,0.53608,9700000.0,9700000.0,,
0,1997-03-31,ALG,,,Q1,51600000,38900000,12700000,0.246124,0.0,7100000.0,0.0,0.0,7100000.000000001,46000000,-400000.0,1260000.0,6060000.0,0.117442,5600000.0,0.108527,0.0,5200000.0,0.100775,1900000.0,3300000.0,0.063953,0.34375,0.34375,9600000.0,9600000.0,,
