,date,symbol,fillingDate,acceptedDate,period,revenue,costOfRevenue,grossProfit,grossProfitRatio,researchAndDevelopmentExpenses,generalAndAdministrativeExpenses,sellingAndMarketingExpenses,otherExpenses,operatingExpenses,costAndExpenses,interestExpense,depreciationAndAmortization,ebitda,ebitdaratio,operatingIncome,operatingIncomeRatio,totalOtherIncomeExpensesNet,incomeBeforeTax,incomeBeforeTaxRatio,incomeTaxExpense,netIncome,netIncomeRatio,eps,epsdiluted,weightedAverageShsOut,weightedAverageShsOutDil,link,finalLink
0,2020-09-30,FTACW,2020-10-15,2020-10-14 17:46:41,Q3,0.0,1469109.0,-1469109.0,0.0,0.0,1469109.0,0.0,0.0,1469109.0,2938218.0,645245.0,0.0,-1519109.0,0.0,-1519109.0,0.0,0.0,-1510214.0,0.0,-8632.0,-1501582.0,0.0,0.04,0.04,34500000,34500000,https://www.sec.gov/Archives/edgar/data/1729756/000121390020031323/0001213900-20-031323-index.htm,https://www.sec.gov/Archives/edgar/data/1729756/000121390020031323/f10q0920_fintechacq3.htm
0,2020-06-30,FTACW,2020-07-29,2020-07-29 16:53:53,Q2,0.0,284143.0,-284143.0,0.0,0.0,284143.0,0.0,0.0,284143.0,568286.0,80000.0,0.0,-334143.0,0.0,-334143.0,0.0,0.0,-238648.0,0.0,9554.0,-248202.0,0.0,-0.00719,-0.00719,34500000,34500000,https://www.sec.gov/Archives/edgar/data/1729756/000121390020019074/0001213900-20-019074-index.htm,https://www.sec.gov/Archives/edgar/data/1729756/000121390020019074/f10q0620_fintechacqu3.htm
0,2020-03-31,FTACW,,,Q1,0.0,492737.0,0.0,0.0,0.0,492737.0,0.0,0.0,492737.0,985474.0,141778.0,0.0,-542737.0,0.0,-542737.0,0.0,0.0,1202622.0,0.0,356025.0,846597.0,0.0,0.02454,0.02454,34500000,34500000,,
0,2019-12-31,FTACW,,,Q4,0.0,536484.0,0.0,0.0,0.0,536484.0,0.0,0.0,536484.0,1072968.0,424568.0,0.0,-586534.0,0.0,-586534.0,0.0,0.0,1160811.0,0.0,356432.0,804379.0,0.0,0.02332,0.02332,34500000,34500000,,
0,2019-09-30,FTACW,,,Q3,0.0,473462.0,0.0,0.0,0.0,473462.0,0.0,0.0,473462.0,946924.0,474568.0,0.0,-523462.0,0.0,-523462.0,0.0,0.0,1512333.0,0.0,417017.0,1095316.0,0.0,0.03175,0.03175,34500000,34500000,,
0,2019-06-30,FTACW,,,Q2,0.0,341875.0,0.0,0.0,0.0,341875.0,0.0,0.0,341875.0,683750.0,1158592.0,0.0,-441875.0,0.0,-441875.0,0.0,0.0,1681858.0,0.0,435484.0,1246374.0,0.0,0.03613,0.03613,34500000,34500000,,
0,2019-03-31,FTACW,,,Q1,0.0,512829.0,0.0,0.0,0.0,512829.0,0.0,0.0,512829.0,1025658.0,0.0,0.0,-512829.0,0.0,-512829.0,0.0,0.0,1557703.0,0.0,427853.0,1129850.0,0.0,0.03275,0.03275,34500000,34500000,,
