,date,symbol,fillingDate,acceptedDate,period,revenue,costOfRevenue,grossProfit,grossProfitRatio,researchAndDevelopmentExpenses,generalAndAdministrativeExpenses,sellingAndMarketingExpenses,otherExpenses,operatingExpenses,costAndExpenses,interestExpense,depreciationAndAmortization,ebitda,ebitdaratio,operatingIncome,operatingIncomeRatio,totalOtherIncomeExpensesNet,incomeBeforeTax,incomeBeforeTaxRatio,incomeTaxExpense,netIncome,netIncomeRatio,eps,epsdiluted,weightedAverageShsOut,weightedAverageShsOutDil,link,finalLink
0,2019-09-31,GPE.PA,,2019-09-31,Q3,54392250,3298250.0,51094000,1.0645525893451286,0.0,12452750,0.0,-2476000.0,-191750.0,51171500,664750.0,6832750.0,8279750.0,6.569310667592621,3220750.0,16.888069549018084,0.0,543000.0,100.16988950276243,128750.0,450000.0,120.87166666666667,0.1166285,0.1166285,3858360.0,3858360.0,https://www.infogreffe.com/recherche-entreprise-dirigeants/resultats-entreprise-dirigeants.html?ga_cat=globale&ga_q=G.P.E#phrase=G.P.E,https://www.infogreffe.com/recherche-entreprise-dirigeants/resultats-entreprise-dirigeants.html?ga_cat=globale&ga_q=G.P.E#phrase=G.P.E
0,2019-06-31,GPE.PA,,2019-06-31,Q2,54392250,3298250.0,51094000,1.0645525893451286,0.0,12452750,0.0,-2476000.0,-191750.0,51171500,664750.0,6832750.0,8279750.0,6.569310667592621,3220750.0,16.888069549018084,0.0,543000.0,100.16988950276243,128750.0,450000.0,120.87166666666667,0.1166285,0.1166285,3858360.0,3858360.0,https://www.infogreffe.com/recherche-entreprise-dirigeants/resultats-entreprise-dirigeants.html?ga_cat=globale&ga_q=G.P.E#phrase=G.P.E,https://www.infogreffe.com/recherche-entreprise-dirigeants/resultats-entreprise-dirigeants.html?ga_cat=globale&ga_q=G.P.E#phrase=G.P.E
0,2019-03-31,GPE.PA,,2019-03-31,Q1,54392250,3298250.0,51094000,1.0645525893451286,0.0,12452750,0.0,-2476000.0,-191750.0,51171500,664750.0,6832750.0,8279750.0,6.569310667592621,3220750.0,16.888069549018084,0.0,543000.0,100.16988950276243,128750.0,450000.0,120.87166666666667,0.1166285,0.1166285,3858360.0,3858360.0,https://www.infogreffe.com/recherche-entreprise-dirigeants/resultats-entreprise-dirigeants.html?ga_cat=globale&ga_q=G.P.E#phrase=G.P.E,https://www.infogreffe.com/recherche-entreprise-dirigeants/resultats-entreprise-dirigeants.html?ga_cat=globale&ga_q=G.P.E#phrase=G.P.E
0,2019-01-31,GPE.PA,,2019-01-31,Q1,54392250,3298250.0,51094000,1.0645525893451286,0.0,12452750,0.0,-2476000.0,-191750.0,51171500,664750.0,6832750.0,8279750.0,6.569310667592621,3220750.0,16.888069549018084,0.0,543000.0,100.16988950276243,128750.0,450000.0,120.87166666666667,0.1166285,0.1166285,3858360.0,3858360.0,https://www.infogreffe.com/recherche-entreprise-dirigeants/resultats-entreprise-dirigeants.html?ga_cat=globale&ga_q=G.P.E#phrase=G.P.E,https://www.infogreffe.com/recherche-entreprise-dirigeants/resultats-entreprise-dirigeants.html?ga_cat=globale&ga_q=G.P.E#phrase=G.P.E
0,2018-09-31,GPE.PA,,2018-09-31,Q3,58238250,4274500.0,53963750,1.079210581177179,0.0,14749500,0.0,-240750.0,3280000.0,59812750,376750.0,8167250.0,8856500.0,6.575763563484446,-1574500.0,-36.98840901873611,0.0,-1692750.0,-34.40451927337173,-888250.0,-97250.0,-598.8508997429306,-0.02518325,-0.02518325,3860142.0,3860142.0,https://www.infogreffe.com/recherche-entreprise-dirigeants/resultats-entreprise-dirigeants.html?ga_cat=globale&ga_q=G.P.E#phrase=G.P.E,https://www.infogreffe.com/recherche-entreprise-dirigeants/resultats-entreprise-dirigeants.html?ga_cat=globale&ga_q=G.P.E#phrase=G.P.E
0,2018-06-31,GPE.PA,,2018-06-31,Q2,58238250,4274500.0,53963750,1.079210581177179,0.0,14749500,0.0,-240750.0,3280000.0,59812750,376750.0,8167250.0,8856500.0,6.575763563484446,-1574500.0,-36.98840901873611,0.0,-1692750.0,-34.40451927337173,-888250.0,-97250.0,-598.8508997429306,-0.02518325,-0.02518325,3860142.0,3860142.0,https://www.infogreffe.com/recherche-entreprise-dirigeants/resultats-entreprise-dirigeants.html?ga_cat=globale&ga_q=G.P.E#phrase=G.P.E,https://www.infogreffe.com/recherche-entreprise-dirigeants/resultats-entreprise-dirigeants.html?ga_cat=globale&ga_q=G.P.E#phrase=G.P.E
0,2018-03-31,GPE.PA,,2018-03-31,Q1,58238250,4274500.0,53963750,1.079210581177179,0.0,14749500,0.0,-240750.0,3280000.0,59812750,376750.0,8167250.0,8856500.0,6.575763563484446,-1574500.0,-36.98840901873611,0.0,-1692750.0,-34.40451927337173,-888250.0,-97250.0,-598.8508997429306,-0.02518325,-0.02518325,3860142.0,3860142.0,https://www.infogreffe.com/recherche-entreprise-dirigeants/resultats-entreprise-dirigeants.html?ga_cat=globale&ga_q=G.P.E#phrase=G.P.E,https://www.infogreffe.com/recherche-entreprise-dirigeants/resultats-entreprise-dirigeants.html?ga_cat=globale&ga_q=G.P.E#phrase=G.P.E
0,2018-01-31,GPE.PA,,2018-01-31,Q1,58238250,4274500.0,53963750,1.079210581177179,0.0,14749500,0.0,-240750.0,3280000.0,59812750,376750.0,8167250.0,8856500.0,6.575763563484446,-1574500.0,-36.98840901873611,0.0,-1692750.0,-34.40451927337173,-888250.0,-97250.0,-598.8508997429306,-0.02518325,-0.02518325,3860142.0,3860142.0,https://www.infogreffe.com/recherche-entreprise-dirigeants/resultats-entreprise-dirigeants.html?ga_cat=globale&ga_q=G.P.E#phrase=G.P.E,https://www.infogreffe.com/recherche-entreprise-dirigeants/resultats-entreprise-dirigeants.html?ga_cat=globale&ga_q=G.P.E#phrase=G.P.E
0,2017-09-31,GPE.PA,,2017-09-31,Q3,57576750,3775000.0,53801750,1.0701650039264523,0.0,13849000,0.0,-208000.0,1885250.0,55313750,572000.0,7392250.0,10556750,5.454022308001989,2263000.0,25.442664604507293,0.0,2060750.0,27.93970641756642,177000.0,1824000.0,31.566200657894736,0.47868175,0.47868175,3863724.0,3863724.0,https://www.infogreffe.com/recherche-entreprise-dirigeants/resultats-entreprise-dirigeants.html?ga_cat=globale&ga_q=G.P.E#phrase=G.P.E,https://www.infogreffe.com/recherche-entreprise-dirigeants/resultats-entreprise-dirigeants.html?ga_cat=globale&ga_q=G.P.E#phrase=G.P.E
0,2017-06-31,GPE.PA,,2017-06-31,Q2,57576750,3775000.0,53801750,1.0701650039264523,0.0,13849000,0.0,-208000.0,1885250.0,55313750,572000.0,7392250.0,10556750,5.454022308001989,2263000.0,25.442664604507293,0.0,2060750.0,27.93970641756642,177000.0,1824000.0,31.566200657894736,0.47868175,0.47868175,3863724.0,3863724.0,https://www.infogreffe.com/recherche-entreprise-dirigeants/resultats-entreprise-dirigeants.html?ga_cat=globale&ga_q=G.P.E#phrase=G.P.E,https://www.infogreffe.com/recherche-entreprise-dirigeants/resultats-entreprise-dirigeants.html?ga_cat=globale&ga_q=G.P.E#phrase=G.P.E
0,2017-03-31,GPE.PA,,2017-03-31,Q1,57576750,3775000.0,53801750,1.0701650039264523,0.0,13849000,0.0,-208000.0,1885250.0,55313750,572000.0,7392250.0,10556750,5.454022308001989,2263000.0,25.442664604507293,0.0,2060750.0,27.93970641756642,177000.0,1824000.0,31.566200657894736,0.47868175,0.47868175,3863724.0,3863724.0,https://www.infogreffe.com/recherche-entreprise-dirigeants/resultats-entreprise-dirigeants.html?ga_cat=globale&ga_q=G.P.E#phrase=G.P.E,https://www.infogreffe.com/recherche-entreprise-dirigeants/resultats-entreprise-dirigeants.html?ga_cat=globale&ga_q=G.P.E#phrase=G.P.E
0,2017-01-31,GPE.PA,,2017-01-31,Q1,57576750,3775000.0,53801750,1.0701650039264523,0.0,13849000,0.0,-208000.0,1885250.0,55313750,572000.0,7392250.0,10556750,5.454022308001989,2263000.0,25.442664604507293,0.0,2060750.0,27.93970641756642,177000.0,1824000.0,31.566200657894736,0.47868175,0.47868175,3863724.0,3863724.0,https://www.infogreffe.com/recherche-entreprise-dirigeants/resultats-entreprise-dirigeants.html?ga_cat=globale&ga_q=G.P.E#phrase=G.P.E,https://www.infogreffe.com/recherche-entreprise-dirigeants/resultats-entreprise-dirigeants.html?ga_cat=globale&ga_q=G.P.E#phrase=G.P.E
0,2016-09-31,GPE.PA,,2016-09-31,Q3,54659250,3019250.0,51640000,1.0584672734314484,0.0,12298250,0.0,-147750.0,1737000.0,51329500,856500.0,7006750.0,11190000,4.884651474530831,3329750.0,16.41542157819656,0.0,3012500.0,18.14414937759336,641500.0,2258250.0,24.204251079375624,0.584297,0.584297,3865108.0,3865108.0,https://www.infogreffe.com/recherche-entreprise-dirigeants/resultats-entreprise-dirigeants.html?ga_cat=globale&ga_q=G.P.E#phrase=G.P.E,https://www.infogreffe.com/recherche-entreprise-dirigeants/resultats-entreprise-dirigeants.html?ga_cat=globale&ga_q=G.P.E#phrase=G.P.E
0,2016-06-31,GPE.PA,,2016-06-31,Q2,54659250,3019250.0,51640000,1.0584672734314484,0.0,12298250,0.0,-147750.0,1737000.0,51329500,856500.0,7006750.0,11190000,4.884651474530831,3329750.0,16.41542157819656,0.0,3012500.0,18.14414937759336,641500.0,2258250.0,24.204251079375624,0.584297,0.584297,3865108.0,3865108.0,https://www.infogreffe.com/recherche-entreprise-dirigeants/resultats-entreprise-dirigeants.html?ga_cat=globale&ga_q=G.P.E#phrase=G.P.E,https://www.infogreffe.com/recherche-entreprise-dirigeants/resultats-entreprise-dirigeants.html?ga_cat=globale&ga_q=G.P.E#phrase=G.P.E
0,2016-03-31,GPE.PA,,2016-03-31,Q1,54659250,3019250.0,51640000,1.0584672734314484,0.0,12298250,0.0,-147750.0,1737000.0,51329500,856500.0,7006750.0,11190000,4.884651474530831,3329750.0,16.41542157819656,0.0,3012500.0,18.14414937759336,641500.0,2258250.0,24.204251079375624,0.584297,0.584297,3865108.0,3865108.0,https://www.infogreffe.com/recherche-entreprise-dirigeants/resultats-entreprise-dirigeants.html?ga_cat=globale&ga_q=G.P.E#phrase=G.P.E,https://www.infogreffe.com/recherche-entreprise-dirigeants/resultats-entreprise-dirigeants.html?ga_cat=globale&ga_q=G.P.E#phrase=G.P.E
0,2016-01-31,GPE.PA,,2016-01-31,Q1,54659250,3019250.0,51640000,1.0584672734314484,0.0,12298250,0.0,-147750.0,1737000.0,51329500,856500.0,7006750.0,11190000,4.884651474530831,3329750.0,16.41542157819656,0.0,3012500.0,18.14414937759336,641500.0,2258250.0,24.204251079375624,0.584297,0.584297,3865108.0,3865108.0,https://www.infogreffe.com/recherche-entreprise-dirigeants/resultats-entreprise-dirigeants.html?ga_cat=globale&ga_q=G.P.E#phrase=G.P.E,https://www.infogreffe.com/recherche-entreprise-dirigeants/resultats-entreprise-dirigeants.html?ga_cat=globale&ga_q=G.P.E#phrase=G.P.E
0,2015-09-31,GPE.PA,,2015-09-31,Q3,55563500,3491750.0,52071750,1.0670565133685732,0.0,12515000,0.0,-469000.0,1900500.0,52837000,827750.0,6776250.0,9516250.0,5.838802049126494,2726500.0,20.37905739959655,0.0,2160750.0,25.714913803077636,390500.0,1290000.0,43.07248062015504,0.334059,0.334059,3861510.0,3861510.0,https://www.infogreffe.com/recherche-entreprise-dirigeants/resultats-entreprise-dirigeants.html?ga_cat=globale&ga_q=G.P.E#phrase=G.P.E,https://www.infogreffe.com/recherche-entreprise-dirigeants/resultats-entreprise-dirigeants.html?ga_cat=globale&ga_q=G.P.E#phrase=G.P.E
0,2015-06-31,GPE.PA,,2015-06-31,Q2,55563500,3491750.0,52071750,1.0670565133685732,0.0,12515000,0.0,-469000.0,1900500.0,52837000,827750.0,6776250.0,9516250.0,5.838802049126494,2726500.0,20.37905739959655,0.0,2160750.0,25.714913803077636,390500.0,1290000.0,43.07248062015504,0.334059,0.334059,3861510.0,3861510.0,https://www.infogreffe.com/recherche-entreprise-dirigeants/resultats-entreprise-dirigeants.html?ga_cat=globale&ga_q=G.P.E#phrase=G.P.E,https://www.infogreffe.com/recherche-entreprise-dirigeants/resultats-entreprise-dirigeants.html?ga_cat=globale&ga_q=G.P.E#phrase=G.P.E
0,2015-03-31,GPE.PA,,2015-03-31,Q1,55563500,3491750.0,52071750,1.0670565133685732,0.0,12515000,0.0,-469000.0,1900500.0,52837000,827750.0,6776250.0,9516250.0,5.838802049126494,2726500.0,20.37905739959655,0.0,2160750.0,25.714913803077636,390500.0,1290000.0,43.07248062015504,0.334059,0.334059,3861510.0,3861510.0,https://www.infogreffe.com/recherche-entreprise-dirigeants/resultats-entreprise-dirigeants.html?ga_cat=globale&ga_q=G.P.E#phrase=G.P.E,https://www.infogreffe.com/recherche-entreprise-dirigeants/resultats-entreprise-dirigeants.html?ga_cat=globale&ga_q=G.P.E#phrase=G.P.E
0,2015-01-31,GPE.PA,,2015-01-31,Q1,55563500,3491750.0,52071750,1.0670565133685732,0.0,12515000,0.0,-469000.0,1900500.0,52837000,827750.0,6776250.0,9516250.0,5.838802049126494,2726500.0,20.37905739959655,0.0,2160750.0,25.714913803077636,390500.0,1290000.0,43.07248062015504,0.334059,0.334059,3861510.0,3861510.0,https://www.infogreffe.com/recherche-entreprise-dirigeants/resultats-entreprise-dirigeants.html?ga_cat=globale&ga_q=G.P.E#phrase=G.P.E,https://www.infogreffe.com/recherche-entreprise-dirigeants/resultats-entreprise-dirigeants.html?ga_cat=globale&ga_q=G.P.E#phrase=G.P.E
0,2014-09-31,GPE.PA,,2014-09-31,Q3,54366500,3902500.0,50464000,1.0773323557387444,0.0,10946250,0.0,-124500.0,2680750.0,51645000,1004250.0,6410000.0,12895000,4.216091508336564,2721500.0,19.97666727907404,0.0,1133750.0,47.95281146637266,532500.0,-1158000.0,-46.9486183074266,-0.29994,-0.29994,3860444.0,3860444.0,https://www.infogreffe.com/recherche-entreprise-dirigeants/resultats-entreprise-dirigeants.html?ga_cat=globale&ga_q=G.P.E#phrase=G.P.E,https://www.infogreffe.com/recherche-entreprise-dirigeants/resultats-entreprise-dirigeants.html?ga_cat=globale&ga_q=G.P.E#phrase=G.P.E
0,2014-06-31,GPE.PA,,2014-06-31,Q2,54366500,3902500.0,50464000,1.0773323557387444,0.0,10946250,0.0,-124500.0,2680750.0,51645000,1004250.0,6410000.0,12895000,4.216091508336564,2721500.0,19.97666727907404,0.0,1133750.0,47.95281146637266,532500.0,-1158000.0,-46.9486183074266,-0.29994,-0.29994,3860444.0,3860444.0,https://www.infogreffe.com/recherche-entreprise-dirigeants/resultats-entreprise-dirigeants.html?ga_cat=globale&ga_q=G.P.E#phrase=G.P.E,https://www.infogreffe.com/recherche-entreprise-dirigeants/resultats-entreprise-dirigeants.html?ga_cat=globale&ga_q=G.P.E#phrase=G.P.E
0,2014-03-31,GPE.PA,,2014-03-31,Q1,54366500,3902500.0,50464000,1.0773323557387444,0.0,10946250,0.0,-124500.0,2680750.0,51645000,1004250.0,6410000.0,12895000,4.216091508336564,2721500.0,19.97666727907404,0.0,1133750.0,47.95281146637266,532500.0,-1158000.0,-46.9486183074266,-0.29994,-0.29994,3860444.0,3860444.0,https://www.infogreffe.com/recherche-entreprise-dirigeants/resultats-entreprise-dirigeants.html?ga_cat=globale&ga_q=G.P.E#phrase=G.P.E,https://www.infogreffe.com/recherche-entreprise-dirigeants/resultats-entreprise-dirigeants.html?ga_cat=globale&ga_q=G.P.E#phrase=G.P.E
0,2014-01-31,GPE.PA,,2014-01-31,Q1,54366500,3902500.0,50464000,1.0773323557387444,0.0,10946250,0.0,-124500.0,2680750.0,51645000,1004250.0,6410000.0,12895000,4.216091508336564,2721500.0,19.97666727907404,0.0,1133750.0,47.95281146637266,532500.0,-1158000.0,-46.9486183074266,-0.29994,-0.29994,3860444.0,3860444.0,https://www.infogreffe.com/recherche-entreprise-dirigeants/resultats-entreprise-dirigeants.html?ga_cat=globale&ga_q=G.P.E#phrase=G.P.E,https://www.infogreffe.com/recherche-entreprise-dirigeants/resultats-entreprise-dirigeants.html?ga_cat=globale&ga_q=G.P.E#phrase=G.P.E
0,2013-09-31,GPE.PA,,2013-09-31,Q3,57469750,3722250.0,53747500,1.0692543839248336,0.0,13740000,0.0,-511250.0,3527500.0,53343750,954500.0,5996000.0,11974000,4.799544847168866,4126000.0,13.92868395540475,0.0,2030250.0,28.306735623691665,820500.0,1376250.0,41.75821980018166,0.3559425,0.3559425,3866808.0,3866808.0,https://www.infogreffe.com/recherche-entreprise-dirigeants/resultats-entreprise-dirigeants.html?ga_cat=globale&ga_q=G.P.E#phrase=G.P.E,https://www.infogreffe.com/recherche-entreprise-dirigeants/resultats-entreprise-dirigeants.html?ga_cat=globale&ga_q=G.P.E#phrase=G.P.E
0,2013-06-31,GPE.PA,,2013-06-31,Q2,57469750,3722250.0,53747500,1.0692543839248336,0.0,13740000,0.0,-511250.0,3527500.0,53343750,954500.0,5996000.0,11974000,4.799544847168866,4126000.0,13.92868395540475,0.0,2030250.0,28.306735623691665,820500.0,1376250.0,41.75821980018166,0.3559425,0.3559425,3866808.0,3866808.0,https://www.infogreffe.com/recherche-entreprise-dirigeants/resultats-entreprise-dirigeants.html?ga_cat=globale&ga_q=G.P.E#phrase=G.P.E,https://www.infogreffe.com/recherche-entreprise-dirigeants/resultats-entreprise-dirigeants.html?ga_cat=globale&ga_q=G.P.E#phrase=G.P.E
0,2013-03-31,GPE.PA,,2013-03-31,Q1,57469750,3722250.0,53747500,1.0692543839248336,0.0,13740000,0.0,-511250.0,3527500.0,53343750,954500.0,5996000.0,11974000,4.799544847168866,4126000.0,13.92868395540475,0.0,2030250.0,28.306735623691665,820500.0,1376250.0,41.75821980018166,0.3559425,0.3559425,3866808.0,3866808.0,https://www.infogreffe.com/recherche-entreprise-dirigeants/resultats-entreprise-dirigeants.html?ga_cat=globale&ga_q=G.P.E#phrase=G.P.E,https://www.infogreffe.com/recherche-entreprise-dirigeants/resultats-entreprise-dirigeants.html?ga_cat=globale&ga_q=G.P.E#phrase=G.P.E
0,2013-01-31,GPE.PA,,2013-01-31,Q1,57469750,3722250.0,53747500,1.0692543839248336,0.0,13740000,0.0,-511250.0,3527500.0,53343750,954500.0,5996000.0,11974000,4.799544847168866,4126000.0,13.92868395540475,0.0,2030250.0,28.306735623691665,820500.0,1376250.0,41.75821980018166,0.3559425,0.3559425,3866808.0,3866808.0,https://www.infogreffe.com/recherche-entreprise-dirigeants/resultats-entreprise-dirigeants.html?ga_cat=globale&ga_q=G.P.E#phrase=G.P.E,https://www.infogreffe.com/recherche-entreprise-dirigeants/resultats-entreprise-dirigeants.html?ga_cat=globale&ga_q=G.P.E#phrase=G.P.E
0,2012-09-31,GPE.PA,,2012-09-31,Q3,53065250,3847000.0,49218250,1.0781620638685854,0.0,12314750,0.0,-311750.0,2992000.0,49193750,1097500.0,5657500.0,10107500,5.250086569379174,3871500.0,13.706638253906755,0.0,1851750.0,28.656811124611853,801750.0,984750.0,53.88702716425489,0.255295,0.255295,3856902.0,3856902.0,https://www.infogreffe.com/recherche-entreprise-dirigeants/resultats-entreprise-dirigeants.html?ga_cat=globale&ga_q=G.P.E#phrase=G.P.E,https://www.infogreffe.com/recherche-entreprise-dirigeants/resultats-entreprise-dirigeants.html?ga_cat=globale&ga_q=G.P.E#phrase=G.P.E
0,2012-06-31,GPE.PA,,2012-06-31,Q2,53065250,3847000.0,49218250,1.0781620638685854,0.0,12314750,0.0,-311750.0,2992000.0,49193750,1097500.0,5657500.0,10107500,5.250086569379174,3871500.0,13.706638253906755,0.0,1851750.0,28.656811124611853,801750.0,984750.0,53.88702716425489,0.255295,0.255295,3856902.0,3856902.0,https://www.infogreffe.com/recherche-entreprise-dirigeants/resultats-entreprise-dirigeants.html?ga_cat=globale&ga_q=G.P.E#phrase=G.P.E,https://www.infogreffe.com/recherche-entreprise-dirigeants/resultats-entreprise-dirigeants.html?ga_cat=globale&ga_q=G.P.E#phrase=G.P.E
0,2012-03-31,GPE.PA,,2012-03-31,Q1,53065250,3847000.0,49218250,1.0781620638685854,0.0,12314750,0.0,-311750.0,2992000.0,49193750,1097500.0,5657500.0,10107500,5.250086569379174,3871500.0,13.706638253906755,0.0,1851750.0,28.656811124611853,801750.0,984750.0,53.88702716425489,0.255295,0.255295,3856902.0,3856902.0,https://www.infogreffe.com/recherche-entreprise-dirigeants/resultats-entreprise-dirigeants.html?ga_cat=globale&ga_q=G.P.E#phrase=G.P.E,https://www.infogreffe.com/recherche-entreprise-dirigeants/resultats-entreprise-dirigeants.html?ga_cat=globale&ga_q=G.P.E#phrase=G.P.E
0,2012-01-31,GPE.PA,,2012-01-31,Q1,53065250,3847000.0,49218250,1.0781620638685854,0.0,12314750,0.0,-311750.0,2992000.0,49193750,1097500.0,5657500.0,10107500,5.250086569379174,3871500.0,13.706638253906755,0.0,1851750.0,28.656811124611853,801750.0,984750.0,53.88702716425489,0.255295,0.255295,3856902.0,3856902.0,https://www.infogreffe.com/recherche-entreprise-dirigeants/resultats-entreprise-dirigeants.html?ga_cat=globale&ga_q=G.P.E#phrase=G.P.E,https://www.infogreffe.com/recherche-entreprise-dirigeants/resultats-entreprise-dirigeants.html?ga_cat=globale&ga_q=G.P.E#phrase=G.P.E
0,2011-09-31,GPE.PA,,2011-09-31,Q3,49078750,15907750,33171000,1.4795679961412076,0.0,1203750.0,0.0,0.0,772250.0,47004000,1010750.0,5745500.0,8264750.0,5.938322393296833,2074750.0,23.65525966983974,0.0,1039750.0,47.202452512623225,526500.0,513250.0,95.62347783731126,0.126291,0.126291,3850416.0,3850416.0,https://www.infogreffe.com/recherche-entreprise-dirigeants/resultats-entreprise-dirigeants.html?ga_cat=globale&ga_q=G.P.E#phrase=G.P.E,https://www.infogreffe.com/recherche-entreprise-dirigeants/resultats-entreprise-dirigeants.html?ga_cat=globale&ga_q=G.P.E#phrase=G.P.E
0,2011-06-31,GPE.PA,,2011-06-31,Q2,49078750,15907750,33171000,1.4795679961412076,0.0,1203750.0,0.0,0.0,772250.0,47004000,1010750.0,5745500.0,8264750.0,5.938322393296833,2074750.0,23.65525966983974,0.0,1039750.0,47.202452512623225,526500.0,513250.0,95.62347783731126,0.126291,0.126291,3850416.0,3850416.0,https://www.infogreffe.com/recherche-entreprise-dirigeants/resultats-entreprise-dirigeants.html?ga_cat=globale&ga_q=G.P.E#phrase=G.P.E,https://www.infogreffe.com/recherche-entreprise-dirigeants/resultats-entreprise-dirigeants.html?ga_cat=globale&ga_q=G.P.E#phrase=G.P.E
0,2011-03-31,GPE.PA,,2011-03-31,Q1,49078750,15907750,33171000,1.4795679961412076,0.0,1203750.0,0.0,0.0,772250.0,47004000,1010750.0,5745500.0,8264750.0,5.938322393296833,2074750.0,23.65525966983974,0.0,1039750.0,47.202452512623225,526500.0,513250.0,95.62347783731126,0.126291,0.126291,3850416.0,3850416.0,https://www.infogreffe.com/recherche-entreprise-dirigeants/resultats-entreprise-dirigeants.html?ga_cat=globale&ga_q=G.P.E#phrase=G.P.E,https://www.infogreffe.com/recherche-entreprise-dirigeants/resultats-entreprise-dirigeants.html?ga_cat=globale&ga_q=G.P.E#phrase=G.P.E
0,2011-01-31,GPE.PA,,2011-01-31,Q1,49078750,15907750,33171000,1.4795679961412076,0.0,1203750.0,0.0,0.0,772250.0,47004000,1010750.0,5745500.0,8264750.0,5.938322393296833,2074750.0,23.65525966983974,0.0,1039750.0,47.202452512623225,526500.0,513250.0,95.62347783731126,0.126291,0.126291,3850416.0,3850416.0,https://www.infogreffe.com/recherche-entreprise-dirigeants/resultats-entreprise-dirigeants.html?ga_cat=globale&ga_q=G.P.E#phrase=G.P.E,https://www.infogreffe.com/recherche-entreprise-dirigeants/resultats-entreprise-dirigeants.html?ga_cat=globale&ga_q=G.P.E#phrase=G.P.E
0,2010-09-31,GPE.PA,,2010-09-31,Q3,47507750,3007500.0,44500250,1.0675838899781462,0.0,12115500,12115500,-191000.0,1298500.0,43233000,1072500.0,4292250.0,8420500.0,5.641915563208835,4274750.0,11.113573893210129,0.0,3055750.0,15.547001554446535,1005500.0,2050250.0,23.17168637970979,0.495,0.495,3854040.0,3854040.0,https://www.infogreffe.com/recherche-entreprise-dirigeants/resultats-entreprise-dirigeants.html?ga_cat=globale&ga_q=G.P.E#phrase=G.P.E,https://www.infogreffe.com/recherche-entreprise-dirigeants/resultats-entreprise-dirigeants.html?ga_cat=globale&ga_q=G.P.E#phrase=G.P.E
0,2010-06-31,GPE.PA,,2010-06-31,Q2,47507750,3007500.0,44500250,1.0675838899781462,0.0,12115500,12115500,-191000.0,1298500.0,43233000,1072500.0,4292250.0,8420500.0,5.641915563208835,4274750.0,11.113573893210129,0.0,3055750.0,15.547001554446535,1005500.0,2050250.0,23.17168637970979,0.495,0.495,3854040.0,3854040.0,https://www.infogreffe.com/recherche-entreprise-dirigeants/resultats-entreprise-dirigeants.html?ga_cat=globale&ga_q=G.P.E#phrase=G.P.E,https://www.infogreffe.com/recherche-entreprise-dirigeants/resultats-entreprise-dirigeants.html?ga_cat=globale&ga_q=G.P.E#phrase=G.P.E
0,2010-03-31,GPE.PA,,2010-03-31,Q1,47507750,3007500.0,44500250,1.0675838899781462,0.0,12115500,12115500,-191000.0,1298500.0,43233000,1072500.0,4292250.0,8420500.0,5.641915563208835,4274750.0,11.113573893210129,0.0,3055750.0,15.547001554446535,1005500.0,2050250.0,23.17168637970979,0.495,0.495,3854040.0,3854040.0,https://www.infogreffe.com/recherche-entreprise-dirigeants/resultats-entreprise-dirigeants.html?ga_cat=globale&ga_q=G.P.E#phrase=G.P.E,https://www.infogreffe.com/recherche-entreprise-dirigeants/resultats-entreprise-dirigeants.html?ga_cat=globale&ga_q=G.P.E#phrase=G.P.E
0,2010-01-31,GPE.PA,,2010-01-31,Q1,47507750,3007500.0,44500250,1.0675838899781462,0.0,12115500,12115500,-191000.0,1298500.0,43233000,1072500.0,4292250.0,8420500.0,5.641915563208835,4274750.0,11.113573893210129,0.0,3055750.0,15.547001554446535,1005500.0,2050250.0,23.17168637970979,0.495,0.495,3854040.0,3854040.0,https://www.infogreffe.com/recherche-entreprise-dirigeants/resultats-entreprise-dirigeants.html?ga_cat=globale&ga_q=G.P.E#phrase=G.P.E,https://www.infogreffe.com/recherche-entreprise-dirigeants/resultats-entreprise-dirigeants.html?ga_cat=globale&ga_q=G.P.E#phrase=G.P.E
0,2009-09-31,GPE.PA,,2009-09-31,Q3,42034500,2134500.0,39900000,1.0534962406015038,0.0,13996250,0.0,0.0,2056500.0,38600250,932750.0,3571500.0,7227000.0,5.816313823163139,3434250.0,12.239790347237388,0.0,2514250.0,16.71850452421199,848750.0,1082750.0,38.82198106672824,0.2804325,0.2804325,3861235.0,3861235.0,https://www.infogreffe.com/recherche-entreprise-dirigeants/resultats-entreprise-dirigeants.html?ga_cat=globale&ga_q=G.P.E#phrase=G.P.E,https://www.infogreffe.com/recherche-entreprise-dirigeants/resultats-entreprise-dirigeants.html?ga_cat=globale&ga_q=G.P.E#phrase=G.P.E
0,2009-06-31,GPE.PA,,2009-06-31,Q2,42034500,2134500.0,39900000,1.0534962406015038,0.0,13996250,0.0,0.0,2056500.0,38600250,932750.0,3571500.0,7227000.0,5.816313823163139,3434250.0,12.239790347237388,0.0,2514250.0,16.71850452421199,848750.0,1082750.0,38.82198106672824,0.2804325,0.2804325,3861235.0,3861235.0,https://www.infogreffe.com/recherche-entreprise-dirigeants/resultats-entreprise-dirigeants.html?ga_cat=globale&ga_q=G.P.E#phrase=G.P.E,https://www.infogreffe.com/recherche-entreprise-dirigeants/resultats-entreprise-dirigeants.html?ga_cat=globale&ga_q=G.P.E#phrase=G.P.E
0,2009-03-31,GPE.PA,,2009-03-31,Q1,42034500,2134500.0,39900000,1.0534962406015038,0.0,13996250,0.0,0.0,2056500.0,38600250,932750.0,3571500.0,7227000.0,5.816313823163139,3434250.0,12.239790347237388,0.0,2514250.0,16.71850452421199,848750.0,1082750.0,38.82198106672824,0.2804325,0.2804325,3861235.0,3861235.0,https://www.infogreffe.com/recherche-entreprise-dirigeants/resultats-entreprise-dirigeants.html?ga_cat=globale&ga_q=G.P.E#phrase=G.P.E,https://www.infogreffe.com/recherche-entreprise-dirigeants/resultats-entreprise-dirigeants.html?ga_cat=globale&ga_q=G.P.E#phrase=G.P.E
0,2009-01-31,GPE.PA,,2009-01-31,Q1,42034500,2134500.0,39900000,1.0534962406015038,0.0,13996250,0.0,0.0,2056500.0,38600250,932750.0,3571500.0,7227000.0,5.816313823163139,3434250.0,12.239790347237388,0.0,2514250.0,16.71850452421199,848750.0,1082750.0,38.82198106672824,0.2804325,0.2804325,3861235.0,3861235.0,https://www.infogreffe.com/recherche-entreprise-dirigeants/resultats-entreprise-dirigeants.html?ga_cat=globale&ga_q=G.P.E#phrase=G.P.E,https://www.infogreffe.com/recherche-entreprise-dirigeants/resultats-entreprise-dirigeants.html?ga_cat=globale&ga_q=G.P.E#phrase=G.P.E
0,2008-09-31,GPE.PA,,2008-09-31,Q3,39629750,2535250.0,37094500,1.0683457116284085,0.0,13001750,0.0,0.0,2032750.0,37816000,781750.0,4399500.0,6435000.0,6.158469308469308,1813750.0,21.84962095106823,0.0,1023000.0,38.738758553274685,540500.0,441500.0,89.76160815402038,0.11039,0.11039,4000000.0,4000000.0,https://www.infogreffe.com/recherche-entreprise-dirigeants/resultats-entreprise-dirigeants.html?ga_cat=globale&ga_q=G.P.E#phrase=G.P.E,https://www.infogreffe.com/recherche-entreprise-dirigeants/resultats-entreprise-dirigeants.html?ga_cat=globale&ga_q=G.P.E#phrase=G.P.E
0,2008-06-31,GPE.PA,,2008-06-31,Q2,39629750,2535250.0,37094500,1.0683457116284085,0.0,13001750,0.0,0.0,2032750.0,37816000,781750.0,4399500.0,6435000.0,6.158469308469308,1813750.0,21.84962095106823,0.0,1023000.0,38.738758553274685,540500.0,441500.0,89.76160815402038,0.11039,0.11039,4000000.0,4000000.0,https://www.infogreffe.com/recherche-entreprise-dirigeants/resultats-entreprise-dirigeants.html?ga_cat=globale&ga_q=G.P.E#phrase=G.P.E,https://www.infogreffe.com/recherche-entreprise-dirigeants/resultats-entreprise-dirigeants.html?ga_cat=globale&ga_q=G.P.E#phrase=G.P.E
0,2008-03-31,GPE.PA,,2008-03-31,Q1,39629750,2535250.0,37094500,1.0683457116284085,0.0,13001750,0.0,0.0,2032750.0,37816000,781750.0,4399500.0,6435000.0,6.158469308469308,1813750.0,21.84962095106823,0.0,1023000.0,38.738758553274685,540500.0,441500.0,89.76160815402038,0.11039,0.11039,4000000.0,4000000.0,https://www.infogreffe.com/recherche-entreprise-dirigeants/resultats-entreprise-dirigeants.html?ga_cat=globale&ga_q=G.P.E#phrase=G.P.E,https://www.infogreffe.com/recherche-entreprise-dirigeants/resultats-entreprise-dirigeants.html?ga_cat=globale&ga_q=G.P.E#phrase=G.P.E
0,2008-01-31,GPE.PA,,2008-01-31,Q1,39629750,2535250.0,37094500,1.0683457116284085,0.0,13001750,0.0,0.0,2032750.0,37816000,781750.0,4399500.0,6435000.0,6.158469308469308,1813750.0,21.84962095106823,0.0,1023000.0,38.738758553274685,540500.0,441500.0,89.76160815402038,0.11039,0.11039,4000000.0,4000000.0,https://www.infogreffe.com/recherche-entreprise-dirigeants/resultats-entreprise-dirigeants.html?ga_cat=globale&ga_q=G.P.E#phrase=G.P.E,https://www.infogreffe.com/recherche-entreprise-dirigeants/resultats-entreprise-dirigeants.html?ga_cat=globale&ga_q=G.P.E#phrase=G.P.E
0,2007-09-31,GPE.PA,,2007-09-31,Q3,34491000,1989750.0,32501250,1.0612207222799124,0.0,11120500,0.0,0.0,1240000.0,32161750,628000.0,3380750.0,5743000.0,6.005746125718265,2329250.0,14.80777074165504,0.0,1734250.0,19.888136081879775,697500.0,967250.0,35.65882657017317,0.2418125,0.2418125,4000000.0,4000000.0,https://www.infogreffe.com/recherche-entreprise-dirigeants/resultats-entreprise-dirigeants.html?ga_cat=globale&ga_q=G.P.E#phrase=G.P.E,https://www.infogreffe.com/recherche-entreprise-dirigeants/resultats-entreprise-dirigeants.html?ga_cat=globale&ga_q=G.P.E#phrase=G.P.E
0,2007-06-31,GPE.PA,,2007-06-31,Q2,34491000,1989750.0,32501250,1.0612207222799124,0.0,11120500,0.0,0.0,1240000.0,32161750,628000.0,3380750.0,5743000.0,6.005746125718265,2329250.0,14.80777074165504,0.0,1734250.0,19.888136081879775,697500.0,967250.0,35.65882657017317,0.2418125,0.2418125,4000000.0,4000000.0,https://www.infogreffe.com/recherche-entreprise-dirigeants/resultats-entreprise-dirigeants.html?ga_cat=globale&ga_q=G.P.E#phrase=G.P.E,https://www.infogreffe.com/recherche-entreprise-dirigeants/resultats-entreprise-dirigeants.html?ga_cat=globale&ga_q=G.P.E#phrase=G.P.E
0,2007-03-31,GPE.PA,,2007-03-31,Q1,34491000,1989750.0,32501250,1.0612207222799124,0.0,11120500,0.0,0.0,1240000.0,32161750,628000.0,3380750.0,5743000.0,6.005746125718265,2329250.0,14.80777074165504,0.0,1734250.0,19.888136081879775,697500.0,967250.0,35.65882657017317,0.2418125,0.2418125,4000000.0,4000000.0,https://www.infogreffe.com/recherche-entreprise-dirigeants/resultats-entreprise-dirigeants.html?ga_cat=globale&ga_q=G.P.E#phrase=G.P.E,https://www.infogreffe.com/recherche-entreprise-dirigeants/resultats-entreprise-dirigeants.html?ga_cat=globale&ga_q=G.P.E#phrase=G.P.E
0,2007-01-31,GPE.PA,,2007-01-31,Q1,34491000,1989750.0,32501250,1.0612207222799124,0.0,11120500,0.0,0.0,1240000.0,32161750,628000.0,3380750.0,5743000.0,6.005746125718265,2329250.0,14.80777074165504,0.0,1734250.0,19.888136081879775,697500.0,967250.0,35.65882657017317,0.2418125,0.2418125,4000000.0,4000000.0,https://www.infogreffe.com/recherche-entreprise-dirigeants/resultats-entreprise-dirigeants.html?ga_cat=globale&ga_q=G.P.E#phrase=G.P.E,https://www.infogreffe.com/recherche-entreprise-dirigeants/resultats-entreprise-dirigeants.html?ga_cat=globale&ga_q=G.P.E#phrase=G.P.E
