,date,symbol,fillingDate,acceptedDate,period,revenue,costOfRevenue,grossProfit,grossProfitRatio,researchAndDevelopmentExpenses,generalAndAdministrativeExpenses,sellingAndMarketingExpenses,otherExpenses,operatingExpenses,costAndExpenses,interestExpense,depreciationAndAmortization,ebitda,ebitdaratio,operatingIncome,operatingIncomeRatio,totalOtherIncomeExpensesNet,incomeBeforeTax,incomeBeforeTaxRatio,incomeTaxExpense,netIncome,netIncomeRatio,eps,epsdiluted,weightedAverageShsOut,weightedAverageShsOutDil,link,finalLink
0,2020-09-30,UAL,2020-10-15,2020-10-15 16:07:35,Q3,-59000000,508000000,-449000000,7.610169491525424,0.0,2229000000,0.0,732000000,2961000000,4104000000,0.0,0.0,-1615000000,27.3728813559,-1615000000,27.3728813559,-717000000,-2332000000,39.5254237288,-491000000,-1900000000,32.2033898305,-6.32,-6.32,273500000,273500000,https://www.sec.gov/Archives/edgar/data/100517/000010051720000056/0000100517-20-000056-index.htm,https://www.sec.gov/Archives/edgar/data/100517/000010051720000056/ual-20200930.htm
0,2020-06-30,UAL,2020-07-22,2020-07-22 17:26:08,Q2,1475000000,1214000000,261000000,0.1769491525423729,0.0,2201000000,0.0,528000000,1898000000,3112000000,-159000000,0.0,-2162000000,-1.465763,-1637000000,-1.109831,-207000000,-2003000000,-1.357966,-376000000,-1627000000,-1.103051,-5.79622,-5.79622,280700000,280700000,https://www.sec.gov/Archives/edgar/data/100517/000010051720000046/0000100517-20-000046-index.htm,https://www.sec.gov/Archives/edgar/data/100517/000010051720000046/ual10q06302020.htm
0,2020-03-31,UAL,2020-05-04,2020-05-04 08:41:11,Q1,7979000000,3570000000,4409000000,0.5525755107156285,0.0,3250000000,0.0,1453000000,5381000000,8951000000,-443000000,0.0,-2557000000,-0.320466,-972000000,-0.12182,-699000000,-2114000000,-0.264945,-410000000,-1704000000,-0.213561,-6.85714,-6.85714,248500000,248500000,https://www.sec.gov/Archives/edgar/data/100517/000010051720000037/0000100517-20-000037-index.htm,https://www.sec.gov/Archives/edgar/data/100517/000010051720000010/ual201910k.htm
0,2019-12-31,UAL,2020-02-25,2020-02-24 21:53:59,Q4,10888000000,4166000000,6722000000,0.6173769287288758,0.0,3495000000,0.0,1630000000,5861000000,10027000000,-570000000,0.0,274000000,0.025165,861000000,0.079078,-59000000,844000000,0.077517,203000000,641000000,0.058872,2.5276,2.5276,253600000,253600000,https://www.sec.gov/Archives/edgar/data/100517/000010051720000010/0000100517-20-000010-index.htm,https://www.sec.gov/Archives/edgar/data/100517/000010051720000010/ual201910k.htm
0,2019-09-30,UAL,2019-10-16,2019-10-16 16:24:41,Q3,11380000000,4219000000,7161000000,0.6292618629173989,0.0,3495000000,0.0,1591000000,5688000000,9907000000,191000000,0.0,1540000000,0.135325,1473000000,0.129438,9000000.0,1349000000,0.118541,325000000,1024000000,0.089982,3.99376,3.99376,256400000,256400000,https://www.sec.gov/Archives/edgar/data/100517/000010051719000026/0000100517-19-000026-index.htm,https://www.sec.gov/Archives/edgar/data/100517/000010051719000026/ual09301910q.htm
0,2019-06-30,UAL,2019-07-17,2019-07-17 16:46:41,Q2,11402000000,4254000000,7148000000,0.6269075600771794,0.0,3499000000,0.0,1546000000,5676000000,9930000000,191000000,0.0,1545000000,0.135503,1472000000,0.1291,14000000,1354000000,0.118751,302000000,1052000000,0.092265,4.02141,4.02141,261600000,261600000,https://www.sec.gov/Archives/edgar/data/100517/000010051719000021/0000100517-19-000021-index.htm,https://www.sec.gov/Archives/edgar/data/100517/000010051719000021/ual06301910q.htm
0,2019-03-31,UAL,2019-04-17,2019-04-17 17:03:52,Q1,9589000000,3788000000,5801000000,0.6049640212743769,0.0,3233000000,0.0,1508000000,5306000000,9094000000,188000000,0.0,555000000,0.057879,495000000,0.051622,9000000.0,367000000,0.038273,75000000,292000000,0.030452,1.08833,1.08833,268300000,268300000,https://www.sec.gov/Archives/edgar/data/100517/000010051719000014/0000100517-19-000014-index.htm,https://www.sec.gov/Archives/edgar/data/100517/000010051719000009/ual_201810k.htm
0,2018-12-31,UAL,2019-02-28,2019-02-28 16:23:37,Q4,10491000000,4169000000,6322000000,0.6026117624630636,0.0,3320000000,0.0,1508000000,5687000000,9856000000,189000000,2240000000,747000000,0.071204,635000000,0.060528,46000000,553000000,0.052712,97000000,461000000,0.043942,1.68988,1.68988,272800000,272800000,https://www.sec.gov/Archives/edgar/data/100517/000010051719000009/0000100517-19-000009-index.htm,https://www.sec.gov/Archives/edgar/data/100517/000010051719000009/ual_201810k.htm
0,2018-09-30,UAL,2018-10-17,2018-10-17 16:19:49,Q3,11003000000,4430000000,6573000000,0.5973825320367172,0.0,3357000000,0.0,1467000000,5386000000,9816000000,187000000,0.0,1245000000,0.113151,1187000000,0.10788,-1000000.0,1058000000,0.096156,225000000,833000000,0.075707,3.04015,3.04015,274000000,274000000,https://www.sec.gov/Archives/edgar/data/100517/000010051718000028/0000100517-18-000028-index.htm,https://www.sec.gov/Archives/edgar/data/100517/000010051718000028/ual_09301810q.htm
0,2018-06-30,UAL,2018-07-18,2018-07-18 16:23:51,Q2,10777000000,4265000000,6512000000,0.6042497912220469,0.0,3271000000,0.0,1429000000,5367000000,9632000000,177000000,0.0,1032000000,0.095759,1145000000,0.106245,-164000000,855000000,0.079336,172000000,683000000,0.063376,2.47464,2.47464,276000000,276000000,https://www.sec.gov/Archives/edgar/data/100517/000010051718000012/0000100517-18-000012-index.htm,https://www.sec.gov/Archives/edgar/data/100517/000010051718000012/ual_06301810q.htm
0,2018-03-31,UAL,2018-04-18,2018-04-18 16:46:58,Q1,9032000000,3741000000,5291000000,0.5858060230292295,0.0,3068000000,0.0,1397000000,5029000000,8770000000,176000000,0.0,358000000,0.039637,262000000,0.029008,47000000,182000000,0.020151,37000000,145000000,0.016054,0.50877,0.50877,285000000,285000000,https://www.sec.gov/Archives/edgar/data/100517/000119312518121112/0001193125-18-121112-index.htm,https://www.sec.gov/Archives/edgar/data/100517/000119312518054235/d471340d10k.htm
0,2017-12-31,UAL,2018-02-22,2018-02-22 16:59:42,Q4,9451000000,3649000000,5802000000,0.6139032906570733,0.0,3032000000,0.0,1424000000,5026000000,8675000000,171000000,2149000000,987000000,0.104433,776000000,0.082108,-19000000,620000000,0.065602,237000000,579000000,0.061263,1.98288,1.98288,292000000,292000000,https://www.sec.gov/Archives/edgar/data/100517/000119312518054235/0001193125-18-054235-index.htm,https://www.sec.gov/Archives/edgar/data/100517/000119312518054235/d471340d10k.htm
0,2017-09-30,UAL,2017-10-19,2017-10-19 16:07:08,Q3,9899000000,3557000000,6342000000,0.64067077482574,0.0,3162000000,0.0,1436000000,5204000000,8761000000,164000000,0.0,1157000000,0.11688,1138000000,0.114961,-13000000,993000000,0.100313,348000000,645000000,0.065158,2.14286,2.14286,301000000,301000000,https://www.sec.gov/Archives/edgar/data/100517/000119312517313831/0001193125-17-313831-index.htm,https://www.sec.gov/Archives/edgar/data/100517/000119312517313831/d437791d10q.htm
0,2017-06-30,UAL,2017-07-19,2017-07-19 16:07:13,Q2,10008000000,3383000000,6625000000,0.6619704236610712,0.0,3227000000,0.0,1381000000,5188000000,8571000000,158000000,0.0,1435000000,0.143385,1437000000,0.143585,-27000000,1277000000,0.127598,456000000,821000000,0.082034,2.66558,2.66558,308000000,308000000,https://www.sec.gov/Archives/edgar/data/100517/000119312517231250/0001193125-17-231250-index.htm,https://www.sec.gov/Archives/edgar/data/100517/000119312517231250/d414345d10q.htm
0,2017-03-31,UAL,2017-04-18,2017-04-18 16:37:07,Q1,8426000000,3273000000,5153000000,0.6115594588179445,0.0,2955000000,0.0,1309000000,4833000000,8106000000,150000000,0.0,300000000,0.035604,320000000,0.037978,-42000000,150000000,0.017802,51000000,99000000,0.011749,0.31429,0.31429,315000000,315000000,https://www.sec.gov/Archives/edgar/data/100517/000119312517127429/0001193125-17-127429-index.htm,https://www.sec.gov/Archives/edgar/data/100517/000119312517054129/d300268d10k.htm
0,2016-12-31,UAL,2017-02-23,2017-02-23 16:58:35,Q4,9052000000,3267000000,5785000000,0.6390852850198852,0.0,2884000000,0.0,1423000000,4780000000,8047000000,148000000,1977000000,852000000,0.094123,1005000000,0.111025,-8000000.0,884000000,0.097658,307000000,397000000,0.043858,1.25633,1.25633,316000000,316000000,https://www.sec.gov/Archives/edgar/data/100517/000119312517054129/0001193125-17-054129-index.htm,https://www.sec.gov/Archives/edgar/data/100517/000119312517054129/d300268d10k.htm
0,2016-09-30,UAL,2016-10-17,2016-10-17 17:18:08,Q3,9913000000,3340000000,6573000000,0.6630686976697266,0.0,2970000000,0.0,1431000000,4949000000,8289000000,150000000,0.0,1660000000,0.167457,1624000000,0.163825,2000000.0,1510000000,0.152325,545000000,965000000,0.097347,3.00623,3.00623,321000000,321000000,https://www.sec.gov/Archives/edgar/data/100517/000119312516739859/0001193125-16-739859-index.htm,https://www.sec.gov/Archives/edgar/data/100517/000119312516739859/d259980d10q.htm
0,2016-06-30,UAL,2016-07-19,2016-07-19 16:33:18,Q2,9396000000,3152000000,6244000000,0.6645381013197105,0.0,2931000000,0.0,1328000000,5184000000,8336000000,157000000,0.0,1088000000,0.115794,1060000000,0.112814,5000000.0,931000000,0.099085,343000000,588000000,0.06258,1.77644,1.77644,331000000,331000000,https://www.sec.gov/Archives/edgar/data/100517/000119312516651221/0001193125-16-651221-index.htm,https://www.sec.gov/Archives/edgar/data/100517/000119312516651221/d188420d10q.htm
0,2016-03-31,UAL,2016-04-21,2016-04-21 17:23:39,Q1,8195000000,2845000000,5350000000,0.652837095790116,0.0,2793000000,0.0,1239000000,4701000000,7546000000,159000000,0.0,653000000,0.079683,649000000,0.079195,-18000000,494000000,0.060281,181000000,313000000,0.038194,0.88169,0.88169,355000000,355000000,https://www.sec.gov/Archives/edgar/data/100517/000119312516550432/0001193125-16-550432-index.htm,https://www.sec.gov/Archives/edgar/data/100517/000119312516468479/d13806d10k.htm
0,2015-12-31,UAL,2016-02-18,2016-02-18 17:09:20,Q4,9036000000,3312000000,5724000000,0.6334661354581673,0.0,2740000000,0.0,1296000000,4643000000,7955000000,165000000,1819000000,982000000,0.108676,1081000000,0.119633,-31000000,905000000,0.100155,-6000000.0,823000000,0.09108,2.23641,2.23641,368000000,368000000,https://www.sec.gov/Archives/edgar/data/100517/000119312516468479/0001193125-16-468479-index.htm,https://www.sec.gov/Archives/edgar/data/100517/000119312516468479/d13806d10k.htm
0,2015-09-30,UAL,2015-10-22,2015-10-22 09:01:19,Q3,10306000000,3666000000,6640000000,0.6442848825926645,0.0,2900000000,0.0,1296000000,4741000000,8407000000,164000000,0.0,4988000000,0.48399,1899000000,0.184262,-80000000,1606000000,0.155832,8000000.0,4816000000,0.467301,12.80851,12.80851,376000000,376000000,https://www.sec.gov/Archives/edgar/data/100517/000119312515350093/0001193125-15-350093-index.htm,https://www.sec.gov/Archives/edgar/data/100517/000119312515350093/d63220d10q.htm
0,2015-06-30,UAL,2015-07-23,2015-07-23 16:45:06,Q2,9914000000,3867000000,6047000000,0.609945531571515,0.0,2802000000,0.0,1300000000,4602000000,8469000000,167000000,0.0,1364000000,0.137583,1445000000,0.145753,-100000000,1197000000,0.120738,4000000.0,1193000000,0.120335,3.13947,3.13947,380000000,380000000,https://www.sec.gov/Archives/edgar/data/100517/000119312515261239/0001193125-15-261239-index.htm,https://www.sec.gov/Archives/edgar/data/100517/000119312515261239/d941677d10q.htm
0,2015-03-31,UAL,2015-04-23,2015-04-23 16:32:03,Q1,8608000000,3575000000,5033000000,0.5846886617100372,0.0,2613000000,0.0,1186000000,4292000000,7867000000,173000000,0.0,684000000,0.079461,741000000,0.086083,-74000000,511000000,0.059363,3000000.0,508000000,0.059015,1.32292,1.32292,384000000,384000000,https://www.sec.gov/Archives/edgar/data/100517/000119312515144255/0001193125-15-144255-index.htm,https://www.sec.gov/Archives/edgar/data/100517/000119312515056493/d820060d10k.htm
0,2014-12-31,UAL,2015-02-20,2015-02-20 17:01:57,Q4,9313000000,4325000000,4988000000,0.5355954042735961,0.0,2585000000,0.0,1168000000,4363000000,8688000000,176000000,1679000000,1878000000,0.201654,625000000,0.06711,-443000000,23000000,0.00247,-5000000.0,28000000,0.003007,0.07467,0.07467,375000000,375000000,https://www.sec.gov/Archives/edgar/data/100517/000119312515056493/0001193125-15-056493-index.htm,https://www.sec.gov/Archives/edgar/data/100517/000119312515056493/d820060d10k.htm
0,2014-09-30,UAL,2014-10-23,2014-10-23 16:06:10,Q3,10563000000,4948000000,5615000000,0.5315724699422513,0.0,2719000000,0.0,1240000000,4424000000,9372000000,186000000,0.0,1106000000,0.104705,1191000000,0.112752,4000000.0,920000000,0.087096,-4000000.0,924000000,0.087475,2.35115,2.35115,393000000,393000000,https://www.sec.gov/Archives/edgar/data/100517/000119312514380216/0001193125-14-380216-index.htm,https://www.sec.gov/Archives/edgar/data/100517/000119312514380216/d787177d10q.htm
0,2014-06-30,UAL,2014-07-24,2014-07-24 16:31:24,Q2,10329000000,4952000000,5377000000,0.5205731435763384,0.0,2533000000,0.0,1352000000,4471000000,9423000000,186000000,0.0,977000000,0.094588,906000000,0.087714,10000000,791000000,0.076581,2000000.0,789000000,0.076387,1.99242,1.99242,396000000,396000000,https://www.sec.gov/Archives/edgar/data/100517/000119312514278970/0001193125-14-278970-index.htm,https://www.sec.gov/Archives/edgar/data/100517/000119312514278970/d732259d10q.htm
0,2014-03-31,UAL,2014-04-24,2014-04-24 16:10:02,Q1,8696000000,4730000000,3966000000,0.4560717571297148,0.0,2471000000,0.0,1383000000,4315000000,9045000000,187000000,0.0,-419000000,-0.048183,-349000000,-0.040133,-89000000,-606000000,-0.069687,3000000.0,-609000000,-0.070032,-1.65489,-1.65489,368000000,368000000,https://www.sec.gov/Archives/edgar/data/100517/000119312514157115/0001193125-14-157115-index.htm,https://www.sec.gov/Archives/edgar/data/100517/000119312514060695/d624298d10k.htm
0,2013-12-31,UAL,2014-02-20,2014-02-20 16:12:24,Q4,9329000000,4754000000,4575000000,0.4904062600493086,0.0,2452000000,0.0,1302000000,4340000000,9094000000,193000000,1689000000,1994000000,0.213742,235000000,0.02519,51000000,112000000,0.012006,-28000000,140000000,0.015007,0.35533,0.35533,394000000,394000000,https://www.sec.gov/Archives/edgar/data/100517/000119312514060695/0001193125-14-060695-index.htm,https://www.sec.gov/Archives/edgar/data/100517/000119312514060695/d624298d10k.htm
0,2013-09-30,UAL,2013-10-24,2013-10-24 16:26:08,Q3,10228000000,5126000000,5102000000,0.49882675009777083,0.0,2586000000,0.0,1362000000,4594000000,9720000000,195000000,0.0,577000000,0.056414,508000000,0.049668,-10000000,382000000,0.037348,3000000.0,379000000,0.037055,0.95949,0.95949,395000000,395000000,https://www.sec.gov/Archives/edgar/data/100517/000119312513409916/0001193125-13-409916-index.htm,https://www.sec.gov/Archives/edgar/data/100517/000119312513409916/d578285d10q.htm
0,2013-06-30,UAL,2013-07-25,2013-07-25 16:12:21,Q2,10001000000,4918000000,5083000000,0.5082491750824918,0.0,2522000000,0.0,1314000000,4313000000,9231000000,194000000,0.0,665000000,0.066493,770000000,0.076992,-42000000,471000000,0.047095,2000000.0,469000000,0.046895,1.19036,1.19036,394000000,394000000,https://www.sec.gov/Archives/edgar/data/100517/000119312513302696/0001193125-13-302696-index.htm,https://www.sec.gov/Archives/edgar/data/100517/000119312513302696/d552832d10q.htm
0,2013-03-31,UAL,2013-04-25,2013-04-25 16:10:17,Q1,8721000000,4813000000,3908000000,0.44811374842334595,0.0,2455000000,0.0,1217000000,4172000000,8985000000,201000000,0.0,-225000000,-0.0258,-264000000,-0.030272,-27000000,-426000000,-0.048848,-9000000.0,-417000000,-0.047816,-1.23009,-1.23009,339000000,339000000,https://www.sec.gov/Archives/edgar/data/100517/000119312513173707/0001193125-13-173707-index.htm,https://www.sec.gov/Archives/edgar/data/100517/000119312513074391/d436512d10k.htm
0,2012-12-31,UAL,2013-02-25,2013-02-25 17:26:52,Q4,8702000000,5214000000,3488000000,0.4008273960009193,0.0,2300000000,0.0,1240000000,3953000000,9167000000,204000000,385000000,-43000000,-0.004941,-465000000,-0.053436,19000000,-632000000,-0.072627,-12000000,-620000000,-0.071248,-1.86747,-1.86747,332000000,332000000,https://www.sec.gov/Archives/edgar/data/100517/000119312513074391/0001193125-13-074391-index.htm,https://www.sec.gov/Archives/edgar/data/100517/000119312513074391/d436512d10k.htm
0,2012-09-30,UAL,2012-10-25,2012-10-25 17:04:22,Q3,9909000000,5631000000,4278000000,0.4317287314562519,0.0,2394000000,0.0,1170000000,4078000000,9709000000,202000000,379000000,596000000,0.060147,200000000,0.020184,4000000.0,15000000,0.001514,9000000.0,6000000.0,0.000606,0.01807,0.01807,332000000,332000000,https://www.sec.gov/Archives/edgar/data/100517/000119312512435658/0001193125-12-435658-index.htm,https://www.sec.gov/Archives/edgar/data/100517/000119312512435658/d408868d10q.htm
0,2012-06-30,UAL,2012-07-26,2012-07-26 16:53:16,Q2,9939000000,5615000000,4324000000,0.43505382835295303,0.0,2369000000,0.0,1174000000,3749000000,9364000000,213000000,758000000,1311000000,0.131905,575000000,0.057853,-38000000,340000000,0.034209,1000000.0,339000000,0.034108,0.8626,0.8626,393000000,393000000,https://www.sec.gov/Archives/edgar/data/100517/000119312512316988/0001193125-12-316988-index.htm,https://www.sec.gov/Archives/edgar/data/100517/000119312512316988/d362561d10q.htm
0,2012-03-31,UAL,2012-04-27,2012-04-26 18:00:30,Q1,8602000000,5352000000,3250000000,0.3778191118344571,0.0,2234000000,0.0,1123000000,3521000000,8873000000,216000000,149000000,-231000000,-0.026854,-271000000,-0.031504,27000000,-447000000,-0.051965,1000000.0,-448000000,-0.052081,-1.35758,-1.35758,330000000,330000000,https://www.sec.gov/Archives/edgar/data/100517/000119312512186734/0001193125-12-186734-index.htm,https://www.sec.gov/Archives/edgar/data/100517/000119312512073010/d260625d10k.htm
0,2011-12-31,UAL,2012-02-22,2012-02-22 17:19:36,Q4,8928000000,5231000000,3697000000,0.4140905017921147,0.0,2243000000,0.0,1160000000,3652000000,8883000000,218000000,390000000,462000000,0.051747,45000000,0.00504,14000000,-146000000,-0.016353,-8000000.0,-138000000,-0.015457,-0.41818,-0.41818,330000000,330000000,https://www.sec.gov/Archives/edgar/data/100517/000119312512073010/0001193125-12-073010-index.htm,https://www.sec.gov/Archives/edgar/data/100517/000119312512073010/d260625d10k.htm
0,2011-09-30,UAL,2011-10-27,2011-10-27 16:40:51,Q3,10171000000,5552000000,4619000000,0.4541343034116606,0.0,2397000000,0.0,1167000000,3684000000,9236000000,227000000,384000000,1271000000,0.124963,935000000,0.091928,-64000000,660000000,0.06489,7000000.0,653000000,0.064202,1.66582,1.66582,392000000,392000000,https://www.sec.gov/Archives/edgar/data/100517/000119312511284246/0001193125-11-284246-index.htm,https://www.sec.gov/Archives/edgar/data/100517/000119312511284246/d238585d10q.htm
0,2011-06-30,UAL,2011-07-26,2011-07-25 21:43:05,Q2,9809000000,5425000000,4384000000,0.44693648689978593,0.0,2291000000,0.0,1139000000,3576000000,9001000000,250000000,385000000,1177000000,0.119992,808000000,0.082373,-29000000,542000000,0.055255,4000000.0,538000000,0.054848,1.345,1.345,400000000,400000000,https://www.sec.gov/Archives/edgar/data/100517/000119312511196459/0001193125-11-196459-index.htm,https://www.sec.gov/Archives/edgar/data/100517/000119312511196459/d10q.htm
0,2011-03-31,UAL,2011-04-21,2011-04-21 17:02:48,Q1,8202000000,4798000000,3404000000,0.4150207266520361,0.0,2156000000,0.0,1137000000,3370000000,8168000000,254000000,388000000,431000000,0.052548,34000000,0.004145,-1000000.0,-211000000,-0.025725,2000000.0,-213000000,-0.025969,-0.64939,-0.64939,328000000,328000000,https://www.sec.gov/Archives/edgar/data/100517/000119312511105320/0001193125-11-105320-index.htm,https://www.sec.gov/Archives/edgar/data/100517/000119312511042335/d10k.htm
0,2010-12-31,UAL,2011-02-22,2011-02-22 17:26:02,Q4,8464000000,4617000000,3847000000,0.4545132325141777,0.0,2160000000,0.0,1287000000,3929000000,8546000000,278000000,403000000,357000000,0.042179,-82000000,-0.009688,1000000.0,-324000000,-0.03828,1000000.0,-325000000,-0.038398,-1.00932,-1.00932,322000000,322000000,https://www.sec.gov/Archives/edgar/data/100517/000119312511042335/0001193125-11-042335-index.htm,https://www.sec.gov/Archives/edgar/data/100517/000119312511042335/d10k.htm
0,2010-09-30,UAL,2010-10-21,2010-10-21 16:57:48,Q3,5417000000,2796000000,2621000000,0.4838471478678235,0.0,1333000000,0.0,684000000,2080000000,4876000000,171000000,232000000,790000000,0.145837,541000000,0.099871,16000000,387000000,0.071442,0.0,387000000,0.071442,1.6681,1.6681,232000000,232000000,https://www.sec.gov/Archives/edgar/data/100517/000119312510233734/0001193125-10-233734-index.htm,https://www.sec.gov/Archives/edgar/data/100517/000119312510233734/d10q.htm
0,2010-06-30,UAL,2010-07-20,2010-07-20 16:35:09,Q2,5203000000,2711000000,2492000000,0.4789544493561407,0.0,1259000000,0.0,686000000,2051000000,4762000000,349000000,223000000,843000000,0.162022,441000000,0.084759,4000000.0,272000000,0.052278,-2000000.0,273000000,0.05247,0.92857,0.92857,294000000,294000000,https://www.sec.gov/Archives/edgar/data/100517/000119312510161812/0001193125-10-161812-index.htm,https://www.sec.gov/Archives/edgar/data/100517/000119312510161812/d10q.htm
0,2010-03-31,UAL,2010-04-27,2010-04-27 16:47:43,Q1,4241000000,2376000000,1865000000,0.4397547748172601,0.0,1162000000,0.0,609000000,1789000000,4165000000,178000000,221000000,318000000,0.074982,76000000,0.01792,24000000,-82000000,-0.019335,1000000.0,-82000000,-0.019335,-0.49102,-0.49102,167000000,167000000,https://www.sec.gov/Archives/edgar/data/100517/000119312510094960/0001193125-10-094960-index.htm,https://www.sec.gov/Archives/edgar/data/100517/000119312510041523/d10k.htm
0,2009-12-31,UAL,2010-02-26,2010-02-26 06:09:09,Q4,4193000000,2070000000,2123000000,0.5063200572382542,0.0,1386000000,0.0,687000000,2197000000,4267000000,162000000,242000000,193000000,0.046029,-74000000,-0.017648,18000000,-212000000,-0.05056,29000000,-240000000,-0.057238,-1.43713,-1.43713,167000000,167000000,https://www.sec.gov/Archives/edgar/data/100517/000119312510041523/0001193125-10-041523-index.htm,https://www.sec.gov/Archives/edgar/data/100517/000119312510041523/d10k.htm
0,2009-09-30,UAL,2009-10-21,2009-10-21 17:14:03,Q3,4433000000,887000000,3546000000,0.7999097676517032,0.0,2071000000,0.0,1420000000,3458000000,4345000000,146000000,220000000,305000000,0.068802,88000000,0.019851,-19000000,-62000000,-0.013986,-4000000.0,-57000000,-0.012858,-0.48718,-0.48718,117000000,117000000,https://www.sec.gov/Archives/edgar/data/100517/000114036109023635/0001140361-09-023635-index.htm,https://www.sec.gov/Archives/edgar/data/100517/000114036109023635/form10q.htm
0,2009-06-30,UAL,2009-07-23,2009-07-22 18:31:21,Q2,4018000000,2489000000,1529000000,0.3805375808860129,0.0,1095000000,0.0,222000000,1422000000,3911000000,135000000,222000000,372000000,0.092583,107000000,0.02663,35000000,14000000,0.003484,-13000000,28000000,0.006969,0.1931,0.1931,145000000,145000000,https://www.sec.gov/Archives/edgar/data/100517/000095012309024435/0000950123-09-024435-index.htm,https://www.sec.gov/Archives/edgar/data/100517/000095012309024435/c88119e10vq.htm
0,2009-03-31,UAL,2009-04-27,2009-04-24 18:00:32,Q1,3691000000,2555000000,1136000000,0.30777567054998645,0.0,1002000000,0.0,238000000,1418000000,3973000000,134000000,233000000,-44000000,-0.011921,-282000000,-0.076402,3000000.0,-412000000,-0.111623,-29000000,-382000000,-0.103495,-2.63448,-2.63448,145000000,145000000,https://www.sec.gov/Archives/edgar/data/100517/000136231009005843/0001362310-09-005843-index.htm,https://www.sec.gov/Archives/edgar/data/100517/000095013709001460/c49215e10vk.htm
0,2008-12-31,UAL,2009-03-02,2009-03-02 17:13:27,Q4,4547000000,3770000000,777000000,0.17088190015394766,0.0,1201000000,0.0,263000000,1589000000,5359000000,131000000,276000000,-903000000,-0.198592,-812000000,-0.178579,-373000000,-1312000000,-0.288542,5000000.0,-1315000000,-0.289202,-9.96212,-9.96212,132000000,132000000,https://www.sec.gov/Archives/edgar/data/100517/000095013709001460/0000950137-09-001460-index.htm,https://www.sec.gov/Archives/edgar/data/100517/000095013709001460/c49215e10vk.htm
0,2008-09-30,UAL,2008-10-24,2008-10-24 17:07:47,Q3,5565000000,4572000000,993000000,0.1784366576819407,0.0,1218000000,0.0,275000000,1484000000,6056000000,131000000,234000000,-425000000,-0.07637,-491000000,-0.08823,-186000000,-791000000,-0.142138,2000000.0,-792000000,-0.142318,-6.23622,-6.23622,127000000,127000000,https://www.sec.gov/Archives/edgar/data/100517/000136231008006184/0001362310-08-006184-index.htm,https://www.sec.gov/Archives/edgar/data/100517/000136231008006184/c76278e10vq.htm
0,2008-06-30,UAL,2008-07-24,2008-07-23 18:57:14,Q2,5371000000,3941000000,1430000000,0.26624464717929625,0.0,1372000000,0.0,252000000,4124000000,8065000000,126000000,216000000,-2427000000,-0.451871,-2694000000,-0.501583,28000000,-2770000000,-0.515733,-29000000,-2740000000,-0.510147,-21.5748,-21.5748,127000000,127000000,https://www.sec.gov/Archives/edgar/data/100517/000104746908008342/0001047469-08-008342-index.htm,https://www.sec.gov/Archives/edgar/data/100517/000104746908008342/a2186941z10-q.htm
0,2008-03-31,UAL,2008-05-09,2008-05-09 16:45:35,Q1,4711000000,3633000000,1078000000,0.2288261515601783,0.0,1230000000,0.0,289000000,1519000000,5152000000,135000000,220000000,-197000000,-0.041817,-441000000,-0.093611,-19000000,-554000000,-0.117597,-3000000.0,-549000000,-0.116536,-4.53719,-4.53719,121000000,121000000,https://www.sec.gov/Archives/edgar/data/100517/000104746908006315/0001047469-08-006315-index.htm,https://www.sec.gov/Archives/edgar/data/100517/000104746908001951/a2182991z10-k.htm
0,2007-12-31,UAL,2008-02-29,2008-02-28 19:00:19,Q4,5030000000,3499000000,1531000000,0.3043737574552684,0.0,1295000000,0.0,300000000,1595000000,5094000000,155000000,231000000,290000000,0.057654,-64000000,-0.012724,9000000.0,-98000000,-0.019483,-43000000,-53000000,-0.010537,-0.44915,-0.44915,118000000,118000000,https://www.sec.gov/Archives/edgar/data/100517/000104746908001951/0001047469-08-001951-index.htm,https://www.sec.gov/Archives/edgar/data/100517/000104746908001951/a2182991z10-k.htm
0,2007-10-08,UAL,2007-10-31,2007-10-31 16:32:03,Q3,240000000,68000000,172000000,0.7166666666666667,0.0,0.0,0.0,290000000,290000000,358000000,161000000,245000000,901000000,3.754166666666667,656000000,2.7333333333333334,0.0,566000000,2.3583333333333334,232000000,334000000,1.3916666666666666,2.79798,2.79798,119371727,119371727,https://www.sec.gov/Archives/edgar/data/100517/000010051707000030/0000100517-07-000030-index.htm,https://www.sec.gov/Archives/edgar/data/100517/000010051707000030/body.htm
0,2007-09-30,UAL,,,Q3,5527000000,3330000000,2152000000,0.389361,0.0,1273000000,0.0,290000000,1541000000,4871000000,-85000000,245000000,726000000,0.131355,656000000,0.11869,-6000000.0,565000000,0.102225,232000000,334000000,0.060431,2.16883,2.16883,154000000,154000000,,
0,2007-06-30,UAL,2007-07-31,2007-07-30 18:27:01,Q2,5213000000,3184000000,2029000000,0.38921925954344905,0.0,1216000000,0.0,276000000,1492000000,4676000000,139000000,229000000,834000000,0.159985,537000000,0.103012,1000000.0,465000000,0.0892,192000000,274000000,0.052561,1.79085,1.79085,153000000,153000000,https://www.sec.gov/Archives/edgar/data/100517/000010051707000027/0000100517-07-000027-index.htm,https://www.sec.gov/Archives/edgar/data/100517/000010051707000027/body.htm
0,2007-03-31,UAL,2007-05-09,2007-05-09 17:17:48,Q1,4373000000,2966000000,1407000000,0.3217470843814315,0.0,1256000000,0.0,265000000,1499000000,4465000000,206000000,220000000,190000000,0.043448,-92000000,-0.021038,-2000000.0,-237000000,-0.054196,-84000000,-152000000,-0.034759,-1.29915,-1.29915,117000000,117000000,https://www.sec.gov/Archives/edgar/data/100517/000110465907037655/0001104659-07-037655-index.htm,https://www.sec.gov/Archives/edgar/data/100517/000110465907019919/a06-25698_210k.htm
0,2006-12-31,UAL,2007-03-16,2007-03-16 14:40:24,Q4,4586000000,3099000000,1487000000,0.3242477104230266,0.0,1226000000,0.0,244000000,1464000000,4563000000,212000000,222000000,334000000,0.07283,23000000,0.005015,9000000.0,-99000000,-0.021587,-39000000,-61000000,-0.013301,-0.52586,-0.52586,116000000,116000000,https://www.sec.gov/Archives/edgar/data/100517/000110465907019919/0001104659-07-019919-index.htm,https://www.sec.gov/Archives/edgar/data/100517/000110465907019919/a06-25698_210k.htm
0,2006-09-30,UAL,2006-11-08,2006-11-07 20:37:19,Q3,5176000000,3317000000,1859000000,0.35915765069551775,0.0,1275000000,0.0,279000000,1524000000,4841000000,164000000,226000000,640000000,0.123648,335000000,0.064722,3000000.0,249000000,0.048107,60000000,190000000,0.036708,1.25828,1.25828,151000000,151000000,https://www.sec.gov/Archives/edgar/data/100517/000110465906072339/0001104659-06-072339-index.htm,https://www.sec.gov/Archives/edgar/data/100517/000110465906072339/a06-22144_110q.htm
0,2006-06-30,UAL,2006-08-02,2006-08-01 21:28:42,Q2,5113000000,3285000000,1828000000,0.35752004693917466,0.0,1279000000,0.0,289000000,1568000000,4853000000,211000000,218000000,548000000,0.107178,260000000,0.050851,-4000000.0,116000000,0.022687,0.0,119000000,0.023274,0.91538,0.91538,130000000,130000000,https://www.sec.gov/Archives/edgar/data/100517/000110465906050400/0001104659-06-050400-index.htm,https://www.sec.gov/Archives/edgar/data/100517/000110465906050400/a06-17108_110q.htm
0,2006-03-31,UAL,2006-05-10,2006-05-10 17:08:54,Q1,4465000000,3060000000,1405000000,0.3146696528555431,0.0,1285000000,0.0,291000000,-21358000000,-18298000000,141000000,216000000,22985000000,5.147816,22763000000,5.098096,6000000.0,22623000000,5.066741,0.0,22628000000,5.067861,196.76522,196.76522,115000000,115000000,https://www.sec.gov/Archives/edgar/data/100517/000010051706000031/0000100517-06-000031-index.htm,https://www.sec.gov/Archives/edgar/data/100517/000010051706000021/ualtenk.htm
0,2005-12-31,UAL,2006-03-31,2006-03-31 08:22:56,Q4,4386000000,3328000000,1058000000,0.24122207022343822,0.0,934000000,0.0,306000000,17847000000,21175000000,482000000,253000000,-16169000000,-3.686503,-16789000000,-3.827861,-3000000.0,-16904000000,-3.854081,0.0,-16904000000,-3.854081,-145.72414,-145.72414,116000000,116000000,https://www.sec.gov/Archives/edgar/data/100517/000010051706000021/0000100517-06-000021-index.htm,https://www.sec.gov/Archives/edgar/data/100517/000010051706000021/ualtenk.htm
0,2005-11-09,UAL,2005-10-09,2005-11-09 17:52:45,Q3,4655000000,190000000,4465000000,0.9591836734693877,0.0,0.0,0.0,3086000000,3086000000,3276000000,129000000,0.0,165000000,0.03544575725026853,165000000,0.03544575725026853,0.0,-1772000000,-0.38066595059076264,0.0,-1772000000,-0.38066595059076264,-0.01527,-0.01527,116023900000,116023900000,https://www.sec.gov/Archives/edgar/data/100517/000010051705000059/0000100517-05-000059-index.htm,https://www.sec.gov/Archives/edgar/data/100517/000010051705000059/ualtenqf.htm
0,2005-09-30,UAL,,,Q3,4655000000,3194000000,1461000000,0.313856,0.0,1008000000,0.0,288000000,3136000000,6330000000,-120000000,206000000,-1686000000,-0.362191,-1675000000,-0.359828,23000000,-1772000000,-0.380666,0.0,-1772000000,-0.380666,-15.27586,-15.27586,116000000,116000000,,
0,2005-06-30,UAL,2005-08-09,2005-08-09 17:06:23,Q2,4423000000,3008000000,1415000000,0.3199186072801266,0.0,1052000000,0.0,297000000,2753000000,5761000000,111000000,205000000,-1114000000,-0.251865,-1338000000,-0.30251,9000000.0,-1434000000,-0.324214,0.0,-1430000000,-0.32331,-12.32759,-12.32759,116000000,116000000,https://www.sec.gov/Archives/edgar/data/100517/000010051705000042/0000100517-05-000042-index.htm,https://www.sec.gov/Archives/edgar/data/100517/000010051705000042/ualtenq.htm
0,2005-03-31,UAL,2005-05-11,2005-05-11 14:35:08,Q1,3915000000,2816000000,1099000000,0.2807151979565773,0.0,1033000000,0.0,316000000,2117000000,4933000000,109000000,209000000,-752000000,-0.192082,-1018000000,-0.260026,58000000,-1070000000,-0.273308,0.0,-1070000000,-0.273308,-9.22414,-9.22414,116000000,116000000,https://www.sec.gov/Archives/edgar/data/100517/000010051705000019/0000100517-05-000019-index.htm,https://www.sec.gov/Archives/edgar/data/100517/000010051705000006/ualkbody.htm
0,2004-12-31,UAL,2005-03-16,2005-03-16 15:54:04,Q4,3988000000,2906000000,1082000000,0.2713139418254764,0.0,1271000000,0.0,1277000000,1874000000,4780000000,449000000,874000000,-293000000,-0.07347,-792000000,-0.198596,-7000000.0,-747000000,-0.187312,0.0,-742000000,-0.186058,-6.39655,-6.39655,116000000,116000000,https://www.sec.gov/Archives/edgar/data/100517/000010051705000006/0000100517-05-000006-index.htm,https://www.sec.gov/Archives/edgar/data/100517/000010051705000006/ualkbody.htm
0,2004-09-30,UAL,2004-11-09,2004-11-08 18:09:04,Q3,4305000000,2808000000,1497000000,0.34773519163763067,0.0,1278000000,0.0,299000000,1674000000,4482000000,100000000,0.0,-174000000,-0.040418,-177000000,-0.041115,-3000000.0,-274000000,-0.063647,0.0,-274000000,-0.063647,-2.36207,-2.36207,116000000,116000000,https://www.sec.gov/Archives/edgar/data/100517/000010051704000038/0000100517-04-000038-index.htm,https://www.sec.gov/Archives/edgar/data/100517/000010051704000038/body.htm
0,2004-06-30,UAL,2004-08-02,2004-07-30 17:58:08,Q2,4189000000,2681000000,1508000000,0.3599904511816663,0.0,1208000000,0.0,293000000,1645000000,4326000000,117000000,0.0,-130000000,-0.031034,-137000000,-0.032705,0.0,-247000000,-0.058964,0.0,-247000000,-0.058964,-2.22523,-2.22523,111000000,111000000,https://www.sec.gov/Archives/edgar/data/100517/000010051704000028/0000100517-04-000028-index.htm,https://www.sec.gov/Archives/edgar/data/100517/000010051704000028/finalbod.htm
0,2004-03-31,UAL,2004-04-30,2004-04-30 17:30:48,Q1,3909000000,2566000000,1343000000,0.3435661294448708,0.0,1249000000,0.0,305000000,1697000000,4263000000,120000000,0.0,-339000000,-0.086723,-354000000,-0.09056,8000000.0,-459000000,-0.117421,0.0,-459000000,-0.117421,-4.13514,-4.13514,111000000,111000000,https://www.sec.gov/Archives/edgar/data/100517/000010051704000015/0000100517-04-000015-index.htm,https://www.sec.gov/Archives/edgar/data/100517/000010051704000007/ualtenk.htm
0,2003-12-31,UAL,2004-03-02,2004-03-01 17:35:24,Q4,3590000000,2119000000,1471000000,0.4097493036211699,0.0,1276000000,0.0,329000000,2287000000,4406000000,527000000,938000000,51000000,0.014206,-816000000,-0.227298,280000000,-476000000,-0.132591,0.0,-476000000,-0.132591,-4.40741,-4.40741,108000000,108000000,https://www.sec.gov/Archives/edgar/data/100517/000010051704000007/0000100517-04-000007-index.htm,https://www.sec.gov/Archives/edgar/data/100517/000010051704000007/ualtenk.htm
0,2003-09-30,UAL,2003-10-30,2003-10-30 16:43:44,Q3,4024000000,2458000000,1566000000,0.38916500994035785,0.0,1204000000,0.0,317000000,1806000000,4264000000,105000000,0.0,-262000000,-0.065109,-240000000,-0.059642,-9000000.0,-367000000,-0.091203,0.0,-367000000,-0.091203,-3.42991,-3.42991,107000000,107000000,https://www.sec.gov/Archives/edgar/data/100517/000010051703000075/0000100517-03-000075-index.htm,https://www.sec.gov/Archives/edgar/data/100517/000010051703000075/body.htm
0,2003-06-30,UAL,2003-08-01,2003-08-01 17:19:10,Q2,4130000000,2899000000,1231000000,0.29806295399515736,0.0,1361000000,0.0,302000000,1761000000,4660000000,126000000,0.0,-496000000,-0.120097,-530000000,-0.128329,28000000,-622000000,-0.150605,0.0,-622000000,-0.150605,-6.54737,-6.54737,95000000,95000000,https://www.sec.gov/Archives/edgar/data/100517/000010051703000041/0000100517-03-000041-index.htm,https://www.sec.gov/Archives/edgar/data/100517/000010051703000041/body.htm
0,2003-03-31,UAL,2003-05-02,2003-05-02 17:19:45,Q1,3184000000,2136000000,1048000000,0.32914572864321606,0.0,1536000000,0.0,325000000,2246000000,4382000000,131000000,0.0,-1212000000,-0.380653,-1198000000,-0.376256,-8000000.0,-1343000000,-0.421796,0.0,-1343000000,-0.421796,-14.13684,-14.13684,95000000,95000000,https://www.sec.gov/Archives/edgar/data/100517/000010051703000015/0000100517-03-000015-index.htm,https://www.sec.gov/Archives/edgar/data/100517/000010051703000007/ual.htm
0,2003-03-28,UAL,2003-03-28,2003-03-28 17:24:47,Q4,1741000000,1240000000,501000000,0.2877656519241815,0.0,0.0,0.0,1565000000,1565000000,2805000000,590000000,970000000,-1867000000,-1.0723721998851234,-2837000000,-1.6295232624928202,0.0,0.0,0.0,0.0,0.0,0.0,0.0,0.0,0.0,0.0,https://www.sec.gov/Archives/edgar/data/100517/000010051703000007/0000100517-03-000007-index.htm,https://www.sec.gov/Archives/edgar/data/100517/000010051703000007/ual.htm
0,2002-12-31,UAL,,,Q4,3468000000,2164000000,1304000000,0.376009,0.0,1816000000,0.0,416000000,2289000000,4453000000,-136000000,0.0,-1260000000,-0.363322,-985000000,-0.284025,-3000000.0,-1124000000,-0.324106,324000000,-1448000000,-0.417532,-20.11111,-20.11111,72000000,72000000,,
0,2002-10-25,UAL,2002-10-25,2002-10-25 13:54:18,Q3,3738000000,301000000,3437000000,0.9194756554307116,0.0,0.0,0.0,2005000000,2005000000,2306000000,157000000,0.0,-646000000,-0.17281968967362227,-646000000,-0.17281968967362227,0.0,-889000000,-0.23782771535580524,0.0,-889000000,-0.23782771535580524,0.0,0.0,0.0,0.0,https://www.sec.gov/Archives/edgar/data/100517/000010051702000073/0000100517-02-000073-index.htm,https://www.sec.gov/Archives/edgar/data/100517/000010051702000073/body.htm
0,2002-09-30,UAL,,,Q3,3737000000,2142000000,1595000000,0.426813,0.0,1834000000,0.0,407000000,2241000000,4383000000,-139000000,0.0,-874000000,-0.233877,-646000000,-0.172866,50000000,-735000000,-0.196682,153000000,-888000000,-0.237624,-15.57895,-15.57895,57000000,57000000,,
0,2002-08-14,UAL,2002-08-14,2002-08-14 15:41:42,Q2,3793000000,306000000,3487000000,0.9193250725019774,0.0,0.0,0.0,1934000000,1934000000,2240000000,146000000,0.0,-485000000,-0.1278671236488268,-485000000,-0.1278671236488268,0.0,-340000000,-0.0896388083311363,0.0,-340000000,-0.0896388083311363,0.0,0.0,0.0,0.0,https://www.sec.gov/Archives/edgar/data/100517/000010051702000057/0000100517-02-000057-index.htm,https://www.sec.gov/Archives/edgar/data/100517/000010051702000057/body.htm
0,2002-06-30,UAL,,,Q2,3793000000,2093000000,1700000000,0.448194,0.0,1790000000,0.0,395000000,2185000000,4278000000,-123000000,0.0,-654000000,-0.172423,-485000000,-0.127867,77000000,-531000000,-0.139995,-191000000,-340000000,-0.089639,-5.96491,-5.96491,57000000,57000000,,
0,2002-03-31,UAL,2002-04-29,2002-04-29 12:35:07,Q1,3288000000,1981000000,1307000000,0.3975060827250608,0.0,1589000000,0.0,347000000,2018000000,3999000000,142000000,0.0,-653000000,-0.198601,-711000000,-0.216241,-16000000,-795000000,-0.241788,-286000000,-509000000,-0.154805,-9.08929,-9.08929,56000000,56000000,https://www.sec.gov/Archives/edgar/data/100517/000010051702000017/0000100517-02-000017-index.htm,https://www.sec.gov/Archives/edgar/data/100517/000010051702000009/ualbody.htm
0,2002-03-08,UAL,2002-03-08,2002-03-08 00:00:00,Q4,1646000000,1280000000,366000000,0.22235722964763063,0.0,0.0,0.0,1722000000,1722000000,3002000000,525000000,1932000000,-1839000000,-1.117253948967193,-3771000000,-2.2910085054678007,0.0,-1226000000,-0.7448359659781288,-1226000000,0.0,0.0,0.0,0.0,0.0,0.0,https://www.sec.gov/Archives/edgar/data/100517/000010051702000009/0000100517-02-000009-index.htm,https://www.sec.gov/Archives/edgar/data/100517/000010051702000009/ualbody.htm
0,2001-12-31,UAL,,,Q4,2949000000,1992000000,957000000,0.324517,0.0,1457000000,0.0,387000000,1843000000,3835000000,154000000,0.0,-329000000,-0.111563,-886000000,-0.300441,249000000,-483000000,-0.163784,-178000000,-305000000,-0.103425,-5.54545,-5.54545,55000000,55000000,,
0,2001-11-13,UAL,2001-11-13,2001-11-13 00:00:00,Q3,4107000000,395000000,3712000000,0.9038227416605795,0.0,0.0,0.0,1575000000,1575000000,1970000000,129000000,0.0,-2025000000,-0.49306062819576335,-2025000000,-0.49306062819576335,0.0,-665000000,-0.16191867543218894,-665000000,0.0,0.0,0.0,0.0,0.0,0.0,https://www.sec.gov/Archives/edgar/data/100517/000010051701500091/0000100517-01-500091-index.htm,https://www.sec.gov/Archives/edgar/data/100517/000010051701500091/body.htm
0,2001-09-30,UAL,,,Q3,4107000000,2480000000,1627000000,0.396153,0.0,1889000000,0.0,450000000,3603000000,6083000000,-97000000,0.0,-1822000000,-0.443633,-1976000000,-0.48113,348000000,-1725000000,-0.420015,-665000000,-1060000000,-0.258096,-19.62963,-19.62963,54000000,54000000,,
0,2001-08-09,UAL,2001-08-09,2001-08-09 00:00:00,Q2,4658000000,351000000,4307000000,0.9246457707170459,0.0,0.0,0.0,2625000000,2625000000,2976000000,125000000,0.0,-469000000,-0.10068699012451696,-469000000,-0.10068699012451696,0.0,114000000,0.024474023185916703,-199000000,313000000,0.06719622155431516,0.0,0.0,0.0,0.0,https://www.sec.gov/Archives/edgar/data/100517/000010051701500078/0000100517-01-500078-index.htm,https://www.sec.gov/Archives/edgar/data/100517/000010051701500078/body.htm
0,2001-06-30,UAL,,,Q2,4658000000,2686000000,1972000000,0.423358,0.0,1882000000,0.0,443000000,2441000000,5127000000,-82000000,0.0,-644000000,-0.138257,-469000000,-0.100687,-11000000,-562000000,-0.120653,-198000000,-364000000,-0.078145,-6.74074,-6.74074,54000000,54000000,,
0,2001-05-14,UAL,2001-05-14,2001-05-14 00:00:00,Q1,4424000000,313000000,4111000000,0.929249547920434,0.0,0.0,0.0,2398000000,2398000000,2711000000,129000000,0.0,-391000000,-0.08838155515370705,-391000000,-0.08838155515370705,0.0,-498000000,-0.11256781193490054,-185000000,-313000000,-0.070750452079566,0.0,0.0,0.0,0.0,https://www.sec.gov/Archives/edgar/data/100517/000010051701500042/0000100517-01-500042-index.htm,https://www.sec.gov/Archives/edgar/data/100517/000010051701500042/body.htm
0,2001-03-31,UAL,,,Q1,4424000000,2313000000,2111000000,0.47717,0.0,1852000000,0.0,442000000,2294000000,4607000000,-78000000,0.0,-367000000,-0.082957,-183000000,-0.041365,-20000000,-281000000,-0.063517,-185000000,-104000000,-0.023508,-1.96226,-1.96226,53000000,53000000,,
0,2000-12-31,UAL,,,Q4,4793000000,2593000000,2200000000,0.459003,0.0,1819000000,0.0,519000000,2363000000,4956000000,54000000,0.0,-57000000,-0.011892,-163000000,-0.034008,-2000000.0,-111000000,-0.023159,-42000000,-69000000,-0.014396,-1.32692,-1.32692,52000000,52000000,,
0,2000-09-30,UAL,,,Q3,4905000000,2537000000,2368000000,0.482773,0.0,1898000000,0.0,499000000,2348000000,4885000000,-63000000,0.0,-119000000,-0.024261,20000000,0.004077,-7000000.0,-50000000,-0.010194,-63000000,7000000.0,0.001427,0.13462,0.13462,52000000,52000000,,
0,2000-06-30,UAL,,,Q2,5109000000,2391000000,2718000000,0.532002,0.0,1643000000,0.0,409000000,2113000000,4504000000,-55000000,0.0,480000000,0.093952,605000000,0.118418,-15000000,535000000,0.104717,198000000,337000000,0.065962,2.90517,2.90517,116000000,116000000,,
0,2000-03-31,UAL,,,Q1,4545000000,2320000000,2225000000,0.489549,0.0,1516000000,0.0,415000000,1972000000,4292000000,-63000000,0.0,-94000000,-0.020682,253000000,0.055666,-12000000,178000000,0.039164,66000000,-97000000,-0.021342,-0.83621,-0.83621,116000000,116000000,,
0,1999-12-31,UAL,,,Q4,4481000000,2018000000,2463000000,0.549654,0.0,1638000000,0.0,632000000,2270000000,4288000000,684000000,0.0,888000000,0.19817,193000000,0.043071,-4000000.0,204000000,0.045526,73000000,131000000,0.029235,1.11966,1.11966,117000000,117000000,,
0,1999-09-30,UAL,,,Q3,4845000000,2023000000,2822000000,0.582456,0.0,1595000000,0.0,608000000,2203000000,4226000000,-50000000,0.0,513000000,0.105882,619000000,0.127761,-6000000.0,563000000,0.116202,203000000,360000000,0.074303,3.18584,3.18584,113000000,113000000,,
0,1999-06-30,UAL,,,Q2,4541000000,1942000000,2599000000,0.572341,0.0,1602000000,0.0,564000000,2166000000,4108000000,-47000000,0.0,1002000000,0.220656,433000000,0.095353,-3000000.0,1052000000,0.231667,379000000,670000000,0.147545,6.09091,6.09091,110000000,110000000,,
0,1999-03-31,UAL,,,Q1,4160000000,1888000000,2272000000,0.546154,0.0,1591000000,0.0,535000000,2126000000,4014000000,-38000000,0.0,85000000,0.020433,146000000,0.035096,15000000,123000000,0.029567,44000000,79000000,0.01899,0.73832,0.73832,107000000,107000000,,
0,1998-12-31,UAL,,,Q4,4281000000,1838000000,2443000000,0.570661,0.0,2211000000,0.0,44000000,2255000000,4093000000,-67000000,0.0,14000000,0.00327,188000000,0.043915,-40000000,81000000,0.018921,27000000,54000000,0.012614,0.52941,0.52941,102000000,102000000,,
0,1998-09-30,UAL,,,Q3,4783000000,2014000000,2769000000,0.578925,0.0,1523000000,0.0,551000000,2074000000,4088000000,-66000000,0.0,582000000,0.121681,695000000,0.145306,19000000,648000000,0.13548,222000000,426000000,0.089065,3.94444,3.94444,108000000,108000000,,
0,1998-06-30,UAL,,,Q2,4442000000,1919000000,2523000000,0.567987,0.0,1532000000,0.0,521000000,2053000000,3972000000,-28000000,0.0,401000000,0.090275,470000000,0.105808,-13000000,429000000,0.096578,146000000,283000000,0.06371,2.69524,2.69524,105000000,105000000,,
0,1998-03-31,UAL,,,Q1,4055000000,1878000000,2177000000,0.536868,0.0,1567000000,0.0,487000000,2054000000,3932000000,-16000000,0.0,80000000,0.019729,123000000,0.030333,-11000000,96000000,0.023674,34000000,62000000,0.01529,0.60784,0.60784,102000000,102000000,,
0,1997-12-31,UAL,,,Q4,4235000000,1835000000,2400000000,0.566706,0.0,2273000000,0.0,36000000,2309000000,4144000000,-44000000,0.0,0.0,0.0,91000000,0.021488,6000000.0,53000000,0.012515,18000000,26000000,0.006139,0.26,0.26,100000000,100000000,,
0,1997-09-30,UAL,,,Q3,4640000000,1867000000,2773000000,0.597629,0.0,1264000000,0.0,946000000,2210000000,4077000000,-48000000,0.0,865000000,0.186422,563000000,0.121336,398000000,913000000,0.196767,333000000,580000000,0.125,5.8,5.8,100000000,100000000,,
0,1997-06-30,UAL,,,Q2,4382000000,1825000000,2557000000,0.583524,0.0,1228000000,0.0,918000000,2146000000,3971000000,-45000000,0.0,342000000,0.078047,411000000,0.093793,21000000,387000000,0.088316,145000000,242000000,0.055226,2.49485,2.49485,97000000,97000000,,
0,1997-03-31,UAL,,,Q1,4121000000,1856000000,2265000000,0.549624,0.0,1240000000,0.0,831000000,2071000000,3927000000,-45000000,0.0,126000000,0.030575,194000000,0.047076,22000000,171000000,0.041495,65000000,106000000,0.025722,1.13978,1.13978,93000000,93000000,,
0,1996-12-31,UAL,,,Q4,3975000000,1875000000,2100000000,0.528302,0.0,1723000000,0.0,324000000,2047000000,3922000000,-89000000,0.0,-56000000,-0.014088,53000000,0.013333,70000000,34000000,0.008553,13000000,20000000,0.005031,0.20408,0.20408,98000000,98000000,,
0,1996-09-30,UAL,,,Q3,4488000000,1896000000,2592000000,0.57754,0.0,1171000000,0.0,811000000,1982000000,3878000000,-71000000,0.0,477000000,0.106283,610000000,0.135918,16000000,555000000,0.123663,208000000,340000000,0.075758,3.95349,3.95349,86000000,86000000,,
0,1996-06-30,UAL,,,Q2,4164000000,1799000000,2365000000,0.567963,0.0,1341000000,0.0,626000000,1967000000,3766000000,-50000000,0.0,291000000,0.069885,398000000,0.095581,23000000,371000000,0.089097,145000000,196000000,0.04707,2.36145,2.36145,83000000,83000000,,
0,1996-03-31,UAL,,,Q1,3735000000,1722000000,2013000000,0.538956,0.0,1169000000,0.0,782000000,1951000000,3673000000,-85000000,0.0,-104000000,-0.027845,62000000,0.0166,33000000,10000000,0.002677,4000000.0,-23000000,-0.006158,-0.31944,-0.31944,72000000,72000000,,
0,1995-12-31,UAL,,,Q4,3667000000,1745000000,1922000000,0.524134,0.0,1437000000,0.0,463000000,1900000000,3645000000,-140000000,0.0,-199000000,-0.054268,22000000,0.005999,88000000,-30000000,-0.008181,-11000000,-48000000,-0.01309,-0.66667,-0.66667,72000000,72000000,,
0,1995-09-30,UAL,,,Q3,4127000000,1776000000,2351000000,0.569663,0.0,1137000000,0.0,747000000,1884000000,3660000000,-101000000,0.0,293000000,0.070996,467000000,0.113157,28000000,394000000,0.095469,151000000,243000000,0.058881,3.32877,3.32877,73000000,73000000,,
0,1995-06-30,UAL,,,Q2,3815000000,1688000000,2127000000,0.557536,0.0,1254000000,0.0,571000000,1825000000,3513000000,-90000000,0.0,161000000,0.042202,302000000,0.079161,39000000,251000000,0.065793,100000000,151000000,0.039581,2.15714,2.15714,70000000,70000000,,
0,1995-03-31,UAL,,,Q1,3334000000,1540000000,1794000000,0.538092,0.0,1202000000,0.0,554000000,1756000000,3296000000,-68000000,0.0,-62000000,-0.018596,38000000,0.011398,36000000,6000000.0,0.0018,3000000.0,3000000.0,0.0009,0.06122,0.06122,49000000,49000000,,
0,1994-12-31,UAL,,,Q4,3439000000,1593000000,1846000000,0.536784,0.0,1283000000,0.0,485000000,1768000000,3361000000,-104000000,0.0,-94000000,-0.027334,78000000,0.022681,36000000,10000000,0.002908,-1000000.0,11000000,0.003199,0.22449,0.22449,49000000,49000000,,
0,1994-09-30,UAL,,,Q3,3814000000,1638000000,2176000000,0.57053,0.0,1160000000,0.0,704000000,1864000000,3502000000,-102000000,0.0,60000000,0.015732,312000000,0.081804,-48000000,162000000,0.042475,80000000,82000000,0.0215,1.41379,1.41379,58000000,58000000,,
0,1994-06-30,UAL,,,Q2,3502000000,1529000000,1973000000,0.563392,0.0,1216000000,0.0,590000000,1806000000,3335000000,-83000000,0.0,24000000,0.006853,167000000,0.047687,23000000,107000000,0.030554,52000000,55000000,0.015705,0.56122,0.56122,98000000,98000000,,
0,1994-03-31,UAL,,,Q1,3195000000,1478000000,1717000000,0.537402,0.0,1202000000,0.0,551000000,1753000000,3231000000,-83000000,0.0,-217000000,-0.067919,-36000000,-0.011268,11000000,-108000000,-0.033803,-37000000,-97000000,-0.03036,-0.9898,-0.9898,98000000,98000000,,
0,1993-12-31,UAL,,,Q4,3347000000,1555000000,1792000000,0.535405,0.0,1230000000,0.0,543000000,1773000000,3328000000,-83000000,0.0,-179000000,-0.053481,19000000,0.005677,-32000000,-96000000,-0.028682,-32000000,-64000000,-0.019122,-0.65979,-0.65979,97000000,97000000,,
0,1993-09-30,UAL,,,Q3,3629000000,1665000000,1964000000,0.541196,0.0,1187000000,0.0,496000000,1683000000,3348000000,-85000000,0.0,138000000,0.038027,281000000,0.077432,27000000,223000000,0.061449,74000000,149000000,0.041058,1.53608,1.53608,97000000,97000000,,
0,1993-06-30,UAL,,,Q2,3296000000,1570000000,1726000000,0.523665,0.0,1179000000,0.0,463000000,1642000000,3212000000,-95000000,0.0,-65000000,-0.019721,84000000,0.025485,41000000,30000000,0.009102,8000000.0,22000000,0.006675,0.2268,0.2268,97000000,97000000,,
0,1993-03-31,UAL,,,Q1,3053000000,1525000000,1528000000,0.500491,0.0,1164000000,0.0,485000000,1649000000,3174000000,-95000000,0.0,-318000000,-0.10416,-121000000,-0.039633,12000000,-204000000,-0.06682,-66000000,-157000000,-0.051425,-1.61856,-1.61856,97000000,97000000,,
0,1992-12-31,UAL,,,Q4,3202000000,1810000000,1392000000,0.434728,0.0,1200000000,0.0,518000000,1718000000,3528000000,-113000000,0.0,-465000000,-0.145222,-326000000,-0.101811,87000000,-352000000,-0.109931,-128000000,-224000000,-0.069956,-2.30928,-2.30928,97000000,97000000,,
0,1992-09-30,UAL,,,Q3,3576000000,1882000000,1694000000,0.473714,0.0,1158000000,0.0,487000000,1645000000,3527000000,-83000000,0.0,-70000000,-0.019575,49000000,0.013702,47000000,13000000,0.003635,7000000.0,6000000.0,0.001678,0.0625,0.0625,96000000,96000000,,
0,1992-06-30,UAL,,,Q2,3140000000,1666000000,1474000000,0.469427,0.0,1108000000,0.0,459000000,1567000000,3233000000,-80000000,0.0,-224000000,-0.071338,-93000000,-0.029618,29000000,-144000000,-0.04586,-53000000,-91000000,-0.028981,-0.94792,-0.94792,96000000,96000000,,
0,1992-03-31,UAL,,,Q1,2972000000,1577000000,1395000000,0.469381,0.0,1097000000,0.0,466000000,1563000000,3140000000,-76000000,0.0,-789000000,-0.265478,-168000000,-0.056528,71000000,-173000000,-0.05821,-65000000,-648000000,-0.218035,-6.75,-6.75,96000000,96000000,,
0,1991-12-31,UAL,,,Q4,2911000000,1630000000,1281000000,0.440055,0.0,1123000000,0.0,505000000,1628000000,3258000000,-58000000,0.0,-445000000,-0.152868,-347000000,-0.119203,18000000,-386000000,-0.1326,-134000000,-253000000,-0.086912,-2.66316,-2.66316,95000000,95000000,,
0,1991-09-30,UAL,,,Q3,3235000000,1668000000,1567000000,0.484389,0.0,1030000000,0.0,479000000,1509000000,3177000000,-54000000,0.0,-16000000,-0.004946,58000000,0.017929,33000000,38000000,0.011747,13000000,25000000,0.007728,0.26316,0.26316,95000000,95000000,,
0,1991-06-30,UAL,,,Q2,2954000000,1465000000,1489000000,0.504062,0.0,963000000,0.0,463000000,1425000000,2890000000,-46000000,0.0,37000000,0.012525,64000000,0.021666,64000000,82000000,0.027759,30000000,53000000,0.017942,0.56383,0.56383,94000000,94000000,,
0,1991-03-31,UAL,,,Q1,2563000000,1430000000,1133000000,0.44206,0.0,941000000,0.0,460000000,1402000000,2832000000,-46000000,0.0,-288000000,-0.112368,-269000000,-0.104955,73000000,-242000000,-0.094421,-85000000,-157000000,-0.061256,-1.76404,-1.76404,89000000,89000000,,
0,1990-12-31,UAL,,,Q4,2804000000,1665000000,1139000000,0.406205,0.0,924000000,0.0,511000000,1435000000,3100000000,-48000000,0.0,-263000000,-0.093795,-297000000,-0.10592,130000000,-215000000,-0.076676,-91000000,-124000000,-0.044223,-1.42529,-1.42529,87000000,87000000,,
0,1990-09-30,UAL,,,Q3,2973000000,1451000000,1522000000,0.511941,0.0,902000000,0.0,491000000,1393000000,2844000000,-47000000,0.0,146000000,0.049109,129000000,0.043391,112000000,193000000,0.064918,87000000,106000000,0.035654,1.21839,1.21839,87000000,87000000,,
0,1990-06-30,UAL,,,Q2,2744000000,1237000000,1507000000,0.549198,0.0,875000000,0.0,453000000,1328000000,2565000000,-48000000,0.0,198000000,0.072157,179000000,0.065233,115000000,246000000,0.08965,98000000,148000000,0.053936,1.70115,1.70115,87000000,87000000,,
0,1990-03-31,UAL,,,Q1,2516000000,1224000000,1292000000,0.513514,0.0,849000000,0.0,491000000,1340000000,2564000000,-49000000,0.0,-109000000,-0.043323,-47000000,-0.01868,36000000,-61000000,-0.024245,-24000000,-36000000,-0.014308,-0.41379,-0.41379,87000000,87000000,,
0,1989-12-31,UAL,,,Q4,2368000000,1155000000,1212000000,0.511824,0.0,741000000,0.0,503000000,1244000000,2399000000,-50000000,0.0,-38000000,-0.016047,-32000000,-0.013514,93000000,11000000,0.004645,5000000.0,7000000.0,0.002956,0.08046,0.08046,87000000,87000000,,
0,1989-09-30,UAL,,,Q3,2582000000,1126000000,1456000000,0.563904,0.0,869000000,0.0,455000000,1324000000,2450000000,-50000000,0.0,134000000,0.051898,132000000,0.051123,102000000,184000000,0.071263,73000000,111000000,0.04299,1.27586,1.27586,87000000,87000000,,
0,1989-06-30,UAL,,,Q2,2516000000,1070000000,1446000000,0.574722,0.0,783000000,0.0,441000000,1225000000,2295000000,-60000000,0.0,174000000,0.069157,222000000,0.088235,73000000,234000000,0.093005,93000000,141000000,0.056041,1.62069,1.62069,87000000,87000000,,
