,date,symbol,fillingDate,acceptedDate,period,revenue,costOfRevenue,grossProfit,grossProfitRatio,researchAndDevelopmentExpenses,generalAndAdministrativeExpenses,sellingAndMarketingExpenses,otherExpenses,operatingExpenses,costAndExpenses,interestExpense,depreciationAndAmortization,ebitda,ebitdaratio,operatingIncome,operatingIncomeRatio,totalOtherIncomeExpensesNet,incomeBeforeTax,incomeBeforeTaxRatio,incomeTaxExpense,netIncome,netIncomeRatio,eps,epsdiluted,weightedAverageShsOut,weightedAverageShsOutDil,link,finalLink
0,2020-09-30,TISI,2020-11-06,2020-11-06 17:20:21,Q3,219093000,155388000,63705000,0.29076693458942093,0.0,61089000,0.0,94299000,155388000,310776000,-7757000.0,11523000,13820000,0.06307823618280821,2297000.0,0.010484132309110742,0.0,-6115000.0,-0.027910522015764994,2958000.0,-9073000.0,-0.04141163798021845,-0.29623220582473553,-0.29623220582473553,30628000,30628000,https://www.sec.gov/Archives/edgar/data/318833/000031883320000074/0000318833-20-000074-index.htm,https://www.sec.gov/Archives/edgar/data/318833/000031883320000074/tisi-20200930.htm
0,2020-06-30,TISI,2020-08-07,2020-08-06 19:58:11,Q2,189304000,131928000,57376000,0.30308921100452185,0.0,53190000,0.0,173955000,61741999.99999999,193670000,-7314000.0,11478000,-7681000.0,-0.040575,-4366000.0,-0.023063,-465000.0,-11845000,-0.062571,1683000.0,-13528000,-0.071462,-0.44169,-0.44169,30628000,30628000,https://www.sec.gov/Archives/edgar/data/318833/000031883320000064/0000318833-20-000064-index.htm,https://www.sec.gov/Archives/edgar/data/318833/000031883320000064/tisi-20200630.htm
0,2020-03-31,TISI,,,Q1,236839000,179353000,57486000,0.242722,0.0,78444000,0.0,0.0,270418000,449771000,-6176000.0,11708000,-214648000,-0.906303,-212932000,-0.899058,-1072000.0,-220180000,-0.929661,-20453000,-199727000,-0.843303,-6.53985,-6.53985,30540000,30540000,,
0,2019-12-31,TISI,2020-03-16,2020-03-16 14:51:01,Q4,287807000,203642000,84165000,0.29243555577174984,0.0,79707000,0.0,123935000,81226000,284868000,-7055000.0,12358999.999999994,843999.999999995,0.002933,2939000.0,0.010212,-1144000.0,-4460000.0,-0.015496,2774000.0,-7234000.0,-0.025135,-0.23766,-0.23766,30439000,30439000,https://www.sec.gov/Archives/edgar/data/318833/000031883320000008/0000318833-20-000008-index.htm,https://www.sec.gov/Archives/edgar/data/318833/000031883320000008/a2019q410k.htm
0,2019-09-30,TISI,2019-11-08,2019-11-07 17:42:48,Q3,290079000,207044000,83035000,0.28624960786544357,0.0,84647000,0.0,122397000,84874999.99999997,291918999.99999994,-7747000.0,12050000.000000004,-5299999.999999996,-0.018271,-1840000.0,-0.006343,-16000.0,-9603000.0,-0.033105,-2546000.0,-7057000.0,-0.024328,-0.2329,-0.2329,30300000,30300000,https://www.sec.gov/Archives/edgar/data/318833/000031883319000056/0000318833-19-000056-index.htm,https://www.sec.gov/Archives/edgar/data/318833/000031883319000056/tisi-09302019x10q.htm
0,2019-06-30,TISI,2019-08-08,2019-08-08 16:15:30,Q2,315829000,221232000,94597000,0.29951967678712216,0.0,81593000,0.0,139639000,81592999.99999999,302825000,-7886000.0,12378999.999999998,9597999.999999998,0.03039,13004000,0.041174,-13000.0,5105000.0,0.016164,-997000.0,6102000.0,0.019321,0.20028,0.20028,30467000,30467000,https://www.sec.gov/Archives/edgar/data/318833/000031883319000041/0000318833-19-000041-index.htm,https://www.sec.gov/Archives/edgar/data/318833/000031883319000041/tisi-06302019x10q.htm
0,2019-03-31,TISI,2019-05-09,2019-05-09 17:32:07,Q1,269599000,203652000,65947000,0.24461144143709732,0.0,82267000,0.0,121385000,82475000.00000001,286127000,-7425000.0,12271000,-19049000,-0.070657,-16528000,-0.061306,58000.0,-23895000,-0.088632,333000.0,-24228000,-0.089867,-0.80151,-0.80151,30228000,30228000,https://www.sec.gov/Archives/edgar/data/318833/000031883319000025/0000318833-19-000025-index.htm,https://www.sec.gov/Archives/edgar/data/318833/000031883319000014/a2018q410k.htm
0,2018-12-31,TISI,2019-03-19,2019-03-19 17:20:45,Q4,309799000,224398000,85401000,0.2756658349445931,0.0,90073000,0.0,134325000,92342000.00000001,316740000,-7525000.0,16395999.999999994,-3030000.000000006,-0.009781,-6941000.0,-0.022405,765000.0,-13701000,-0.044225,-21932000,10031000,0.032379,0.33299,0.33299,30124000,30124000,https://www.sec.gov/Archives/edgar/data/318833/000031883319000014/0000318833-19-000014-index.htm,https://www.sec.gov/Archives/edgar/data/318833/000031883319000014/a2018q410k.htm
0,2018-09-30,TISI,2018-11-09,2018-11-09 16:15:21,Q3,290856000,220717000,70139000,0.2411468217949776,0.0,87786000,0.0,132931000,89833000,310550000,-8422000.0,16036000,-20225000,-0.069536,-19694000,-0.06771,277000.0,-27839000,-0.095714,-4313000.0,-23526000,-0.080885,-0.78365,-0.78365,30021000,30021000,https://www.sec.gov/Archives/edgar/data/318833/000031883318000063/0000318833-18-000063-index.htm,https://www.sec.gov/Archives/edgar/data/318833/000031883318000063/tisi-09302018x10q.htm
0,2018-06-30,TISI,2018-08-09,2018-08-09 16:34:38,Q2,343900000,246700000,97200000,0.2826403024134923,0.0,93200000,0.0,153533000,95400000.00000003,342100000.00000006,-37000000,15969999.999999998,-56430000,-0.164088,1800000.0,0.005234,-300000.0,-35400000,-0.102937,-4100000.0,-31300000,-0.091015,-1.04333,-1.04333,30000000,30000000,https://www.sec.gov/Archives/edgar/data/318833/000031883318000056/0000318833-18-000056-index.htm,https://www.sec.gov/Archives/edgar/data/318833/000031883318000056/tisi-06302018x10q.htm
0,2018-03-31,TISI,2018-05-10,2018-05-10 16:42:09,Q1,302400000,226900000,75500000,0.24966931216931218,0.0,89700000,0.0,137192000,89600000,316500000,-3500000.0,16460000,-4340000.0,-0.014352,-14100000,-0.046627,400000.0,-17200000,-0.056878,-5000000.0,-12300000,-0.040675,-0.41,-0.41,30000000,30000000,https://www.sec.gov/Archives/edgar/data/318833/000031883318000031/0000318833-18-000031-index.htm,https://www.sec.gov/Archives/edgar/data/318833/000031883318000013/a2017q410k.htm
0,2017-12-31,TISI,2018-03-15,2018-03-15 16:23:20,Q4,316300000,234700000,81600000,0.2579829276003794,0.0,82800000,0.0,42455000,83800000.00000001,318500000,-12500000,13450000.000000004,3150000.000000003,0.009959,-2200000.0,-0.006955,-500000.0,-15300000,-0.048372,-17500000,19700000,0.062283,0.65886,0.65886,29900000,29900000,https://www.sec.gov/Archives/edgar/data/318833/000031883318000013/0000318833-18-000013-index.htm,https://www.sec.gov/Archives/edgar/data/318833/000031883318000013/a2017q410k.htm
0,2017-09-30,TISI,2017-11-09,2017-11-09 16:51:47,Q3,285100000,216100000,69000000,0.24202034373903894,0.0,85200000,0.0,130947000,164299999.99999997,380400000,-200000.0,12669999.999999998,-83130000,-0.291582,-95400000,-0.334619,0.0,-95600000,-0.335321,-12100000,-83500000,-0.29288,-2.80201,-2.80201,29800000,29800000,https://www.sec.gov/Archives/edgar/data/318833/000031883317000055/0000318833-17-000055-index.htm,https://www.sec.gov/Archives/edgar/data/318833/000031883317000055/tisi-09302017x10q.htm
0,2017-06-30,TISI,2017-08-08,2017-08-08 17:28:56,Q2,312300000,227600000,84700000,0.271213576689081,0.0,91100000,0.0,136548000,91299999.99999999,318900000,-4400000.0,13059999.999999998,-2440000.000000001,-0.007813,-6700000.0,-0.021454,-7000.0,-11100000,-0.035543,-6075000.0,-11100000,-0.035543,-0.37248,-0.37248,29800000,29800000,https://www.sec.gov/Archives/edgar/data/318833/000031883317000040/0000318833-17-000040-index.htm,https://www.sec.gov/Archives/edgar/data/318833/000031883317000040/tisi-06302017x10q.htm
0,2017-03-31,TISI,2017-05-10,2017-05-10 15:56:38,Q1,286600000,211800000,74800000,0.26099092812281927,0.0,89300000,0.0,122437000,86800000.00000001,298600000,-3500000.0,12960000,-6140000.0,-0.021424,-12100000,-0.042219,7000.0,-15600000,-0.054431,-6100000.0,-9500000.0,-0.033147,-0.31879,-0.31879,29800000,29800000,https://www.sec.gov/Archives/edgar/data/318833/000031883317000018/0000318833-17-000018-index.htm,https://www.sec.gov/Archives/edgar/data/318833/000031883317000009/a2016q410k.htm
0,2016-12-31,TISI,2017-03-16,2017-03-15 20:28:10,Q4,319800000,232700000,87100000,0.27235772357723576,0.0,87400000,0.0,41142000,92800000.00000001,325500000,-3200000.0,13240000.000000002,140000.000000002,0.000438,-5700000.0,-0.017824,0.0,-8900000.0,-0.02783,-500000.0,-9400000.0,-0.029393,-0.31757,-0.31757,29600000,29600000,https://www.sec.gov/Archives/edgar/data/318833/000031883317000009/0000318833-17-000009-index.htm,https://www.sec.gov/Archives/edgar/data/318833/000031883317000009/a2016q410k.htm
0,2016-09-30,TISI,2016-11-04,2016-11-04 17:11:55,Q3,289600000,212900000,76700000,0.26484806629834257,0.0,80700000,0.0,132122000,80700000.00000001,293600000,-3200000.0,12540000,2440000.0,0.008425,-4000000.0,-0.013812,37000.0,-7200000.0,-0.024862,-2700000.0,-4200000.0,-0.014503,-0.14286,-0.14286,29400000,29400000,https://www.sec.gov/Archives/edgar/data/318833/000031883316000042/0000318833-16-000042-index.htm,https://www.sec.gov/Archives/edgar/data/318833/000031883316000042/tisi-09302016x10q.htm
0,2016-06-30,TISI,2016-08-09,2016-08-09 16:56:03,Q2,336400000,237700000,98700000,0.29340071343638524,0.0,82500000,0.0,155246000,84699999.99999999,322400000,-3200000.0,12820000,20820000,0.061891,14000000,0.041617,-29000.0,10800000,0.032105,3800000.0,7400000.0,0.021998,0.25085,0.25085,29500000,29500000,https://www.sec.gov/Archives/edgar/data/318833/000031883316000029/0000318833-16-000029-index.htm,https://www.sec.gov/Archives/edgar/data/318833/000031883316000029/tisi-06302016x10q.htm
0,2016-03-31,TISI,2016-05-10,2016-05-10 16:55:18,Q1,250900000,184900000,66000000,0.2630530091669988,0.0,73400000,0.0,111510000,73299999.99999999,258199999.99999997,-3000000.0,10070000,-3130000.0,-0.012475,-7400000.0,-0.029494,-10000.0,-10300000,-0.041052,-3800000.0,-6400000.0,-0.025508,-0.26891,-0.26891,23800000,23800000,https://www.sec.gov/Archives/edgar/data/318833/000031883316000008/0000318833-16-000008-index.htm,https://www.sec.gov/Archives/edgar/data/318833/000119312516505383/d244548d10kt.htm
0,2015-12-31,TISI,2016-03-15,2016-01-11 17:13:41,Q4,487408000,337977000,149431000,0.30658298591734234,0.0,109348000,0.0,228629000,337977000,675954000,0.0,-16728000,23355000,0.080579402764,40083000,0.0473594636513,0.0,37554000,0.038081393617,13622000,23932000,0.0256517188856,0.99592,0.99592,24030000,24030000,https://www.sec.gov/Archives/edgar/data/318833/000119312516505383/0001193125-16-505383-index.htm,https://www.sec.gov/Archives/edgar/data/318833/000119312516505383/d244548d10kt.htm
0,2015-11-30,TISI,2016-01-11,2016-01-11 17:13:41,Q4,280900000,196700000,84200000,0.299750800996796,0.0,64800000,0.0,131868000,64800000.00000001,261500000,-2500000.0,8660000.0,23060000,0.082093,19400000,0.069064,0.0,16900000,0.060164,5400000.0,11500000,0.04094,0.53738,0.53738,21400000,21400000,https://www.sec.gov/Archives/edgar/data/318833/000119312516426675/0001193125-16-426675-index.htm,https://www.sec.gov/Archives/edgar/data/318833/000119312516426675/d79189d10q.htm
0,2015-08-31,TISI,2015-10-08,2015-10-08 17:14:16,Q3,222700000,159600000,63100000,0.2833408172429277,0.0,58100000,0.0,101443000,58599999.99999999,218200000,-2200000.0,7880000.0,7880000.0,0.035384,4400000.0,0.019758,0.0,2200000.0,0.009879,800000.0,1400000.0,0.006286,0.06542,0.06542,21400000,21400000,https://www.sec.gov/Archives/edgar/data/318833/000119312515340421/0001193125-15-340421-index.htm,https://www.sec.gov/Archives/edgar/data/318833/000119312515283224/d933365d10k.htm
0,2015-05-31,TISI,2015-08-07,2015-08-07 17:04:11,Q2,238700000,162600000,76100000,0.3188102220360285,0.0,51100000,0.0,111534000,51099999.99999999,213700000,-700000.0,5939999.999999998,29439999.999999996,0.123335,25000000,0.104734,0.0,24300000,0.101801,8800000.0,15400000,0.064516,0.71296,0.71296,21600000,21600000,https://www.sec.gov/Archives/edgar/data/318833/000119312515283224/0001193125-15-283224-index.htm,https://www.sec.gov/Archives/edgar/data/318833/000119312515283224/d933365d10k.htm
0,2015-02-28,TISI,2015-04-08,2015-04-08 17:18:07,Q1,174600000,127900000,46700000,0.2674684994272623,0.0,43800000,0.0,84091000,43799999.99999998,171699999.99999997,-2400000.0,5690000.000000001,3790000.000000001,0.021707,2900000.0,0.016609,0.0,500000.0,0.002864,200000.0,300000.0,0.001718,0.01382,0.01382,21700000,21700000,https://www.sec.gov/Archives/edgar/data/318833/000119312515122977/0001193125-15-122977-index.htm,https://www.sec.gov/Archives/edgar/data/318833/000119312515122977/d873377d10q.htm
0,2014-11-30,TISI,2015-01-08,2015-01-08 16:49:27,Q4,240600000,161800000,78800000,0.32751454696591853,0.0,50200000,0.0,111609000,50099999.99999999,211900000,-1200000.0,5630000.0,31730000,0.131879,28700000,0.119285,0.0,27400000,0.113882,9900000.0,17400000,0.072319,0.79817,0.79817,21800000,21800000,https://www.sec.gov/Archives/edgar/data/318833/000119312515005140/0001193125-15-005140-index.htm,https://www.sec.gov/Archives/edgar/data/318833/000119312515005140/d833164d10q.htm
0,2014-08-31,TISI,2014-10-09,2014-10-09 15:39:01,Q3,188100000,131800000,56300000,0.2993088782562467,0.0,44500000,0.0,87292000,44500000,176300000,-800000.0,5530000.0,15730000,0.083626,11800000,0.062733,0.0,11000000,0.05848,4000000.0,7000000.0,0.037214,0.32864,0.32864,21300000,21300000,https://www.sec.gov/Archives/edgar/data/318833/000119312514367802/0001193125-14-367802-index.htm,https://www.sec.gov/Archives/edgar/data/318833/000119312514303174/d736747d10k.htm
0,2014-05-31,TISI,2014-08-08,2014-08-08 16:23:12,Q2,211500000,145100000,66400000,0.31394799054373523,0.0,46000000,0.0,99106000,46000000,191100000,-2600000.0,5489999.999999998,20589999.999999996,0.097352,20400000,0.096454,0.0,17900000,0.084634,5800000.0,11900000,0.056265,0.5,0.5,23800000,23800000,https://www.sec.gov/Archives/edgar/data/318833/000119312514303174/0001193125-14-303174-index.htm,https://www.sec.gov/Archives/edgar/data/318833/000119312514303174/d736747d10k.htm
0,2014-02-28,TISI,2014-04-08,2014-04-08 15:48:57,Q1,163200000,121500000,41700000,0.2555147058823529,0.0,40700000,0.0,80815000,40699999.99999999,162200000,-2500000.0,5290000.000000001,1190000.000000001,0.007292,1000000.0,0.006127,0.0,-1500000.0,-0.009191,-600000.0,-1000000.0,-0.006127,-0.04902,-0.04902,20400000,20400000,https://www.sec.gov/Archives/edgar/data/318833/000119312514135445/0001193125-14-135445-index.htm,https://www.sec.gov/Archives/edgar/data/318833/000119312514135445/d684755d10q.htm
0,2013-11-30,TISI,2014-01-08,2014-01-08 15:15:58,Q4,200500000,135700000,64800000,0.3231920199501247,0.0,43400000,0.0,92256000,40900000.00000001,176600000,-1000000.0,5310000.0,27010000,0.134713,23900000,0.119202,0.0,22900000,0.114214,8300000.0,14400000,0.07182,0.67925,0.67925,21200000,21200000,https://www.sec.gov/Archives/edgar/data/318833/000119312514005312/0001193125-14-005312-index.htm,https://www.sec.gov/Archives/edgar/data/318833/000119312514005312/d637546d10q.htm
0,2013-08-31,TISI,2013-10-08,2013-10-08 14:42:23,Q3,174300000,125300000,49000000,0.28112449799196787,0.0,41300000,0.0,83979000,40899999.99999999,166200000,-1000000.0,5380000.0,11480000,0.065863,8100000.0,0.046472,0.0,7100000.0,0.040734,2600000.0,4500000.0,0.025818,0.21028,0.21028,21400000,21400000,https://www.sec.gov/Archives/edgar/data/318833/000119312513393992/0001193125-13-393992-index.htm,https://www.sec.gov/Archives/edgar/data/318833/000119312513330880/d549462d10k.htm
0,2013-05-31,TISI,2013-08-12,2013-08-12 15:55:33,Q2,201200000,139100000,62100000,0.308648111332008,0.0,43100000,0.0,-246944000,43000000,182100000,-700000.0,5210000.000000001,22810000,0.11337,19100000,0.09493,0.0,18400000,0.091451,6800000.0,11500000,0.057157,0.54245,0.54245,21200000,21200000,https://www.sec.gov/Archives/edgar/data/318833/000119312513330880/0001193125-13-330880-index.htm,https://www.sec.gov/Archives/edgar/data/318833/000119312513330880/d549462d10k.htm
0,2013-02-28,TISI,2013-04-08,2013-04-08 15:28:15,Q1,151000000,112100000,38900000,0.2576158940397351,0.0,38300000,0.0,73806000,38300000.00000001,150400000,-1500000.0,4799999.999999999,2499999.999999999,0.016556,600000.0,0.003974,0.0,-900000.0,-0.00596,-300000.0,-500000.0,-0.003311,-0.02451,-0.02451,20400000,20400000,https://www.sec.gov/Archives/edgar/data/318833/000119312513145831/0001193125-13-145831-index.htm,https://www.sec.gov/Archives/edgar/data/318833/000119312513145831/d491072d10q.htm
0,2012-11-30,TISI,2013-01-08,2013-01-08 15:25:54,Q4,200600000,138200000,62400000,0.31106679960119643,0.0,39900000,0.0,98256000,39400000.00000001,177600000,-800000.0,5080000.0,26380000,0.131505,23000000,0.114656,0.0,22200000,0.110668,8200000.0,13900000,0.069292,0.6619,0.6619,21000000,21000000,https://www.sec.gov/Archives/edgar/data/318833/000119312513006751/0001193125-13-006751-index.htm,https://www.sec.gov/Archives/edgar/data/318833/000119312513006751/d449116d10q.htm
0,2012-08-31,TISI,2012-10-09,2012-10-09 11:35:43,Q3,161500000,112000000,49500000,0.3065015479876161,0.0,37100000,0.0,74882000,36699999.99999999,148700000,-700000.0,4570000.0,15970000,0.098885,12800000,0.079257,0.0,12200000,0.075542,4500000.0,7600000.0,0.047059,0.36364,0.36364,20900000,20900000,https://www.sec.gov/Archives/edgar/data/318833/000119312512418122/0001193125-12-418122-index.htm,https://www.sec.gov/Archives/edgar/data/318833/000119312512340842/d354625d10k.htm
0,2012-05-31,TISI,2012-08-07,2012-08-07 16:01:58,Q2,187900000,124300000,63600000,0.3384779137839276,0.0,39600000,0.0,-204277000,41000000.000000015,165300000,-500000.0,4559999.999999999,26060000,0.138691,22500000,0.119745,0.0,22000000,0.117084,8200000.0,13800000,0.073443,0.66346,0.66346,20800000,20800000,https://www.sec.gov/Archives/edgar/data/318833/000119312512340842/0001193125-12-340842-index.htm,https://www.sec.gov/Archives/edgar/data/318833/000119312512340842/d354625d10k.htm
0,2012-02-29,TISI,2012-04-09,2012-04-09 11:44:57,Q1,136500000,99900000,36600000,0.2681318681318681,0.0,31900000,0.0,66710000,33199999.99999999,133099999.99999999,-500000.0,4570000.0,6970000.0,0.051062,3500000.0,0.025641,0.0,2900000.0,0.021245,900000.0,2000000.0,0.014652,0.09662,0.09662,20700000,20700000,https://www.sec.gov/Archives/edgar/data/318833/000119312512154630/0001193125-12-154630-index.htm,https://www.sec.gov/Archives/edgar/data/318833/000119312512154630/d319734d10q.htm
0,2011-11-30,TISI,2012-01-06,2012-01-06 16:58:44,Q4,158300000,107800000,50500000,0.31901452937460517,0.0,33000000,0.0,74055000,33399999.99999999,141200000,-500000.0,4200000.0,20300000,0.128238,17100000,0.108023,0.0,16600000,0.104864,6200000.0,10400000,0.065698,0.50732,0.50732,20500000,20500000,https://www.sec.gov/Archives/edgar/data/318833/000119312512005309/0001193125-12-005309-index.htm,https://www.sec.gov/Archives/edgar/data/318833/000119312512005309/d270148d10q.htm
0,2011-08-31,TISI,2011-10-07,2011-10-07 12:37:04,Q3,141100000,96600000,44500000,0.31537916371367825,0.0,33100000,0.0,63512000,32700000.00000002,129300000.00000001,-900000.0,4140000.0,14140000,0.100213,11800000,0.083629,0.0,10900000,0.07725,4100000.0,6800000.0,0.048193,0.33171,0.33171,20500000,20500000,https://www.sec.gov/Archives/edgar/data/318833/000119312511266514/0001193125-11-266514-index.htm,https://www.sec.gov/Archives/edgar/data/318833/000119312511204994/d10k.htm
0,2011-05-31,TISI,2011-08-02,2011-08-01 19:44:42,Q2,161600000,110400000,51200000,0.31683168316831684,0.0,32700000,0.0,-157466000,32500000,142900000,1371000.0,3890000.0000000005,22861000,0.141467,18700000,0.115718,0.0,17700000,0.10953,6800000.0,10800000,0.066832,0.52683,0.52683,20500000,20500000,https://www.sec.gov/Archives/edgar/data/318833/000119312511204994/0001193125-11-204994-index.htm,https://www.sec.gov/Archives/edgar/data/318833/000119312511204994/d10k.htm
0,2011-02-28,TISI,2011-04-08,2011-04-08 16:04:46,Q1,108800000,78100000,30700000,0.2821691176470588,0.0,27600000,0.0,50467000,27500000,105600000,-525000.0,4239999.999999999,6414999.999999999,0.058961,3200000.0,0.029412,0.0,2800000.0,0.025735,-1200000.0,3900000.0,0.035846,0.19118,0.19118,20400000,20400000,https://www.sec.gov/Archives/edgar/data/318833/000119312511092572/0001193125-11-092572-index.htm,https://www.sec.gov/Archives/edgar/data/318833/000119312511092572/d10q.htm
0,2010-11-30,TISI,2011-01-07,2011-01-07 15:57:29,Q4,133100000,89400000,43700000,0.32832456799398946,0.0,30200000,0.0,59147000,29899999.99999999,119299999.99999999,-407000.0,3330000.0,16423000,0.123388,13800000,0.103681,0.0,13400000,0.100676,5400000.0,8100000.0,0.060856,0.40909,0.40909,19800000,19800000,https://www.sec.gov/Archives/edgar/data/318833/000119312511003706/0001193125-11-003706-index.htm,https://www.sec.gov/Archives/edgar/data/318833/000119312511003706/d10q.htm
0,2010-08-31,TISI,2010-10-08,2010-10-08 14:46:40,Q3,104500000,73000000,31500000,0.3014354066985646,0.0,25100000,0.0,47852000,24799999.999999996,97800000,-439000.0,3120000.0,8981000.0,0.085943,6700000.0,0.064115,0.0,6300000.0,0.060287,2500000.0,3800000.0,0.036364,0.19588,0.19588,19400000,19400000,https://www.sec.gov/Archives/edgar/data/318833/000119312510226805/0001193125-10-226805-index.htm,https://www.sec.gov/Archives/edgar/data/318833/000119312510181451/d10k.htm
0,2010-05-31,TISI,2010-08-06,2010-08-06 16:29:51,Q2,125500000,86900000,38600000,0.3075697211155379,0.0,28000000,0.0,57949000,28899999.99999999,115799999.99999999,-567000.0,3289999.999999999,12322999.999999998,0.098191,9700000.0,0.077291,0.0,9600000.0,0.076494,3900000.0,5700000.0,0.045418,0.29082,0.29082,19600000,19600000,https://www.sec.gov/Archives/edgar/data/318833/000119312510181451/0001193125-10-181451-index.htm,https://www.sec.gov/Archives/edgar/data/318833/000119312510181451/d10k.htm
0,2010-02-28,TISI,2010-04-08,2010-04-08 17:04:41,Q1,104100000,75600000,28500000,0.2737752161383285,0.0,25900000,0.0,49137000,26400000.000000007,102000000,-695000.0,3260000.000000001,1965000.0000000007,0.018876,2100000.0,0.020173,0.0,-700000.0,-0.006724,-200000.0,-400000.0,-0.003842,-0.02105,-0.02105,19000000,19000000,https://www.sec.gov/Archives/edgar/data/318833/000119312510079629/0001193125-10-079629-index.htm,https://www.sec.gov/Archives/edgar/data/318833/000119312510079629/d10q.htm
0,2009-11-30,TISI,2010-01-08,2010-01-08 15:35:05,Q4,123300000,83800000,39500000,0.32035685320356855,0.0,28200000,0.0,54441000,29200000.000000004,113000000,-697000.0,3010000.0,11813000,0.095807,10300000,0.083536,0.0,9600000.0,0.077859,3700000.0,5800000.0,0.04704,0.29744,0.29744,19500000,19500000,https://www.sec.gov/Archives/edgar/data/318833/000119312510003475/0001193125-10-003475-index.htm,https://www.sec.gov/Archives/edgar/data/318833/000119312510003475/d10q.htm
0,2009-08-31,TISI,2009-10-09,2009-10-09 16:51:02,Q3,100900000,71500000,29400000,0.29137760158572845,0.0,25900000,0.0,44474000,26799999.999999996,98300000,-805000.0,2950000.0,3945000.0,0.039098,2700000.0,0.026759,0.0,1900000.0,0.018831,700000.0,1100000.0,0.010902,0.0567,0.0567,19400000,19400000,https://www.sec.gov/Archives/edgar/data/318833/000119312509206379/0001193125-09-206379-index.htm,https://www.sec.gov/Archives/edgar/data/318833/000119312509171986/d10k.htm
0,2009-05-31,TISI,2009-08-11,2009-08-11 17:29:54,Q2,121200000,83300000,37900000,0.3127062706270627,0.0,28300000,0.0,-168775000,28200000.000000004,111500000,3966000.0,3080000.0,15946000,0.131568,9700000.0,0.080033,0.0,8800000.0,0.072607,3300000.0,5600000.0,0.046205,0.28718,0.28718,19500000,19500000,https://www.sec.gov/Archives/edgar/data/318833/000119312509171986/0001193125-09-171986-index.htm,https://www.sec.gov/Archives/edgar/data/318833/000119312509171986/d10k.htm
0,2009-02-28,TISI,2009-04-08,2009-04-08 17:27:12,Q1,104300000,74300000,30000000,0.28763183125599234,0.0,26600000,0.0,47669000,26500000,100800000,-1141000.0,3099999.9999999986,4258999.999999999,0.040834,3500000.0,0.033557,0.0,2300000.0,0.022052,100000.0,2200000.0,0.021093,0.11224,0.11224,19600000,19600000,https://www.sec.gov/Archives/edgar/data/318833/000119312509075711/0001193125-09-075711-index.htm,https://www.sec.gov/Archives/edgar/data/318833/000119312509075711/d10q.htm
0,2008-11-30,TISI,2009-01-08,2009-01-08 16:38:53,Q4,148800000,98700000,50100000,0.33669354838709675,0.0,32100000,0.0,66535000,31700000.000000004,130400000,-1378000.0,3030000.0,18652000,0.125349,18400000,0.123656,0.0,17000000,0.114247,6800000.0,10200000,0.068548,0.50246,0.50246,20300000,20300000,https://www.sec.gov/Archives/edgar/data/318833/000119312509003245/0001193125-09-003245-index.htm,https://www.sec.gov/Archives/edgar/data/318833/000119312509003245/d10q.htm
0,2008-08-31,TISI,2008-10-09,2008-10-09 15:57:19,Q3,123300000,84200000,39100000,0.3171127331711273,0.0,29700000,0.0,54571000,29399999.99999999,113599999.99999999,-1447000.0,2910000.0,9763000.0,0.079181,9700000.0,0.07867,0.0,8300000.0,0.067315,3300000.0,5000000.0,0.040552,0.25126,0.25126,19900000,19900000,https://www.sec.gov/Archives/edgar/data/318833/000119312508208516/0001193125-08-208516-index.htm,https://www.sec.gov/Archives/edgar/data/318833/000119312508161503/d10k.htm
0,2008-05-31,TISI,2008-07-30,2008-07-30 17:17:13,Q2,143900000,96000000,47900000,0.3328700486448923,0.0,30800000,0.0,-147882000,30799999.999999996,126800000,5085000.0,3269999.9999999995,24055000,0.167165,17000000,0.118138,0.0,15600000,0.108409,6300000.0,9400000.0,0.065323,0.47475,0.47475,19800000,19800000,https://www.sec.gov/Archives/edgar/data/318833/000119312508161503/0001193125-08-161503-index.htm,https://www.sec.gov/Archives/edgar/data/318833/000119312508161503/d10k.htm
0,2008-02-29,TISI,2008-04-09,2008-04-09 16:43:25,Q1,108800000,75200000,33600000,0.3088235294117647,0.0,27100000,0.0,46637000,27099999.999999993,102300000,-1621000.0,3079999.999999999,6358999.999999999,0.058447,6500000.0,0.059743,0.0,4900000.0,0.045037,2000000.0,2900000.0,0.026654,0.14646,0.14646,19800000,19800000,https://www.sec.gov/Archives/edgar/data/318833/000119312508078133/0001193125-08-078133-index.htm,https://www.sec.gov/Archives/edgar/data/318833/000119312508078133/d10q.htm
0,2007-11-30,TISI,2008-01-09,2008-01-09 12:40:48,Q4,122300000,80500000,41800000,0.3417825020441537,0.0,27300000,0.0,54600000,27299999.999999996,107800000,-1710000.0,2660000.0000000005,13750000,0.112428,14600000,0.119379,0.0,12800000,0.104661,5000000.0,7800000.0,0.063778,0.39594,0.39594,19700000,19700000,https://www.sec.gov/Archives/edgar/data/318833/000119312508003647/0001193125-08-003647-index.htm,https://www.sec.gov/Archives/edgar/data/318833/000119312508003647/d10q.htm
0,2007-08-31,TISI,2007-10-10,2007-10-10 17:05:02,Q3,103500000,71200000,32300000,0.3120772946859903,0.0,24500000,0.0,46645000,24500000,95700000,-1754000.0,2280000.0,6526000.0,0.063053,7800000.0,0.075362,0.0,6000000.0,0.057971,2500000.0,3500000.0,0.033816,0.17857,0.17857,19600000,19600000,https://www.sec.gov/Archives/edgar/data/318833/000119312507216266/0001193125-07-216266-index.htm,https://www.sec.gov/Archives/edgar/data/318833/000119312507180806/d10k.htm
0,2007-05-31,TISI,2007-08-13,2007-08-13 16:53:34,Q2,96100000,62300000,33800000,0.3517169614984391,0.0,22600000,0.0,37943000,22500000,84800000,-1037000.0,2360000.0000000005,11623000,0.120947,11300000,0.117586,0.0,10300000,0.10718,4200000.0,6100000.0,0.063476,0.32275,0.32275,18900000,18900000,https://www.sec.gov/Archives/edgar/data/318833/000119312507180806/0001193125-07-180806-index.htm,https://www.sec.gov/Archives/edgar/data/318833/000119312507180806/d10k.htm
0,2007-02-28,TISI,2007-04-09,2007-04-09 17:00:53,Q1,73300000,49200000,24100000,0.32878581173260574,0.0,19000000,0.0,30110000,19000000,68200000,-1047000.0,1980000.0,4933000.0,0.067299,5100000.0,0.069577,0.0,4000000.0,0.05457,1600000.0,2400000.0,0.032742,0.12565,0.12565,19100000,19100000,https://www.sec.gov/Archives/edgar/data/318833/000119312507077131/0001193125-07-077131-index.htm,https://www.sec.gov/Archives/edgar/data/318833/000119312507077131/d10q.htm
0,2006-11-30,TISI,2007-01-09,2007-01-09 16:59:08,Q4,83200000,52800000,30400000,0.36538461538461536,0.0,20100000,0.0,34451000,20100000.00000001,72900000.00000001,-1070000.0,1870000.0,10000000,0.120192,10300000,0.123798,0.0,9200000.0,0.110577,3700000.0,5500000.0,0.066106,0.29101,0.29101,18900000,18900000,https://www.sec.gov/Archives/edgar/data/318833/000119312507003828/0001193125-07-003828-index.htm,https://www.sec.gov/Archives/edgar/data/318833/000119312507003828/d10q.htm
0,2006-08-31,TISI,2006-10-10,2006-10-10 16:44:25,Q3,65700000,43900000,21800000,0.3318112633181126,0.0,18100000,0.0,25857000,18200000.000000004,62100000,-1050000.0,1570000.0,3120000.0,0.047489,3700000.0,0.056317,0.0,2700000.0,0.041096,1100000.0,1500000.0,0.022831,0.08065,0.08065,18600000,18600000,https://www.sec.gov/Archives/edgar/data/318833/000119312506205578/0001193125-06-205578-index.htm,https://www.sec.gov/Archives/edgar/data/318833/000119312506172757/d10k.htm
0,2006-05-31,TISI,2006-08-14,2006-08-14 16:45:51,Q2,76000000,48600000,27400000,0.3605263157894737,0.0,19600000,0.0,170709000,19600000,68200000,-3992000.0,1729999.9999999995,4337999.999999999,0.057079,7800000.0,0.102632,0.0,6600000.0,0.086842,2600000.0,4000000.0,0.052632,0.21053,0.21053,19000000,19000000,https://www.sec.gov/Archives/edgar/data/318833/000119312506172757/0001193125-06-172757-index.htm,https://www.sec.gov/Archives/edgar/data/318833/000119312506172757/d10k.htm
0,2006-02-28,TISI,2006-04-10,2006-04-10 15:37:34,Q1,62600000,41600000,21000000,0.3354632587859425,0.0,16200000,0.0,73490000000,16199999.999999996,57799999.99999999,1779000000,1580000.0,1784380000,28.504473,4800000.0,0.076677,0.0,3700000.0,0.059105,1500000.0,2300000.0,0.036741,0.12366,0.12366,18600000,18600000,https://www.sec.gov/Archives/edgar/data/318833/000119312506076804/0001193125-06-076804-index.htm,https://www.sec.gov/Archives/edgar/data/318833/000119312506076804/d10q.htm
0,2005-11-30,TISI,2006-01-09,2006-01-09 16:21:08,Q4,67000000,43600000,23400000,0.3492537313432836,0.0,16300000,0.0,26478000000,16400000,60000000,-1779000000,1630000.0,-1771270000,-26.436866,7100000.0,0.10597,0.0,6100000.0,0.091045,2300000.0,3800000.0,0.056716,0.20765,0.20765,18300000,18300000,https://www.sec.gov/Archives/edgar/data/318833/000119312506003461/0001193125-06-003461-index.htm,https://www.sec.gov/Archives/edgar/data/318833/000119312506003461/d10q.htm
0,2005-08-31,TISI,2005-10-17,2005-10-17 16:13:30,Q3,54200000,36900000,17300000,0.3191881918819188,0.0,15600000,0.0,22127000000,15600000.000000002,52500000,-800000.0,1410000.0,1410000.0,0.026015,1700000.0,0.031365,0.0,800000.0,0.01476,300000.0,500000.0,0.009225,0.02747,0.02747,18200000,18200000,https://www.sec.gov/Archives/edgar/data/318833/000119312505202509/0001193125-05-202509-index.htm,https://www.sec.gov/Archives/edgar/data/318833/000119312505168774/d10k.htm
0,2005-05-31,TISI,2005-08-15,2005-08-15 17:31:37,Q2,63200000,42100000,21100000,0.3338607594936709,0.0,17200000,0.0,44826000000,17100000,59200000,-993000000,729999.9999999995,-988970000,-15.648259,4000000.0,0.063291,0.0,3200000.0,0.050633,1500000.0,1800000.0,0.028481,0.09945,0.09945,18100000,18100000,https://www.sec.gov/Archives/edgar/data/318833/000119312505168774/0001193125-05-168774-index.htm,https://www.sec.gov/Archives/edgar/data/318833/000119312505168774/d10k.htm
0,2005-02-28,TISI,2005-04-15,2005-04-14 17:32:31,Q1,51700000,34400000,17300000,0.3346228239845261,0.0,15100000,0.0,62122000000,15100000.000000002,49500000,-906000000,1650000.0000000005,-902550000,-17.457447,2100000.0,0.040619,0.0,1400000.0,0.027079,500000.0,1300000.0,0.025145,0.07222,0.07222,18000000,18000000,https://www.sec.gov/Archives/edgar/data/318833/000119312505076674/0001193125-05-076674-index.htm,https://www.sec.gov/Archives/edgar/data/318833/000119312505076674/d10q.htm
0,2004-11-30,TISI,2005-01-14,2005-01-14 15:26:03,Q4,48400000,32000000,16400000,0.33884297520661155,0.0,13500000,0.0,30782000000,13500000,45500000,-1058000000,1590000.0,-1054110000,-21.779132,2900000.0,0.059917,0.0,2300000.0,0.047521,900000.0,1400000.0,0.028926,0.07778,0.07778,18000000,18000000,https://www.sec.gov/Archives/edgar/data/318833/000119312505006586/0001193125-05-006586-index.htm,https://www.sec.gov/Archives/edgar/data/318833/000119312505006586/d10q.htm
0,2004-08-31,TISI,2004-10-15,2004-10-15 17:27:52,Q3,29800000,19800000,10000000,0.33557046979865773,0.0,9500000.0,0.0,11400000000,9500000.0,29300000,-200000.0,1170000.0,1370000.0,0.045973,500000.0,0.016779,0.0,300000.0,0.010067,100000.0,300000.0,0.010067,0.01695,0.01695,17700000,17700000,https://www.sec.gov/Archives/edgar/data/318833/000119312504172481/0001193125-04-172481-index.htm,https://www.sec.gov/Archives/edgar/data/318833/000119312504146420/d10k.htm
0,2004-05-31,TISI,2004-08-25,2004-08-25 15:48:22,Q2,31800000,19400000,12400000,0.389937106918239,0.0,9300000.0,0.0,42929000,9300000.0,28700000,396000000,-149999.9999999997,398850000,12.542453,3100000.0,0.097484,10000.0,3000000.0,0.09434,1100000.0,1900000.0,0.059748,0.10857,0.10857,17500000,17500000,https://www.sec.gov/Archives/edgar/data/318833/000119312504146420/0001193125-04-146420-index.htm,https://www.sec.gov/Archives/edgar/data/318833/000119312504146420/d10k.htm
0,2004-02-29,TISI,2004-04-14,2004-04-14 16:05:57,Q1,25100000,15200000,9900000.0,0.3944223107569721,0.0,8200000.0,0.0,22056000000,8200000.0,23400000,-396000000,709999.9999999997,-393690000,-15.684861,1700000.0,0.067729,0.0,1600000.0,0.063745,600000.0,1000000.0,0.039841,0.05917,0.05917,16900000,16900000,https://www.sec.gov/Archives/edgar/data/318833/000119312504062290/0001193125-04-062290-index.htm,https://www.sec.gov/Archives/edgar/data/318833/000119312504062290/d10q.htm
0,2003-11-30,TISI,,,Q4,25800000,15600000,10200000,0.395349,0.0,7600000.0,0.0,0.0,7600000.0,23200000,-100000.0,640000.0,3040000.0,0.117829,2600000.0,0.100775,0.0,2500000.0,0.096899,900000.0,1600000.0,0.062016,0.09639,0.09639,16600000,16600000,,
0,2003-08-31,TISI,,,Q3,24900000,14800000,10100000,0.405622,0.0,7700000.0,0.0,0.0,7800000.000000001,22600000,-100000.0,660000.0,2860000.0,0.114859,2400000.0,0.096386,0.0,2200000.0,0.088353,900000.0,1400000.0,0.056225,0.08485,0.08485,16500000,16500000,,
0,2003-05-31,TISI,,,Q2,24900000,14800000,10100000,0.405622,0.0,7600000.0,0.0,200000.0,7800000.000000001,22600000,-100000.0,680000.0000000002,2780000.0,0.111647,2300000.0,0.092369,200000.0,2200000.0,0.088353,800000.0,1400000.0,0.056225,0.08642,0.08642,16200000,16200000,,
0,2003-02-28,TISI,2003-04-14 00:00:00,2003-04-14 17:25:18,Q1,21800000,13300000,8500000.0,0.389908,0.0,7400000.0,0.0,0.0,7500000.0,20800000,-100000.0,569999.9999999998,1269999.9999999998,0.058257,1000000.0,0.045872,0.0,900000.0,0.041284,300000.0,500000.0,0.022936,0.02976,0.02976,16800000,16800000,https://www.sec.gov/Archives/edgar/data/318833/000095012903002015/0000950129-03-002015-index.html,https://www.sec.gov/Archives/edgar/data/318833/000095012903002015/h04867e10vq.txt
0,2002-11-30,TISI,,,Q4,23200000,13600000,9600000.0,0.413793,0.0,7200000.0,0.0,0.0,7200000.000000001,20800000,-200000.0,700000.0000000001,2700000.0,0.116379,2400000.0,0.103448,0.0,2200000.0,0.094828,800000.0,1400000.0,0.060345,0.08235,0.08235,17000000,17000000,,
0,2002-08-31,TISI,2002-10-15 00:00:00,2002-10-15 14:50:42,Q3,22000000,13000000,9000000.0,0.409091,0.0,7000000.0,0.0,0.0,7000000.0,20000000,-200000.0,610000.0,2210000.0,0.100455,2000000.0,0.090909,0.0,1900000.0,0.086364,700000.0,1100000.0,0.05,0.06471,0.06471,17000000,17000000,https://www.sec.gov/Archives/edgar/data/318833/000095012902005026/0000950129-02-005026-index.html,https://www.sec.gov/Archives/edgar/data/318833/000095012902005026/h00405e10vq.txt
0,2002-05-31,TISI,,,Q2,24600000,14300000,10400000,0.422764,0.0,8000000.0,0.0,0.0,8000000.0,22300000,-200000.0,669999.9999999999,2670000.0,0.108537,2400000.0,0.097561,0.0,2200000.0,0.089431,900000.0,1300000.0,0.052846,0.07784,0.07784,16700000,16700000,,
0,2002-02-28,TISI,2002-04-11 00:00:00,2002-04-11 00:00:00,Q1,19000000,11200000,7900000.0,0.415789,0.0,6600000.0,0.0,200000.0,6800000.000000001,18000000,-200000.0,669999.9999999999,1270000.0,0.066842,1100000.0,0.057895,200000.0,800000.0,0.042105,300000.0,500000.0,0.026316,0.0303,0.0303,16500000,16500000,https://www.sec.gov/Archives/edgar/data/318833/000095012902001872/0000950129-02-001872-index.html,https://www.sec.gov/Archives/edgar/data/318833/000095012902001872/h95969e10-q.txt
0,2001-11-30,TISI,2002-01-14 00:00:00,2002-01-14 00:00:00,Q4,21600000,12600000,9000000.0,0.416667,0.0,6700000.0,0.0,0.0,6700000.000000001,19300000,-300000.0,690000.0000000001,2390000.0,0.110648,2300000.0,0.106481,0.0,2000000.0,0.092593,800000.0,1200000.0,0.055556,0.07317,0.07317,16400000,16400000,https://www.sec.gov/Archives/edgar/data/318833/000095012902000169/0000950129-02-000169-index.html,https://www.sec.gov/Archives/edgar/data/318833/000095012902000169/h93420e10-q.txt
0,2001-08-31,TISI,2001-10-15 00:00:00,2001-10-15 00:00:00,Q3,19800000,11600000,8200000.0,0.414141,0.0,6600000.0,0.0,0.0,6700000.000000001,18300000,-200000.0,660000.0,1760000.0,0.088889,1500000.0,0.075758,0.0,1300000.0,0.065657,500000.0,800000.0,0.040404,0.05,0.05,16000000,16000000,https://www.sec.gov/Archives/edgar/data/318833/000095012901503481/0000950129-01-503481-index.html,https://www.sec.gov/Archives/edgar/data/318833/000095012901503481/h91308e10-q.txt
0,2001-05-31,TISI,,,Q2,20700000,11900000,8800000.0,0.425121,0.0,6700000.0,0.0,300000.0,6999999.999999998,18899999.999999996,0.0,609999.9999999999,2310000.0,0.111594,1700000.0,0.082126,300000.0,1700000.0,0.082126,700000.0,1000000.0,0.048309,0.06289,0.06289,15900000,15900000,,
0,2001-02-28,TISI,2001-04-16 00:00:00,2001-04-16 00:00:00,Q1,18700000,11300000,7300000.0,0.390374,0.0,6300000.0,0.0,100000.0,6399999.999999999,17700000,-400000.0,690000.0000000002,890000.0000000002,0.047594,1000000.0,0.053476,100000.0,600000.0,0.032086,0.0,600000.0,0.032086,0.03727,0.03727,16100000,16100000,https://www.sec.gov/Archives/edgar/data/318833/000095012901002132/0000950129-01-002132-index.html,https://www.sec.gov/Archives/edgar/data/318833/000095012901002132/h86033e10-q.txt
0,2000-11-30,TISI,2001-01-11 00:00:00,2001-01-11 00:00:00,Q4,19500000,11600000,7900000.0,0.405128,0.0,6300000.0,0.0,-400000.0,5900000.0,17500000,-500000.0,750000.0,1850000.0,0.094872,2000000.0,0.102564,-400000.0,1600000.0,0.082051,700000.0,900000.0,0.046154,0.05488,0.05488,16400000,16400000,https://www.sec.gov/Archives/edgar/data/318833/000095012901000192/0000950129-01-000192-index.html,https://www.sec.gov/Archives/edgar/data/318833/000095012901000192/h83178e10-q.txt
0,2000-08-31,TISI,2000-10-10 00:00:00,2000-10-10 00:00:00,Q3,16800000,10200000,6600000.0,0.392857,0.0,5800000.0,0.0,0.0,5800000.000000001,16000000.000000002,-400000.0,720000.0,620000.0,0.036905,800000.0,0.047619,0.0,400000.0,0.02381,100000.0,200000.0,0.011905,0.01205,0.01205,16600000,16600000,https://www.sec.gov/Archives/edgar/data/318833/000095012900004922/0000950129-00-004922-index.html,https://www.sec.gov/Archives/edgar/data/318833/000095012900004922/h80840e10-q.txt
0,2000-05-31,TISI,,,Q2,18400000,10500000,7900000.0,0.429348,0.0,6500000.0,0.0,0.0,6199999.999999999,16699999.999999998,-400000.0,739999.9999999998,1539999.9999999998,0.083696,1600000.0,0.086957,0.0,1300000.0,0.070652,500000.0,700000.0,0.038043,0.04242,0.04242,16500000,16500000,,
0,2000-02-29,TISI,2000-04-12 00:00:00,2000-04-12 00:00:00,Q1,16500000,9800000.0,6700000.0,0.406061,0.0,5800000.0,0.0,0.0,5799999.999999999,15599999.999999998,-400000.0,710000.0000000002,910000.0000000002,0.055152,900000.0,0.054545,0.0,500000.0,0.030303,200000.0,400000.0,0.024242,0.02424,0.02424,16500000,16500000,https://www.sec.gov/Archives/edgar/data/318833/000095012900001805/0000950129-00-001805-index.html,https://www.sec.gov/Archives/edgar/data/318833/0000950129-00-001805.txt
0,1999-11-30,TISI,,,Q4,16300000,9100000.0,7300000.0,0.447853,0.0,6200000.0,0.0,0.0,6200000.000000001,15300000.000000002,-400000.0,740000.0,1040000.0,0.063804,1100000.0,0.067485,0.0,700000.0,0.042945,300000.0,400000.0,0.02454,0.0241,0.0241,16600000,16600000,,
0,1999-08-31,TISI,1999-10-14 00:00:00,1999-10-14 00:00:00,Q3,15400000,8900000.0,6500000.0,0.422078,0.0,6000000.0,0.0,0.0,6100000.0,15000000,-400000.0,770000.0,370000.0,0.024026,500000.0,0.032468,0.0,100000.0,0.006494,0.0,0.0,0.0,0.0,0.0,16700000,16700000,https://www.sec.gov/Archives/edgar/data/318833/000095012999004507/0000950129-99-004507-index.html,https://www.sec.gov/Archives/edgar/data/318833/0000950129-99-004507.txt
0,1999-05-31,TISI,,,Q2,15000000,8600000.0,6300000.0,0.42,0.0,5100000.0,0.0,0.0,5500000.0,14100000,0.0,540000.0,1340000.0,0.089333,800000.0,0.053333,0.0,800000.0,0.053333,400000.0,400000.0,0.026667,0.02424,0.02424,16500000,16500000,,
0,1999-02-28,TISI,1999-04-14 00:00:00,1999-04-14 00:00:00,Q1,14400000,8600000.0,5800000.0,0.402778,0.0,5100000.0,0.0,0.0,6500000.0,15100000,0.0,649999.9999999999,-150000.0000000001,-0.010417,-700000.0,-0.048611,0.0,-700000.0,-0.048611,-200000.0,-600000.0,-0.041667,-0.03974,-0.03974,15100000,15100000,https://www.sec.gov/Archives/edgar/data/318833/000095012999001575/0000950129-99-001575-index.html,https://www.sec.gov/Archives/edgar/data/318833/0000950129-99-001575.txt
0,1998-11-30,TISI,,,Q4,13900000,8100000.0,5800000.0,0.417266,0.0,5300000.0,0.0,0.0,5600000.0,13700000,0.0,640000.0,840000.0,0.060432,200000.0,0.014388,0.0,200000.0,0.014388,100000.0,100000.0,0.007194,0.00649,0.00649,15400000,15400000,,
0,1998-08-31,TISI,1998-10-15 00:00:00,1998-10-15 00:00:00,Q3,11400000,6500000.0,4900000.0,0.429825,0.0,4200000.0,0.0,0.0,4300000.000000001,10800000.000000002,0.0,400000.0,900000.0,0.078947,500000.0,0.04386,0.0,500000.0,0.04386,200000.0,300000.0,0.026316,0.02,0.02,15000000,15000000,https://www.sec.gov/Archives/edgar/data/318833/000095012998004307/0000950129-98-004307-index.html,https://www.sec.gov/Archives/edgar/data/318833/0000950129-98-004307.txt
0,1998-05-31,TISI,,,Q2,12000000,6600000.0,5500000.0,0.458333,0.0,4600000.0,0.0,0.0,4600000.0,11200000,0.0,379999.9999999999,1180000.0,0.098333,800000.0,0.066667,0.0,800000.0,0.066667,400000.0,400000.0,0.033333,0.032,0.032,12500000,12500000,,
0,1998-02-28,TISI,1998-04-02 00:00:00,1998-04-02 00:00:00,Q1,11500000,6700000.0,4700000.0,0.408696,0.0,4000000.0,0.0,0.0,4200000.0,10900000,0.0,370000.0000000001,970000.0000000001,0.084348,600000.0,0.052174,0.0,600000.0,0.052174,300000.0,300000.0,0.026087,0.02419,0.02419,12400000,12400000,https://www.sec.gov/Archives/edgar/data/318833/000095012998001457/0000950129-98-001457-index.html,https://www.sec.gov/Archives/edgar/data/318833/0000950129-98-001457.txt
0,1997-11-30,TISI,1998-01-13 00:00:00,1998-01-13 00:00:00,Q4,11700000,6600000.0,5100000.0,0.435897,0.0,4200000.0,0.0,0.0,4300000.000000001,10900000.000000002,0.0,360000.0,1160000.0,0.099145,800000.0,0.068376,0.0,800000.0,0.068376,300000.0,500000.0,0.042735,0.04032,0.04032,12400000,12400000,https://www.sec.gov/Archives/edgar/data/318833/000095012998000096/0000950129-98-000096-index.html,https://www.sec.gov/Archives/edgar/data/318833/0000950129-98-000096.txt
0,1997-08-31,TISI,1997-10-03 00:00:00,1997-10-03 00:00:00,Q3,10200000,6100000.0,4200000.0,0.411765,0.0,3800000.0,0.0,0.0,3900000.0000000005,10000000,0.0,360000.0,660000.0,0.064706,300000.0,0.029412,0.0,300000.0,0.029412,200000.0,100000.0,0.009804,0.00855,0.00855,11700000,11700000,https://www.sec.gov/Archives/edgar/data/318833/000095012997004071/0000950129-97-004071-index.html,https://www.sec.gov/Archives/edgar/data/318833/0000950129-97-004071.txt
0,1997-05-31,TISI,,,Q2,10900000,6200000.0,4700000.0,0.431193,0.0,3900000.0,0.0,0.0,4200000.0,10400000,0.0,339999.9999999999,839999.9999999999,0.077064,500000.0,0.045872,0.0,500000.0,0.045872,300000.0,200000.0,0.018349,0.01942,0.01942,10300000,10300000,,
0,1997-02-28,TISI,1997-04-14 00:00:00,1997-04-14 00:00:00,Q1,11300000,6400000.0,4900000.0,0.433628,0.0,4300000.0,0.0,0.0,4500000.0,10900000,0.0,330000.00000000006,730000.0000000001,0.064602,400000.0,0.035398,0.0,400000.0,0.035398,200000.0,200000.0,0.017699,0.01942,0.01942,10300000,10300000,https://www.sec.gov/Archives/edgar/data/318833/000095012997001546/0000950129-97-001546-index.html,https://www.sec.gov/Archives/edgar/data/318833/0000950129-97-001546.txt
0,1996-11-30,TISI,1997-01-13 00:00:00,1997-01-13 00:00:00,Q4,11300000,6300000.0,5000000.0,0.442478,0.0,4200000.0,0.0,0.0,4399999.999999999,10700000,0.0,350000.0,950000.0,0.084071,600000.0,0.053097,0.0,600000.0,0.053097,300000.0,300000.0,0.026549,0.02913,0.02913,10300000,10300000,https://www.sec.gov/Archives/edgar/data/318833/000095012997000113/0000950129-97-000113-index.html,https://www.sec.gov/Archives/edgar/data/318833/0000950129-97-000113.txt
0,1996-08-31,TISI,1996-10-10 00:00:00,1996-10-10 00:00:00,Q3,10200000,5700000.0,4400000.0,0.431373,0.0,4200000.0,0.0,0.0,4399999.999999999,10100000,0.0,370000.0,370000.0,0.036275,0.0,0.0,0.0,0.0,0.0,0.0,0.0,0.0,0.0,0.0,10300000,10300000,https://www.sec.gov/Archives/edgar/data/318833/000095012996002454/0000950129-96-002454-index.html,https://www.sec.gov/Archives/edgar/data/318833/0000950129-96-002454.txt
0,1996-05-31,TISI,,,Q2,12100000,7100000.0,5000000.0,0.413223,0.0,4400000.0,0.0,0.0,6400000.0,13500000,0.0,409999.9999999999,-990000.0000000001,-0.081818,-1400000.0,-0.115702,0.0,-1400000.0,-0.115702,-400000.0,-1000000.0,-0.082645,-0.09709,-0.09709,10300000,10300000,,
0,1996-02-29,TISI,1996-04-15 00:00:00,1996-04-15 00:00:00,Q1,11700000,6800000.0,4900000.0,0.418803,0.0,7200000.0,0.0,0.0,13500000,20300000,0.0,500000.0,-8300000.0,-0.709402,-8600000.0,-0.735043,0.0,-8600000.0,-0.735043,-1100000.0,-7700000.0,-0.65812,-0.74757,-0.74757,10300000,10300000,https://www.sec.gov/Archives/edgar/data/318833/000095012996000606/0000950129-96-000606-index.html,https://www.sec.gov/Archives/edgar/data/318833/0000950129-96-000606.txt
0,1995-11-30,TISI,1996-01-16 00:00:00,1996-01-16 00:00:00,Q4,11500000,7000000.0,4400000.0,0.382609,0.0,4600000.0,0.0,0.0,5000000.0,12000000,0.0,530000.0,-70000.0,-0.006087,-500000.0,-0.043478,0.0,-500000.0,-0.043478,-100000.0,-500000.0,-0.043478,-0.04854,-0.04854,10300000,10300000,https://www.sec.gov/Archives/edgar/data/318833/000095012996000040/0000950129-96-000040-index.html,https://www.sec.gov/Archives/edgar/data/318833/0000950129-96-000040.txt
0,1995-08-31,TISI,1995-10-13 00:00:00,1995-10-13 00:00:00,Q3,12100000,6600000.0,5500000.0,0.454545,0.0,4800000.0,0.0,0.0,5200000.000000001,11800000.000000002,0.0,550000.0,750000.0,0.061983,400000.0,0.033058,0.0,400000.0,0.033058,200000.0,0.0,0.0,0.02,0.02,10300000,10300000,https://www.sec.gov/Archives/edgar/data/318833/000095012995001316/0000950129-95-001316-index.html,https://www.sec.gov/Archives/edgar/data/318833/0000950129-95-001316.txt
0,1995-05-31,TISI,,,Q2,13400000,6900000.0,6500000.0,0.485075,0.0,5200000.0,0.0,0.0,6299999.999999999,13199999.999999998,0.0,-510000.0000000002,-110000.0000000002,-0.008209,100000.0,0.007463,0.0,100000.0,0.007463,100000.0,300000.0,0.022388,0.02913,0.02913,10300000,10300000,,
