,date,symbol,fillingDate,acceptedDate,period,revenue,costOfRevenue,grossProfit,grossProfitRatio,researchAndDevelopmentExpenses,generalAndAdministrativeExpenses,sellingAndMarketingExpenses,otherExpenses,operatingExpenses,costAndExpenses,interestExpense,depreciationAndAmortization,ebitda,ebitdaratio,operatingIncome,operatingIncomeRatio,totalOtherIncomeExpensesNet,incomeBeforeTax,incomeBeforeTaxRatio,incomeTaxExpense,netIncome,netIncomeRatio,eps,epsdiluted,weightedAverageShsOut,weightedAverageShsOutDil,link,finalLink
0,2019-09-31,GLO.PA,,2019-09-31,Q3,293218750,19389750,273829000,1.0708097024055159,0.0,51526750,0.0,0.0,6737500.0,261634000,4099750.0,13034750,45308500,6.47160576933688,31584750,9.28355456351562,0.0,27474250,10.672493334667916,8386000.0,13769500,21.29480010167399,0.4675,0.46,29522559,29853124,https://www.infogreffe.com/recherche-entreprise-dirigeants/resultats-entreprise-dirigeants.html?ga_cat=globale&ga_q=G.L.O#phrase=G.L.O,https://www.infogreffe.com/recherche-entreprise-dirigeants/resultats-entreprise-dirigeants.html?ga_cat=globale&ga_q=G.L.O#phrase=G.L.O
0,2019-06-31,GLO.PA,,2019-06-31,Q2,293218750,19389750,273829000,1.0708097024055159,0.0,51526750,0.0,0.0,6737500.0,261634000,4099750.0,13034750,45308500,6.47160576933688,31584750,9.28355456351562,0.0,27474250,10.672493334667916,8386000.0,13769500,21.29480010167399,0.4675,0.46,29522559,29853124,https://www.infogreffe.com/recherche-entreprise-dirigeants/resultats-entreprise-dirigeants.html?ga_cat=globale&ga_q=G.L.O#phrase=G.L.O,https://www.infogreffe.com/recherche-entreprise-dirigeants/resultats-entreprise-dirigeants.html?ga_cat=globale&ga_q=G.L.O#phrase=G.L.O
0,2019-03-31,GLO.PA,,2019-03-31,Q1,293218750,19389750,273829000,1.0708097024055159,0.0,51526750,0.0,0.0,6737500.0,261634000,4099750.0,13034750,45308500,6.47160576933688,31584750,9.28355456351562,0.0,27474250,10.672493334667916,8386000.0,13769500,21.29480010167399,0.4675,0.46,29522559,29853124,https://www.infogreffe.com/recherche-entreprise-dirigeants/resultats-entreprise-dirigeants.html?ga_cat=globale&ga_q=G.L.O#phrase=G.L.O,https://www.infogreffe.com/recherche-entreprise-dirigeants/resultats-entreprise-dirigeants.html?ga_cat=globale&ga_q=G.L.O#phrase=G.L.O
0,2019-01-31,GLO.PA,,2019-01-31,Q1,293218750,19389750,273829000,1.0708097024055159,0.0,51526750,0.0,0.0,6737500.0,261634000,4099750.0,13034750,45308500,6.47160576933688,31584750,9.28355456351562,0.0,27474250,10.672493334667916,8386000.0,13769500,21.29480010167399,0.4675,0.46,29522559,29853124,https://www.infogreffe.com/recherche-entreprise-dirigeants/resultats-entreprise-dirigeants.html?ga_cat=globale&ga_q=G.L.O#phrase=G.L.O,https://www.infogreffe.com/recherche-entreprise-dirigeants/resultats-entreprise-dirigeants.html?ga_cat=globale&ga_q=G.L.O#phrase=G.L.O
0,2018-09-31,GLO.PA,,2018-09-31,Q3,260122000,13903750,246218250,1.0564692097356716,0.0,41834500,0.0,0.0,8129250.0,238048000,4077250.0,12865750,35752000,7.2757328261356005,22074000,11.78408987949624,0.0,18612500,13.97566151779718,5449250.0,10559250,24.634514761938586,0.4225,0.41945175,24950013,25173930,https://www.infogreffe.com/recherche-entreprise-dirigeants/resultats-entreprise-dirigeants.html?ga_cat=globale&ga_q=G.L.O#phrase=G.L.O,https://www.infogreffe.com/recherche-entreprise-dirigeants/resultats-entreprise-dirigeants.html?ga_cat=globale&ga_q=G.L.O#phrase=G.L.O
0,2018-06-31,GLO.PA,,2018-06-31,Q2,260122000,13903750,246218250,1.0564692097356716,0.0,41834500,0.0,0.0,8129250.0,238048000,4077250.0,12865750,35752000,7.2757328261356005,22074000,11.78408987949624,0.0,18612500,13.97566151779718,5449250.0,10559250,24.634514761938586,0.4225,0.41945175,24950013,25173930,https://www.infogreffe.com/recherche-entreprise-dirigeants/resultats-entreprise-dirigeants.html?ga_cat=globale&ga_q=G.L.O#phrase=G.L.O,https://www.infogreffe.com/recherche-entreprise-dirigeants/resultats-entreprise-dirigeants.html?ga_cat=globale&ga_q=G.L.O#phrase=G.L.O
0,2018-03-31,GLO.PA,,2018-03-31,Q1,260122000,13903750,246218250,1.0564692097356716,0.0,41834500,0.0,0.0,8129250.0,238048000,4077250.0,12865750,35752000,7.2757328261356005,22074000,11.78408987949624,0.0,18612500,13.97566151779718,5449250.0,10559250,24.634514761938586,0.4225,0.41945175,24950013,25173930,https://www.infogreffe.com/recherche-entreprise-dirigeants/resultats-entreprise-dirigeants.html?ga_cat=globale&ga_q=G.L.O#phrase=G.L.O,https://www.infogreffe.com/recherche-entreprise-dirigeants/resultats-entreprise-dirigeants.html?ga_cat=globale&ga_q=G.L.O#phrase=G.L.O
0,2018-01-31,GLO.PA,,2018-01-31,Q1,260122000,13903750,246218250,1.0564692097356716,0.0,41834500,0.0,0.0,8129250.0,238048000,4077250.0,12865750,35752000,7.2757328261356005,22074000,11.78408987949624,0.0,18612500,13.97566151779718,5449250.0,10559250,24.634514761938586,0.4225,0.41945175,24950013,25173930,https://www.infogreffe.com/recherche-entreprise-dirigeants/resultats-entreprise-dirigeants.html?ga_cat=globale&ga_q=G.L.O#phrase=G.L.O,https://www.infogreffe.com/recherche-entreprise-dirigeants/resultats-entreprise-dirigeants.html?ga_cat=globale&ga_q=G.L.O#phrase=G.L.O
0,2017-09-31,GLO.PA,,2017-09-31,Q3,238459750,13689000,224770750,1.0609020524245258,0.0,39023750,0.0,0.0,6899250.0,217447500,4865500.0,10856000,32319000,7.378314613694731,21012250,11.348606170210234,0.0,16873750,14.131994962589822,5364250.0,8774250.0,27.177223124483575,0.36297175,0.36297175,24178230,24178230,https://www.infogreffe.com/recherche-entreprise-dirigeants/resultats-entreprise-dirigeants.html?ga_cat=globale&ga_q=G.L.O#phrase=G.L.O,https://www.infogreffe.com/recherche-entreprise-dirigeants/resultats-entreprise-dirigeants.html?ga_cat=globale&ga_q=G.L.O#phrase=G.L.O
0,2017-06-31,GLO.PA,,2017-06-31,Q2,238459750,13689000,224770750,1.0609020524245258,0.0,39023750,0.0,0.0,6899250.0,217447500,4865500.0,10856000,32319000,7.378314613694731,21012250,11.348606170210234,0.0,16873750,14.131994962589822,5364250.0,8774250.0,27.177223124483575,0.36297175,0.36297175,24178230,24178230,https://www.infogreffe.com/recherche-entreprise-dirigeants/resultats-entreprise-dirigeants.html?ga_cat=globale&ga_q=G.L.O#phrase=G.L.O,https://www.infogreffe.com/recherche-entreprise-dirigeants/resultats-entreprise-dirigeants.html?ga_cat=globale&ga_q=G.L.O#phrase=G.L.O
0,2017-03-31,GLO.PA,,2017-03-31,Q1,238459750,13689000,224770750,1.0609020524245258,0.0,39023750,0.0,0.0,6899250.0,217447500,4865500.0,10856000,32319000,7.378314613694731,21012250,11.348606170210234,0.0,16873750,14.131994962589822,5364250.0,8774250.0,27.177223124483575,0.36297175,0.36297175,24178230,24178230,https://www.infogreffe.com/recherche-entreprise-dirigeants/resultats-entreprise-dirigeants.html?ga_cat=globale&ga_q=G.L.O#phrase=G.L.O,https://www.infogreffe.com/recherche-entreprise-dirigeants/resultats-entreprise-dirigeants.html?ga_cat=globale&ga_q=G.L.O#phrase=G.L.O
0,2017-01-31,GLO.PA,,2017-01-31,Q1,238459750,13689000,224770750,1.0609020524245258,0.0,39023750,0.0,0.0,6899250.0,217447500,4865500.0,10856000,32319000,7.378314613694731,21012250,11.348606170210234,0.0,16873750,14.131994962589822,5364250.0,8774250.0,27.177223124483575,0.36297175,0.36297175,24178230,24178230,https://www.infogreffe.com/recherche-entreprise-dirigeants/resultats-entreprise-dirigeants.html?ga_cat=globale&ga_q=G.L.O#phrase=G.L.O,https://www.infogreffe.com/recherche-entreprise-dirigeants/resultats-entreprise-dirigeants.html?ga_cat=globale&ga_q=G.L.O#phrase=G.L.O
0,2016-09-31,GLO.PA,,2016-09-31,Q3,238252750,16458000,221794750,1.074203740169684,0.0,40352250,0.0,0.0,7084750.0,218543750,6074500.0,11131750,32156250,7.409220602526725,19709000,12.08852554670455,0.0,14980250,15.90445753575541,5674250.0,7965750.0,29.90964441515237,0.33877375,0.33877375,23446429,23446429,https://www.infogreffe.com/recherche-entreprise-dirigeants/resultats-entreprise-dirigeants.html?ga_cat=globale&ga_q=G.L.O#phrase=G.L.O,https://www.infogreffe.com/recherche-entreprise-dirigeants/resultats-entreprise-dirigeants.html?ga_cat=globale&ga_q=G.L.O#phrase=G.L.O
0,2016-06-31,GLO.PA,,2016-06-31,Q2,238252750,16458000,221794750,1.074203740169684,0.0,40352250,0.0,0.0,7084750.0,218543750,6074500.0,11131750,32156250,7.409220602526725,19709000,12.08852554670455,0.0,14980250,15.90445753575541,5674250.0,7965750.0,29.90964441515237,0.33877375,0.33877375,23446429,23446429,https://www.infogreffe.com/recherche-entreprise-dirigeants/resultats-entreprise-dirigeants.html?ga_cat=globale&ga_q=G.L.O#phrase=G.L.O,https://www.infogreffe.com/recherche-entreprise-dirigeants/resultats-entreprise-dirigeants.html?ga_cat=globale&ga_q=G.L.O#phrase=G.L.O
0,2016-03-31,GLO.PA,,2016-03-31,Q1,238252750,16458000,221794750,1.074203740169684,0.0,40352250,0.0,0.0,7084750.0,218543750,6074500.0,11131750,32156250,7.409220602526725,19709000,12.08852554670455,0.0,14980250,15.90445753575541,5674250.0,7965750.0,29.90964441515237,0.33877375,0.33877375,23446429,23446429,https://www.infogreffe.com/recherche-entreprise-dirigeants/resultats-entreprise-dirigeants.html?ga_cat=globale&ga_q=G.L.O#phrase=G.L.O,https://www.infogreffe.com/recherche-entreprise-dirigeants/resultats-entreprise-dirigeants.html?ga_cat=globale&ga_q=G.L.O#phrase=G.L.O
0,2016-01-31,GLO.PA,,2016-01-31,Q1,238252750,16458000,221794750,1.074203740169684,0.0,40352250,0.0,0.0,7084750.0,218543750,6074500.0,11131750,32156250,7.409220602526725,19709000,12.08852554670455,0.0,14980250,15.90445753575541,5674250.0,7965750.0,29.90964441515237,0.33877375,0.33877375,23446429,23446429,https://www.infogreffe.com/recherche-entreprise-dirigeants/resultats-entreprise-dirigeants.html?ga_cat=globale&ga_q=G.L.O#phrase=G.L.O,https://www.infogreffe.com/recherche-entreprise-dirigeants/resultats-entreprise-dirigeants.html?ga_cat=globale&ga_q=G.L.O#phrase=G.L.O
0,2015-09-31,GLO.PA,,2015-09-31,Q3,235605000,15693500,219911500,1.0713627982165552,0.0,37958500,0.0,0.0,6750250.0,218119750,3364250.0,10029500,27223250,8.654550797571929,17485250,13.474499935660056,0.0,14171500,16.625269025861765,4642500.0,7701000.0,30.59407869107908,0.336354,0.336354,22953164,22953164,https://www.infogreffe.com/recherche-entreprise-dirigeants/resultats-entreprise-dirigeants.html?ga_cat=globale&ga_q=G.L.O#phrase=G.L.O,https://www.infogreffe.com/recherche-entreprise-dirigeants/resultats-entreprise-dirigeants.html?ga_cat=globale&ga_q=G.L.O#phrase=G.L.O
0,2015-06-31,GLO.PA,,2015-06-31,Q2,235605000,15693500,219911500,1.0713627982165552,0.0,37958500,0.0,0.0,6750250.0,218119750,3364250.0,10029500,27223250,8.654550797571929,17485250,13.474499935660056,0.0,14171500,16.625269025861765,4642500.0,7701000.0,30.59407869107908,0.336354,0.336354,22953164,22953164,https://www.infogreffe.com/recherche-entreprise-dirigeants/resultats-entreprise-dirigeants.html?ga_cat=globale&ga_q=G.L.O#phrase=G.L.O,https://www.infogreffe.com/recherche-entreprise-dirigeants/resultats-entreprise-dirigeants.html?ga_cat=globale&ga_q=G.L.O#phrase=G.L.O
0,2015-03-31,GLO.PA,,2015-03-31,Q1,235605000,15693500,219911500,1.0713627982165552,0.0,37958500,0.0,0.0,6750250.0,218119750,3364250.0,10029500,27223250,8.654550797571929,17485250,13.474499935660056,0.0,14171500,16.625269025861765,4642500.0,7701000.0,30.59407869107908,0.336354,0.336354,22953164,22953164,https://www.infogreffe.com/recherche-entreprise-dirigeants/resultats-entreprise-dirigeants.html?ga_cat=globale&ga_q=G.L.O#phrase=G.L.O,https://www.infogreffe.com/recherche-entreprise-dirigeants/resultats-entreprise-dirigeants.html?ga_cat=globale&ga_q=G.L.O#phrase=G.L.O
0,2015-01-31,GLO.PA,,2015-01-31,Q1,235605000,15693500,219911500,1.0713627982165552,0.0,37958500,0.0,0.0,6750250.0,218119750,3364250.0,10029500,27223250,8.654550797571929,17485250,13.474499935660056,0.0,14171500,16.625269025861765,4642500.0,7701000.0,30.59407869107908,0.336354,0.336354,22953164,22953164,https://www.infogreffe.com/recherche-entreprise-dirigeants/resultats-entreprise-dirigeants.html?ga_cat=globale&ga_q=G.L.O#phrase=G.L.O,https://www.infogreffe.com/recherche-entreprise-dirigeants/resultats-entreprise-dirigeants.html?ga_cat=globale&ga_q=G.L.O#phrase=G.L.O
0,2014-09-31,GLO.PA,,2014-09-31,Q3,234845500,17083750,217761750,1.078451564611324,0.0,39567500,0.0,0.0,9586500.0,217795250,3633750.0,8837750.0,24986750,9.398801364723303,17050250,13.773727657952229,0.0,13921250,16.869569902128042,4830500.0,7693500.0,30.525183596542536,0.3290945,0.3290945,23404625,23404625,https://www.infogreffe.com/recherche-entreprise-dirigeants/resultats-entreprise-dirigeants.html?ga_cat=globale&ga_q=G.L.O#phrase=G.L.O,https://www.infogreffe.com/recherche-entreprise-dirigeants/resultats-entreprise-dirigeants.html?ga_cat=globale&ga_q=G.L.O#phrase=G.L.O
0,2014-06-31,GLO.PA,,2014-06-31,Q2,234845500,17083750,217761750,1.078451564611324,0.0,39567500,0.0,0.0,9586500.0,217795250,3633750.0,8837750.0,24986750,9.398801364723303,17050250,13.773727657952229,0.0,13921250,16.869569902128042,4830500.0,7693500.0,30.525183596542536,0.3290945,0.3290945,23404625,23404625,https://www.infogreffe.com/recherche-entreprise-dirigeants/resultats-entreprise-dirigeants.html?ga_cat=globale&ga_q=G.L.O#phrase=G.L.O,https://www.infogreffe.com/recherche-entreprise-dirigeants/resultats-entreprise-dirigeants.html?ga_cat=globale&ga_q=G.L.O#phrase=G.L.O
0,2014-03-31,GLO.PA,,2014-03-31,Q1,234845500,17083750,217761750,1.078451564611324,0.0,39567500,0.0,0.0,9586500.0,217795250,3633750.0,8837750.0,24986750,9.398801364723303,17050250,13.773727657952229,0.0,13921250,16.869569902128042,4830500.0,7693500.0,30.525183596542536,0.3290945,0.3290945,23404625,23404625,https://www.infogreffe.com/recherche-entreprise-dirigeants/resultats-entreprise-dirigeants.html?ga_cat=globale&ga_q=G.L.O#phrase=G.L.O,https://www.infogreffe.com/recherche-entreprise-dirigeants/resultats-entreprise-dirigeants.html?ga_cat=globale&ga_q=G.L.O#phrase=G.L.O
0,2014-01-31,GLO.PA,,2014-01-31,Q1,234845500,17083750,217761750,1.078451564611324,0.0,39567500,0.0,0.0,9586500.0,217795250,3633750.0,8837750.0,24986750,9.398801364723303,17050250,13.773727657952229,0.0,13921250,16.869569902128042,4830500.0,7693500.0,30.525183596542536,0.3290945,0.3290945,23404625,23404625,https://www.infogreffe.com/recherche-entreprise-dirigeants/resultats-entreprise-dirigeants.html?ga_cat=globale&ga_q=G.L.O#phrase=G.L.O,https://www.infogreffe.com/recherche-entreprise-dirigeants/resultats-entreprise-dirigeants.html?ga_cat=globale&ga_q=G.L.O#phrase=G.L.O
0,2013-09-31,GLO.PA,,2013-09-31,Q3,202283250,12648750,189634500,1.0667006794649707,0.0,34052500,0.0,0.0,6733250.0,189409250,2564000.0,8740500.0,21548000,9.387564971227029,12874000,15.712540779866398,0.0,7877250.0,25.67942492621156,4017500.0,2526000.0,80.08046318289786,0.1088915,0.10647175,23404625,23799798,https://www.infogreffe.com/recherche-entreprise-dirigeants/resultats-entreprise-dirigeants.html?ga_cat=globale&ga_q=G.L.O#phrase=G.L.O,https://www.infogreffe.com/recherche-entreprise-dirigeants/resultats-entreprise-dirigeants.html?ga_cat=globale&ga_q=G.L.O#phrase=G.L.O
0,2013-06-31,GLO.PA,,2013-06-31,Q2,202283250,12648750,189634500,1.0667006794649707,0.0,34052500,0.0,0.0,6733250.0,189409250,2564000.0,8740500.0,21548000,9.387564971227029,12874000,15.712540779866398,0.0,7877250.0,25.67942492621156,4017500.0,2526000.0,80.08046318289786,0.1088915,0.10647175,23404625,23799798,https://www.infogreffe.com/recherche-entreprise-dirigeants/resultats-entreprise-dirigeants.html?ga_cat=globale&ga_q=G.L.O#phrase=G.L.O,https://www.infogreffe.com/recherche-entreprise-dirigeants/resultats-entreprise-dirigeants.html?ga_cat=globale&ga_q=G.L.O#phrase=G.L.O
0,2013-03-31,GLO.PA,,2013-03-31,Q1,202283250,12648750,189634500,1.0667006794649707,0.0,34052500,0.0,0.0,6733250.0,189409250,2564000.0,8740500.0,21548000,9.387564971227029,12874000,15.712540779866398,0.0,7877250.0,25.67942492621156,4017500.0,2526000.0,80.08046318289786,0.1088915,0.10647175,23404625,23799798,https://www.infogreffe.com/recherche-entreprise-dirigeants/resultats-entreprise-dirigeants.html?ga_cat=globale&ga_q=G.L.O#phrase=G.L.O,https://www.infogreffe.com/recherche-entreprise-dirigeants/resultats-entreprise-dirigeants.html?ga_cat=globale&ga_q=G.L.O#phrase=G.L.O
0,2013-01-31,GLO.PA,,2013-01-31,Q1,202283250,12648750,189634500,1.0667006794649707,0.0,34052500,0.0,0.0,6733250.0,189409250,2564000.0,8740500.0,21548000,9.387564971227029,12874000,15.712540779866398,0.0,7877250.0,25.67942492621156,4017500.0,2526000.0,80.08046318289786,0.1088915,0.10647175,23404625,23799798,https://www.infogreffe.com/recherche-entreprise-dirigeants/resultats-entreprise-dirigeants.html?ga_cat=globale&ga_q=G.L.O#phrase=G.L.O,https://www.infogreffe.com/recherche-entreprise-dirigeants/resultats-entreprise-dirigeants.html?ga_cat=globale&ga_q=G.L.O#phrase=G.L.O
0,2012-09-31,GLO.PA,,2012-09-31,Q3,206060000,12956250,193103750,1.067094761235864,0.0,33085250,0.0,0.0,5700500.0,192920500,2079500.0,8495000.0,21990000,9.3706230104593,13139500,15.68248411278968,0.0,11309250,18.220483232751953,3582250.0,7061500.0,29.18076895843659,0.3024765,0.295217,23404625,23993290,https://www.infogreffe.com/recherche-entreprise-dirigeants/resultats-entreprise-dirigeants.html?ga_cat=globale&ga_q=G.L.O#phrase=G.L.O,https://www.infogreffe.com/recherche-entreprise-dirigeants/resultats-entreprise-dirigeants.html?ga_cat=globale&ga_q=G.L.O#phrase=G.L.O
0,2012-06-31,GLO.PA,,2012-06-31,Q2,206060000,12956250,193103750,1.067094761235864,0.0,33085250,0.0,0.0,5700500.0,192920500,2079500.0,8495000.0,21990000,9.3706230104593,13139500,15.68248411278968,0.0,11309250,18.220483232751953,3582250.0,7061500.0,29.18076895843659,0.3024765,0.295217,23404625,23993290,https://www.infogreffe.com/recherche-entreprise-dirigeants/resultats-entreprise-dirigeants.html?ga_cat=globale&ga_q=G.L.O#phrase=G.L.O,https://www.infogreffe.com/recherche-entreprise-dirigeants/resultats-entreprise-dirigeants.html?ga_cat=globale&ga_q=G.L.O#phrase=G.L.O
0,2012-03-31,GLO.PA,,2012-03-31,Q1,206060000,12956250,193103750,1.067094761235864,0.0,33085250,0.0,0.0,5700500.0,192920500,2079500.0,8495000.0,21990000,9.3706230104593,13139500,15.68248411278968,0.0,11309250,18.220483232751953,3582250.0,7061500.0,29.18076895843659,0.3024765,0.295217,23404625,23993290,https://www.infogreffe.com/recherche-entreprise-dirigeants/resultats-entreprise-dirigeants.html?ga_cat=globale&ga_q=G.L.O#phrase=G.L.O,https://www.infogreffe.com/recherche-entreprise-dirigeants/resultats-entreprise-dirigeants.html?ga_cat=globale&ga_q=G.L.O#phrase=G.L.O
0,2012-01-31,GLO.PA,,2012-01-31,Q1,206060000,12956250,193103750,1.067094761235864,0.0,33085250,0.0,0.0,5700500.0,192920500,2079500.0,8495000.0,21990000,9.3706230104593,13139500,15.68248411278968,0.0,11309250,18.220483232751953,3582250.0,7061500.0,29.18076895843659,0.3024765,0.295217,23404625,23993290,https://www.infogreffe.com/recherche-entreprise-dirigeants/resultats-entreprise-dirigeants.html?ga_cat=globale&ga_q=G.L.O#phrase=G.L.O,https://www.infogreffe.com/recherche-entreprise-dirigeants/resultats-entreprise-dirigeants.html?ga_cat=globale&ga_q=G.L.O#phrase=G.L.O
0,2011-09-31,GLO.PA,,2011-09-31,Q3,195677750,126251500,69426250,2.81849804648818,0.0,0.0,0.0,0.0,1253000.0,186827000,1678000.0,12754750,21809750,8.972030857758572,8850750.0,22.108606615258594,0.0,7377000.0,26.525382946997425,1987250.0,5389750.0,36.30553365183914,0.194698,0.19232375,18872125,19105714,https://www.infogreffe.com/recherche-entreprise-dirigeants/resultats-entreprise-dirigeants.html?ga_cat=globale&ga_q=G.L.O#phrase=G.L.O,https://www.infogreffe.com/recherche-entreprise-dirigeants/resultats-entreprise-dirigeants.html?ga_cat=globale&ga_q=G.L.O#phrase=G.L.O
0,2011-06-31,GLO.PA,,2011-06-31,Q2,195677750,126251500,69426250,2.81849804648818,0.0,0.0,0.0,0.0,1253000.0,186827000,1678000.0,12754750,21809750,8.972030857758572,8850750.0,22.108606615258594,0.0,7377000.0,26.525382946997425,1987250.0,5389750.0,36.30553365183914,0.194698,0.19232375,18872125,19105714,https://www.infogreffe.com/recherche-entreprise-dirigeants/resultats-entreprise-dirigeants.html?ga_cat=globale&ga_q=G.L.O#phrase=G.L.O,https://www.infogreffe.com/recherche-entreprise-dirigeants/resultats-entreprise-dirigeants.html?ga_cat=globale&ga_q=G.L.O#phrase=G.L.O
0,2011-03-31,GLO.PA,,2011-03-31,Q1,195677750,126251500,69426250,2.81849804648818,0.0,0.0,0.0,0.0,1253000.0,186827000,1678000.0,12754750,21809750,8.972030857758572,8850750.0,22.108606615258594,0.0,7377000.0,26.525382946997425,1987250.0,5389750.0,36.30553365183914,0.194698,0.19232375,18872125,19105714,https://www.infogreffe.com/recherche-entreprise-dirigeants/resultats-entreprise-dirigeants.html?ga_cat=globale&ga_q=G.L.O#phrase=G.L.O,https://www.infogreffe.com/recherche-entreprise-dirigeants/resultats-entreprise-dirigeants.html?ga_cat=globale&ga_q=G.L.O#phrase=G.L.O
0,2011-01-31,GLO.PA,,2011-01-31,Q1,195677750,126251500,69426250,2.81849804648818,0.0,0.0,0.0,0.0,1253000.0,186827000,1678000.0,12754750,21809750,8.972030857758572,8850750.0,22.108606615258594,0.0,7377000.0,26.525382946997425,1987250.0,5389750.0,36.30553365183914,0.194698,0.19232375,18872125,19105714,https://www.infogreffe.com/recherche-entreprise-dirigeants/resultats-entreprise-dirigeants.html?ga_cat=globale&ga_q=G.L.O#phrase=G.L.O,https://www.infogreffe.com/recherche-entreprise-dirigeants/resultats-entreprise-dirigeants.html?ga_cat=globale&ga_q=G.L.O#phrase=G.L.O
0,2010-09-31,GLO.PA,,2010-09-31,Q3,181798000,116489750,65308250,2.7836911875605304,0.0,0.0,0.0,0.0,3012750.0,169610250,1845500.0,7850000.0,20081750,9.05289628642922,12187750,14.916452995835982,0.0,10386250,17.50371885906848,3120000.0,7537750.0,24.118337700242115,0.349032,0.3466575,18872125,19064676,https://www.infogreffe.com/recherche-entreprise-dirigeants/resultats-entreprise-dirigeants.html?ga_cat=globale&ga_q=G.L.O#phrase=G.L.O,https://www.infogreffe.com/recherche-entreprise-dirigeants/resultats-entreprise-dirigeants.html?ga_cat=globale&ga_q=G.L.O#phrase=G.L.O
0,2010-06-31,GLO.PA,,2010-06-31,Q2,181798000,116489750,65308250,2.7836911875605304,0.0,0.0,0.0,0.0,3012750.0,169610250,1845500.0,7850000.0,20081750,9.05289628642922,12187750,14.916452995835982,0.0,10386250,17.50371885906848,3120000.0,7537750.0,24.118337700242115,0.349032,0.3466575,18872125,19064676,https://www.infogreffe.com/recherche-entreprise-dirigeants/resultats-entreprise-dirigeants.html?ga_cat=globale&ga_q=G.L.O#phrase=G.L.O,https://www.infogreffe.com/recherche-entreprise-dirigeants/resultats-entreprise-dirigeants.html?ga_cat=globale&ga_q=G.L.O#phrase=G.L.O
0,2010-03-31,GLO.PA,,2010-03-31,Q1,181798000,116489750,65308250,2.7836911875605304,0.0,0.0,0.0,0.0,3012750.0,169610250,1845500.0,7850000.0,20081750,9.05289628642922,12187750,14.916452995835982,0.0,10386250,17.50371885906848,3120000.0,7537750.0,24.118337700242115,0.349032,0.3466575,18872125,19064676,https://www.infogreffe.com/recherche-entreprise-dirigeants/resultats-entreprise-dirigeants.html?ga_cat=globale&ga_q=G.L.O#phrase=G.L.O,https://www.infogreffe.com/recherche-entreprise-dirigeants/resultats-entreprise-dirigeants.html?ga_cat=globale&ga_q=G.L.O#phrase=G.L.O
0,2010-01-31,GLO.PA,,2010-01-31,Q1,181798000,116489750,65308250,2.7836911875605304,0.0,0.0,0.0,0.0,3012750.0,169610250,1845500.0,7850000.0,20081750,9.05289628642922,12187750,14.916452995835982,0.0,10386250,17.50371885906848,3120000.0,7537750.0,24.118337700242115,0.349032,0.3466575,18872125,19064676,https://www.infogreffe.com/recherche-entreprise-dirigeants/resultats-entreprise-dirigeants.html?ga_cat=globale&ga_q=G.L.O#phrase=G.L.O,https://www.infogreffe.com/recherche-entreprise-dirigeants/resultats-entreprise-dirigeants.html?ga_cat=globale&ga_q=G.L.O#phrase=G.L.O
0,2009-09-31,GLO.PA,,2009-09-31,Q3,145345000,8287750.0,137057250,1.0604692564603477,0.0,0.0,0.0,0.0,0.0,49743000,170500.0,7635250.0,96487250,1.5063648305864246,95602000,1.5203133825652182,0.0,8386000.0,17.33186262818984,1654000.0,6916000.0,21.01576055523424,0.33478575,0.33241125,18872125,19017164,https://www.infogreffe.com/recherche-entreprise-dirigeants/resultats-entreprise-dirigeants.html?ga_cat=globale&ga_q=G.L.O#phrase=G.L.O,https://www.infogreffe.com/recherche-entreprise-dirigeants/resultats-entreprise-dirigeants.html?ga_cat=globale&ga_q=G.L.O#phrase=G.L.O
0,2009-06-31,GLO.PA,,2009-06-31,Q2,145345000,8287750.0,137057250,1.0604692564603477,0.0,0.0,0.0,0.0,0.0,49743000,170500.0,7635250.0,96487250,1.5063648305864246,95602000,1.5203133825652182,0.0,8386000.0,17.33186262818984,1654000.0,6916000.0,21.01576055523424,0.33478575,0.33241125,18872125,19017164,https://www.infogreffe.com/recherche-entreprise-dirigeants/resultats-entreprise-dirigeants.html?ga_cat=globale&ga_q=G.L.O#phrase=G.L.O,https://www.infogreffe.com/recherche-entreprise-dirigeants/resultats-entreprise-dirigeants.html?ga_cat=globale&ga_q=G.L.O#phrase=G.L.O
0,2009-03-31,GLO.PA,,2009-03-31,Q1,145345000,8287750.0,137057250,1.0604692564603477,0.0,0.0,0.0,0.0,0.0,49743000,170500.0,7635250.0,96487250,1.5063648305864246,95602000,1.5203133825652182,0.0,8386000.0,17.33186262818984,1654000.0,6916000.0,21.01576055523424,0.33478575,0.33241125,18872125,19017164,https://www.infogreffe.com/recherche-entreprise-dirigeants/resultats-entreprise-dirigeants.html?ga_cat=globale&ga_q=G.L.O#phrase=G.L.O,https://www.infogreffe.com/recherche-entreprise-dirigeants/resultats-entreprise-dirigeants.html?ga_cat=globale&ga_q=G.L.O#phrase=G.L.O
0,2009-01-31,GLO.PA,,2009-01-31,Q1,145345000,8287750.0,137057250,1.0604692564603477,0.0,0.0,0.0,0.0,0.0,49743000,170500.0,7635250.0,96487250,1.5063648305864246,95602000,1.5203133825652182,0.0,8386000.0,17.33186262818984,1654000.0,6916000.0,21.01576055523424,0.33478575,0.33241125,18872125,19017164,https://www.infogreffe.com/recherche-entreprise-dirigeants/resultats-entreprise-dirigeants.html?ga_cat=globale&ga_q=G.L.O#phrase=G.L.O,https://www.infogreffe.com/recherche-entreprise-dirigeants/resultats-entreprise-dirigeants.html?ga_cat=globale&ga_q=G.L.O#phrase=G.L.O
0,2008-09-31,GLO.PA,,2008-09-31,Q3,153389000,12054000,141335000,1.0852867301093148,0.0,85875750,0.0,0.0,32648000,138139750,0.0,7562000.0,23105500,6.638635822639631,15249250,10.058789776546387,0.0,8888750.0,17.256532133314582,1716500.0,7174000.0,21.381237803178145,0.37989875,0.37515,18869050,19134828,https://www.infogreffe.com/recherche-entreprise-dirigeants/resultats-entreprise-dirigeants.html?ga_cat=globale&ga_q=G.L.O#phrase=G.L.O,https://www.infogreffe.com/recherche-entreprise-dirigeants/resultats-entreprise-dirigeants.html?ga_cat=globale&ga_q=G.L.O#phrase=G.L.O
0,2008-06-31,GLO.PA,,2008-06-31,Q2,153389000,12054000,141335000,1.0852867301093148,0.0,85875750,0.0,0.0,32648000,138139750,0.0,7562000.0,23105500,6.638635822639631,15249250,10.058789776546387,0.0,8888750.0,17.256532133314582,1716500.0,7174000.0,21.381237803178145,0.37989875,0.37515,18869050,19134828,https://www.infogreffe.com/recherche-entreprise-dirigeants/resultats-entreprise-dirigeants.html?ga_cat=globale&ga_q=G.L.O#phrase=G.L.O,https://www.infogreffe.com/recherche-entreprise-dirigeants/resultats-entreprise-dirigeants.html?ga_cat=globale&ga_q=G.L.O#phrase=G.L.O
0,2008-03-31,GLO.PA,,2008-03-31,Q1,153389000,12054000,141335000,1.0852867301093148,0.0,85875750,0.0,0.0,32648000,138139750,0.0,7562000.0,23105500,6.638635822639631,15249250,10.058789776546387,0.0,8888750.0,17.256532133314582,1716500.0,7174000.0,21.381237803178145,0.37989875,0.37515,18869050,19134828,https://www.infogreffe.com/recherche-entreprise-dirigeants/resultats-entreprise-dirigeants.html?ga_cat=globale&ga_q=G.L.O#phrase=G.L.O,https://www.infogreffe.com/recherche-entreprise-dirigeants/resultats-entreprise-dirigeants.html?ga_cat=globale&ga_q=G.L.O#phrase=G.L.O
0,2008-01-31,GLO.PA,,2008-01-31,Q1,153389000,12054000,141335000,1.0852867301093148,0.0,85875750,0.0,0.0,32648000,138139750,0.0,7562000.0,23105500,6.638635822639631,15249250,10.058789776546387,0.0,8888750.0,17.256532133314582,1716500.0,7174000.0,21.381237803178145,0.37989875,0.37515,18869050,19134828,https://www.infogreffe.com/recherche-entreprise-dirigeants/resultats-entreprise-dirigeants.html?ga_cat=globale&ga_q=G.L.O#phrase=G.L.O,https://www.infogreffe.com/recherche-entreprise-dirigeants/resultats-entreprise-dirigeants.html?ga_cat=globale&ga_q=G.L.O#phrase=G.L.O
0,2007-09-31,GLO.PA,,2007-09-31,Q3,158371500,12278500,146093000,1.084045779058545,0.0,0.0,0.0,0.0,125530000,144309750,90750.0,6501250.0,18823000,8.413722573447378,14061750,11.262574003946877,0.0,12231000,12.948368898700025,3460000.0,8022250.0,19.741531365888623,0.465376,0.42263725,17214386,19005003,https://www.infogreffe.com/recherche-entreprise-dirigeants/resultats-entreprise-dirigeants.html?ga_cat=globale&ga_q=G.L.O#phrase=G.L.O,https://www.infogreffe.com/recherche-entreprise-dirigeants/resultats-entreprise-dirigeants.html?ga_cat=globale&ga_q=G.L.O#phrase=G.L.O
0,2007-06-31,GLO.PA,,2007-06-31,Q2,158371500,12278500,146093000,1.084045779058545,0.0,0.0,0.0,0.0,125530000,144309750,90750.0,6501250.0,18823000,8.413722573447378,14061750,11.262574003946877,0.0,12231000,12.948368898700025,3460000.0,8022250.0,19.741531365888623,0.465376,0.42263725,17214386,19005003,https://www.infogreffe.com/recherche-entreprise-dirigeants/resultats-entreprise-dirigeants.html?ga_cat=globale&ga_q=G.L.O#phrase=G.L.O,https://www.infogreffe.com/recherche-entreprise-dirigeants/resultats-entreprise-dirigeants.html?ga_cat=globale&ga_q=G.L.O#phrase=G.L.O
0,2007-03-31,GLO.PA,,2007-03-31,Q1,158371500,12278500,146093000,1.084045779058545,0.0,0.0,0.0,0.0,125530000,144309750,90750.0,6501250.0,18823000,8.413722573447378,14061750,11.262574003946877,0.0,12231000,12.948368898700025,3460000.0,8022250.0,19.741531365888623,0.465376,0.42263725,17214386,19005003,https://www.infogreffe.com/recherche-entreprise-dirigeants/resultats-entreprise-dirigeants.html?ga_cat=globale&ga_q=G.L.O#phrase=G.L.O,https://www.infogreffe.com/recherche-entreprise-dirigeants/resultats-entreprise-dirigeants.html?ga_cat=globale&ga_q=G.L.O#phrase=G.L.O
0,2007-01-31,GLO.PA,,2007-01-31,Q1,158371500,12278500,146093000,1.084045779058545,0.0,0.0,0.0,0.0,125530000,144309750,90750.0,6501250.0,18823000,8.413722573447378,14061750,11.262574003946877,0.0,12231000,12.948368898700025,3460000.0,8022250.0,19.741531365888623,0.465376,0.42263725,17214386,19005003,https://www.infogreffe.com/recherche-entreprise-dirigeants/resultats-entreprise-dirigeants.html?ga_cat=globale&ga_q=G.L.O#phrase=G.L.O,https://www.infogreffe.com/recherche-entreprise-dirigeants/resultats-entreprise-dirigeants.html?ga_cat=globale&ga_q=G.L.O#phrase=G.L.O
0,2006-09-31,GLO.PA,,2006-09-31,Q3,125804750,10072250,115732500,1.0870304365670835,0.0,67052500,0.0,0.0,30092250,113804500,0.0,6587500.0,18587750,6.768153757178787,12000250,10.483510760192496,0.0,9066000.0,13.87654423119347,2678250.0,5882250.0,21.387181775681075,0.3585295,0.3466575,16446114,16913915,https://www.infogreffe.com/recherche-entreprise-dirigeants/resultats-entreprise-dirigeants.html?ga_cat=globale&ga_q=G.L.O#phrase=G.L.O,https://www.infogreffe.com/recherche-entreprise-dirigeants/resultats-entreprise-dirigeants.html?ga_cat=globale&ga_q=G.L.O#phrase=G.L.O
0,2006-06-31,GLO.PA,,2006-06-31,Q2,125804750,10072250,115732500,1.0870304365670835,0.0,67052500,0.0,0.0,30092250,113804500,0.0,6587500.0,18587750,6.768153757178787,12000250,10.483510760192496,0.0,9066000.0,13.87654423119347,2678250.0,5882250.0,21.387181775681075,0.3585295,0.3466575,16446114,16913915,https://www.infogreffe.com/recherche-entreprise-dirigeants/resultats-entreprise-dirigeants.html?ga_cat=globale&ga_q=G.L.O#phrase=G.L.O,https://www.infogreffe.com/recherche-entreprise-dirigeants/resultats-entreprise-dirigeants.html?ga_cat=globale&ga_q=G.L.O#phrase=G.L.O
0,2006-03-31,GLO.PA,,2006-03-31,Q1,125804750,10072250,115732500,1.0870304365670835,0.0,67052500,0.0,0.0,30092250,113804500,0.0,6587500.0,18587750,6.768153757178787,12000250,10.483510760192496,0.0,9066000.0,13.87654423119347,2678250.0,5882250.0,21.387181775681075,0.3585295,0.3466575,16446114,16913915,https://www.infogreffe.com/recherche-entreprise-dirigeants/resultats-entreprise-dirigeants.html?ga_cat=globale&ga_q=G.L.O#phrase=G.L.O,https://www.infogreffe.com/recherche-entreprise-dirigeants/resultats-entreprise-dirigeants.html?ga_cat=globale&ga_q=G.L.O#phrase=G.L.O
0,2006-01-31,GLO.PA,,2006-01-31,Q1,125804750,10072250,115732500,1.0870304365670835,0.0,67052500,0.0,0.0,30092250,113804500,0.0,6587500.0,18587750,6.768153757178787,12000250,10.483510760192496,0.0,9066000.0,13.87654423119347,2678250.0,5882250.0,21.387181775681075,0.3585295,0.3466575,16446114,16913915,https://www.infogreffe.com/recherche-entreprise-dirigeants/resultats-entreprise-dirigeants.html?ga_cat=globale&ga_q=G.L.O#phrase=G.L.O,https://www.infogreffe.com/recherche-entreprise-dirigeants/resultats-entreprise-dirigeants.html?ga_cat=globale&ga_q=G.L.O#phrase=G.L.O
0,2005-09-31,GLO.PA,,2005-09-31,Q3,108539000,9671000.0,98868000,1.0978172917425253,0.0,0.0,0.0,0.0,83955250,100237000,147250.0,6610750.0,14546000,7.461776433383748,8302000.0,13.07383762948687,0.0,7788000.0,13.936697483307652,2508750.0,5009500.0,21.666633396546562,0.34190875,0.32528825,14631813,15368846,https://www.infogreffe.com/recherche-entreprise-dirigeants/resultats-entreprise-dirigeants.html?ga_cat=globale&ga_q=G.L.O#phrase=G.L.O,https://www.infogreffe.com/recherche-entreprise-dirigeants/resultats-entreprise-dirigeants.html?ga_cat=globale&ga_q=G.L.O#phrase=G.L.O
0,2005-06-31,GLO.PA,,2005-06-31,Q2,108539000,9671000.0,98868000,1.0978172917425253,0.0,0.0,0.0,0.0,83955250,100237000,147250.0,6610750.0,14546000,7.461776433383748,8302000.0,13.07383762948687,0.0,7788000.0,13.936697483307652,2508750.0,5009500.0,21.666633396546562,0.34190875,0.32528825,14631813,15368846,https://www.infogreffe.com/recherche-entreprise-dirigeants/resultats-entreprise-dirigeants.html?ga_cat=globale&ga_q=G.L.O#phrase=G.L.O,https://www.infogreffe.com/recherche-entreprise-dirigeants/resultats-entreprise-dirigeants.html?ga_cat=globale&ga_q=G.L.O#phrase=G.L.O
0,2005-03-31,GLO.PA,,2005-03-31,Q1,108539000,9671000.0,98868000,1.0978172917425253,0.0,0.0,0.0,0.0,83955250,100237000,147250.0,6610750.0,14546000,7.461776433383748,8302000.0,13.07383762948687,0.0,7788000.0,13.936697483307652,2508750.0,5009500.0,21.666633396546562,0.34190875,0.32528825,14631813,15368846,https://www.infogreffe.com/recherche-entreprise-dirigeants/resultats-entreprise-dirigeants.html?ga_cat=globale&ga_q=G.L.O#phrase=G.L.O,https://www.infogreffe.com/recherche-entreprise-dirigeants/resultats-entreprise-dirigeants.html?ga_cat=globale&ga_q=G.L.O#phrase=G.L.O
0,2005-01-31,GLO.PA,,2005-01-31,Q1,108539000,9671000.0,98868000,1.0978172917425253,0.0,0.0,0.0,0.0,83955250,100237000,147250.0,6610750.0,14546000,7.461776433383748,8302000.0,13.07383762948687,0.0,7788000.0,13.936697483307652,2508750.0,5009500.0,21.666633396546562,0.34190875,0.32528825,14631813,15368846,https://www.infogreffe.com/recherche-entreprise-dirigeants/resultats-entreprise-dirigeants.html?ga_cat=globale&ga_q=G.L.O#phrase=G.L.O,https://www.infogreffe.com/recherche-entreprise-dirigeants/resultats-entreprise-dirigeants.html?ga_cat=globale&ga_q=G.L.O#phrase=G.L.O
0,2003-09-31,GLO.PA,,2003-09-31,Q3,86573000,11139750,75433250,1.1476769196607597,0.0,0.0,0.0,0.0,63434000,80076250,0.0,5502500.0,11999250,7.21486759589141,6496750.0,13.325585869858006,0.0,5957000.0,14.53298640255162,2021250.0,3310750.0,26.149059880691688,0.23743675,0.22556475,13402982,14098052,https://www.infogreffe.com/recherche-entreprise-dirigeants/resultats-entreprise-dirigeants.html?ga_cat=globale&ga_q=G.L.O#phrase=G.L.O,https://www.infogreffe.com/recherche-entreprise-dirigeants/resultats-entreprise-dirigeants.html?ga_cat=globale&ga_q=G.L.O#phrase=G.L.O
0,2003-06-31,GLO.PA,,2003-06-31,Q2,86573000,11139750,75433250,1.1476769196607597,0.0,0.0,0.0,0.0,63434000,80076250,0.0,5502500.0,11999250,7.21486759589141,6496750.0,13.325585869858006,0.0,5957000.0,14.53298640255162,2021250.0,3310750.0,26.149059880691688,0.23743675,0.22556475,13402982,14098052,https://www.infogreffe.com/recherche-entreprise-dirigeants/resultats-entreprise-dirigeants.html?ga_cat=globale&ga_q=G.L.O#phrase=G.L.O,https://www.infogreffe.com/recherche-entreprise-dirigeants/resultats-entreprise-dirigeants.html?ga_cat=globale&ga_q=G.L.O#phrase=G.L.O
0,2003-03-31,GLO.PA,,2003-03-31,Q1,86573000,11139750,75433250,1.1476769196607597,0.0,0.0,0.0,0.0,63434000,80076250,0.0,5502500.0,11999250,7.21486759589141,6496750.0,13.325585869858006,0.0,5957000.0,14.53298640255162,2021250.0,3310750.0,26.149059880691688,0.23743675,0.22556475,13402982,14098052,https://www.infogreffe.com/recherche-entreprise-dirigeants/resultats-entreprise-dirigeants.html?ga_cat=globale&ga_q=G.L.O#phrase=G.L.O,https://www.infogreffe.com/recherche-entreprise-dirigeants/resultats-entreprise-dirigeants.html?ga_cat=globale&ga_q=G.L.O#phrase=G.L.O
0,2003-01-31,GLO.PA,,2003-01-31,Q1,86573000,11139750,75433250,1.1476769196607597,0.0,0.0,0.0,0.0,63434000,80076250,0.0,5502500.0,11999250,7.21486759589141,6496750.0,13.325585869858006,0.0,5957000.0,14.53298640255162,2021250.0,3310750.0,26.149059880691688,0.23743675,0.22556475,13402982,14098052,https://www.infogreffe.com/recherche-entreprise-dirigeants/resultats-entreprise-dirigeants.html?ga_cat=globale&ga_q=G.L.O#phrase=G.L.O,https://www.infogreffe.com/recherche-entreprise-dirigeants/resultats-entreprise-dirigeants.html?ga_cat=globale&ga_q=G.L.O#phrase=G.L.O
0,2002-09-31,GLO.PA,,2002-09-31,Q3,76981250,9876250.0,67105000,1.147176067357127,0.0,0.0,0.0,0.0,55925250,71355000,0.0,5553500.0,11179750,6.885775621100651,5626250.0,13.682514996667408,0.0,4840750.0,15.902752672623045,1773750.0,2927000.0,26.300392893747865,0.21844175,0.20894425,12617601,13234608,https://www.infogreffe.com/recherche-entreprise-dirigeants/resultats-entreprise-dirigeants.html?ga_cat=globale&ga_q=G.L.O#phrase=G.L.O,https://www.infogreffe.com/recherche-entreprise-dirigeants/resultats-entreprise-dirigeants.html?ga_cat=globale&ga_q=G.L.O#phrase=G.L.O
0,2002-06-31,GLO.PA,,2002-06-31,Q2,76981250,9876250.0,67105000,1.147176067357127,0.0,0.0,0.0,0.0,55925250,71355000,0.0,5553500.0,11179750,6.885775621100651,5626250.0,13.682514996667408,0.0,4840750.0,15.902752672623045,1773750.0,2927000.0,26.300392893747865,0.21844175,0.20894425,12617601,13234608,https://www.infogreffe.com/recherche-entreprise-dirigeants/resultats-entreprise-dirigeants.html?ga_cat=globale&ga_q=G.L.O#phrase=G.L.O,https://www.infogreffe.com/recherche-entreprise-dirigeants/resultats-entreprise-dirigeants.html?ga_cat=globale&ga_q=G.L.O#phrase=G.L.O
0,2002-03-31,GLO.PA,,2002-03-31,Q1,76981250,9876250.0,67105000,1.147176067357127,0.0,0.0,0.0,0.0,55925250,71355000,0.0,5553500.0,11179750,6.885775621100651,5626250.0,13.682514996667408,0.0,4840750.0,15.902752672623045,1773750.0,2927000.0,26.300392893747865,0.21844175,0.20894425,12617601,13234608,https://www.infogreffe.com/recherche-entreprise-dirigeants/resultats-entreprise-dirigeants.html?ga_cat=globale&ga_q=G.L.O#phrase=G.L.O,https://www.infogreffe.com/recherche-entreprise-dirigeants/resultats-entreprise-dirigeants.html?ga_cat=globale&ga_q=G.L.O#phrase=G.L.O
0,2002-01-31,GLO.PA,,2002-01-31,Q1,76981250,9876250.0,67105000,1.147176067357127,0.0,0.0,0.0,0.0,55925250,71355000,0.0,5553500.0,11179750,6.885775621100651,5626250.0,13.682514996667408,0.0,4840750.0,15.902752672623045,1773750.0,2927000.0,26.300392893747865,0.21844175,0.20894425,12617601,13234608,https://www.infogreffe.com/recherche-entreprise-dirigeants/resultats-entreprise-dirigeants.html?ga_cat=globale&ga_q=G.L.O#phrase=G.L.O,https://www.infogreffe.com/recherche-entreprise-dirigeants/resultats-entreprise-dirigeants.html?ga_cat=globale&ga_q=G.L.O#phrase=G.L.O
0,2001-09-31,GLO.PA,,2001-09-31,Q3,60308250,6637000.0,53671250,1.1236602464075274,0.0,0.0,0.0,0.0,44320750,56047750,0.0,5090000.0,9350500.0,6.449735308272285,4260500.0,14.155204788170403,0.0,3597750.0,16.762768396914737,1162500.0,2419500.0,24.92591444513329,0.18282625,0.17570325,12596950,13110015,https://www.infogreffe.com/recherche-entreprise-dirigeants/resultats-entreprise-dirigeants.html?ga_cat=globale&ga_q=G.L.O#phrase=G.L.O,https://www.infogreffe.com/recherche-entreprise-dirigeants/resultats-entreprise-dirigeants.html?ga_cat=globale&ga_q=G.L.O#phrase=G.L.O
0,2001-06-31,GLO.PA,,2001-06-31,Q2,60308250,6637000.0,53671250,1.1236602464075274,0.0,0.0,0.0,0.0,44320750,56047750,0.0,5090000.0,9350500.0,6.449735308272285,4260500.0,14.155204788170403,0.0,3597750.0,16.762768396914737,1162500.0,2419500.0,24.92591444513329,0.18282625,0.17570325,12596950,13110015,https://www.infogreffe.com/recherche-entreprise-dirigeants/resultats-entreprise-dirigeants.html?ga_cat=globale&ga_q=G.L.O#phrase=G.L.O,https://www.infogreffe.com/recherche-entreprise-dirigeants/resultats-entreprise-dirigeants.html?ga_cat=globale&ga_q=G.L.O#phrase=G.L.O
0,2001-03-31,GLO.PA,,2001-03-31,Q1,60308250,6637000.0,53671250,1.1236602464075274,0.0,0.0,0.0,0.0,44320750,56047750,0.0,5090000.0,9350500.0,6.449735308272285,4260500.0,14.155204788170403,0.0,3597750.0,16.762768396914737,1162500.0,2419500.0,24.92591444513329,0.18282625,0.17570325,12596950,13110015,https://www.infogreffe.com/recherche-entreprise-dirigeants/resultats-entreprise-dirigeants.html?ga_cat=globale&ga_q=G.L.O#phrase=G.L.O,https://www.infogreffe.com/recherche-entreprise-dirigeants/resultats-entreprise-dirigeants.html?ga_cat=globale&ga_q=G.L.O#phrase=G.L.O
0,2001-01-31,GLO.PA,,2001-01-31,Q1,60308250,6637000.0,53671250,1.1236602464075274,0.0,0.0,0.0,0.0,44320750,56047750,0.0,5090000.0,9350500.0,6.449735308272285,4260500.0,14.155204788170403,0.0,3597750.0,16.762768396914737,1162500.0,2419500.0,24.92591444513329,0.18282625,0.17570325,12596950,13110015,https://www.infogreffe.com/recherche-entreprise-dirigeants/resultats-entreprise-dirigeants.html?ga_cat=globale&ga_q=G.L.O#phrase=G.L.O,https://www.infogreffe.com/recherche-entreprise-dirigeants/resultats-entreprise-dirigeants.html?ga_cat=globale&ga_q=G.L.O#phrase=G.L.O
