,date,symbol,fillingDate,acceptedDate,period,revenue,costOfRevenue,grossProfit,grossProfitRatio,researchAndDevelopmentExpenses,generalAndAdministrativeExpenses,sellingAndMarketingExpenses,otherExpenses,operatingExpenses,costAndExpenses,interestExpense,depreciationAndAmortization,ebitda,ebitdaratio,operatingIncome,operatingIncomeRatio,totalOtherIncomeExpensesNet,incomeBeforeTax,incomeBeforeTaxRatio,incomeTaxExpense,netIncome,netIncomeRatio,eps,epsdiluted,weightedAverageShsOut,weightedAverageShsOutDil,link,finalLink
0,2020-09-30,AEIS,2020-11-05,2020-11-05 08:17:49,Q3,389521000,235736000,153785000,0.3948054148556817,36807000,51481000,0.0,6543000.0,94831000,330567000,0.0,12237000,71191000,0.18276549916435827,58954000,0.15134999139969346,-6558000.0,52396000,0.1345139286456956,6783000.0,45663000,0.11722859614757612,1.19,1.19,38325000,38325000,https://www.sec.gov/Archives/edgar/data/927003/000155837020012728/0001558370-20-012728-index.htm,https://www.sec.gov/Archives/edgar/data/927003/000155837020012728/aeis-20200930x10q.htm
0,2020-06-30,AEIS,2020-08-05,2020-08-05 07:46:48,Q2,339880000,209576000,130304000,0.38338237024832295,35855000,41603000,0.0,10799000,94828000,304404000,1313000.0,11580000.000000002,46647000,0.137245,35476000,0.104378,-1587000.0,33889000,0.099709,4610000.0,29144000,0.085748,0.75781,0.75781,38458000,38458000,https://www.sec.gov/Archives/edgar/data/927003/000155837020009283/0001558370-20-009283-index.htm,https://www.sec.gov/Archives/edgar/data/927003/000155837020009283/aeis-20200630x10q.htm
0,2020-03-31,AEIS,2020-05-06 00:00:00,2020-05-06 08:02:23,Q1,315456000,203225000,112231000,0.355774,34770000,39381000,0.0,5662000.0,86423000.00000003,289648000.00000006,2270000.0,11616000,35849000,0.113642,25808000,0.081812,-3510000.0,22298000,0.070685,3900000.0,18063000,0.05726,0.46832,0.46832,38570000,38570000,https://www.sec.gov/Archives/edgar/data/927003/000155837020005294/0001558370-20-005294-index.html,https://www.sec.gov/Archives/edgar/data/927003/000155837020005294/aeis-20200506x10q.htm
0,2019-12-31,AEIS,2020-03-02 00:00:00,2020-03-02 16:19:58,Q4,338268000,225973000,112295000,0.331971,33828000,44001000,0.0,6737000.0,90092999.99999996,316065999.99999994,2489000.0,10845999.999999998,30478999.999999996,0.090103,22202000,0.065634,-4843000.0,17359000,0.051317,6880000.0,10264000,0.030343,0.26584,0.26584,38609000,38609000,https://www.sec.gov/Archives/edgar/data/927003/000155837020001892/0001558370-20-001892-index.html,https://www.sec.gov/Archives/edgar/data/927003/000155837020001892/aeis-20191231x10k136eb2.htm
0,2019-09-30,AEIS,2019-11-12 00:00:00,2019-11-12 14:57:45,Q3,175127000,101636000,73491000,0.419644,24546000,32498000,0.0,3154000.0,64101000,165737000,813000.0,6904999.999999999,18834000,0.107545,9390000.0,0.053618,1361000.0,10751000,0.06139,3495000.0,7621000.0,0.043517,0.198,0.198,38489000,38489000,https://www.sec.gov/Archives/edgar/data/927003/000155837019010776/0001558370-19-010776-index.html,https://www.sec.gov/Archives/edgar/data/927003/000155837019010776/aeis-20190930x10q925e73.htm
0,2019-06-30,AEIS,2019-08-05,2019-08-05 16:14:32,Q2,134810000,70684000,64126000,0.475677,21840000,25271000,0.0,3669000.0,53121000.00000001,123805000.00000001,58000.0,4215000.000000001,39136000,0.290305,11005000,0.081633,15545000,26550000,0.196944,3177000.0,31686000,0.235042,0.82383,0.82383,38462000,38462000,https://www.sec.gov/Archives/edgar/data/927003/000155837019007077/aeis-20190630x10q.htm,https://www.sec.gov/Archives/edgar/data/927003/000155837019007077/aeis-20190630x10q.htm
0,2019-03-31,AEIS,2019-05-06 00:00:00,2019-05-06 16:24:35,Q1,140743000,75003000,65740000,0.467093,21289000,26806000,0.0,3646000.0,53949000,128952000,56000.0,4181000.0,16754000,0.11904,11791000,0.083777,743000.0,12534000,0.089056,-2853000.0,15370000,0.109206,0.39999,0.39999,38426000,38426000,https://www.sec.gov/Archives/edgar/data/927003/000092700319000030/0000927003-19-000030-index.html,https://www.sec.gov/Archives/edgar/data/927003/000092700319000030/aeis10qq12019.htm
0,2018-12-31,AEIS,2019-02-21 00:00:00,2019-02-21 17:27:04,Q4,154161000,78973000,75188000,0.487724,20725000,26953000,0.0,5652000.0,55618000.00000001,134591000,57000.0,4104000.000000001,23344000,0.151426,19570000,0.126945,881000.0,20451000,0.13266,-223000.0,19406000,0.125881,0.50241,0.50241,38626000,38626000,https://www.sec.gov/Archives/edgar/data/927003/000092700319000007/0000927003-19-000007-index.html,https://www.sec.gov/Archives/edgar/data/927003/000092700319000007/aeis10k2018.htm
0,2018-09-30,AEIS,2018-10-29 00:00:00,2018-10-29 16:26:01,Q3,173082000,87543000,85539000,0.494211,18451000,23252000,0.0,1840000.0,45676999.99999999,133219999.99999999,71000.0,3587999.999999999,41146000,0.237725,39862000,0.230307,401000.0,40263000,0.232624,2708000.0,34779000,0.200939,0.88733,0.88733,39195000,39195000,https://www.sec.gov/Archives/edgar/data/927003/000092700318000056/0000927003-18-000056-index.html,https://www.sec.gov/Archives/edgar/data/927003/000092700318000056/aeis10qq32018.htm
0,2018-06-30,AEIS,2018-07-30 00:00:00,2018-07-30 16:19:01,Q2,196000000,94800000,101200000,0.516327,19200000,23000000,0.0,1264000.0,45200000,140000000,0.0,3000000.0000000005,58500000,0.298469,56000000,0.285714,-500000.0,55500000,0.283163,9100000.0,46400000,0.236735,1.17172,1.17172,39600000,39600000,https://www.sec.gov/Archives/edgar/data/927003/000092700318000040/0000927003-18-000040-index.html,https://www.sec.gov/Archives/edgar/data/927003/000092700318000040/aeis10qq22018.htm
0,2018-03-31,AEIS,2018-04-30 00:00:00,2018-04-30 16:31:49,Q1,195600000,92000000,103600000,0.529652,17600000,27000000,0.0,1257000.0,47500000,139500000,100000.0,2900000.0,57400000,0.293456,56100000,0.28681,0.0,56100000,0.28681,7900000.0,46500000,0.23773,1.1625,1.1625,40000000,40000000,https://www.sec.gov/Archives/edgar/data/927003/000092700318000019/0000927003-18-000019-index.html,https://www.sec.gov/Archives/edgar/data/927003/000092700318000019/aeis10qq12018.htm
0,2017-12-31,AEIS,2018-02-15 00:00:00,2018-02-15 17:30:41,Q4,179200000,81000000,98200000,0.547991,16300000,21200000,0.0,1174000.0,40200000,121200000,66000.0,2600000.0000000005,-12134000,-0.067712,58100000,0.324219,600000.0,58600000,0.327009,14800000,-29600000,-0.165179,-0.74559,-0.74559,39700000,39700000,https://www.sec.gov/Archives/edgar/data/927003/000092700318000005/0000927003-18-000005-index.html,https://www.sec.gov/Archives/edgar/data/927003/000092700318000005/aeis10k2017.htm
0,2017-09-30,AEIS,2017-10-31 00:00:00,2017-10-30 17:39:12,Q3,176600000,84300000,92200000,0.522084,14600000,23400000,0.0,1240000.0,40600000.00000001,124900000.00000001,0.0,2599999.9999999995,54500000,0.308607,51700000,0.292752,200000.0,51800000,0.293318,-32000000,83900000,0.475085,2.08706,2.08706,40200000,40200000,https://www.sec.gov/Archives/edgar/data/927003/000092700317000047/0000927003-17-000047-index.html,https://www.sec.gov/Archives/edgar/data/927003/000092700317000047/aeis10qq32017.htm
0,2017-06-30,AEIS,2017-07-31 00:00:00,2017-07-31 16:44:09,Q2,165900000,78700000,87100000,0.525015,14600000,22500000,0.0,974000.0,39399999.99999999,118099999.99999999,0.0,2200000.0,50100000,0.301989,47800000,0.288125,-100000.0,47700000,0.287523,1800000.0,46100000,0.277878,1.14392,1.14392,40300000,40300000,https://www.sec.gov/Archives/edgar/data/927003/000092700317000041/0000927003-17-000041-index.html,https://www.sec.gov/Archives/edgar/data/927003/000092700317000041/aeis10qq22017.htm
0,2017-03-31,AEIS,2017-05-01 00:00:00,2017-05-01 17:16:36,Q1,149400000,70500000,78800000,0.527443,12500000,21100000,0.0,962000.0,35599999.99999999,106100000,0.0,2000000.0,44100000,0.295181,43300000,0.289826,-3200000.0,40100000,0.268407,4600000.0,37500000,0.251004,0.93284,0.93284,40200000,40200000,https://www.sec.gov/Archives/edgar/data/927003/000092700317000028/0000927003-17-000028-index.html,https://www.sec.gov/Archives/edgar/data/927003/000092700317000028/aeis10qq12017.htm
0,2016-12-31,AEIS,2017-02-24 00:00:00,2017-02-23 20:11:45,Q4,135300000,63800000,71500000,0.528455,11100000,20000000,0.0,987000.0,33000000,96800000,46000.0,1899999.9999999995,44446000,0.3285,38500000,0.284553,100000.0,38600000,0.285292,-1800000.0,44300000,0.327421,1.10474,1.10474,40100000,40100000,https://www.sec.gov/Archives/edgar/data/927003/000092700317000010/0000927003-17-000010-index.html,https://www.sec.gov/Archives/edgar/data/927003/000092700317000010/aeis10k2016.htm
0,2016-09-30,AEIS,2016-10-31 00:00:00,2016-10-31 17:30:49,Q3,126600000,60400000,66100000,0.522117,11300000,18600000,0.0,1048000.0,31800000.000000004,92200000,100000.0,1900000.0000000005,37700000,0.297788,34400000,0.271722,-100000.0,34300000,0.270932,5300000.0,30400000,0.240126,0.76,0.76,40000000,40000000,https://www.sec.gov/Archives/edgar/data/927003/000092700316000140/0000927003-16-000140-index.html,https://www.sec.gov/Archives/edgar/data/927003/000092700316000140/aeis10qq32016.htm
0,2016-06-30,AEIS,2016-08-04,2016-08-04 17:27:28,Q2,118800000,56700000,62000000,0.521886,11300000,18400000,0.0,1074000.0,31700000.000000004,88400000,100000.0,2000000.0,36500000,0.307239,30300000,0.255051,800000.0,31200000,0.262626,3900000.0,30500000,0.256734,0.7625,0.7625,40000000,40000000,https://www.sec.gov/Archives/edgar/data/927003/000092700316000129/aeis10qq22016.htm,https://www.sec.gov/Archives/edgar/data/927003/000092700316000129/aeis10qq22016.htm
0,2016-03-31,AEIS,2016-05-05 00:00:00,2016-05-05 16:11:54,Q1,103000000,49600000,53500000,0.519417,10800000,17000000,0.0,1058000.0,29800000.000000004,79400000,100000.0,2000000.0,28200000,0.273786,23600000,0.229126,400000.0,24000000,0.23301,3800000.0,22300000,0.216505,0.55611,0.55611,40100000,40100000,https://www.sec.gov/Archives/edgar/data/927003/000092700316000115/0000927003-16-000115-index.html,https://www.sec.gov/Archives/edgar/data/927003/000092700316000115/aeis10qq12016.htm
0,2015-12-31,AEIS,2016-02-25 00:00:00,2016-02-25 16:55:59,Q4,86900000,44200000,42700000,0.491369,9400000.0,15100000,0.0,-182809000,26500000,70700000,200000.0,2000000.000000001,41500000,0.47756,16200000,0.186421,-1700000.0,14500000,0.166858,3000000.0,36300000,0.417722,0.90074,0.90074,40300000,40300000,https://www.sec.gov/Archives/edgar/data/927003/000092700316000094/0000927003-16-000094-index.html,https://www.sec.gov/Archives/edgar/data/927003/000092700316000094/aeis10k2015.htm
0,2015-09-30,AEIS,2015-11-05 00:00:00,2015-11-05 16:27:07,Q3,109800000,51200000,58500000,0.532787,10400000,15500000,0.0,15197000,28399999.99999999,79599999.99999999,100000.0,2200000.0,24800000,0.225865,30200000,0.275046,-700000.0,29400000,0.26776,6100000.0,16400000,0.149362,0.39709,0.39709,41300000,41300000,https://www.sec.gov/Archives/edgar/data/927003/000092700315000073/0000927003-15-000073-index.html,https://www.sec.gov/Archives/edgar/data/927003/000092700315000073/aeis10qq32015.htm
0,2015-06-30,AEIS,2015-08-06 00:00:00,2015-08-06 16:35:52,Q2,108700000,52100000,56500000,0.519779,10000000,15500000,0.0,170287000,27800000.000000004,79900000,100000.0,2300000.0,-224000000,-2.060718,28800000,0.264949,300000.0,29100000,0.267709,6100000.0,-232500000,-2.138914,-5.6846,-5.6846,40900000,40900000,https://www.sec.gov/Archives/edgar/data/927003/000092700315000061/0000927003-15-000061-index.html,https://www.sec.gov/Archives/edgar/data/927003/000092700315000061/aeis10qq22015.htm
0,2015-03-31,AEIS,2015-05-06 00:00:00,2015-05-06 16:31:21,Q1,109500000,50400000,59100000,0.539726,9800000.0,15500000,0.0,1891000.0,27600000,78000000,100000.0,2300000.0,30400000,0.277626,31500000,0.287671,900000.0,32400000,0.29589,6700000.0,21300000,0.194521,0.51825,0.51825,41100000,41100000,https://www.sec.gov/Archives/edgar/data/927003/000092700315000037/0000927003-15-000037-index.html,https://www.sec.gov/Archives/edgar/data/927003/000092700315000037/aeis10qq12015.htm
0,2014-12-31,AEIS,2015-02-26,2015-02-26 16:43:14,Q4,-63000000,-98000000,34900000,-0.553968,-8000000.0,-4200000.0,0.0,2956000.0,-13500000,-111500000,100000.0,-5199999.999999999,21400000,-0.339683,48400000,-0.768254,1100000.0,49000000,-0.777778,17200000,9300000.0,-0.147619,0.22356,0.22356,41600000,41600000,https://www.sec.gov/Archives/edgar/data/927003/000092700315000012/aeis10k2014.htm,https://www.sec.gov/Archives/edgar/data/927003/000092700315000012/aeis10k2014.htm
0,2014-09-30,AEIS,2014-11-06 00:00:00,2014-11-06 17:00:58,Q3,143100000,95200000,47900000,0.334731,15100000,20200000,0.0,3421000.0,38700000,133900000,100000.0,5399999.999999999,14099999.999999998,0.098532,9200000.0,0.064291,-600000.0,8600000.0,0.060098,-3700000.0,12300000,0.085954,0.3037,0.3037,40500000,40500000,https://www.sec.gov/Archives/edgar/data/927003/000092700314000078/0000927003-14-000078-index.html,https://www.sec.gov/Archives/edgar/data/927003/000092700314000078/aeis10qq32014master.htm
0,2014-06-30,AEIS,2014-08-07 00:00:00,2014-08-07 16:52:47,Q2,146300000,93700000,52500000,0.358852,15700000,22800000,0.0,2470000.0,41100000.00000001,134800000,0.0,5400000.0,16900000,0.115516,11500000,0.078606,0.0,11500000,0.078606,900000.0,10600000,0.072454,0.25791,0.25791,41100000,41100000,https://www.sec.gov/Archives/edgar/data/927003/000092700314000066/0000927003-14-000066-index.html,https://www.sec.gov/Archives/edgar/data/927003/000092700314000066/aeis10qq22014master.htm
0,2014-03-31,AEIS,2014-05-09 00:00:00,2014-05-08 17:54:37,Q1,140900000,88300000,52700000,0.374024,14100000,19700000,0.0,1875000.0,35700000,124000000,200000.0,4900000.0,21900000,0.155429,16900000,0.119943,-100000.0,16800000,0.119233,2100000.0,14700000,0.104329,0.35084,0.35084,41900000,41900000,https://www.sec.gov/Archives/edgar/data/927003/000092700314000043/0000927003-14-000043-index.html,https://www.sec.gov/Archives/edgar/data/927003/000092700314000043/aeis10qq12014master.htm
0,2013-12-31,AEIS,2014-03-03,2014-03-03 16:20:23,Q4,152600000,93800000,58800000,0.385321,13200000,22000000,0.0,52537000,38800000,132600000,320000.0,-7500000.0,12920000,0.084666,20000000,0.131062,400000.0,20000000,0.131062,-14300000,34400000,0.225426,0.7713,0.7713,44600000,44600000,https://www.sec.gov/Archives/edgar/data/927003/000092700314000012/aeis10k2013master.htm,https://www.sec.gov/Archives/edgar/data/927003/000092700314000012/aeis10k2013master.htm
0,2013-11-08,AEIS,2013-11-08,2013-11-08 16:29:53,Q3,142899000,86688000,56211000,0.39336174500871246,15105000,22138000,0.0,20510000,57753000,144441000,-200000.0,-10592000,-12134000,0.0267925653514,3853000.0,-0.010790838284382676,533000.0,4386000.0,-0.009643174549856892,1430000.0,2956000.0,0.004807591375726912,0.07557,0.07557,39114000,39114000,https://www.sec.gov/Archives/edgar/data/927003/000092700313000034/0000927003-13-000034-index.htm,https://www.sec.gov/Archives/edgar/data/927003/000092700313000034/aeis10qq32013master.htm
0,2013-09-30,AEIS,2013-11-08 00:00:00,2013-11-08 16:29:53,Q3,142900000,86700000,56200000,0.393282,15100000,22100000,0.0,0.0,57700000,144400000,0.0,3900000.0000000005,2500000.0000000005,0.017495,-1500000.0,-0.010497,200000.0,-1400000.0,-0.009797,-2100000.0,700000.0,0.004899,0.01724,0.01724,40600000,40600000,https://www.sec.gov/Archives/edgar/data/927003/000092700313000034/0000927003-13-000034-index.html,https://www.sec.gov/Archives/edgar/data/927003/000092700313000034/aeis10qq32013master.htm
0,2013-06-30,AEIS,2013-08-06 00:00:00,2013-08-06 16:49:36,Q2,139700000,86500000,53300000,0.381532,15700000,22900000,0.0,26181000,64800000.00000001,151300000,200000.0,5300000.0,-6400000.0,-0.045812,-11600000,-0.083035,-300000.0,-11900000,-0.085183,-2100000.0,-9800000.0,-0.07015,-0.2481,-0.2481,39500000,39500000,https://www.sec.gov/Archives/edgar/data/927003/000092700313000028/0000927003-13-000028-index.html,https://www.sec.gov/Archives/edgar/data/927003/000092700313000028/aeis10qq22013master.htm
0,2013-03-31,AEIS,2013-05-08 00:00:00,2013-05-08 08:23:08,Q1,111800000,70000000,41800000,0.373882,14300000,17700000,0.0,2213000.0,34099999.99999999,104100000,0.0,5300000.0,12800000,0.11449,7700000.0,0.068873,-200000.0,7500000.0,0.067084,700000.0,6800000.0,0.060823,0.17172,0.17172,39600000,39600000,https://www.sec.gov/Archives/edgar/data/927003/000092700313000018/0000927003-13-000018-index.html,https://www.sec.gov/Archives/edgar/data/927003/000092700313000018/aeis10qq12013master.htm
0,2012-12-31,AEIS,2013-03-06 00:00:00,2013-03-05 20:47:02,Q4,113000000,74400000,38500000,0.340708,13900000,15600000,0.0,13169000,33099999.999999993,107500000,0.0,4700000.000000001,10300000.000000002,0.09115,5500000.0,0.048673,200000.0,5700000.0,0.050442,800000.0,4800000.0,0.042478,0.12869,0.12869,37300000,37300000,https://www.sec.gov/Archives/edgar/data/927003/000092700313000007/0000927003-13-000007-index.html,https://www.sec.gov/Archives/edgar/data/927003/000092700313000007/aeis10k2012master.htm
0,2012-09-30,AEIS,2012-11-06 00:00:00,2012-11-06 16:32:12,Q3,117500000,71800000,45700000,0.388936,14600000,16800000,0.0,4419000.0,35800000,107600000,0.0,4500000.0,14500000,0.123404,9900000.0,0.084255,100000.0,10000000,0.085106,4300000.0,5700000.0,0.048511,0.14883,0.14883,38300000,38300000,https://www.sec.gov/Archives/edgar/data/927003/000092700312000021/0000927003-12-000021-index.html,https://www.sec.gov/Archives/edgar/data/927003/000092700312000021/aeis10qq32012.htm
0,2012-06-30,AEIS,2012-08-07 00:00:00,2012-08-07 15:18:10,Q2,115700000,71900000,43700000,0.377701,14500000,16700000,0.0,1207000.0,32399999.99999999,104299999.99999999,0.0,4399999.999999999,17600000,0.152118,11300000,0.097666,1800000.0,13100000,0.113224,4300000.0,8900000.0,0.076923,0.22475,0.22475,39600000,39600000,https://www.sec.gov/Archives/edgar/data/927003/000092700312000014/0000927003-12-000014-index.html,https://www.sec.gov/Archives/edgar/data/927003/000092700312000014/aeis10qq22012.htm
0,2012-03-31,AEIS,2012-05-08,2012-05-08 16:52:38,Q1,105800000,66000000,39700000,0.375236,15100000,20100000,0.0,3947000.0,39200000,105200000,0.0,4200000.0,5600000.0,0.05293,600000.0,0.005671,400000.0,1000000.0,0.009452,300000.0,1100000.0,0.010397,0.02663,0.02663,41300000,41300000,https://www.sec.gov/Archives/edgar/data/927003/000144530512000575/aeis10k2011.htm,https://www.sec.gov/Archives/edgar/data/927003/000144530512000575/aeis10k2011.htm
0,2011-12-31,AEIS,2012-03-02 00:00:00,2012-03-02 17:25:28,Q4,112500000,73600000,38900000,0.345778,14400000,22300000,0.0,11200000,42000000,115600000,200000.0,3900000.0000000005,1500000.0000000005,0.013333,-3100000.0,-0.027556,600000.0,-2400000.0,-0.021333,200000.0,-2800000.0,-0.024889,-0.06437,-0.06437,43500000,43500000,https://www.sec.gov/Archives/edgar/data/927003/000144530512000575/0001445305-12-000575-index.html,https://www.sec.gov/Archives/edgar/data/927003/000144530512000575/aeis10k2011.htm
0,2011-09-30,AEIS,2011-11-08 00:00:00,2011-11-08 16:43:14,Q3,128500000,79700000,48800000,0.379767,17600000,16500000,0.0,4108000.0,38099999.99999999,117800000,0.0,3800000.0,13600000,0.105837,10700000,0.083268,-300000.0,10400000,0.080934,3200000.0,6600000.0,0.051362,0.15068,0.15068,43800000,43800000,https://www.sec.gov/Archives/edgar/data/927003/000095012311096521/0000950123-11-096521-index.html,https://www.sec.gov/Archives/edgar/data/927003/000095012311096521/c23205e10vq.htm
0,2011-06-30,AEIS,2011-08-02 00:00:00,2011-08-02 17:21:46,Q2,138200000,82800000,55400000,0.400868,17100000,20000000,0.0,921000.0,38000000,120800000,0.0,3500000.0,21000000,0.151954,17300000,0.125181,100000.0,17400000,0.125904,3900000.0,13600000,0.098408,0.30769,0.30769,44200000,44200000,https://www.sec.gov/Archives/edgar/data/927003/000095012311071717/0000950123-11-071717-index.html,https://www.sec.gov/Archives/edgar/data/927003/000095012311071717/c19854e10vq.htm
0,2011-03-31,AEIS,2011-05-06 00:00:00,2011-05-06 12:16:38,Q1,137700000,75600000,62000000,0.450254,15900000,20900000,0.0,921000.0,37700000,113300000,0.0,3300000.0,28500000,0.206972,24400000,0.177197,700000.0,25000000,0.181554,6300000.0,18900000,0.137255,0.42857,0.42857,44100000,44100000,https://www.sec.gov/Archives/edgar/data/927003/000095012311046348/0000950123-11-046348-index.html,https://www.sec.gov/Archives/edgar/data/927003/000095012311046348/d82052e10vq.htm
0,2010-12-31,AEIS,2011-03-02,2011-03-02 14:54:45,Q4,148700000,83900000,64700000,0.435104,15300000,24600000,0.0,2864000.0,40800000,124700000,0.0,3099999.9999999995,39100000,0.262946,24000000,0.161399,400000.0,24400000,0.164089,4600000.0,31400000,0.211163,0.71689,0.71689,43800000,43800000,https://www.sec.gov/Archives/edgar/data/927003/000095012311021198/d79941e10vk.htm,https://www.sec.gov/Archives/edgar/data/927003/000095012311021198/d79941e10vk.htm
0,2010-09-30,AEIS,2010-11-05 00:00:00,2010-11-05 17:25:17,Q3,141000000,80300000,60700000,0.430496,16700000,20500000,0.0,1178000.0,38400000.00000001,118700000,0.0,2899999.9999999995,28800000,0.204255,22300000,0.158156,1200000.0,23500000,0.166667,6000000.0,19900000,0.141135,0.45434,0.45434,43800000,43800000,https://www.sec.gov/Archives/edgar/data/927003/000095012310101827/0000950123-10-101827-index.html,https://www.sec.gov/Archives/edgar/data/927003/000095012310101827/d77310e10vq.htm
0,2010-06-30,AEIS,2010-08-05 00:00:00,2010-08-04 18:14:55,Q2,100100000,55500000,44600000,0.445554,13500000,17200000,0.0,645000.0,31500000,87000000,0.0,2900000.0000000005,18400000,0.183816,13100000,0.130869,200000.0,13300000,0.132867,1900000.0,13600000,0.135864,0.31409,0.31409,43300000,43300000,https://www.sec.gov/Archives/edgar/data/927003/000095012310072657/0000950123-10-072657-index.html,https://www.sec.gov/Archives/edgar/data/927003/000095012310072657/d74810e10vq.htm
0,2010-03-31,AEIS,2010-05-06 00:00:00,2010-05-05 18:07:54,Q1,69700000,40500000,29200000,0.418938,11100000,12200000,0.0,122000.0,23400000,63900000,0.0,1800000.0,9400000.0,0.134864,5800000.0,0.083214,400000.0,6200000.0,0.088953,1400000.0,6200000.0,0.088953,0.1452,0.1452,42700000,42700000,https://www.sec.gov/Archives/edgar/data/927003/000095012310044703/0000950123-10-044703-index.html,https://www.sec.gov/Archives/edgar/data/927003/000095012310044703/d72717e10vq.htm
0,2009-12-31,AEIS,2010-02-26 00:00:00,2010-02-26 17:27:12,Q4,58100000,34800000,23300000,0.401033,10700000,10300000,0.0,154000.0,21100000,55900000,0.0,2599999.9999999995,5100000.0,0.08778,2200000.0,0.037866,500000.0,2700000.0,0.046472,1000000.0,1500000.0,0.025818,0.03529,0.03529,42500000,42500000,https://www.sec.gov/Archives/edgar/data/927003/000095012310018413/0000950123-10-018413-index.html,https://www.sec.gov/Archives/edgar/data/927003/000095012310018413/d71230e10vk.htm
0,2009-09-30,AEIS,2009-11-09 00:00:00,2009-11-09 15:34:25,Q3,43500000,29600000,13900000,0.31954,9400000.0,9800000.0,0.0,358000.0,19500000,49100000,0.0,2500000.0000000005,-2699999.9999999995,-0.062069,-5600000.0,-0.128736,500000.0,-5100000.0,-0.117241,3200000.0,-8400000.0,-0.193103,-0.2,-0.2,42000000,42000000,https://www.sec.gov/Archives/edgar/data/927003/000095012309060098/0000950123-09-060098-index.html,https://www.sec.gov/Archives/edgar/data/927003/000095012309060098/d70024e10vq.htm
0,2009-06-30,AEIS,2009-08-10 00:00:00,2009-08-10 13:35:16,Q2,31600000,24600000,6900000.0,0.218354,10300000,9400000.0,0.0,859000.0,20400000,45000000,0.0,1699999.9999999998,-11300000,-0.357595,-13500000,-0.427215,600000.0,-12800000,-0.405063,3000000.0,-16000000,-0.506329,-0.38186,-0.38186,41900000,41900000,https://www.sec.gov/Archives/edgar/data/927003/000095012309032716/0000950123-09-032716-index.html,https://www.sec.gov/Archives/edgar/data/927003/000095012309032716/d68705e10vq.htm
0,2009-03-31,AEIS,2009-05-07 00:00:00,2009-05-07 16:56:50,Q1,28800000,23000000,5700000.0,0.197917,10700000,8600000.0,0.0,66878000,86000000,109000000,0.0,2200000.0,-78200000,-2.715278,-80200000,-2.784722,300000.0,-80000000,-2.777778,-600000.0,-79800000,-2.770833,-1.90453,-1.90453,41900000,41900000,https://www.sec.gov/Archives/edgar/data/927003/000095013409009929/0000950134-09-009929-index.html,https://www.sec.gov/Archives/edgar/data/927003/000095013409009929/d67594e10vq.htm
0,2008-12-31,AEIS,2009-02-27 00:00:00,2009-02-27 12:36:16,Q4,67500000,49100000,18400000,0.272593,13400000,9500000.0,0.0,2155000.0,25100000,74200000,0.0,1699999.9999999993,-4500000.000000001,-0.066667,-6700000.0,-0.099259,600000.0,-6100000.0,-0.09037,12800000,-19000000,-0.281481,-0.45455,-0.45455,41800000,41800000,https://www.sec.gov/Archives/edgar/data/927003/000095013409003964/0000950134-09-003964-index.html,https://www.sec.gov/Archives/edgar/data/927003/000095013409003964/d66556e10vk.htm
0,2008-09-30,AEIS,2008-11-06 00:00:00,2008-11-06 17:30:23,Q3,84500000,49200000,35300000,0.417751,14700000,14300000,0.0,745000.0,29799999.999999996,79000000,0.0,2700000.0,8700000.0,0.102959,5500000.0,0.065089,400000.0,5900000.0,0.069822,600000.0,5400000.0,0.063905,0.12796,0.12796,42200000,42200000,https://www.sec.gov/Archives/edgar/data/927003/000095013408019699/0000950134-08-019699-index.html,https://www.sec.gov/Archives/edgar/data/927003/000095013408019699/d65002e10vq.htm
0,2008-06-30,AEIS,2008-08-07 00:00:00,2008-08-07 17:18:23,Q2,88000000,52700000,35300000,0.401136,13800000,14000000,0.0,619000.0,28399999.99999999,81099999.99999999,0.0,2800000.0,10800000,0.122727,6900000.0,0.078409,1000000.0,7900000.0,0.089773,2100000.0,5900000.0,0.067045,0.13948,0.13948,42300000,42300000,https://www.sec.gov/Archives/edgar/data/927003/000095013408014576/0000950134-08-014576-index.html,https://www.sec.gov/Archives/edgar/data/927003/000095013408014576/d59218e10vq.htm
0,2008-03-31,AEIS,2008-05-09 00:00:00,2008-05-09 12:32:15,Q1,88900000,53000000,35800000,0.4027,13100000,14500000,0.0,914000.0,28500000,81500000,0.0,3500000.0,11800000,0.132733,7400000.0,0.08324,900000.0,8300000.0,0.093363,2300000.0,6000000.0,0.067492,0.13304,0.13304,45100000,45100000,https://www.sec.gov/Archives/edgar/data/927003/000095013408009049/0000950134-08-009049-index.html,https://www.sec.gov/Archives/edgar/data/927003/000095013408009049/d56651e10vq.htm
0,2007-12-31,AEIS,2008-03-18,2008-03-18 12:22:27,Q4,83800000,51000000,32800000,0.391408,12500000,16100000,0.0,-218000.0,28599999.999999993,79600000,77000.0,3000000.0,8777000.0,0.104737,4200000.0,0.050119,1400000.0,5700000.0,0.068019,1500000.0,4200000.0,0.050119,0.0917,0.0917,45800000,45800000,https://www.sec.gov/Archives/edgar/data/927003/000103570408000124/d54984e10vk.htm,https://www.sec.gov/Archives/edgar/data/927003/000103570408000124/d54984e10vk.htm
0,2007-09-30,AEIS,2007-11-09 00:00:00,2007-11-09 16:56:35,Q3,90500000,53800000,36700000,0.405525,12900000,15500000,0.0,555000.0,29200000.000000004,83000000,0.0,3099999.9999999995,10900000,0.120442,7500000.0,0.082873,300000.0,7800000.0,0.086188,1900000.0,5900000.0,0.065193,0.12882,0.12882,45800000,45800000,https://www.sec.gov/Archives/edgar/data/927003/000095013407023558/0000950134-07-023558-index.html,https://www.sec.gov/Archives/edgar/data/927003/000095013407023558/d51359e10vq.htm
0,2007-06-30,AEIS,2007-08-03 00:00:00,2007-08-03 17:23:59,Q2,103000000,58100000,45000000,0.436893,12900000,15400000,0.0,158000.0,28699999.999999996,86800000,0.0,2999999.9999999995,20800000,0.201942,16300000,0.158252,1500000.0,17800000,0.172816,6100000.0,11700000,0.113592,0.25435,0.25435,46000000,46000000,https://www.sec.gov/Archives/edgar/data/927003/000103570407000567/0001035704-07-000567-index.html,https://www.sec.gov/Archives/edgar/data/927003/000103570407000567/d48732e10vq.htm
0,2007-03-31,AEIS,2007-05-09 00:00:00,2007-05-09 13:39:20,Q1,107300000,59000000,48300000,0.45014,12000000,15200000,0.0,2792000.0,30400000.000000007,89400000,0.0,3100000.0,22600000,0.210624,17900000,0.166822,1600000.0,19500000,0.181733,6800000.0,12700000,0.11836,0.27851,0.27851,45600000,45600000,https://www.sec.gov/Archives/edgar/data/927003/000103570407000371/0001035704-07-000371-index.html,https://www.sec.gov/Archives/edgar/data/927003/000103570407000371/d46297e10vq.htm
0,2006-12-31,AEIS,2007-02-20,2007-02-16 17:49:07,Q4,104500000,59600000,44900000,0.429665,12200000,15500000,0.0,20000.0,28300000.000000004,87900000,96000.0,4500000.0,23296000,0.222928,16600000,0.158852,100000.0,17700000,0.169378,-21700000,40400000,0.386603,0.89183,0.89183,45300000,45300000,https://www.sec.gov/Archives/edgar/data/927003/000103570407000162/d43302e10vk.htm,https://www.sec.gov/Archives/edgar/data/927003/000103570407000162/d43302e10vk.htm
0,2006-09-30,AEIS,2006-11-03,2006-11-03 16:05:44,Q3,107700000,60700000,47000000,0.436397,11300000,15900000,0.0,31000.0,28700000.000000004,89400000,117000.0,3900000.0000000005,23417000,0.217428,18300000,0.169916,-1200000.0,19200000,0.178273,2400000.0,17000000,0.157846,0.37611,0.37611,45200000,45200000,https://www.sec.gov/Archives/edgar/data/927003/000095013406020429/d40673e10vq.htm,https://www.sec.gov/Archives/edgar/data/927003/000095013406020429/d40673e10vq.htm
0,2006-06-30,AEIS,2006-08-09,2006-08-08 20:20:19,Q2,104600000,59800000,44800000,0.428298,10800000,15600000,0.0,31000.0,26000000,85800000,100000.0,4000000.0,23700000,0.226577,18800000,0.179732,1300000.0,19600000,0.18738,1900000.0,17700000,0.169216,0.38646,0.38646,45800000,45800000,https://www.sec.gov/Archives/edgar/data/927003/000095013406015345/d38180e10vq.htm,https://www.sec.gov/Archives/edgar/data/927003/000095013406015345/d38180e10vq.htm
0,2006-03-31,AEIS,2006-05-04,2006-05-04 15:12:42,Q1,94000000,55400000,38600000,0.410638,10500000,13900000,0.0,29000.0,24900000,80300000,99000.0,4100000.0,19699000,0.209564,13700000,0.145745,1400000.0,15500000,0.164894,2300000.0,13200000,0.140426,0.29333,0.29333,45000000,45000000,https://www.sec.gov/Archives/edgar/data/927003/000095013406005979/d33336e10vk.htm,https://www.sec.gov/Archives/edgar/data/927003/000095013406005979/d33336e10vk.htm
0,2005-12-31,AEIS,2006-03-28,2006-03-27 20:36:05,Q4,80400000,50200000,30200000,0.375622,9600000.0,13700000,0.0,166000.0,23899999.99999999,74099999.99999999,90000.0,5399999.999999999,16790000,0.208831,6200000.0,0.077114,100000.0,6400000.0,0.079602,1300000.0,10000000,0.124378,0.22272,0.22272,44900000,44900000,https://www.sec.gov/Archives/edgar/data/927003/000095013406005979/d33336e10vk.htm,https://www.sec.gov/Archives/edgar/data/927003/000095013406005979/d33336e10vk.htm
0,2005-09-30,AEIS,2005-11-07,2005-11-07 17:30:35,Q3,78800000,49800000,28900000,0.366751,9600000.0,13900000,0.0,3210000.0,30000000,79800000,2600000.0,4300000.000000001,4600000.000000001,0.058376,-1000000.0,-0.01269,-100000.0,-2600000.0,-0.032995,1600000.0,-3900000.0,-0.049492,-0.10156,-0.10156,38400000,38400000,https://www.sec.gov/Archives/edgar/data/927003/000095013405020759/d29290e10vq.htm,https://www.sec.gov/Archives/edgar/data/927003/000095013405020759/d29290e10vq.htm
0,2005-06-30,AEIS,2005-08-09,2005-08-09 14:49:55,Q2,84200000,53500000,30600000,0.36342,10200000,14300000,0.0,1068000.0,25599999.999999993,79100000,2691000.0,4100000.0,14091000,0.167352,5000000.0,0.059382,1100000.0,4300000.0,0.051069,1400000.0,5900000.0,0.070071,0.17825,0.17825,33100000,33100000,https://www.sec.gov/Archives/edgar/data/927003/000103570405000431/d27712e10vq.htm,https://www.sec.gov/Archives/edgar/data/927003/000103570405000431/d27712e10vq.htm
0,2005-03-31,AEIS,2005-05-06,2005-05-05 21:54:15,Q1,82200000,54900000,27300000,0.332117,10300000,12700000,0.0,1262000.0,24699999.999999996,79600000,2790000.0,4600000.0,8590000.0,0.104501,2500000.0,0.030414,0.0,400000.0,0.004866,500000.0,700000.0,0.008516,0.02134,0.02134,32800000,32800000,https://www.sec.gov/Archives/edgar/data/927003/000095013405006547/d23250e10vk.htm,https://www.sec.gov/Archives/edgar/data/927003/000095013405006547/d23250e10vk.htm
0,2004-12-31,AEIS,2005-03-31,2005-03-31 14:15:32,Q4,84800000,71500000,13300000,0.15684,12000000,16100000,-24381000,6996000.0,35599999.99999999,107100000,2769000.0,7100000.000000001,-13730999.999999998,-0.161922,-22300000,-0.262972,-1700000.0,-24000000,-0.283019,-600000.0,-23000000,-0.271226,-0.70336,-0.70336,32700000,32700000,https://www.sec.gov/Archives/edgar/data/927003/000095013405006547/d23250e10vk.htm,https://www.sec.gov/Archives/edgar/data/927003/000095013405006547/d23250e10vk.htm
0,2004-09-30,AEIS,2004-11-08,2004-11-08 15:57:09,Q3,82400000,56400000,26000000,0.315534,10800000,12900000,24381000,242000.0,25699999.999999996,82100000,8280000.0,4100000.0,12280000,0.149029,300000.0,0.003641,-6700000.0,-1700000.0,-0.020631,1000000.0,-1100000.0,-0.01335,-0.03503,-0.03503,31400000,31400000,https://www.sec.gov/Archives/edgar/data/927003/000095013404016725/d19779e10vq.htm,https://www.sec.gov/Archives/edgar/data/927003/000095013404016725/d19779e10vq.htm
0,2004-06-30,AEIS,2004-08-09 00:00:00,2004-08-09 13:36:30,Q2,108900000,71900000,37000000,0.339761,12800000,15200000,8012000.0,187000.0,28199999.99999999,100099999.99999999,2765000.0,5100000.000000001,14265000,0.130992,8800000.0,0.080808,0.0,6300000.0,0.057851,1900000.0,4500000.0,0.041322,0.13554,0.13554,33200000,33200000,https://www.sec.gov/Archives/edgar/data/927003/000103570404000425/0001035704-04-000425-index.html,https://www.sec.gov/Archives/edgar/data/927003/000103570404000425/d17400e10vq.htm
0,2004-03-31,AEIS,2004-04-30,2004-04-30 15:49:32,Q1,104500000,66100000,38400000,0.367464,13400000,13800000,8037000.0,220000.0,28600000.00000001,94700000.00000001,2788000.0,4800000.0,16188000,0.154909,9800000.0,0.09378,1100000.0,8700000.0,0.083254,1700000.0,6900000.0,0.066029,0.20536,0.20536,33600000,33600000,https://www.sec.gov/Archives/edgar/data/927003/000103570404000086/d12827e10vk.htm,https://www.sec.gov/Archives/edgar/data/927003/000103570404000086/d12827e10vk.htm
0,2003-12-31,AEIS,2004-02-24,2004-02-24 17:32:20,Q4,74700000,48100000,26600000,0.356091,12800000,11300000,7095000.0,1018000.0,26300000.000000004,74400000,2811000.0,3699999.999999999,4910999.999999999,0.065743,300000.0,0.004016,-100000.0,-1600000.0,-0.021419,800000.0,-2400000.0,-0.032129,-0.07407,-0.07407,32400000,32400000,https://www.sec.gov/Archives/edgar/data/927003/000103570404000086/d12827e10vk.htm,https://www.sec.gov/Archives/edgar/data/927003/000103570404000086/d12827e10vk.htm
0,2003-09-30,AEIS,2003-11-04,2003-11-03 19:43:34,Q3,68600000,45500000,23100000,0.336735,13000000,13700000,7329000.0,2186000.0,28799999.999999996,74300000,2817000.0,5200000.000000001,17000.000000001,0.000248,-5700000.0,-0.08309,-100000.0,-8000000.0,-0.116618,19400000,-27400000,-0.399417,-0.8483,-0.8483,32300000,32300000,https://www.sec.gov/Archives/edgar/data/927003/000095013403014343/d10078e10vq.htm,https://www.sec.gov/Archives/edgar/data/927003/000095013403014343/d10078e10vq.htm
0,2003-06-30,AEIS,2003-08-13,2003-08-13 12:28:05,Q2,62900000,42700000,20300000,0.322734,12600000,13800000,8261000.0,768000.0,27099999.999999993,69800000,2760000.0,6200000.0,-240000.0,-0.003816,-6800000.0,-0.108108,-100000.0,-9200000.0,-0.146264,-3400000.0,-5800000.0,-0.09221,-0.18012,-0.18012,32200000,32200000,https://www.sec.gov/Archives/edgar/data/927003/000103570403000617/d08233e10vq.htm,https://www.sec.gov/Archives/edgar/data/927003/000103570403000617/d08233e10vq.htm
0,2003-03-31,AEIS,2003-05-12,2003-05-12 12:03:28,Q1,56200000,38200000,18000000,0.320285,13400000,12900000,8330000.0,1509000.0,28799999.999999996,67000000,2866000.0,6200000.0,-4534000.0,-0.080676,-10900000,-0.19395,-300000.0,-13600000,-0.241993,-5000000.0,-8600000.0,-0.153025,-0.26708,-0.26708,32200000,32200000,https://www.sec.gov/Archives/edgar/data/927003/000095013403004715/d04234e10vk.htm,https://www.sec.gov/Archives/edgar/data/927003/000095013403004715/d04234e10vk.htm
0,2002-12-31,AEIS,2003-03-27,2003-03-27 16:49:05,Q4,57400000,53000000,4500000.0,0.078397,13000000,17300000,9739000.0,7744000.0,39900000.00000001,92900000,2808000.0,7600000.0,-23392000,-0.407526,-35400000,-0.616725,1700000.0,-33800000,-0.58885,-11800000,-22000000,-0.383275,-0.68536,-0.68536,32100000,32100000,https://www.sec.gov/Archives/edgar/data/927003/000095013403004715/d04234e10vk.htm,https://www.sec.gov/Archives/edgar/data/927003/000095013403004715/d04234e10vk.htm
0,2002-09-30,AEIS,2002-11-13,2002-11-13 12:01:51,Q3,70700000,44100000,26600000,0.376238,12200000,13500000,9738000.0,3220000.0,32400000,76500000,3164000.0,5500000.0,64000.0,0.000905,-5800000.0,-0.082037,-3000000.0,-8600000.0,-0.121641,-3000000.0,-5600000.0,-0.079208,-0.17337,-0.17337,32300000,32300000,https://www.sec.gov/Archives/edgar/data/927003/000095013402014040/d01141e10vq.htm,https://www.sec.gov/Archives/edgar/data/927003/000095013402014040/d01141e10vq.htm
0,2002-06-30,AEIS,2002-08-14,2002-08-14 14:02:59,Q2,67900000,43600000,24300000,0.357879,12600000,15700000,8712000.0,7310000.0,33600000,77200000,6488000.0,4500000.0,3088000.0,0.045479,-9300000.0,-0.136966,-700000.0,-7900000.0,-0.116348,-2800000.0,-5100000.0,-0.07511,-0.15938,-0.15938,32000000,32000000,https://www.sec.gov/Archives/edgar/data/927003/000095013402009982/d98770e10vq.htm,https://www.sec.gov/Archives/edgar/data/927003/000095013402009982/d98770e10vq.htm
0,2002-03-31,AEIS,,,Q1,42900000,29500000,13400000,0.312354,11200000,13500000,0.0,0.0,24799999.999999996,54300000,-2200000.0,3900000.0,-11700000,-0.272727,-11400000,-0.265734,200000.0,-13400000,-0.312354,-4700000.0,-8700000.0,-0.202797,-0.27273,-0.27273,31900000,31900000,,
0,2001-12-31,AEIS,,,Q4,34000000,26600000,7400000.0,0.217647,10800000,10400000,0.0,0.0,29199999.999999996,55799999.99999999,0.0,4000000.0,-19300000,-0.567647,-21800000,-0.641176,-1500000.0,-23300000,-0.685294,-8900000.0,-14400000,-0.423529,-0.45283,-0.45283,31800000,31800000,,
0,2001-09-30,AEIS,2001-11-13 00:00:00,2001-11-13 00:00:00,Q3,38700000,27700000,11000000,0.284238,11000000,10500000,0.0,0.0,22700000,50400000,-500000.0,3700000.000000001,-8999999.999999998,-0.232558,-11700000,-0.302326,-200000.0,-12400000,-0.320413,-4700000.0,-7500000.0,-0.193798,-0.23585,-0.23585,31800000,31800000,https://www.sec.gov/Archives/edgar/data/927003/000095013401508355/0000950134-01-508355-index.html,https://www.sec.gov/Archives/edgar/data/927003/000095013401508355/d92126e10-q.txt
0,2001-06-30,AEIS,2001-08-13 00:00:00,2001-08-13 00:00:00,Q2,46200000,38400000,7800000.0,0.168831,11000000,11600000,0.0,0.0,28699999.999999996,67099999.99999999,0.0,5799999.999999999,-15300000.000000002,-0.331169,-20900000,-0.452381,-100000.0,-21000000,-0.454545,-6600000.0,-14500000,-0.313853,-0.45741,-0.45741,31700000,31700000,https://www.sec.gov/Archives/edgar/data/927003/000095013401505160/0000950134-01-505160-index.html,https://www.sec.gov/Archives/edgar/data/927003/000095013401505160/d89404e10-q.txt
0,2001-03-31,AEIS,,,Q1,74700000,43500000,31200000,0.417671,12400000,12800000,0.0,0.0,23700000.000000004,67200000,500000.0,4000000.0,12300000,0.164659,7500000.0,0.100402,-300000.0,7700000.0,0.103079,2700000.0,5100000.0,0.068273,0.15839,0.15839,32200000,32200000,,
0,2000-12-31,AEIS,,,Q4,102700000,52100000,50600000,0.492697,10700000,13000000,0.0,0.0,23699999.999999996,75800000,0.0,3099999.999999999,38600000,0.375852,26900000,0.261928,1000000.0,28000000,0.272639,8100000.0,27400000,0.266796,0.84568,0.84568,32400000,32400000,,
0,2000-09-30,AEIS,2000-10-30 00:00:00,2000-10-30 00:00:00,Q3,96300000,49500000,46800000,0.485981,9700000.0,13000000,0.0,0.0,25900000.000000007,75400000,0.0,2600000.0000000005,29100000,0.302181,20900000,0.21703,5600000.0,26500000,0.275182,10200000,16300000,0.169263,0.50309,0.50309,32400000,32400000,https://www.sec.gov/Archives/edgar/data/927003/000095013400008917/0000950134-00-008917-index.html,https://www.sec.gov/Archives/edgar/data/927003/000095013400008917/d81266e10-q.txt
0,2000-06-30,AEIS,2000-08-04 00:00:00,2000-08-04 00:00:00,Q2,85700000,43300000,42400000,0.494749,8500000.0,11200000,0.0,0.0,22100000.00000001,65400000.00000001,0.0,2500000.0,23600000,0.275379,20300000,0.236873,700000.0,21100000,0.246208,8000000.0,13100000,0.152859,0.40308,0.40308,32500000,32500000,https://www.sec.gov/Archives/edgar/data/927003/000103570400000583/0001035704-00-000583-index.html,https://www.sec.gov/Archives/edgar/data/927003/000103570400000583/e10-q.txt
0,2000-03-31,AEIS,2000-04-18 00:00:00,2000-04-18 00:00:00,Q1,75000000,38400000,36700000,0.489333,8100000.0,11500000,0.0,0.0,19600000,58000000,0.0,2300000.0,19400000,0.258667,17000000,0.226667,100000.0,17200000,0.229333,5900000.0,11200000,0.149333,0.34462,0.34462,32500000,32500000,https://www.sec.gov/Archives/edgar/data/927003/000095013400003474/0000950134-00-003474-index.html,https://www.sec.gov/Archives/edgar/data/927003/0000950134-00-003474.txt
0,1999-12-31,AEIS,,,Q4,65400000,33700000,31700000,0.484709,8100000.0,10700000,0.0,0.0,18699999.999999996,52399999.99999999,0.0,2300000.0000000005,15800000,0.24159,13000000,0.198777,500000.0,13500000,0.206422,5000000.0,8500000.0,0.129969,0.2673,0.2673,31800000,31800000,,
0,1999-09-30,AEIS,,,Q3,55600000,30700000,25000000,0.44964,7200000.0,9000000.0,0.0,0.0,16200000,46900000,0.0,2400000.0,12200000,0.219424,8700000.0,0.156475,1100000.0,9800000.0,0.176259,3700000.0,6100000.0,0.109712,0.19741,0.19741,30900000,30900000,,
0,1999-06-30,AEIS,,,Q2,47800000,26000000,21800000,0.456067,7100000.0,8200000.0,0.0,0.0,15399999.999999998,41400000,0.0,1900000.0,8400000.0,0.175732,6500000.0,0.135983,0.0,6500000.0,0.135983,2500000.0,4000000.0,0.083682,0.12232,0.12232,32700000,32700000,,
0,1999-03-31,AEIS,,,Q1,33900000,20300000,13700000,0.40413,5900000.0,6700000.0,0.0,0.0,12499999.999999996,32799999.999999996,0.0,1700000.0,2800000.0,0.082596,1100000.0,0.032448,-100000.0,1100000.0,0.032448,500000.0,600000.0,0.017699,0.02113,0.02113,28400000,28400000,,
0,1998-12-31,AEIS,,,Q4,22600000,15900000,6600000.0,0.292035,5900000.0,4700000.0,0.0,0.0,12299999.999999998,28200000,0.0,2199999.999999999,-3100000.000000001,-0.137168,-5600000.0,-0.247788,300000.0,-5300000.0,-0.234513,-1500000.0,-3800000.0,-0.168142,-0.12459,-0.12459,30500000,30500000,,
0,1998-09-30,AEIS,,,Q3,26300000,18300000,8000000.0,0.304183,5700000.0,5600000.0,0.0,0.0,12300000,30600000,0.0,1700000.0000000002,-2900000.0,-0.110266,-4400000.0,-0.1673,-200000.0,-4600000.0,-0.174905,-1100000.0,-3500000.0,-0.13308,-0.13158,-0.13158,26600000,26600000,,
0,1998-06-30,AEIS,,,Q2,32000000,23500000,8500000.0,0.265625,6400000.0,6300000.0,0.0,0.0,12600000.000000002,36100000,0.0,1700000.0000000002,-2300000.0,-0.071875,-4200000.0,-0.13125,100000.0,-4000000.0,-0.125,-900000.0,-3100000.0,-0.096875,-0.11698,-0.11698,26500000,26500000,,
0,1998-03-31,AEIS,,,Q1,43900000,30300000,13600000,0.309795,5800000.0,6400000.0,0.0,0.0,12200000,42500000,0.0,1500000.0,3000000.0,0.068337,1300000.0,0.029613,100000.0,1400000.0,0.031891,600000.0,900000.0,0.020501,0.03309,0.03309,27200000,27200000,,
0,1997-12-31,AEIS,,,Q4,46000000,28700000,17300000,0.376087,4300000.0,5500000.0,0.0,0.0,9500000.000000004,38200000.00000001,0.0,2300000.0,10100000,0.219565,7800000.0,0.169565,100000.0,7800000.0,0.169565,2000000.0,5800000.0,0.126087,0.25,0.25,23200000,23200000,,
0,1997-09-30,AEIS,,,Q3,42600000,25500000,17000000,0.399061,4100000.0,4300000.0,0.0,0.0,14500000,40000000,0.0,800000.0,3400000.0,0.079812,2600000.0,0.061033,100000.0,2700000.0,0.06338,2100000.0,500000.0,0.011737,0.02232,0.02232,22400000,22400000,,
0,1997-06-30,AEIS,,,Q2,32700000,20100000,12600000,0.385321,3500000.0,4000000.0,0.0,0.0,7599999.999999998,27699999.999999996,0.0,899999.9999999999,6200000.0,0.189602,5000000.0,0.152905,300000.0,5300000.0,0.16208,2000000.0,3300000.0,0.100917,0.15068,0.15068,21900000,21900000,,
0,1997-03-31,AEIS,,,Q1,20700000,13200000,7500000.0,0.362319,2800000.0,3000000.0,0.0,0.0,5800000.000000001,19000000,0.0,800000.0,2100000.0,0.101449,1600000.0,0.077295,-400000.0,1300000.0,0.062802,500000.0,800000.0,0.038647,0.03687,0.03687,21700000,21700000,,
0,1996-12-31,AEIS,,,Q4,20200000,12800000,7500000.0,0.371287,3300000.0,3300000.0,0.0,0.0,6500000.0,19300000,0.0,1400000.0,2500000.0,0.123762,900000.0,0.044554,200000.0,1100000.0,0.054455,400000.0,700000.0,0.034653,0.03226,0.03226,21700000,21700000,,
0,1996-09-30,AEIS,,,Q3,21600000,15000000,6600000.0,0.305556,3300000.0,3100000.0,0.0,0.0,6500000.0,21500000,0.0,799999.9999999998,999999.9999999998,0.046296,100000.0,0.00463,100000.0,200000.0,0.009259,100000.0,100000.0,0.00463,0.00463,0.00463,21600000,21600000,,
0,1996-06-30,AEIS,,,Q2,29800000,17200000,12600000,0.422819,3600000.0,4600000.0,0.0,0.0,8200000.0,25400000,0.0,700000.0000000001,5100000.0,0.171141,4400000.0,0.147651,-100000.0,4300000.0,0.144295,1700000.0,2700000.0,0.090604,0.12442,0.12442,21700000,21700000,,
