,date,symbol,fillingDate,acceptedDate,period,revenue,costOfRevenue,grossProfit,grossProfitRatio,researchAndDevelopmentExpenses,generalAndAdministrativeExpenses,sellingAndMarketingExpenses,otherExpenses,operatingExpenses,costAndExpenses,interestExpense,depreciationAndAmortization,ebitda,ebitdaratio,operatingIncome,operatingIncomeRatio,totalOtherIncomeExpensesNet,incomeBeforeTax,incomeBeforeTaxRatio,incomeTaxExpense,netIncome,netIncomeRatio,eps,epsdiluted,weightedAverageShsOut,weightedAverageShsOutDil,link,finalLink
0,2020-09-30,NGHCZ,2020-10-30,2020-10-29 17:51:43,Q3,1443009000,0.0,1443009000,1.0,0.0,244611000,0.0,268645000,244611000,244611000,-11292000,19284000,163581000,0.11336103932823703,144297000,0.09999729731415397,0.0,144297000,0.09999729731415397,27428000,116869000,0.08098979285645481,0.992260396079744,0.992260396079744,117780575,119937728,https://www.sec.gov/Archives/edgar/data/1578735/000157873520000064/0001578735-20-000064-index.htm,https://www.sec.gov/Archives/edgar/data/1578735/000157873520000064/nghc-20200930.htm
0,2020-06-30,NGHCZ,2020-07-31,2020-07-31 09:16:52,Q2,2657466000,0.0,2657466000,1.0,0.0,529978000,0.0,457620000,529978000,529978000,-23559000,18196000,372061000,0.14000593046157506,353865000,0.13315880617099146,0.0,353865000,0.13315880617099146,78679000,275186000,0.10355203039286298,2.29441,2.29441,117780575,119937728,https://www.sec.gov/Archives/edgar/data/1578735/000157873520000057/0001578735-20-000057-index.htm,https://www.sec.gov/Archives/edgar/data/1578735/000157873520000057/nghc-20200630.htm
0,2020-03-31,NGHCZ,,,Q1,1328334000,691998000,636336000,0.479048191193,0.0,267569000,0.0,0.0,267569000,959567000,0.0,21278000,150023000,0.112940721234,128745000,0.0969221596376,0.0,128745000,0.0969221596376,28172000,100759000,0.0758536633106,0.82,0.8,0.0,0.0,,
0,2019-03-31,NGHCZ,,,Q1,1232665000,651809000,580856000,0.471219674445,0.0,248094000,0.0,0.0,248094000,899903000,0.0,27135000,118893000,0.0964519962845,91758000,0.0744387161151,0.0,142730000,0.115789772566,22506000,91758000,0.0744387161151,0.74,0.72,0.0,0.0,,
0,2018-03-31,NGHCZ,,,Q1,1117257000,634166000,483091000,0.432390219976,0.0,231005000,0.0,0.0,231005000,865171000,0.0,20141000,88349000,0.0790767030325,68208000,0.0610495168077,0.0,13270000,0.0118773030735,16202000,68208000,0.0610495168077,0.62604,0.62604,106758641,108950984,,
0,2017-03-31,NGHCZ,,,Q1,1102786000,616325000,486461000,0.441120035982,0.0,255185000,0.0,0.0,255185000,871510000,0.0,35273000,77264000,0.0700625506671,41991000,0.0380771972078,0.0,43862000,0.0397738092431,13518000,41991000,0.0380771972078,0.38465,0.38465,106467599,109166681,,
0,2016-03-31,NGHCZ,,,Q1,775957000,409050000,366907000,0.472844500404,0.0,176627000,0.0,0.0,176627000,585677000,0.0,9038000.0,65865000,0.084882280848,56827000,0.073234728213,0.0,80787000,0.104112727896,18083000,56827000,0.073234728213,0.52488,0.52488,105597594,108266508,,
0,2015-03-31,NGHCZ,,,Q1,557695000,306686000,251009000,0.450082930634,0.0,105687000,0.0,0.0,105687000,412373000,0.0,9999000.0,52767000,0.0946162328872,42768000,0.0766870780624,0.0,57120000,0.102421574517,8387000.0,42768000,0.0766870780624,0.44509,0.44509,93454236,96087952,,
0,2014-03-31,NGHCZ,,,Q1,409149000,225347000,183802000,0.44922998712,0.0,76199000,0.0,0.0,76199000,301546000,0.0,6775000.0,33167000,0.0810633778892,26392000,0.064504618122,0.0,34598000,0.0845608812438,7336000.0,26392000,0.064504618122,0.30376,0.30376,85774057,86884898,,
