,date,symbol,fillingDate,acceptedDate,period,revenue,costOfRevenue,grossProfit,grossProfitRatio,researchAndDevelopmentExpenses,generalAndAdministrativeExpenses,sellingAndMarketingExpenses,otherExpenses,operatingExpenses,costAndExpenses,interestExpense,depreciationAndAmortization,ebitda,ebitdaratio,operatingIncome,operatingIncomeRatio,totalOtherIncomeExpensesNet,incomeBeforeTax,incomeBeforeTaxRatio,incomeTaxExpense,netIncome,netIncomeRatio,eps,epsdiluted,weightedAverageShsOut,weightedAverageShsOutDil,link,finalLink
0,2020-09-30,WIRE,2020-10-29,2020-10-29 16:55:20,Q3,339700000,286240000,53460000,0.15737415366499852,0.0,26350000,0.0,0.0,26350000,312590000,0.0,4993000.0,32103000,0.09450397409478951,27110000,0.07980571092140124,39000.0,27149000,0.0799205181042096,6137000.0,21012000,0.061854577568442745,2.52,2.52,20613000,20613000,https://www.sec.gov/Archives/edgar/data/850460/000085046020000106/0000850460-20-000106-index.htm,https://www.sec.gov/Archives/edgar/data/850460/000085046020000106/wire-20200930.htm
0,2020-06-30,WIRE,2020-07-30,2020-07-30 18:23:46,Q2,253631000,217132000,36499000,0.14390591055509777,0.0,20755000,0.0,0.0,20754999.999999996,237887000,267000.0,4750000.0,21028000,0.082908,15744000,0.062074,267000.0,16011000,0.063127,3664000.0,12347000,0.048681,0.60121,0.60121,20537000,20537000,https://www.sec.gov/Archives/edgar/data/850460/000085046020000094/0000850460-20-000094-index.htm,https://www.sec.gov/Archives/edgar/data/850460/000085046020000094/wire-20200630.htm
0,2020-03-31,WIRE,2020-04-30 00:00:00,2020-04-30 17:12:01,Q1,302794000,257021000,45773000,0.151169,0.0,22290000,0.0,0.0,22289999.999999963,279310999.99999994,884000.0,4571000.0,29822000,0.098489,23483000,0.077554,0.0,24367000,0.080474,5760000.0,18607000,0.061451,0.89238,0.89238,20851000,20851000,https://www.sec.gov/Archives/edgar/data/850460/000085046020000042/0000850460-20-000042-index.html,https://www.sec.gov/Archives/edgar/data/850460/000085046020000042/wire-20200331.htm
0,2019-12-31,WIRE,2020-02-21 00:00:00,2020-02-21 16:56:39,Q4,302252000,266505000,35747000,0.118269,0.0,22927000,0.0,0.0,22927000.00000002,289432000,200000.0,4453000.000000001,18479000,0.061138,12820000,0.042415,0.0,13826000,0.045743,3291000.0,10535000,0.034855,0.50155,0.50155,21005000,21005000,https://www.sec.gov/Archives/edgar/data/850460/000085046020000019/0000850460-20-000019-index.html,https://www.sec.gov/Archives/edgar/data/850460/000085046020000019/wire-20191231.htm
0,2019-09-30,WIRE,2019-10-30 00:00:00,2019-10-30 16:30:45,Q3,321169000,278181000,42988000,0.133849,0.0,22672000,0.0,0.0,22672000.000000026,300853000,1033000.0,4468999.999999999,26851000,0.083604,20316000,0.063256,0.0,21349000,0.066473,4948000.0,16401000,0.051067,0.78133,0.78133,20991000,20991000,https://www.sec.gov/Archives/edgar/data/850460/000085046019000043/0000850460-19-000043-index.html,https://www.sec.gov/Archives/edgar/data/850460/000085046019000043/wire-20190930.htm
0,2019-06-30,WIRE,2019-08-01,2019-08-01 15:12:46,Q2,336866000,290956000,45910000,0.136286,0.0,23846000,0.0,0.0,23846000.000000004,314802000,1082000.0,4441000.0,28669000,0.085105,22064000,0.065498,0.0,23146000,0.06871,5364000.0,17782000,0.052787,0.84725,0.84725,20988000,20988000,https://www.sec.gov/Archives/edgar/data/850460/000085046019000029/wire-20190630x10q.htm,https://www.sec.gov/Archives/edgar/data/850460/000085046019000029/wire-20190630x10q.htm
0,2019-03-31,WIRE,2019-05-02 00:00:00,2019-05-02 15:28:19,Q1,314707000,273381000,41326000,0.131316,0.0,24999000,0.0,0.0,24999000.000000022,298380000,1079000.0,4344000.0,22829000,0.07254,16327000,0.05188,0.0,17406000,0.055309,3995000.0,13411000,0.042614,0.63914,0.63914,20983000,20983000,https://www.sec.gov/Archives/edgar/data/850460/000085046019000016/0000850460-19-000016-index.html,https://www.sec.gov/Archives/edgar/data/850460/000085046019000016/wire-20190331x10q.htm
0,2018-12-31,WIRE,2019-02-25 00:00:00,2019-02-22 20:18:35,Q4,319727000,266501000,53226000,0.166473,0.0,21613000,0.0,0.0,21613000,288114000,300000.0,4192000.000000002,36947000,0.115558,31613000,0.098875,0.0,32455000,0.101508,7425000.0,25030000,0.078286,1.19703,1.19703,20910000,20910000,https://www.sec.gov/Archives/edgar/data/850460/000085046019000006/0000850460-19-000006-index.html,https://www.sec.gov/Archives/edgar/data/850460/000085046019000006/wire-2018x12x31x10k.htm
0,2018-09-30,WIRE,2018-11-02 00:00:00,2018-11-02 12:30:25,Q3,340732000,286227000,54505000,0.159964,0.0,24214000,0.0,0.0,24214000,310441000,596000.0,4121000.0,35604000,0.104493,30291000,0.0889,0.0,30887000,0.090649,7209000.0,23678000,0.069492,1.13189,1.13189,20919000,20919000,https://www.sec.gov/Archives/edgar/data/850460/000085046018000035/0000850460-18-000035-index.html,https://www.sec.gov/Archives/edgar/data/850460/000085046018000035/wire-20180930x10q.htm
0,2018-06-30,WIRE,2018-08-02 00:00:00,2018-08-02 16:53:41,Q2,336800000,292300000,44500000,0.132126,0.0,21500000,0.0,0.0,21500000,313800000,400000.0,4100000.0,27900000,0.082838,23000000,0.06829,0.0,23400000,0.069477,5300000.0,18100000,0.053741,0.86603,0.86603,20900000,20900000,https://www.sec.gov/Archives/edgar/data/850460/000085046018000028/0000850460-18-000028-index.html,https://www.sec.gov/Archives/edgar/data/850460/000085046018000028/wire-20180630x10q.htm
0,2018-03-31,WIRE,2018-05-03 00:00:00,2018-05-03 11:40:17,Q1,291400000,253900000,37500000,0.128689,0.0,22900000,0.0,0.0,22900000.000000007,276800000,300000.0,4100000.0,19400000,0.066575,14600000,0.050103,0.0,15000000,0.051476,3600000.0,11400000,0.039121,0.54545,0.54545,20900000,20900000,https://www.sec.gov/Archives/edgar/data/850460/000085046018000019/0000850460-18-000019-index.html,https://www.sec.gov/Archives/edgar/data/850460/000085046018000019/wire-20180331x10q.htm
0,2017-12-31,WIRE,2018-02-26 00:00:00,2018-02-23 18:26:34,Q4,301300000,259300000,42000000,0.139396,0.0,19500000,0.0,0.0,19500000,278800000,200000.0,4100000.0,40500000,0.134418,22500000,0.074676,0.0,22700000,0.07534,7700000.0,28500000,0.09459,1.36364,1.36364,20900000,20900000,https://www.sec.gov/Archives/edgar/data/850460/000085046018000008/0000850460-18-000008-index.html,https://www.sec.gov/Archives/edgar/data/850460/000085046018000008/wire-2017x12x31x10k.htm
0,2017-09-30,WIRE,2017-11-02 00:00:00,2017-11-02 16:04:58,Q3,292000000,252900000,39100000,0.133904,0.0,19100000,0.0,0.0,19200000.00000002,272100000,100000.0,4000000.0,24200000,0.082877,19900000,0.068151,0.0,20100000,0.068836,6100000.0,14000000,0.047945,0.67308,0.67308,20800000,20800000,https://www.sec.gov/Archives/edgar/data/850460/000085046017000031/0000850460-17-000031-index.html,https://www.sec.gov/Archives/edgar/data/850460/000085046017000031/wire-20170930x10q.htm
0,2017-06-30,WIRE,2017-08-02 00:00:00,2017-08-02 15:52:54,Q2,291500000,255700000,35900000,0.123156,0.0,19300000,0.0,0.0,19300000.00000001,275000000,0.0,3800000.0,20300000,0.06964,16600000,0.056947,0.0,16600000,0.056947,5600000.0,10900000,0.037393,0.52404,0.52404,20800000,20800000,https://www.sec.gov/Archives/edgar/data/850460/000085046017000024/0000850460-17-000024-index.html,https://www.sec.gov/Archives/edgar/data/850460/000085046017000024/wire-20170630x10q.htm
0,2017-03-31,WIRE,2017-05-04 00:00:00,2017-05-04 15:16:11,Q1,279400000,240200000,39200000,0.140301,0.0,18700000,0.0,0.0,18699999.99999999,258900000,0.0,3800000.0,24300000,0.086972,20500000,0.073372,0.0,20500000,0.073372,6900000.0,13600000,0.048676,0.65385,0.65385,20800000,20800000,https://www.sec.gov/Archives/edgar/data/850460/000085046017000017/0000850460-17-000017-index.html,https://www.sec.gov/Archives/edgar/data/850460/000085046017000017/wire-20170331x10q.htm
0,2016-12-31,WIRE,2017-02-24 00:00:00,2017-02-24 17:27:52,Q4,239200000,205700000,33500000,0.14005,0.0,16600000,0.0,0.0,16600000.000000022,222300000.00000003,200000.0,3800000.000000001,20900000,0.087375,16900000,0.070652,0.0,16900000,0.070652,5500000.0,11400000,0.047659,0.54808,0.54808,20800000,20800000,https://www.sec.gov/Archives/edgar/data/850460/000085046017000006/0000850460-17-000006-index.html,https://www.sec.gov/Archives/edgar/data/850460/000085046017000006/wire-2016x12x31x10k.htm
0,2016-09-30,WIRE,2016-11-02 00:00:00,2016-11-02 16:40:23,Q3,237200000,209400000,27800000,0.117201,0.0,18700000,0.0,0.0,18699999.99999999,228100000,0.0,4100000.0,13200000,0.055649,9100000.0,0.038364,0.0,9100000.0,0.038364,3100000.0,6000000.0,0.025295,0.28846,0.28846,20800000,20800000,https://www.sec.gov/Archives/edgar/data/850460/000085046016000051/0000850460-16-000051-index.html,https://www.sec.gov/Archives/edgar/data/850460/000085046016000051/wire-20160930x10q.htm
0,2016-06-30,WIRE,2016-08-03 00:00:00,2016-08-03 16:15:34,Q2,238800000,210200000,28600000,0.119765,0.0,16700000,0.0,3000.0,16700000.000000017,226900000.00000003,0.0,4100000.0000000005,16000000,0.067002,11900000,0.049832,0.0,11900000,0.049832,4100000.0,7800000.0,0.032663,0.375,0.375,20800000,20800000,https://www.sec.gov/Archives/edgar/data/850460/000085046016000043/0000850460-16-000043-index.html,https://www.sec.gov/Archives/edgar/data/850460/000085046016000043/wire-20160630x10q.htm
0,2016-03-31,WIRE,2016-05-04 00:00:00,2016-05-04 15:37:48,Q1,225500000,195400000,30100000,0.133481,0.0,17300000,0.0,-3000.0,17299999.99999998,212699999.99999997,0.0,4800000.0,17600000,0.078049,12800000,0.056763,0.0,12800000,0.056763,4200000.0,8600000.0,0.038137,0.41546,0.41546,20700000,20700000,https://www.sec.gov/Archives/edgar/data/850460/000085046016000036/0000850460-16-000036-index.html,https://www.sec.gov/Archives/edgar/data/850460/000085046016000036/wire-20160331x10q.htm
0,2015-12-31,WIRE,2016-02-26 00:00:00,2016-02-26 16:11:48,Q4,250900000,217800000,33100000,0.131925,0.0,16500000,0.0,-405000.0,16500000,234300000,63000.0,4100000.000000001,20763000,0.082754,16500000,0.065763,0.0,16500000,0.065763,5600000.0,11000000,0.043842,0.52885,0.52885,20800000,20800000,https://www.sec.gov/Archives/edgar/data/850460/000085046016000028/0000850460-16-000028-index.html,https://www.sec.gov/Archives/edgar/data/850460/000085046016000028/wire-2015x12x31x10k.htm
0,2015-09-30,WIRE,2015-10-30 00:00:00,2015-10-30 14:43:59,Q3,262800000,224400000,38300000,0.145738,0.0,16100000,0.0,0.0,16099999.999999994,240500000,63000.0,4200000.0,26563000,0.101077,22300000,0.084855,0.0,22300000,0.084855,7800000.0,14500000,0.055175,0.69712,0.69712,20800000,20800000,https://www.sec.gov/Archives/edgar/data/850460/000085046015000022/0000850460-15-000022-index.html,https://www.sec.gov/Archives/edgar/data/850460/000085046015000022/wire-20150930x10q.htm
0,2015-06-30,WIRE,2015-07-31 00:00:00,2015-07-31 16:02:43,Q2,253700000,220800000,32900000,0.129681,0.0,15900000,0.0,0.0,15899999.999999978,236699999.99999997,62000.0,3900000.0,21062000,0.083019,17000000,0.067008,0.0,17100000,0.067402,5700000.0,11400000,0.044935,0.54808,0.54808,20800000,20800000,https://www.sec.gov/Archives/edgar/data/850460/000085046015000017/0000850460-15-000017-index.html,https://www.sec.gov/Archives/edgar/data/850460/000085046015000017/wire-20150630x10q.htm
0,2015-03-31,WIRE,2015-05-04 00:00:00,2015-05-04 16:14:48,Q1,250300000,217800000,32400000,0.129445,0.0,16000000,0.0,0.0,16099999.999999994,233900000,62000.0,3900000.0,20462000,0.08175,16400000,0.065521,0.0,16500000,0.065921,5700000.0,10800000,0.043148,0.51923,0.51923,20800000,20800000,https://www.sec.gov/Archives/edgar/data/850460/000085046015000010/0000850460-15-000010-index.html,https://www.sec.gov/Archives/edgar/data/850460/000085046015000010/wire-20150331x10q.htm
0,2014-12-31,WIRE,2015-02-25,2015-02-25 16:50:41,Q4,285300000,260100000,25200000,0.088328,0.0,17700000,0.0,-309000.0,17799999.999999955,277899999.99999994,285000.0,3900000.0000000005,11685000,0.040957,7500000.0,0.026288,0.0,7500000.0,0.026288,2400000.0,5100000.0,0.017876,0.24519,0.24519,20800000,20800000,https://www.sec.gov/Archives/edgar/data/850460/000162828015001025/wire-2014x12x31x10k.htm,https://www.sec.gov/Archives/edgar/data/850460/000162828015001025/wire-2014x12x31x10k.htm
0,2014-09-30,WIRE,2014-10-31 00:00:00,2014-10-31 17:00:15,Q3,297400000,263300000,34100000,0.11466,0.0,17400000,0.0,-13000.0,17399999.999999978,280700000,0.0,3800000.0,20500000,0.068931,16600000,0.055817,0.0,16600000,0.055817,5600000.0,11100000,0.037323,0.53365,0.53365,20800000,20800000,https://www.sec.gov/Archives/edgar/data/850460/000119312514392159/0001193125-14-392159-index.html,https://www.sec.gov/Archives/edgar/data/850460/000119312514392159/d781462d10q.htm
0,2014-06-30,WIRE,2014-08-01 00:00:00,2014-08-01 16:47:14,Q2,307100000,273600000,33500000,0.109085,0.0,18200000,0.0,-3000.0,18199999.99999999,291800000,0.0,3900000.0,19200000,0.06252,15300000,0.049821,0.0,15300000,0.049821,5100000.0,10200000,0.033214,0.49038,0.49038,20800000,20800000,https://www.sec.gov/Archives/edgar/data/850460/000119312514291684/0001193125-14-291684-index.html,https://www.sec.gov/Archives/edgar/data/850460/000119312514291684/d733856d10q.htm
0,2014-03-31,WIRE,2014-05-05 00:00:00,2014-05-05 15:32:47,Q1,277200000,245000000,32200000,0.116162,0.0,15500000,0.0,-16000.0,15500000,260500000,0.0,3900000.0,20700000,0.074675,16700000,0.060245,0.0,16700000,0.060245,5900000.0,10900000,0.039322,0.52404,0.52404,20800000,20800000,https://www.sec.gov/Archives/edgar/data/850460/000119312514182295/0001193125-14-182295-index.html,https://www.sec.gov/Archives/edgar/data/850460/000119312514182295/d702598d10q.htm
0,2013-12-31,WIRE,2014-02-28,2014-02-28 14:24:51,Q4,293500000,260800000,32700000,0.111414,0.0,16000000,0.0,44000.0,16000000,276800000,265000.0,3900000.0000000005,20965000,0.071431,16700000,0.056899,0.0,16800000,0.05724,5600000.0,11200000,0.03816,0.53846,0.53846,20800000,20800000,https://www.sec.gov/Archives/edgar/data/850460/000119312514076562/d639105d10k.htm,https://www.sec.gov/Archives/edgar/data/850460/000119312514076562/d639105d10k.htm
0,2013-09-30,WIRE,2013-11-01 00:00:00,2013-11-01 15:12:47,Q3,309900000,272000000,37900000,0.122298,0.0,17100000,0.0,-9000.0,17100000.000000022,289100000,0.0,3800000.000000001,24600000,0.07938,20800000,0.067118,0.0,20800000,0.067118,7000000.0,13800000,0.04453,0.65403,0.65403,21100000,21100000,https://www.sec.gov/Archives/edgar/data/850460/000119312513422815/0001193125-13-422815-index.html,https://www.sec.gov/Archives/edgar/data/850460/000119312513422815/d600802d10q.htm
0,2013-06-30,WIRE,2013-08-02 00:00:00,2013-08-02 13:39:52,Q2,289500000,249300000,40200000,0.13886,0.0,16200000,0.0,-18000.0,16199999.99999999,265500000,0.0,3699999.9999999995,27700000,0.095682,23900000,0.082556,0.0,24000000,0.082902,8500000.0,15500000,0.053541,0.74879,0.74879,20700000,20700000,https://www.sec.gov/Archives/edgar/data/850460/000119312513316812/0001193125-13-316812-index.html,https://www.sec.gov/Archives/edgar/data/850460/000119312513316812/d551740d10q.htm
0,2013-03-31,WIRE,2013-05-03 00:00:00,2013-05-03 15:22:11,Q1,265400000,241100000,24300000,0.09156,0.0,15100000,0.0,-17000.0,15099999.999999994,256200000,0.0,3400000.0,12600000,0.047476,9200000.0,0.034665,0.0,9200000.0,0.034665,2800000.0,6400000.0,0.024115,0.30918,0.30918,20700000,20700000,https://www.sec.gov/Archives/edgar/data/850460/000119312513198923/0001193125-13-198923-index.html,https://www.sec.gov/Archives/edgar/data/850460/000119312513198923/d508220d10q.htm
0,2012-12-31,WIRE,2013-02-26 00:00:00,2013-02-26 14:49:04,Q4,258000000,235700000,22300000,0.086434,0.0,14900000,0.0,32000.0,14800000.000000011,250500000,313000.0,3500000.0,11313000,0.043849,7500000.0,0.02907,0.0,7500000.0,0.02907,2300000.0,5200000.0,0.020155,0.25121,0.25121,20700000,20700000,https://www.sec.gov/Archives/edgar/data/850460/000119312513076495/0001193125-13-076495-index.html,https://www.sec.gov/Archives/edgar/data/850460/000119312513076495/d434682d10k.htm
0,2012-09-30,WIRE,2012-11-02 00:00:00,2012-11-02 16:00:05,Q3,269200000,245000000,24100000,0.089525,0.0,15700000,0.0,-4000.0,15699999.999999989,260700000,0.0,3600000.0000000005,12000000,0.044577,8400000.0,0.031204,0.0,8400000.0,0.031204,2900000.0,5500000.0,0.020431,0.2657,0.2657,20700000,20700000,https://www.sec.gov/Archives/edgar/data/850460/000119312512449050/0001193125-12-449050-index.html,https://www.sec.gov/Archives/edgar/data/850460/000119312512449050/d398173d10q.htm
0,2012-06-30,WIRE,2012-08-07 00:00:00,2012-08-07 16:28:00,Q2,264700000,245300000,19400000,0.073291,0.0,15300000,0.0,-8000.0,15399999.999999978,260699999.99999997,0.0,3600000.0,7700000.0,0.02909,4100000.0,0.015489,0.0,4100000.0,0.015489,1700000.0,2400000.0,0.009067,0.10909,0.10909,22000000,22000000,https://www.sec.gov/Archives/edgar/data/850460/000119312512341002/0001193125-12-341002-index.html,https://www.sec.gov/Archives/edgar/data/850460/000119312512341002/d350818d10q.htm
0,2012-03-31,WIRE,2012-05-04 00:00:00,2012-05-04 16:17:58,Q1,280500000,256000000,24500000,0.087344,0.0,15100000,0.0,-20000.0,15100000.000000022,271100000,0.0,3600000.0,13000000,0.046346,9400000.0,0.033512,0.0,9400000.0,0.033512,2700000.0,6700000.0,0.023886,0.28511,0.28511,23500000,23500000,https://www.sec.gov/Archives/edgar/data/850460/000119312512211982/0001193125-12-211982-index.html,https://www.sec.gov/Archives/edgar/data/850460/000119312512211982/d335518d10q.htm
0,2011-12-31,WIRE,2012-03-02 00:00:00,2012-03-02 12:38:03,Q4,248300000,209700000,38600000,0.155457,0.0,13900000,0.0,-83000.0,13900000.000000006,223600000,0.0,3500000.0,28200000,0.113572,24700000,0.099476,0.0,24700000,0.099476,8400000.0,16300000,0.065646,0.69362,0.69362,23500000,23500000,https://www.sec.gov/Archives/edgar/data/850460/000119312512093858/0001193125-12-093858-index.html,https://www.sec.gov/Archives/edgar/data/850460/000119312512093858/d274182d10k.htm
0,2011-09-30,WIRE,2011-11-03 00:00:00,2011-11-03 15:55:34,Q3,319400000,281500000,37800000,0.118347,0.0,16400000,0.0,88000.0,16399999.999999978,297900000,-100000.0,3299999.999999999,24500000,0.076706,21400000,0.067001,0.0,21300000,0.066688,7600000.0,13700000,0.042893,0.58547,0.58547,23400000,23400000,https://www.sec.gov/Archives/edgar/data/850460/000095012311094822/0000950123-11-094822-index.html,https://www.sec.gov/Archives/edgar/data/850460/000095012311094822/d84753e10vq.htm
0,2011-06-30,WIRE,2011-08-04 00:00:00,2011-08-04 17:11:40,Q2,309500000,278800000,30600000,0.098869,0.0,16100000,0.0,1000.0,16099999.999999966,294899999.99999994,0.0,3500000.0000000005,18100000,0.058481,14500000,0.04685,0.0,14500000,0.04685,5100000.0,9500000.0,0.030695,0.40598,0.40598,23400000,23400000,https://www.sec.gov/Archives/edgar/data/850460/000095012311073006/0000950123-11-073006-index.html,https://www.sec.gov/Archives/edgar/data/850460/000095012311073006/d82644e10vq.htm
0,2011-03-31,WIRE,2011-05-05 00:00:00,2011-05-05 16:28:35,Q1,303400000,269600000,33800000,0.111404,0.0,18100000,0.0,-6000.0,18099999.999999966,287699999.99999994,6000.0,3400000.0,19106000,0.062973,15600000,0.051417,0.0,15600000,0.051417,5000000.0,10700000,0.035267,0.45726,0.45726,23400000,23400000,https://www.sec.gov/Archives/edgar/data/850460/000095012311045682/0000950123-11-045682-index.html,https://www.sec.gov/Archives/edgar/data/850460/000095012311045682/d82023e10vq.htm
0,2010-12-31,WIRE,2011-03-04,2011-03-04 17:16:37,Q4,256100000,234000000,22100000,0.086294,0.0,15500000,0.0,-2870000.0,18099999.999999993,252100000,3392000.0,3399999.9999999986,13291999.999999998,0.051902,4000000.0,0.015619,0.0,6600000.0,0.025771,2000000.0,4500000.0,0.017571,0.19231,0.19231,23400000,23400000,https://www.sec.gov/Archives/edgar/data/850460/000095012311022274/d79609e10vk.htm,https://www.sec.gov/Archives/edgar/data/850460/000095012311022274/d79609e10vk.htm
0,2010-09-30,WIRE,2010-11-04 00:00:00,2010-11-04 16:40:47,Q3,242800000,220000000,22800000,0.093904,0.0,15500000,0.0,73000.0,15500000,235500000,-73000.0,3400000.0000000005,10527000,0.043357,7300000.0,0.030066,0.0,7200000.0,0.029654,2100000.0,5100000.0,0.021005,0.21888,0.21888,23300000,23300000,https://www.sec.gov/Archives/edgar/data/850460/000095012310100970/0000950123-10-100970-index.html,https://www.sec.gov/Archives/edgar/data/850460/000095012310100970/d77442e10vq.htm
0,2010-06-30,WIRE,2010-08-04 00:00:00,2010-08-04 17:05:11,Q2,236100000,209200000,26900000,0.113935,0.0,14100000,0.0,95000.0,14000000,223200000,-95000.0,3400000.0000000005,16005000,0.067789,12800000,0.054214,0.0,12800000,0.054214,4600000.0,8100000.0,0.034307,0.34764,0.34764,23300000,23300000,https://www.sec.gov/Archives/edgar/data/850460/000095012310072565/0000950123-10-072565-index.html,https://www.sec.gov/Archives/edgar/data/850460/000095012310072565/d75010e10vq.htm
0,2010-03-31,WIRE,2010-05-06 00:00:00,2010-05-06 17:18:23,Q1,175200000,164600000,10600000,0.060502,0.0,12000000,0.0,2702000.0,12000000,176600000,-2702000.0,3500000.0,-3302000.0,-0.018847,-1400000.0,-0.007991,0.0,-4100000.0,-0.023402,-1600000.0,-2500000.0,-0.014269,-0.10776,-0.10776,23200000,23200000,https://www.sec.gov/Archives/edgar/data/850460/000095012310045651/0000950123-10-045651-index.html,https://www.sec.gov/Archives/edgar/data/850460/000095012310045651/d72781e10vq.htm
0,2009-12-31,WIRE,2010-03-05 00:00:00,2010-03-05 16:59:40,Q4,177100000,168000000,9100000.0,0.051383,0.0,11500000,0.0,-1105000.0,11500000,179500000,4286000.0,3399999.9999999986,4785999.999999998,0.027024,-2500000.0,-0.014116,0.0,-2900000.0,-0.016375,-1000000.0,-1900000.0,-0.010728,-0.08261,-0.08261,23000000,23000000,https://www.sec.gov/Archives/edgar/data/850460/000095012310021645/0000950123-10-021645-index.html,https://www.sec.gov/Archives/edgar/data/850460/000095012310021645/d71241e10vk.htm
0,2009-09-30,WIRE,2009-11-05 00:00:00,2009-11-05 16:38:32,Q3,168700000,157300000,11400000,0.067576,0.0,10900000,0.0,341000.0,10899999.999999978,168199999.99999997,-341000.0,3300000.000000001,3059000.000000001,0.018133,500000.0,0.002964,0.0,100000.0,0.000593,-200000.0,300000.0,0.001778,0.01288,0.01288,23300000,23300000,https://www.sec.gov/Archives/edgar/data/850460/000095012309058451/0000950123-09-058451-index.html,https://www.sec.gov/Archives/edgar/data/850460/000095012309058451/d69905e10vq.htm
0,2009-06-30,WIRE,2009-08-07 00:00:00,2009-08-07 17:12:54,Q2,159400000,147500000,11900000,0.074655,0.0,10700000,0.0,476000.0,10699999.999999989,158200000,-476000.0,3500000.0,3724000.0,0.023363,1100000.0,0.006901,0.0,700000.0,0.004391,100000.0,600000.0,0.003764,0.02575,0.02575,23300000,23300000,https://www.sec.gov/Archives/edgar/data/850460/000095012309032232/0000950123-09-032232-index.html,https://www.sec.gov/Archives/edgar/data/850460/000095012309032232/d68708e10vq.htm
0,2009-03-31,WIRE,2009-05-08 00:00:00,2009-05-08 14:02:25,Q1,144500000,126700000,17800000,0.123183,0.0,10600000,0.0,288000.0,10600000.00000001,137300000,-288000.0,3500000.0,10112000,0.069979,7200000.0,0.049827,0.0,6900000.0,0.047751,2300000.0,4600000.0,0.031834,0.19742,0.19742,23300000,23300000,https://www.sec.gov/Archives/edgar/data/850460/000095013409010095/0000950134-09-010095-index.html,https://www.sec.gov/Archives/edgar/data/850460/000095013409010095/d67629e10vq.htm
0,2008-12-31,WIRE,2009-03-10 00:00:00,2009-03-10 14:15:55,Q4,180200000,140200000,40000000,0.221976,0.0,14100000,0.0,-1804000.0,14100000.000000022,154300000.00000003,6508000.0,3300000.000000001,35208000,0.195383,25900000,0.143729,0.0,25400000,0.140954,8700000.0,16700000,0.092675,0.71674,0.71674,23300000,23300000,https://www.sec.gov/Archives/edgar/data/850460/000095013409004933/0000950134-09-004933-index.html,https://www.sec.gov/Archives/edgar/data/850460/000095013409004933/d66554e10vk.htm
0,2008-09-30,WIRE,2008-11-06 00:00:00,2008-11-06 16:57:37,Q3,296300000,268000000,28300000,0.095511,0.0,15700000,0.0,484000.0,15699999.999999989,283700000,-484000.0,3399999.9999999995,15116000,0.051016,12700000,0.042862,0.0,12200000,0.041174,4100000.0,8100000.0,0.027337,0.34615,0.34615,23400000,23400000,https://www.sec.gov/Archives/edgar/data/850460/000095013408019689/0000950134-08-019689-index.html,https://www.sec.gov/Archives/edgar/data/850460/000095013408019689/d65035e10vq.htm
0,2008-06-30,WIRE,2008-08-08 00:00:00,2008-08-08 17:13:04,Q2,322800000,303300000,19500000,0.060409,0.0,16900000,0.0,588000.0,16899999.999999978,320200000,-588000.0,3600000.0,5012000.0,0.015527,2600000.0,0.008055,0.0,2000000.0,0.006196,700000.0,1300000.0,0.004027,0.05556,0.05556,23400000,23400000,https://www.sec.gov/Archives/edgar/data/850460/000095013408014775/0000950134-08-014775-index.html,https://www.sec.gov/Archives/edgar/data/850460/000095013408014775/d59407e10vq.htm
0,2008-03-31,WIRE,2008-05-09 00:00:00,2008-05-09 16:50:55,Q1,281800000,246300000,35500000,0.125976,0.0,14500000,0.0,732000.0,14500000,260800000,-732000.0,3600000.0,23168000,0.082214,21000000,0.074521,0.0,20300000,0.072037,6700000.0,13600000,0.048261,0.57872,0.57872,23500000,23500000,https://www.sec.gov/Archives/edgar/data/850460/000095013408009108/0000950134-08-009108-index.html,https://www.sec.gov/Archives/edgar/data/850460/000095013408009108/d56735e10vq.htm
0,2007-12-31,WIRE,2008-03-07,2008-03-07 17:15:44,Q4,281900000,268400000,13500000,0.047889,0.0,14700000,0.0,-3227000.0,14700000.000000045,283100000.00000006,9061000.0,3500000.0,10561000,0.037464,-1200000.0,-0.004257,0.0,-2000000.0,-0.007095,-900000.0,-1100000.0,-0.003902,-0.04721,-0.04721,23300000,23300000,https://www.sec.gov/Archives/edgar/data/850460/000095013408004373/d54669e10vk.htm,https://www.sec.gov/Archives/edgar/data/850460/000095013408004373/d54669e10vk.htm
0,2007-09-30,WIRE,2007-11-02 00:00:00,2007-11-02 15:22:29,Q3,308500000,283000000,25500000,0.082658,0.0,15300000,0.0,922000.0,15300000.000000011,298300000,-922000.0,3500000.000000001,11878000.000000002,0.038502,10200000,0.033063,0.0,9300000.0,0.030146,3500000.0,5800000.0,0.018801,0.24473,0.24473,23700000,23700000,https://www.sec.gov/Archives/edgar/data/850460/000095013407022651/0000950134-07-022651-index.html,https://www.sec.gov/Archives/edgar/data/850460/000095013407022651/d51058e10vq.htm
0,2007-06-30,WIRE,2007-08-08 00:00:00,2007-08-08 17:15:18,Q2,333600000,286100000,47600000,0.142686,0.0,16800000,0.0,1151000.0,16799999.999999955,302899999.99999994,-1151000.0,3400000.0,31849000,0.095471,30700000,0.092026,0.0,29600000,0.088729,9900000.0,19700000,0.059053,0.83122,0.83122,23700000,23700000,https://www.sec.gov/Archives/edgar/data/850460/000095013407017358/0000950134-07-017358-index.html,https://www.sec.gov/Archives/edgar/data/850460/000095013407017358/d48891e10vq.htm
0,2007-03-31,WIRE,2007-05-09 00:00:00,2007-05-09 16:19:57,Q1,260700000,236000000,24700000,0.094745,0.0,13600000,0.0,1154000.0,13599999.999999994,249600000,-1154000.0,3400000.0,12246000,0.046974,11200000,0.042961,0.0,10000000,0.038358,3600000.0,6400000.0,0.024549,0.27004,0.27004,23700000,23700000,https://www.sec.gov/Archives/edgar/data/850460/000095013407010884/0000950134-07-010884-index.html,https://www.sec.gov/Archives/edgar/data/850460/000095013407010884/d46427e10vq.htm
0,2006-12-31,WIRE,2007-03-09,2007-03-09 17:10:04,Q4,262300000,238500000,23800000,0.090736,0.0,13000000,0.0,-5608000.0,13099999.999999994,251600000,7691622000,3300000.000000001,7703522000,29.369127,10800000,0.041174,0.0,8600000.0,0.032787,2400000.0,6200000.0,0.023637,0.2616,0.2616,23700000,23700000,https://www.sec.gov/Archives/edgar/data/850460/000095013407005300/d43562e10vk.htm,https://www.sec.gov/Archives/edgar/data/850460/000095013407005300/d43562e10vk.htm
0,2006-09-30,WIRE,2006-11-07,2006-11-07 17:14:49,Q3,372900000,298600000,74300000,0.199249,0.0,16600000,0.0,2530000.0,16599999.999999966,315199999.99999994,-2530000.0,3300000.0,55970000,0.150094,57700000,0.154733,0.0,55100000,0.147761,19400000,35800000,0.096004,1.51055,1.51055,23700000,23700000,https://www.sec.gov/Archives/edgar/data/850460/000095013406020789/d40936e10vq.htm,https://www.sec.gov/Archives/edgar/data/850460/000095013406020789/d40936e10vq.htm
0,2006-06-30,WIRE,2006-08-08,2006-08-08 11:47:51,Q2,362000000,255200000,106900000,0.295304,0.0,16700000,0.0,1945000.0,16699999.99999999,271900000,-1945000.0,3000000.0,89255000,0.246561,90100000,0.248895,0.0,88200000,0.243646,31100000,57100000,0.157735,2.40928,2.40928,23700000,23700000,https://www.sec.gov/Archives/edgar/data/850460/000095013406015223/d38419e10vq.htm,https://www.sec.gov/Archives/edgar/data/850460/000095013406015223/d38419e10vq.htm
0,2006-03-31,WIRE,2006-05-09,2006-05-09 17:05:57,Q1,252000000,212700000,39400000,0.156349,0.0,13400000,0.0,1133000.0,13400000.000000006,226100000,-1133000.0,2800000.0,26467000,0.105028,25900000,0.102778,0.0,24800000,0.098413,8700000.0,16100000,0.063889,0.67932,0.67932,23700000,23700000,https://www.sec.gov/Archives/edgar/data/850460/000095013406005027/d33440e10vk.htm,https://www.sec.gov/Archives/edgar/data/850460/000095013406005027/d33440e10vk.htm
0,2005-12-31,WIRE,2006-03-14,2006-03-14 16:15:49,Q4,244200000,176000000,68100000,0.27887,0.0,13100000,0.0,-2676000.0,13099999.999999994,189100000,6605000.0,3099999.9999999995,63505000,0.260053,55100000,0.225635,0.0,53800000,0.220311,18400000,35400000,0.144963,1.5,1.5,23600000,23600000,https://www.sec.gov/Archives/edgar/data/850460/000095013406005027/d33440e10vk.htm,https://www.sec.gov/Archives/edgar/data/850460/000095013406005027/d33440e10vk.htm
0,2005-09-30,WIRE,2005-11-02,2005-11-02 12:30:25,Q3,207500000,176500000,31000000,0.149398,0.0,12800000,0.0,1074000.0,12699999.999999989,189200000,-1074000.0,3200000.000000001,19226000,0.092655,18200000,0.087711,0.0,17200000,0.082892,5900000.0,11200000,0.053976,0.4766,0.4766,23500000,23500000,https://www.sec.gov/Archives/edgar/data/850460/000095013405020273/d29853e10vq.htm,https://www.sec.gov/Archives/edgar/data/850460/000095013405020273/d29853e10vq.htm
0,2005-06-30,WIRE,2005-08-05,2005-08-05 12:29:53,Q2,169300000,153900000,15400000,0.090963,0.0,10900000,0.0,770000.0,10900000.000000006,164800000,-770000.0,2999999.9999999995,5930000.0,0.035027,4500000.0,0.02658,0.0,3700000.0,0.021855,1300000.0,2400000.0,0.014176,0.10256,0.10256,23400000,23400000,https://www.sec.gov/Archives/edgar/data/850460/000095013405014956/d27688e10vq.htm,https://www.sec.gov/Archives/edgar/data/850460/000095013405014956/d27688e10vq.htm
0,2005-03-31,WIRE,2005-05-10,2005-05-10 11:13:13,Q1,137200000,126400000,10700000,0.077988,0.0,9600000.0,0.0,832000.0,9599999.999999994,136000000,-832000.0,3100000.0,2568000.0,0.018717,1200000.0,0.008746,0.0,300000.0,0.002187,-700000.0,1000000.0,0.007289,0.04274,0.04274,23400000,23400000,https://www.sec.gov/Archives/edgar/data/850460/000095013405005041/d22594e10vk.htm,https://www.sec.gov/Archives/edgar/data/850460/000095013405005041/d22594e10vk.htm
0,2004-12-31,WIRE,2005-03-15,2005-03-15 12:15:06,Q4,147500000,126800000,20700000,0.140339,0.0,11000000,0.0,-2055000.0,11000000.000000015,137800000,4912000.0,3200000.000000001,17512000,0.118725,9700000.0,0.065763,0.0,9400000.0,0.063729,3000000.0,6400000.0,0.04339,0.27234,0.27234,23500000,23500000,https://www.sec.gov/Archives/edgar/data/850460/000095013405005041/d22594e10vk.htm,https://www.sec.gov/Archives/edgar/data/850460/000095013405005041/d22594e10vk.htm
0,2004-09-30,WIRE,2004-11-08,2004-11-08 15:48:36,Q3,158600000,136900000,21800000,0.137453,0.0,11100000,0.0,660000.0,11099999.999999994,148000000,-660000.0,3000000.0,12340000,0.077806,10600000,0.066835,0.0,10000000,0.063052,3600000.0,6400000.0,0.040353,0.27234,0.27234,23500000,23500000,https://www.sec.gov/Archives/edgar/data/850460/000095013404016722/d19811e10vq.htm,https://www.sec.gov/Archives/edgar/data/850460/000095013404016722/d19811e10vq.htm
0,2004-06-30,WIRE,2004-08-06,2004-08-06 15:14:57,Q2,138100000,117100000,21000000,0.152064,0.0,8900000.0,0.0,762000.0,8900000.000000006,126000000,-762000.0,2800000.0,13438000,0.097306,12100000,0.087618,0.0,11400000,0.082549,4100000.0,7300000.0,0.05286,0.30932,0.30932,23600000,23600000,https://www.sec.gov/Archives/edgar/data/850460/000095013404011592/d17457e10vq.htm,https://www.sec.gov/Archives/edgar/data/850460/000095013404011592/d17457e10vq.htm
0,2004-03-31,WIRE,2004-05-07,2004-05-07 17:15:11,Q1,158900000,126000000,32900000,0.207048,0.0,11200000,0.0,633000.0,11199999.999999989,137200000,-633000.0,2800000.0,23267000,0.146425,21700000,0.136564,0.0,21100000,0.132788,7800000.0,13300000,0.0837,0.56596,0.56596,23500000,23500000,https://www.sec.gov/Archives/edgar/data/850460/000095013404006980/d15221e10vq.htm,https://www.sec.gov/Archives/edgar/data/850460/000095013404006980/d15221e10vq.htm
0,2003-12-31,WIRE,,,Q4,123100000,102400000,20800000,0.168968,0.0,9200000.0,0.0,0.0,9199999.999999989,111599999.99999999,-600000.0,3500000.0,13800000,0.112104,11600000,0.094232,0.0,11000000,0.089358,3900000.0,7000000.0,0.056864,0.30303,0.30303,23100000,23100000,,
0,2003-09-30,WIRE,,,Q3,113900000,96300000,17600000,0.154522,0.0,8900000.0,0.0,0.0,8900000.000000006,105200000,-500000.0,2899999.9999999995,10500000,0.092186,8700000.0,0.076383,0.0,8200000.0,0.071993,2900000.0,5200000.0,0.045654,0.22609,0.22609,23000000,23000000,,
0,2003-06-30,WIRE,,,Q2,80600000,68800000,11800000,0.146402,0.0,7000000.0,0.0,0.0,7000000.0,75800000,-700000.0,3100000.0,6600000.0,0.081886,4800000.0,0.059553,0.0,4100000.0,0.050868,1500000.0,2700000.0,0.033499,0.11842,0.11842,22800000,22800000,,
0,2003-03-31,WIRE,,,Q1,67200000,61500000,5700000.0,0.084821,0.0,6000000.0,0.0,0.0,5900000.000000006,67400000,-500000.0,3100000.0,1800000.0,0.026786,-300000.0,-0.004464,0.0,-800000.0,-0.011905,-300000.0,-500000.0,-0.00744,-0.02203,-0.02203,22700000,22700000,,
0,2002-12-31,WIRE,,,Q4,68700000,61600000,7100000.0,0.103348,0.0,6000000.0,0.0,0.0,5999999.999999993,67600000,-500000.0,2999999.999999999,3099999.999999999,0.045124,1200000.0,0.017467,0.0,700000.0,0.010189,200000.0,400000.0,0.005822,0.01754,0.01754,22800000,22800000,,
0,2002-09-30,WIRE,,,Q3,80200000,72200000,8000000.0,0.099751,0.0,6200000.0,0.0,0.0,6099999.999999994,78300000,-400000.0,2700000.0,3700000.0,0.046135,1800000.0,0.022444,0.0,1400000.0,0.017456,500000.0,900000.0,0.011222,0.0393,0.0393,22900000,22900000,,
0,2002-06-30,WIRE,,,Q2,72200000,62100000,10100000,0.139889,0.0,6000000.0,0.0,0.0,5999999.999999993,68100000,-500000.0,2500000.0,5600000.0,0.077562,4100000.0,0.056787,0.0,3500000.0,0.048476,1300000.0,2300000.0,0.031856,0.09871,0.09871,23300000,23300000,,
0,2002-03-31,WIRE,,,Q1,64200000,54400000,9800000.0,0.152648,0.0,5800000.0,0.0,0.0,5800000.000000004,60200000.00000001,-300000.0,2500000.0,5900000.0,0.0919,4000000.0,0.062305,0.0,3700000.0,0.057632,1300000.0,2400000.0,0.037383,0.10345,0.10345,23200000,23200000,,
0,2001-12-31,WIRE,,,Q4,63200000,52800000,10500000,0.166139,0.0,6000000.0,0.0,0.0,6000000.0,58800000,-200000.0,2399999.9999999995,6399999.999999999,0.101266,4500000.0,0.071203,0.0,4300000.0,0.068038,1500000.0,2700000.0,0.042722,0.11739,0.11739,23000000,23000000,,
0,2001-09-30,WIRE,2001-11-13 00:00:00,2001-11-13 00:00:00,Q3,73000000,63100000,9900000.0,0.135616,0.0,6200000.0,0.0,0.0,6199999.999999996,69300000,-400000.0,2400000.0000000005,5300000.0,0.072603,3700000.0,0.050685,0.0,3300000.0,0.045205,1200000.0,2100000.0,0.028767,0.0913,0.0913,23000000,23000000,https://www.sec.gov/Archives/edgar/data/850460/000095013401508353/0000950134-01-508353-index.html,https://www.sec.gov/Archives/edgar/data/850460/000095013401508353/d92236e10-q.txt
0,2001-06-30,WIRE,2001-08-13 00:00:00,2001-08-13 00:00:00,Q2,75000000,64800000,10200000,0.136,0.0,6300000.0,0.0,0.0,6200000.000000003,71000000,-500000.0,2400000.0,5400000.0,0.072,4000000.0,0.053333,0.0,3500000.0,0.046667,1300000.0,2200000.0,0.029333,0.09607,0.09607,22900000,22900000,https://www.sec.gov/Archives/edgar/data/850460/000095013401505137/0000950134-01-505137-index.html,https://www.sec.gov/Archives/edgar/data/850460/000095013401505137/d89867e10-q.txt
0,2001-03-31,WIRE,2001-05-15 00:00:00,2001-05-15 00:00:00,Q1,69800000,59900000,9800000.0,0.140401,0.0,6000000.0,0.0,0.0,6000000.000000007,65900000.00000001,-700000.0,2400000.0,4800000.0,0.068768,3800000.0,0.054441,0.0,3200000.0,0.045845,1100000.0,2000000.0,0.028653,0.08772,0.08772,22800000,22800000,https://www.sec.gov/Archives/edgar/data/850460/000095013401501857/0000950134-01-501857-index.html,https://www.sec.gov/Archives/edgar/data/850460/000095013401501857/d87411e10-q.txt
0,2000-12-31,WIRE,,,Q4,73200000,62100000,11200000,0.153005,0.0,6100000.0,0.0,0.0,6100000.000000001,68200000,-900000.0,2399999.9999999995,5599999.999999999,0.076503,5000000.0,0.068306,0.0,4100000.0,0.056011,1500000.0,2600000.0,0.035519,0.11404,0.11404,22800000,22800000,,
0,2000-09-30,WIRE,2000-11-14 00:00:00,2000-11-14 00:00:00,Q3,70400000,60000000,10400000,0.147727,0.0,6000000.0,0.0,0.0,6000000.0,66000000,-1000000.0,2300000.0,4700000.0,0.066761,4400000.0,0.0625,0.0,3400000.0,0.048295,1200000.0,2200000.0,0.03125,0.09607,0.09607,22900000,22900000,https://www.sec.gov/Archives/edgar/data/850460/000095013400009800/0000950134-00-009800-index.html,https://www.sec.gov/Archives/edgar/data/850460/000095013400009800/d82013e10-q.txt
0,2000-06-30,WIRE,2000-08-11 00:00:00,2000-08-11 00:00:00,Q2,73000000,63200000,9800000.0,0.134247,0.0,6100000.0,0.0,0.0,6099999.999999994,69300000,-1100000.0,2300000.0,3900000.0,0.053425,3700000.0,0.050685,0.0,2700000.0,0.036986,1000000.0,1700000.0,0.023288,0.07328,0.07328,23200000,23200000,https://www.sec.gov/Archives/edgar/data/850460/000095013400006692/0000950134-00-006692-index.html,https://www.sec.gov/Archives/edgar/data/850460/000095013400006692/e10-q.txt
0,2000-03-31,WIRE,2000-05-12 00:00:00,2000-05-12 00:00:00,Q1,67000000,57900000,9200000.0,0.137313,0.0,5800000.0,0.0,0.0,5700000.000000003,63600000,-1000000.0,2200000.0,3600000.0,0.053731,3400000.0,0.050746,0.0,2400000.0,0.035821,900000.0,1500000.0,0.022388,0.06438,0.06438,23300000,23300000,https://www.sec.gov/Archives/edgar/data/850460/000095013400004427/0000950134-00-004427-index.html,https://www.sec.gov/Archives/edgar/data/850460/0000950134-00-004427.txt
0,1999-12-31,WIRE,,,Q4,57600000,48900000,8700000.0,0.151042,0.0,4900000.0,0.0,0.0,4899999.999999999,53800000,-1000000.0,2199999.999999999,3999999.999999999,0.069444,3800000.0,0.065972,0.0,2900000.0,0.050347,1000000.0,1800000.0,0.03125,0.07725,0.07725,23300000,23300000,,
0,1999-09-30,WIRE,,,Q3,53100000,45000000,8100000.0,0.152542,0.0,4400000.0,0.0,0.0,4399999.999999999,49400000,-700000.0,2100000.0000000005,4400000.000000001,0.082863,3700000.0,0.06968,0.0,3000000.0,0.056497,1100000.0,1900000.0,0.035782,0.08051,0.08051,23600000,23600000,,
0,1999-06-30,WIRE,,,Q2,55400000,49400000,6100000.0,0.110108,0.0,4500000.0,0.0,0.0,4500000.0,53900000,-600000.0,1900000.0,2300000.0,0.041516,1600000.0,0.028881,0.0,1000000.0,0.018051,400000.0,600000.0,0.01083,0.02521,0.02521,23800000,23800000,,
0,1999-03-31,WIRE,,,Q1,63500000,54300000,9200000.0,0.144882,0.0,5000000.0,0.0,0.0,5000000.0,59300000,-500000.0,1900000.0,5100000.0,0.080315,4200000.0,0.066142,0.0,3700000.0,0.058268,1400000.0,2300000.0,0.03622,0.09623,0.09623,23900000,23900000,,
0,1998-12-31,WIRE,,,Q4,47700000,41900000,5700000.0,0.119497,0.0,4000000.0,0.0,0.0,4000000.0,45900000,-600000.0,1800000.0000000007,2300000.000000001,0.048218,1700000.0,0.035639,0.0,1100000.0,0.023061,400000.0,700000.0,0.014675,0.02905,0.02905,24100000,24100000,,
0,1998-09-30,WIRE,,,Q3,69600000,54200000,15300000,0.219828,0.0,5000000.0,0.0,0.0,5000000.0,59200000,-600000.0,1499999.9999999995,10700000,0.153736,10300000,0.147989,0.0,9800000.0,0.140805,3900000.0,5900000.0,0.08477,0.24082,0.24082,24500000,24500000,,
0,1998-06-30,WIRE,,,Q2,63900000,51400000,12500000,0.195618,0.0,4500000.0,0.0,0.0,4600000.000000001,56000000,-300000.0,1400000.0,8800000.0,0.137715,7900000.0,0.123631,0.0,7700000.0,0.120501,3100000.0,4600000.0,0.071987,0.18474,0.18474,24900000,24900000,,
0,1998-03-31,WIRE,,,Q1,62900000,47500000,15400000,0.244833,0.0,4600000.0,0.0,0.0,4500000.0,52000000,-300000.0,1200000.0,11500000,0.18283,10900000,0.173291,0.0,10600000,0.168521,4200000.0,6400000.0,0.101749,0.25806,0.25806,24800000,24800000,,
0,1997-12-31,WIRE,,,Q4,61900000,47700000,14200000,0.229402,0.0,4100000.0,0.0,0.0,4000000.0,51700000,-200000.0,1099999.9999999995,11000000,0.177706,10200000,0.164782,0.0,10000000,0.161551,4000000.0,6100000.0,0.098546,0.24696,0.24696,24700000,24700000,,
0,1997-09-30,WIRE,,,Q3,70700000,55400000,15300000,0.216407,0.0,4500000.0,0.0,0.0,4500000.0,59900000,-300000.0,1100000.0,11400000,0.161245,10900000,0.154173,0.0,10600000,0.149929,4300000.0,6300000.0,0.089109,0.25301,0.25301,24900000,24900000,,
0,1997-06-30,WIRE,,,Q2,66900000,53600000,13300000,0.198804,0.0,4200000.0,0.0,0.0,4199999.999999996,57799999.99999999,-400000.0,999999.9999999999,9300000.0,0.139013,9100000.0,0.136024,0.0,8600000.0,0.12855,3400000.0,5300000.0,0.079223,0.21371,0.21371,24800000,24800000,,
0,1997-03-31,WIRE,,,Q1,55100000,44700000,10500000,0.190563,0.0,3500000.0,0.0,0.0,3500000.0,48200000,-400000.0,900000.0,7100000.0,0.128857,7000000.0,0.127042,0.0,6600000.0,0.119782,2500000.0,4100000.0,0.07441,0.16872,0.16872,24300000,24300000,,
0,1996-12-31,WIRE,,,Q4,48300000,39300000,9000000.0,0.186335,0.0,3300000.0,0.0,0.0,3300000.000000004,42600000.00000001,-300000.0,899999.9999999999,6000000.0,0.124224,5700000.0,0.118012,0.0,5300000.0,0.109731,2100000.0,3300000.0,0.068323,0.13693,0.13693,24100000,24100000,,
0,1996-09-30,WIRE,1996-11-12 00:00:00,1996-11-12 00:00:00,Q3,46100000,37300000,8800000.0,0.190889,0.0,3300000.0,0.0,0.0,3300000.000000004,40600000.00000001,-400000.0,899999.9999999999,5500000.0,0.119306,5500000.0,0.119306,0.0,5000000.0,0.10846,1900000.0,3100000.0,0.067245,0.12917,0.12917,24000000,24000000,https://www.sec.gov/Archives/edgar/data/850460/000095013496005968/0000950134-96-005968-index.html,https://www.sec.gov/Archives/edgar/data/850460/0000950134-96-005968.txt
