,date,symbol,fillingDate,acceptedDate,period,revenue,costOfRevenue,grossProfit,grossProfitRatio,researchAndDevelopmentExpenses,generalAndAdministrativeExpenses,sellingAndMarketingExpenses,otherExpenses,operatingExpenses,costAndExpenses,interestExpense,depreciationAndAmortization,ebitda,ebitdaratio,operatingIncome,operatingIncomeRatio,totalOtherIncomeExpensesNet,incomeBeforeTax,incomeBeforeTaxRatio,incomeTaxExpense,netIncome,netIncomeRatio,eps,epsdiluted,weightedAverageShsOut,weightedAverageShsOutDil,link,finalLink
0,2020-09-30,DSS,2020-10-23,2020-10-23 16:25:50,Q3,4169000.0,2638000.0,1531000.0,0.3672343487646918,0.0,3675000.0,1220000.0,2884000.0,6559000.0,9197000.0,10000.0,246000.0,-2144000.0,-0.514272007676,-2390000.0,-0.57327896378,0.0,5366000.0,1.28711921324,0.0,4942000.0,1.18541616695,1.81,1.81,2811336.0,3893597.0,https://www.sec.gov/Archives/edgar/data/771999/000149315220019878/0001493152-20-019878-index.htm,https://www.sec.gov/Archives/edgar/data/771999/000149315220019878/form10-q.htm
0,2020-06-30,DSS,2020-08-14 00:00:00,2020-08-14 16:49:18,Q2,3129000.0,1798000.0,1331000.0,0.425376,0.0,2154000.0,0.0,139000.0,2567999.9999999995,4366000.0,12000.0,217999.99999999997,-560000.0,-0.178971,-1237000.0,-0.395334,0.0,-672000.0,-0.214765,0.0,-790000.0,-0.252477,-0.37562,-0.37562,2103200.0,2103200.0,https://www.sec.gov/Archives/edgar/data/771999/000149315220015907/0001493152-20-015907-index.htm,https://www.sec.gov/Archives/edgar/data/771999/000149315220015907/form10-q.htm
0,2020-03-31,DSS,2020-05-14,2020-05-14 16:59:25,Q1,4219000.0,2641000.0,1578000.0,0.3740222801611756,0.0,2027000.0,573000000,167000.0,2497000.0,5138000.0,39000.0,360000.0,-1503000.0,-0.356246,-919000.0,-0.217824,0.0,-923000.0,-0.218772,0.0,-1902000.0,-0.450818,-0.95731,-0.95731,1986820.0,1986820.0,https://www.sec.gov/Archives/edgar/data/771999/000149315220008799/0001493152-20-008799-index.htm,https://www.sec.gov/Archives/edgar/data/771999/000149315220005310/form10-k.htm
0,2019-12-31,DSS,2020-03-31,2020-03-30 17:32:25,Q4,6960560.0,4327450.0,2633110.0,0.3782899651752158,0.0,2547190.0,171750000,4668073.0,2899810.0000000005,7227260.0,-285000.0,352630.0,-215060.0,-0.030897,-266700.0,-0.038316,0.0,-282690.0,-0.040613,-125490.0,-157200.0,-0.022584,-0.13796,-0.13796,1139490.0,1139490.0,https://www.sec.gov/Archives/edgar/data/771999/000149315220005310/0001493152-20-005310-index.htm,https://www.sec.gov/Archives/edgar/data/771999/000149315220005310/form10-k.htm
0,2019-09-30,DSS,2019-11-13,2019-11-13 17:26:24,Q3,3532920.0,2217820.0,1315100.0,0.37224165845815926,0.0,2094580.0,0.0,2637885.0,2514639.9999999995,4732459.999999999,58000.0,505209.9999999999,-687460.0000000001,-0.194587,-1199540.0,-0.339532,0.0,-1250670.0,-0.354005,0.0,-1250670.0,-0.354005,-1.56178,-1.56178,800800.0,800800.0,https://www.sec.gov/Archives/edgar/data/771999/000149315219017064/0001493152-19-017064-index.htm,https://www.sec.gov/Archives/edgar/data/771999/000149315219017064/form10-q.htm
0,2019-06-30,DSS,2019-08-13,2019-08-13 16:16:24,Q2,3484000.0,2384000.0,1100000.0,0.3157290470723307,0.0,1329000.0,0.0,181000.0,1803000.0000000005,4187000.0000000005,40335.0,251590.00000000003,-739075.0,-0.212134,-703000.0,-0.20178,0.0,-732000.0,-0.210103,0.0,-1031000.0,-0.295924,-1.41186,-1.41186,730240.0,730240.0,https://www.sec.gov/Archives/edgar/data/771999/000149315219012213/0001493152-19-012213-index.htm,https://www.sec.gov/Archives/edgar/data/771999/000149315219012213/form10-q.htm
0,2019-03-31,DSS,2019-05-14,2019-05-14 16:16:14,Q1,4808920.0,3159550.0,1649370.0,0.3429813762757542,0.0,1776820.0,0.0,3453958.0,2071220.0,5230770.0,29665.0,294410.0,-126375.0,-0.026279,-421850.0,-0.087722,0.0,-450450.0,-0.09367,0.0,-450450.0,-0.09367,-0.77251,-0.77251,583100.0,583100.0,https://www.sec.gov/Archives/edgar/data/771999/000149315219007081/0001493152-19-007081-index.htm,https://www.sec.gov/Archives/edgar/data/771999/000149315219003423/form10-k.htm
0,2018-12-31,DSS,2019-03-15,2019-03-15 14:46:30,Q4,5956180.0,3963660.0,1992520.0,0.33452984966874744,0.0,1643120.0,0.0,0.0,2331930.0,6295590.0,32359.0,278820.00000000006,-83150.99999999993,-0.01396,-339410.0,-0.056985,0.0,-377740.0,-0.06342,16593.0,-394330.0,-0.066205,-0.6997,-0.6997,563570.0,563570.0,https://www.sec.gov/Archives/edgar/data/771999/000149315219003423/0001493152-19-003423-index.htm,https://www.sec.gov/Archives/edgar/data/771999/000149315219003423/form10-k.htm
0,2018-09-30,DSS,2018-11-14,2018-11-14 16:02:29,Q3,4094290.0,2551780.0,1542510.0,0.3767466398325473,0.0,1367830.0,0.0,0.0,1921160.0000000005,4472940.0,29554.0,312810.00000000006,-69705.99999999997,-0.017025,-378650.0,-0.092482,0.0,-412070.0,-0.100645,0.0,-412070.0,-0.100645,-0.02457,-0.02457,16767990,16767990,https://www.sec.gov/Archives/edgar/data/771999/000149315218016055/0001493152-18-016055-index.htm,https://www.sec.gov/Archives/edgar/data/771999/000149315218016055/form10-q.htm
0,2018-06-30,DSS,2018-08-14,2018-08-14 16:02:07,Q2,4090000.0,2760000.0,1330000.0,0.3251833740831296,10000.0,1570000.0,0.0,220000.0,-1389999.9999999998,1370000.0000000002,33768.0,339999.99999999994,3053768.0,0.746643,2710000.0,0.662592,0.0,2680000.0,0.655257,0.0,2680000.0,0.655257,0.15914,0.15914,16840000,16840000,https://www.sec.gov/Archives/edgar/data/771999/000149315218011770/0001493152-18-011770-index.htm,https://www.sec.gov/Archives/edgar/data/771999/000149315218011770/form10-q.htm
0,2018-03-31,DSS,2018-05-15,2018-05-15 16:06:32,Q1,4380000.0,2580000.0,1800000.0,0.410958904109589,100000.0,1450000.0,0.0,230000.0,2130000.0,4710000.0,49138.0,350000.0,-10862.0,-0.00248,-330000.0,-0.075342,0.0,-410000.0,-0.093607,0.0,-410000.0,-0.093607,-0.0247,-0.0247,16600000,16600000,https://www.sec.gov/Archives/edgar/data/771999/000149315218007049/0001493152-18-007049-index.htm,https://www.sec.gov/Archives/edgar/data/771999/000149315218002948/form10k.htm
0,2017-12-31,DSS,2018-03-06,2018-03-06 16:01:50,Q4,5830000.0,3630000.0,2200000.0,0.37735849056603776,0.0,1350000.0,0.0,280000.0,2000000.0,5630000.0,52756.0,369999.9999999999,602755.9999999999,0.103389,200000.0,0.034305,0.0,110000.0,0.018868,30000.0,150000.0,0.025729,0.00919,0.00919,16320000,16320000,https://www.sec.gov/Archives/edgar/data/771999/000149315218002948/0001493152-18-002948-index.htm,https://www.sec.gov/Archives/edgar/data/771999/000149315218002948/form10k.htm
0,2017-09-30,DSS,2017-11-14,2017-11-14 11:46:00,Q3,4200000.0,2400000.0,1800000.0,0.42857142857142855,0.0,1410000.0,0.0,210000.0,1970000.0000000002,4370000.0,58164.0,350000.0000000001,128164.0000000001,0.030515,-170000.0,-0.040476,0.0,-270000.0,-0.064286,4734.0,-280000.0,-0.066667,-0.01987,-0.01987,14090000,14090000,https://www.sec.gov/Archives/edgar/data/771999/000149315217013059/0001493152-17-013059-index.htm,https://www.sec.gov/Archives/edgar/data/771999/000149315217013059/form10-q.htm
0,2017-06-30,DSS,2017-08-14,2017-08-14 09:47:38,Q2,3860000.0,2190000.0,1670000.0,0.4326424870466321,40000.0,1320000.0,0.0,130000.0,1840000.0000000002,4030000.0000000005,54801.0,349999.9999999999,144800.9999999999,0.037513,-170000.0,-0.044041,0.0,-260000.0,-0.067358,4737.0,-260000.0,-0.067358,-0.01903,-0.01903,13660000,13660000,https://www.sec.gov/Archives/edgar/data/771999/000149315217009076/0001493152-17-009076-index.htm,https://www.sec.gov/Archives/edgar/data/771999/000149315217009076/form10-q.htm
0,2017-03-31,DSS,2017-05-15,2017-05-15 16:15:20,Q1,4770000.0,2790000.0,1980000.0,0.41509433962264153,60000.0,1440000.0,0.0,230000.0,2070000.0000000002,4860000.0,57600.0,340000.0,217600.0,0.045618,-90000.0,-0.018868,0.0,-180000.0,-0.037736,4737.0,-180000.0,-0.037736,-0.01322,-0.01322,13620000,13620000,https://www.sec.gov/Archives/edgar/data/771999/000149315217005325/0001493152-17-005325-index.htm,https://www.sec.gov/Archives/edgar/data/771999/000149315217002906/form10-k.htm
0,2016-12-31,DSS,2017-03-28,2017-03-28 16:01:41,Q4,5790000.0,3300000.0,2490000.0,0.43005181347150256,90000.0,1710000.0,0.0,270000.0,2410000.0,5710000.0,496879.0,339999.9999999999,856878.9999999999,0.147993,80000.0,0.013817,0.0,20000.0,0.003454,-3481.0,20000.0,0.003454,0.0015,0.0015,13350000,13350000,https://www.sec.gov/Archives/edgar/data/771999/000149315217002906/0001493152-17-002906-index.htm,https://www.sec.gov/Archives/edgar/data/771999/000149315217002906/form10-k.htm
0,2016-09-30,DSS,2016-11-14,2016-11-14 09:02:19,Q3,4980000.0,2870000.0,2110000.0,0.42369477911646586,120000.0,1370000.0,0.0,220000.0,2059999.9999999995,4930000.0,-367591.0,350000.0000000001,-47590.9999999999,-0.009556,50000.0,0.01004,0.0,-20000.0,-0.004016,4737.0,-30000.0,-0.006024,-0.00231,-0.00231,12980000,12980000,https://www.sec.gov/Archives/edgar/data/771999/000149315216014833/0001493152-16-014833-index.htm,https://www.sec.gov/Archives/edgar/data/771999/000149315216014833/form10-q.htm
0,2016-06-30,DSS,2016-08-15,2016-08-15 16:07:09,Q2,4070000.0,2330000.0,1740000.0,0.4275184275184275,120000.0,1280000.0,0.0,240000.0,1979999.9999999995,4309999.999999999,72799.0,339999.99999999994,92798.99999999997,0.022801,-240000.0,-0.058968,0.0,-310000.0,-0.076167,4737.0,-320000.0,-0.078624,-0.02465,-0.02465,12980000,12980000,https://www.sec.gov/Archives/edgar/data/771999/000149315216012439/0001493152-16-012439-index.htm,https://www.sec.gov/Archives/edgar/data/771999/000149315216012439/form10-q.htm
0,2016-03-31,DSS,2016-05-16,2016-05-16 16:17:07,Q1,4340000.0,2610000.0,1730000.0,0.3986175115207373,110000.0,1570000.0,0.0,230000.0,2270000.0,4880000.0,77127.0,360000.0,-182873.0,-0.042137,-540000.0,-0.124424,0.0,-620000.0,-0.142857,4737.0,-620000.0,-0.142857,-0.0478,-0.0478,12970000,12970000,https://www.sec.gov/Archives/edgar/data/771999/000149315216009900/0001493152-16-009900-index.htm,https://www.sec.gov/Archives/edgar/data/771999/000149315216008415/form10-k.htm
0,2015-12-31,DSS,2016-03-30,2016-03-30 16:19:01,Q4,5460000.0,3460000.0,2000000.0,0.3663003663003663,120000.0,1720000.0,0.0,360000.0,12680000,16140000,84000.0,390000.0000000001,-10276000,-1.882051,-10680000,-1.956044,0.0,-10750000,-1.968864,10000.0,-10760000,-1.970696,-0.83282,-0.83282,12920000,12920000,https://www.sec.gov/Archives/edgar/data/771999/000149315216008415/0001493152-16-008415-index.htm,https://www.sec.gov/Archives/edgar/data/771999/000149315216008415/form10-k.htm
0,2015-09-30,DSS,2015-11-13,2015-11-13 16:06:02,Q3,4420000.0,2560000.0,1860000.0,0.42081447963800905,120000.0,1960000.0,0.0,150000.0,2630000.0000000005,5190000.0,88551000,399999.9999999999,88091000,19.93009,-770000.0,-0.174208,0.0,-860000.0,-0.19457,4737.0,-860000.0,-0.19457,-0.0735,-0.0735,11700000,11700000,https://www.sec.gov/Archives/edgar/data/771999/000114420415065332/0001144204-15-065332-index.htm,https://www.sec.gov/Archives/edgar/data/771999/000114420415065332/v423217_10q.htm
0,2015-06-30,DSS,2015-08-13,2015-08-13 16:30:14,Q2,4200000.0,2660000.0,1540000.0,0.36666666666666664,120000.0,1890000.0,0.0,230000.0,2630000.0,5290000.0,90330000,390000.0,89680000,21.352381,-1090000.0,-0.259524,0.0,-1040000.0,-0.247619,4737.0,-1040000.0,-0.247619,-0.08981,-0.08981,11580000,11580000,https://www.sec.gov/Archives/edgar/data/771999/000114420415049039/0001144204-15-049039-index.htm,https://www.sec.gov/Archives/edgar/data/771999/000114420415049039/v417010_10q.htm
0,2015-03-31,DSS,2015-05-15,2015-05-15 16:03:30,Q1,3430000.0,1990000.0,1440000.0,0.4198250728862974,120000.0,2310000.0,0.0,180000.0,3000000.0,4990000.0,78382000,380000.0,77112000,22.481633,-1560000.0,-0.45481,0.0,-1640000.0,-0.478134,4737.0,-1650000.0,-0.48105,-0.14273,-0.14273,11560000,11560000,https://www.sec.gov/Archives/edgar/data/771999/000114420415031533/0001144204-15-031533-index.htm,https://www.sec.gov/Archives/edgar/data/771999/000114420415019400/v404918_10k.htm
0,2014-12-31,DSS,2015-03-30,2015-03-30 16:31:01,Q4,4810000.0,3180000.0,1630000.0,0.3388773388773389,120000.0,2000000.0,531000000,500000.0,29259999.999999996,32439999.999999996,-60000.0,1349999.9999999995,-26400000,-5.488565,-27630000,-5.744283,0.0,-27690000,-5.756757,0.0,-27690000,-5.756757,-2.62216,-2.62216,10560000,10560000,https://www.sec.gov/Archives/edgar/data/771999/000114420415019400/0001144204-15-019400-index.htm,https://www.sec.gov/Archives/edgar/data/771999/000114420415019400/v404918_10k.htm
0,2014-09-30,DSS,2014-11-13,2014-11-13 16:07:20,Q3,4960000.0,3110000.0,1850000.0,0.37298387096774194,120000.0,2150000.0,0.0,200000.0,15530000.000000002,18640000,88812000,1319999.9999999998,81062000,16.343145,-13680000,-2.758065,0.0,-13770000,-2.77621,-1000000.0,-8070000.0,-1.627016,-0.76493,-0.76493,10550000,10550000,https://www.sec.gov/Archives/edgar/data/771999/000114420414067721/0001144204-14-067721-index.htm,https://www.sec.gov/Archives/edgar/data/771999/000114420414067721/v392828_10q.htm
0,2014-06-30,DSS,2014-08-12,2014-08-12 16:03:31,Q2,4880000.0,3200000.0,1680000.0,0.3442622950819672,110000.0,2260000.0,0.0,240000.0,3899999.9999999995,7099999.999999999,88905000,1290000.0,87855000,18.003074,-2220000.0,-0.454918,0.0,-2340000.0,-0.479508,4737.0,-2340000.0,-0.479508,-0.22265,-0.22265,10510000,10510000,https://www.sec.gov/Archives/edgar/data/771999/000114420414048889/0001144204-14-048889-index.htm,https://www.sec.gov/Archives/edgar/data/771999/000114420414048889/v384815_10q.htm
0,2014-03-31,DSS,2014-05-13,2014-05-13 16:06:50,Q1,3630000.0,2200000.0,1430000.0,0.3939393939393939,110000.0,2730000.0,0.0,230000.0,4390000.0,6590000.0,-90000.0,1310000.0,-1840000.0,-0.506887,-2960000.0,-0.815427,0.0,-3050000.0,-0.84022,4737.0,-3060000.0,-0.842975,-0.29198,-0.29198,10480000,10480000,https://www.sec.gov/Archives/edgar/data/771999/000114420414029916/0001144204-14-029916-index.htm,https://www.sec.gov/Archives/edgar/data/771999/000114420414017894/v371108_10k.htm
0,2013-12-31,DSS,2014-03-26,2014-03-26 16:05:12,Q4,5150000.0,3200000.0,1950000.0,0.3786407766990291,80000.0,2940000.0,0.0,230000.0,4550000.0,7750000.0,-90000.0,1310000.0000000002,-1339999.9999999998,-0.260194,-2590000.0,-0.502913,0.0,-2560000.0,-0.497087,-1750000.0,-810000.0,-0.157282,-0.07707,-0.07707,10510000,10510000,https://www.sec.gov/Archives/edgar/data/771999/000114420414017894/0001144204-14-017894-index.htm,https://www.sec.gov/Archives/edgar/data/771999/000114420414017894/v371108_10k.htm
0,2013-09-30,DSS,2013-11-13,2013-11-13 17:27:28,Q3,4250000.0,2510000.0,1740000.0,0.40941176470588236,50000.0,2390000.0,0.0,240000.0,4400000.0,6910000.0,-80000.0,1210000.0,-1620000.0,-0.381176,-2660000.0,-0.625882,0.0,-2740000.0,-0.644706,-9210000.0,6460000.0,1.52,0.61641,0.61641,10480000,10480000,https://www.sec.gov/Archives/edgar/data/771999/000114420413061136/0001144204-13-061136-index.htm,https://www.sec.gov/Archives/edgar/data/771999/000114420413061136/v358891_10q.htm
0,2013-06-30,DSS,2013-08-13,2013-08-13 16:00:59,Q2,4280000.0,2540000.0,1740000.0,0.40654205607476634,60000.0,3050000.0,0.0,220000.0,3570000.0000000005,6110000.0,-90000.0,220000.0,-1800000.0,-0.420561,-1830000.0,-0.42757,0.0,-1920000.0,-0.448598,4737.0,-1930000.0,-0.450935,-0.35543,-0.35543,5430000.0,5430000.0,https://www.sec.gov/Archives/edgar/data/771999/000114420413045158/0001144204-13-045158-index.htm,https://www.sec.gov/Archives/edgar/data/771999/000114420413045158/v351500_10q.htm
0,2013-03-31,DSS,2013-05-15,2013-05-15 14:01:22,Q1,3770000.0,2210000.0,1560000.0,0.41379310344827586,60000.0,2130000.0,0.0,220000.0,2630000.0,4840000.0,-60000.0,230000.0,-960000.0,-0.254642,-1070000.0,-0.28382,0.0,-1130000.0,-0.299735,4737.0,-1130000.0,-0.299735,-0.2081,-0.2081,5430000.0,5430000.0,https://www.sec.gov/Archives/edgar/data/771999/000114420413029276/0001144204-13-029276-index.htm,https://www.sec.gov/Archives/edgar/data/771999/000114420413013265/v336911_10k.htm
0,2012-12-31,DSS,2013-03-06,2013-03-06 16:38:33,Q4,5450000.0,3420000.0,2030000.0,0.3724770642201835,-50000.0,2850000.0,0.0,-20000.0,3530000.0,6950000.0,-60000.0,250000.0,-1370000.0,-0.251376,-1500000.0,-0.275229,-230000.0,-1560000.0,-0.286239,4737.0,-1560000.0,-0.286239,-0.28729,-0.28729,5430000.0,5430000.0,https://www.sec.gov/Archives/edgar/data/771999/000114420413013265/0001144204-13-013265-index.htm,https://www.sec.gov/Archives/edgar/data/771999/000114420413013265/v336911_10k.htm
0,2012-09-30,DSS,2012-11-13,2012-11-13 09:01:46,Q3,4160000.0,2640000.0,1520000.0,0.36538461538461536,170000.0,2060000.0,0.0,210000.0,2550000.0000000005,5190000.0,-125605.0,209999.99999999997,-1015605.0,-0.244136,-1030000.0,-0.247596,0.0,-1090000.0,-0.262019,4737.0,-1100000.0,-0.264423,-0.21113,-0.21113,5210000.0,5210000.0,https://www.sec.gov/Archives/edgar/data/771999/000114420412061186/0001144204-12-061186-index.htm,https://www.sec.gov/Archives/edgar/data/771999/000114420412061186/v326039_10q.htm
0,2012-06-30,DSS,2012-08-14,2012-08-14 15:00:46,Q2,3660000.0,2320000.0,1340000.0,0.366120218579235,220000.0,1620000.0,0.0,310000.0,2260000.0,4580000.0,54673.0,200000.0,-735327.0,-0.200909,-920000.0,-0.251366,0.0,-990000.0,-0.270492,4737.0,-990000.0,-0.270492,-0.19112,-0.19112,5180000.0,5180000.0,https://www.sec.gov/Archives/edgar/data/771999/000114420412045531/0001144204-12-045531-index.htm,https://www.sec.gov/Archives/edgar/data/771999/000114420412045531/v318521_10q.htm
0,2012-03-31,DSS,2012-05-15,2012-05-15 15:55:17,Q1,3840000.0,2590000.0,1250000.0,0.3255208333333333,150000.0,1580000.0,0.0,180000.0,2020000.0000000005,4610000.000000001,70932.0,190000.0,-809068.0,-0.210695,-770000.0,-0.200521,0.0,-1070000.0,-0.278646,4737.0,-1070000.0,-0.278646,-0.21315,-0.21315,5020000.0,5020000.0,https://www.sec.gov/Archives/edgar/data/771999/000114420412029473/0001144204-12-029473-index.htm,https://www.sec.gov/Archives/edgar/data/771999/000114420412015842/v305519_10k.htm
0,2011-12-31,DSS,2012-03-19,2012-03-19 16:13:10,Q4,4210000.0,3050000.0,1160000.0,0.2755344418052256,80000.0,1610000.0,0.0,230000.0,2020000.0000000005,5070000.000000001,89431.0,240000.0,-620569.0,-0.147404,-860000.0,-0.204276,0.0,-950000.0,-0.225653,154920.0,-950000.0,-0.225653,-0.19467,-0.19467,4880000.0,4880000.0,https://www.sec.gov/Archives/edgar/data/771999/000114420412015842/0001144204-12-015842-index.htm,https://www.sec.gov/Archives/edgar/data/771999/000114420412015842/v305519_10k.htm
0,2011-09-30,DSS,2011-11-14,2011-11-14 12:11:19,Q3,3620000.0,2350000.0,1270000.0,0.35082872928176795,80000.0,1740000.0,0.0,210000.0,2130000.0000000005,4480000.0,60532.0,180000.00000000006,-679468.0,-0.187698,-860000.0,-0.237569,0.0,-920000.0,-0.254144,-160000.0,-760000.0,-0.209945,-0.15606,-0.15606,4870000.0,4870000.0,https://www.sec.gov/Archives/edgar/data/771999/000114420411063833/0001144204-11-063833-index.htm,https://www.sec.gov/Archives/edgar/data/771999/000114420411063833/v240341_10q.htm
0,2011-06-30,DSS,2011-08-15,2011-08-15 16:09:27,Q2,2880000.0,2070000.0,810000.0,0.28125,70000.0,1460000.0,0.0,230000.0,1850000.0,3920000.0,109179.0,169999.99999999997,-830821.0,-0.28848,-1050000.0,-0.364583,0.0,-1110000.0,-0.385417,4737.0,-1110000.0,-0.385417,-0.2284,-0.2284,4860000.0,4860000.0,https://www.sec.gov/Archives/edgar/data/771999/000114420411047209/0001144204-11-047209-index.htm,https://www.sec.gov/Archives/edgar/data/771999/000114420411047209/v231660_10q.htm
0,2011-03-31,DSS,2011-05-16,2011-05-16 15:46:26,Q1,2690000.0,1750000.0,940000.0,0.34944237918215615,50000.0,1350000.0,0.0,130000.0,1640000.0,3390000.0,49955000,180000.0,49735000,18.488848,-700000.0,-0.260223,0.0,-390000.0,-0.144981,4737.0,-400000.0,-0.148699,-0.08247,-0.08247,4850000.0,4850000.0,https://www.sec.gov/Archives/edgar/data/771999/000114420411029934/0001144204-11-029934-index.htm,https://www.sec.gov/Archives/edgar/data/771999/000114420411019189/v216851_10k.htm
0,2010-12-31,DSS,2011-03-31,2011-03-31 17:02:00,Q4,4130000.0,3050000.0,1080000.0,0.26150121065375304,60000.0,1370000.0,0.0,280000.0,2320000.0000000005,5370000.0,62005000,310000.00000000006,60715000,14.700969,-1240000.0,-0.300242,-2.0,-1600000.0,-0.387409,4737.0,-1600000.0,-0.387409,-0.43478,-0.43478,3680000.0,3680000.0,https://www.sec.gov/Archives/edgar/data/771999/000114420411019189/0001144204-11-019189-index.htm,https://www.sec.gov/Archives/edgar/data/771999/000114420411019189/v216851_10k.htm
0,2010-09-30,DSS,2010-11-15,2010-11-15 17:29:26,Q3,3150000.0,2270000.0,880000.0,0.27936507936507937,70000.0,1310000.0,0.0,-10000.0,1590000.0,3860000.0,78572000,309999.99999999994,78002000,24.76254,-710000.0,-0.225397,0.0,-880000.0,-0.279365,4737.0,-880000.0,-0.279365,-0.19556,-0.19556,4500000.0,4500000.0,https://www.sec.gov/Archives/edgar/data/771999/000114420410061037/0001144204-10-061037-index.htm,https://www.sec.gov/Archives/edgar/data/771999/000114420410061037/v202539_10q.htm
0,2010-06-30,DSS,2010-08-12,2010-08-12 16:01:01,Q2,3330000.0,2450000.0,880000.0,0.26426426426426425,70000.0,1280000.0,0.0,160000.0,1719999.9999999998,4170000.0,84407000,310000.0,83717000,25.14024,-850000.0,-0.255255,0.0,-990000.0,-0.297297,4737.0,-1000000.0,-0.3003,-0.22779,-0.22779,4390000.0,4390000.0,https://www.sec.gov/Archives/edgar/data/771999/000114420410043176/0001144204-10-043176-index.htm,https://www.sec.gov/Archives/edgar/data/771999/000114420410043176/v193474_10q.htm
0,2010-03-31,DSS,2010-05-17,2010-05-17 16:07:51,Q1,2770000.0,1930000.0,840000.0,0.30324909747292417,70000.0,1400000.0,0.0,210000.0,1950000.0,3880000.0,65103000,330000.0,64313000,23.21769,-1100000.0,-0.397112,140000.0,-1120000.0,-0.404332,-1140000.0,20000.0,0.00722,0.00471,0.00471,4250000.0,4250000.0,https://www.sec.gov/Archives/edgar/data/771999/000114420410028297/0001144204-10-028297-index.htm,https://www.sec.gov/Archives/edgar/data/771999/000114420410015509/v178389_10k.htm
0,2009-12-31,DSS,2010-03-25,2010-03-25 10:14:03,Q4,2330000.0,1480000.0,850000.0,0.3648068669527897,70000.0,1640000.0,0.0,371037000,2270000.0,3750000.0,51746000,439999.99999999994,51066000,21.916738,-1420000.0,-0.609442,420000.0,-1110000.0,-0.476395,4738.0,-1120000.0,-0.480687,-0.29319,-0.29319,3820000.0,3820000.0,https://www.sec.gov/Archives/edgar/data/771999/000114420410015509/0001144204-10-015509-index.htm,https://www.sec.gov/Archives/edgar/data/771999/000114420410015509/v178389_10k.htm
0,2009-09-30,DSS,2009-11-16,2009-11-16 16:27:13,Q3,2550000.0,1580000.0,970000.0,0.3803921568627451,60000.0,1200000.0,0.0,200000.0,1819999.9999999998,3400000.0,57998000,400000.0,57448000,22.528627,-840000.0,-0.329412,0.0,-950000.0,-0.372549,4738.0,-950000.0,-0.372549,-0.25815,-0.25815,3680000.0,3680000.0,https://www.sec.gov/Archives/edgar/data/771999/000114420409059866/0001144204-09-059866-index.htm,https://www.sec.gov/Archives/edgar/data/771999/000114420409059866/v166441_10q.htm
0,2009-06-30,DSS,2009-08-14,2009-08-14 13:53:17,Q2,2250000.0,1560000.0,690000.0,0.30666666666666664,70000.0,1060000.0,0.0,50000.0,1540000.0,3100000.0,68420000,410000.0,67850000,30.155556,-850000.0,-0.377778,0.0,-970000.0,-0.431111,4738.0,-980000.0,-0.435556,-0.14605,-0.14605,6710000.0,6710000.0,https://www.sec.gov/Archives/edgar/data/771999/000114420409043422/0001144204-09-043422-index.htm,https://www.sec.gov/Archives/edgar/data/771999/000114420409043422/v157631_10q.htm
0,2009-03-31,DSS,2009-05-14,2009-05-14 10:57:44,Q1,2780000.0,1600000.0,1180000.0,0.4244604316546763,90000.0,1310000.0,0.0,210000.0,1969999.9999999998,3570000.0,80754000,410000.0,80224000,28.857554,-800000.0,-0.28777,0.0,-940000.0,-0.338129,4738.0,-940000.0,-0.338129,-0.26184,-0.26184,3590000.0,3590000.0,https://www.sec.gov/Archives/edgar/data/771999/000114420409026350/0001144204-09-026350-index.htm,https://www.sec.gov/Archives/edgar/data/771999/000114420409017790/v144409_10k.htm
0,2008-12-31,DSS,2009-03-31,2009-03-31 15:58:46,Q4,1320000.0,730000.0,590000.0,0.44696969696969696,110000.0,1130000.0,0.0,440000.0,2590000.0,3320000.0,49435000,449999.99999999994,47785000,36.200758,-2000000.0,-1.515152,278.0,-2090000.0,-1.583333,4701.0,-2100000.0,-1.590909,-0.58496,-0.58496,3590000.0,3590000.0,https://www.sec.gov/Archives/edgar/data/771999/000114420409017790/0001144204-09-017790-index.htm,https://www.sec.gov/Archives/edgar/data/771999/000114420409017790/v144409_10k.htm
0,2008-09-30,DSS,2008-11-10,2008-11-10 16:56:30,Q3,1670000.0,730000.0,940000.0,0.562874251497006,70000.0,1550000.0,0.0,200000.0,2400000.0,3130000.0,41208000,620000.0000000001,39168000,23.453892,-1460000.0,-0.874251,0.0,-2660000.0,-1.592814,10000.0,-2670000.0,-1.598802,-0.7479,-0.7479,3570000.0,3570000.0,https://www.sec.gov/Archives/edgar/data/771999/000114420408062385/0001144204-08-062385-index.htm,https://www.sec.gov/Archives/edgar/data/771999/000114420408062385/v131260_10q.htm
0,2008-06-30,DSS,2008-08-11,2008-08-11 16:56:35,Q2,2210000.0,870000.0,1340000.0,0.6063348416289592,130000.0,1760000.0,0.0,170000.0,2639999.9999999995,3509999.9999999995,33041000,610000.0,32441000,14.679186,-1290000.0,-0.58371,130000.0,-1210000.0,-0.547511,10000.0,-1220000.0,-0.552036,-0.35673,-0.35673,3420000.0,3420000.0,https://www.sec.gov/Archives/edgar/data/771999/000114420408045400/0001144204-08-045400-index.htm,https://www.sec.gov/Archives/edgar/data/771999/000114420408045400/v122667_10q.htm
0,2008-03-31,DSS,2008-05-12,2008-05-12 16:50:28,Q1,1440000.0,700000.0,740000.0,0.5138888888888888,120000.0,1900000.0,0.0,140000.0,3010000.0,3710000.0,20849000,610000.0,19169000,13.311806,-2260000.0,-1.569444,0.0,-2300000.0,-1.597222,10000.0,-2300000.0,-1.597222,-0.67449,-0.67449,3410000.0,3410000.0,https://www.sec.gov/Archives/edgar/data/771999/000114420408027791/0001144204-08-027791-index.htm,https://www.sec.gov/Archives/edgar/data/771999/000114420408015849/v107049_10k.htm
0,2007-12-31,DSS,2008-03-17,2008-03-17 16:43:57,Q4,1660000.0,850000.0,810000.0,0.4879518072289157,110000.0,1920000.0,0.0,440000.0,2990000.0,3840000.0,1297000.0,550000.0,-353000.0,-0.212651,-2180000.0,-1.313253,0.0,-2200000.0,-1.325301,0.0,-2200000.0,-1.325301,-0.64516,-0.64516,3410000.0,3410000.0,https://www.sec.gov/Archives/edgar/data/771999/000114420408015849/0001144204-08-015849-index.htm,https://www.sec.gov/Archives/edgar/data/771999/000114420408015849/v107049_10k.htm
0,2007-09-30,DSS,2007-11-14,2007-11-14 17:19:02,Q3,1410000.0,720000.0,690000.0,0.48936170212765956,110000.0,1670000.0,0.0,290000.0,2570000.0000000005,3290000.0000000005,1362000.0,529999.9999999999,21999.9999999999,0.015603,-1880000.0,-1.333333,0.0,-1880000.0,-1.333333,10000.0,-1880000.0,-1.333333,-0.54971,-0.54971,3420000.0,3420000.0,https://www.sec.gov/Archives/edgar/data/771999/000114420407061766/0001144204-07-061766-index.htm,https://www.sec.gov/Archives/edgar/data/771999/000114420407061766/v093822_10q.htm
0,2007-06-30,DSS,2007-08-14,2007-08-14 14:50:14,Q2,1300000.0,640000.0,660000.0,0.5076923076923077,110000.0,1590000.0,0.0,210000.0,2360000.0,3000000.0,1296000.0,480000.0,86000.0,0.066154,-1700000.0,-1.307692,0.0,-1670000.0,-1.284615,10000.0,-1700000.0,-1.307692,-0.49853,-0.49853,3410000.0,3410000.0,https://www.sec.gov/Archives/edgar/data/771999/000114420407043290/0001144204-07-043290-index.htm,https://www.sec.gov/Archives/edgar/data/771999/000114420407043290/v083290_10q.htm
0,2007-03-31,DSS,2007-05-15,2007-05-15 14:48:21,Q1,1630000.0,650000.0,980000.0,0.6012269938650306,90000.0,1590000.0,0.0,190000.0,2230000.0,2880000.0,1153000.0,390000.0,343000.0,0.210429,-1250000.0,-0.766871,0.0,-1220000.0,-0.748466,10000.0,-1210000.0,-0.742331,-0.35588,-0.35588,3400000.0,3400000.0,https://www.sec.gov/Archives/edgar/data/771999/000114420407025669/0001144204-07-025669-index.htm,https://www.sec.gov/Archives/edgar/data/771999/000114420407015325/v069324_10k.htm
0,2006-12-31,DSS,2007-03-29,2007-03-29 17:24:38,Q4,1290000.0,660000.0,630000.0,0.4883720930232558,90000.0,1700000.0,0.0,261539000,2050000.0,2710000.0,1311000.0,299999.99999999994,180999.99999999994,0.14031,-1410000.0,-1.093023,0.0,-1410000.0,-1.093023,0.0,-1430000.0,-1.108527,-0.44,-0.44,3250000.0,3250000.0,https://www.sec.gov/Archives/edgar/data/771999/000114420407015325/0001144204-07-015325-index.htm,https://www.sec.gov/Archives/edgar/data/771999/000114420407015325/v069324_10k.htm
0,2006-09-30,DSS,2006-11-14,2006-11-14 16:51:06,Q3,1140000.0,600000.0,540000.0,0.47368421052631576,90000.0,1360000.0,0.0,275714000,1730000.0,2330000.0,2788000.0,320000.00000000006,1908000.0,1.673684,-1190000.0,-1.04386,0.0,-1190000.0,-1.04386,0.0,-1200000.0,-1.052632,-0.37152,-0.37152,3230000.0,3230000.0,https://www.sec.gov/Archives/edgar/data/771999/000114420406047569/0001144204-06-047569-index.htm,https://www.sec.gov/Archives/edgar/data/771999/000114420406047569/v057528.htm
0,2006-06-30,DSS,2006-08-14,2006-08-14 16:04:59,Q2,1180000.0,640000.0,540000.0,0.4576271186440678,100000.0,1370000.0,0.0,268275000,1739999.9999999998,2380000.0,5381000.0,329999.99999999994,4501000.0,3.814407,-1200000.0,-1.016949,0.0,-1190000.0,-1.008475,0.0,-1210000.0,-1.025424,-0.37695,-0.37695,3210000.0,3210000.0,https://www.sec.gov/Archives/edgar/data/771999/000114420406033225/0001144204-06-033225-index.htm,https://www.sec.gov/Archives/edgar/data/771999/000114420406033225/v049961_10q.htm
0,2006-03-31,DSS,2006-05-15,2006-05-15 16:09:35,Q1,700000.0,430000.0,270000.0,0.38571428571428573,70000.0,940000.0,0.0,220000000,1230000.0,1660000.0,5463000.0,280000.0,4753000.0,6.79,-970000.0,-1.385714,0.0,-940000.0,-1.342857,0.0,-990000.0,-1.414286,-0.30938,-0.30938,3200000.0,3200000.0,https://www.sec.gov/Archives/edgar/data/771999/000114420406020501/0001144204-06-020501-index.htm,https://www.sec.gov/Archives/edgar/data/771999/000114420406008848/v037060_10-ksb.htm
0,2005-12-31,DSS,2006-03-07,2006-03-06 18:21:19,Q4,450000.0,240000.0,210000.0,0.4666666666666667,80000.0,940000.0,0.0,268110000,1270000.0,1510000.0,5868000.0,310000.0,5128000.0,11.395556,-1060000.0,-2.355556,-1065930.0,-1050000.0,-2.333333,0.0,-1050000.0,-2.333333,-0.33654,-0.33654,3120000.0,3120000.0,https://www.sec.gov/Archives/edgar/data/771999/000114420406008848/0001144204-06-008848-index.htm,https://www.sec.gov/Archives/edgar/data/771999/000114420406008848/v037060_10-ksb.htm
0,2005-09-30,DSS,2005-11-14,2005-11-14 16:13:51,Q3,370000.0,190000.0,180000.0,0.4864864864864865,80000.0,670000.0,0.0,135000000,890000.0000000001,1080000.0,6494000.0,179999.99999999997,5994000.0,16.2,-700000.0,-1.891892,-701709.0,-680000.0,-1.837838,0.0,-680000.0,-1.837838,-0.2215,-0.2215,3070000.0,3070000.0,https://www.sec.gov/Archives/edgar/data/771999/000112528205005962/0001125282-05-005962-index.htm,https://www.sec.gov/Archives/edgar/data/771999/000112528205005962/b409780_10q.htm
0,2005-06-30,DSS,2005-08-12,2005-08-12 16:23:21,Q2,490000.0,260000.0,230000.0,0.46938775510204084,80000.0,590000.0,0.0,701743000,800000.0,1060000.0,6850000.0,180000.0,6480000.0,13.22449,-570000.0,-1.163265,-567599.0,-550000.0,-1.122449,0.0,-550000.0,-1.122449,-0.18152,-0.18152,3030000.0,3030000.0,https://www.sec.gov/Archives/edgar/data/771999/000112528205004260/0001125282-05-004260-index.htm,https://www.sec.gov/Archives/edgar/data/771999/000112528205004260/b408206_10q.htm
0,2005-03-31,DSS,2005-05-16,2005-05-16 16:08:25,Q1,430000.0,230000.0,200000.0,0.46511627906976744,80000.0,690000.0,0.0,-566743000,770000.0,1000000.0,7199000.0,50000.0,6689000.0,15.555814,-570000.0,-1.325581,-566743.0,-560000.0,-1.302326,0.0,-560000.0,-1.302326,-0.20072,-0.20072,2790000.0,2790000.0,https://www.sec.gov/Archives/edgar/data/771999/000116768705000031/0001167687-05-000031-index.htm,https://www.sec.gov/Archives/edgar/data/771999/000116768705000022/dmc10ksb123104.htm
0,2004-12-31,DSS,2005-03-31,2005-03-31 16:02:34,Q4,570000.0,300000.0,270000.0,0.47368421052631576,120000.0,630000.0,0.0,23872000,839999.9999999999,1140000.0,12465000,70000.0,11965000,20.991228,-570000.0,-1.0,-571776.0,-570000.0,-1.0,0.0,-570000.0,-1.0,-0.20652,-0.20652,2760000.0,2760000.0,https://www.sec.gov/Archives/edgar/data/771999/000116768705000022/0001167687-05-000022-index.htm,https://www.sec.gov/Archives/edgar/data/771999/000116768705000022/dmc10ksb123104.htm
0,2004-09-30,DSS,2004-11-15,2004-11-15 17:02:45,Q3,360000.0,220000.0,140000.0,0.3888888888888889,110000.0,410000.0,0.0,19066000,520000.0,740000.0,4002000.0,19999.999999999996,3642000.0,10.116667,-390000.0,-1.083333,-387615.0,-380000.0,-1.055556,0.0,-380000.0,-1.055556,-0.13919,-0.13919,2730000.0,2730000.0,https://www.sec.gov/Archives/edgar/data/771999/000116768704000052/0001167687-04-000052-index.htm,https://www.sec.gov/Archives/edgar/data/771999/000116768704000052/dmc10qsb093004.htm
0,2004-06-30,DSS,2004-08-13,2004-08-13 16:14:15,Q2,340000.0,200000.0,140000.0,0.4117647058823529,140000.0,470000.0,0.0,11635000,610000.0000000001,810000.0000000001,7338000.0,20000.0,6898000.0,20.288235,-460000.0,-1.352941,-463355.0,-460000.0,-1.352941,0.0,-460000.0,-1.352941,-0.16912,-0.16912,2720000.0,2720000.0,https://www.sec.gov/Archives/edgar/data/771999/000116768704000034/0001167687-04-000034-index.htm,https://www.sec.gov/Archives/edgar/data/771999/000116768704000034/dmc10qsb063004.htm
0,2004-03-31,DSS,,,Q1,330000.0,220000.0,120000.0,0.363636,60000.0,360000.0,0.0,0.0,410000.00000000006,630000.0,10000.0,20000.0,-260000.0,-0.787879,-300000.0,-0.909091,0.0,-290000.0,-0.878788,0.0,-290000.0,-0.878788,-0.10662,-0.10662,2720000.0,2720000.0,,
0,2003-12-31,DSS,,,Q4,420000.0,100000.0,320000.0,0.761905,230000.0,440000.0,0.0,650000.0,1370000.0,1470000.0,0.0,60000.0,-1000000.0,-2.380952,-1050000.0,-2.5,-10000.0,-1060000.0,-2.52381,0.0,-1060000.0,-2.52381,-0.44915,-0.44915,2360000.0,2360000.0,,
0,2003-09-30,DSS,,,Q3,280000.0,160000.0,120000.0,0.428571,30000.0,310000.0,0.0,0.0,370000.0,530000.0,0.0,20000.000000000004,-230000.0,-0.821429,-250000.0,-0.892857,0.0,-250000.0,-0.892857,0.0,-250000.0,-0.892857,-0.1073,-0.1073,2330000.0,2330000.0,,
0,2003-06-30,DSS,,,Q2,280000.0,200000.0,80000.0,0.285714,50000.0,130000.0,0.0,0.0,190000.0,390000.0,-10000.0,9999.999999999998,-120000.0,-0.428571,-110000.0,-0.392857,0.0,-120000.0,-0.428571,0.0,-120000.0,-0.428571,-0.0515,-0.0515,2330000.0,2330000.0,,
0,2003-03-31,DSS,,,Q1,310000.0,140000.0,170000.0,0.548387,30000.0,150000.0,0.0,0.0,190000.0,330000.0,-10000.0,20000.0,-20000.0,-0.064516,-20000.0,-0.064516,0.0,-30000.0,-0.096774,0.0,-30000.0,-0.096774,-0.01288,-0.01288,2330000.0,2330000.0,,
0,2002-12-31,DSS,,,Q4,530000.0,160000.0,370000.0,0.698113,40000.0,130000.0,0.0,0.0,170000.0,330000.0,-10000.0,0.0,180000.0,0.339623,200000.0,0.377358,0.0,190000.0,0.358491,0.0,190000.0,0.358491,0.10795,0.10795,1760000.0,1760000.0,,
0,2002-09-30,DSS,,,Q3,150000.0,70000.0,80000.0,0.533333,0.0,110000.0,0.0,0.0,370000.0,440000.0,0.0,10000.0,-280000.0,-1.866667,-290000.0,-1.933333,0.0,-290000.0,-1.933333,0.0,-290000.0,-1.933333,-0.12719,-0.12719,2280000.0,2280000.0,,
0,2002-06-30,DSS,,,Q2,0.0,0.0,0.0,0.0,0.0,0.0,0.0,0.0,0.0,0.0,0.0,0.0,0.0,0.0,0.0,0.0,0.0,0.0,0.0,0.0,0.0,0.0,0.0,0.0,560000.0,560000.0,,
0,2002-03-31,DSS,,,Q1,0.0,0.0,0.0,0.0,0.0,0.0,0.0,0.0,0.0,0.0,0.0,0.0,0.0,0.0,0.0,0.0,0.0,0.0,0.0,0.0,0.0,0.0,-0.01,-0.01,560000.0,560000.0,,
0,2001-12-31,DSS,,,Q4,0.0,0.0,0.0,0.0,0.0,130000.0,0.0,0.0,150000.0,150000.0,-40000.0,0.0,-230000.0,0.0,-150000.0,0.0,0.0,-190000.0,0.0,10000.0,-200000.0,0.0,-0.64516,-0.64516,310000.0,310000.0,,
0,2001-09-30,DSS,2001-11-08 00:00:00,2001-11-08 00:00:00,Q3,0.0,0.0,0.0,0.0,0.0,20000.0,0.0,0.0,20000.0,20000.0,0.0,0.0,-20000.0,0.0,-20000.0,0.0,0.0,-20000.0,0.0,0.0,-20000.0,0.0,-0.08333,-0.08333,240000.0,240000.0,https://www.sec.gov/Archives/edgar/data/771999/000090901201500490/0000909012-01-500490-index.html,https://www.sec.gov/Archives/edgar/data/771999/000090901201500490/t23357.txt
0,2001-06-30,DSS,2001-08-10 00:00:00,2001-08-10 00:00:00,Q2,0.0,0.0,0.0,0.0,0.0,10000.0,0.0,0.0,10000.0,10000.0,0.0,0.0,-10000.0,0.0,-10000.0,0.0,0.0,-10000.0,0.0,0.0,-10000.0,0.0,-0.04167,-0.04167,240000.0,240000.0,https://www.sec.gov/Archives/edgar/data/771999/000090901201500274/0000909012-01-500274-index.html,https://www.sec.gov/Archives/edgar/data/771999/000090901201500274/t23022.txt
0,2001-03-31,DSS,2001-05-14 00:00:00,2001-05-14 00:00:00,Q1,0.0,0.0,0.0,0.0,0.0,10000.0,0.0,0.0,10000.0,10000.0,0.0,0.0,-10000.0,0.0,-10000.0,0.0,0.0,-10000.0,0.0,0.0,-10000.0,0.0,-0.04167,-0.04167,240000.0,240000.0,https://www.sec.gov/Archives/edgar/data/771999/000090901201500078/0000909012-01-500078-index.html,https://www.sec.gov/Archives/edgar/data/771999/000090901201500078/fds.txt
0,2000-12-31,DSS,,,Q4,0.0,1060000.0,-1060000.0,0.0,0.0,10000.0,0.0,0.0,10000.00000000001,1070000.0,0.0,1060000.0,-10000.0,0.0,-1070000.0,0.0,0.0,-1070000.0,0.0,0.0,-1070000.0,0.0,-4.45833,-4.45833,240000.0,240000.0,,
0,2000-09-30,DSS,2000-11-14 00:00:00,2000-11-14 00:00:00,Q3,0.0,0.0,0.0,0.0,0.0,10000.0,0.0,0.0,10000.0,10000.0,0.0,0.0,-10000.0,0.0,-10000.0,0.0,0.0,-10000.0,0.0,0.0,-10000.0,0.0,-0.04167,-0.04167,240000.0,240000.0,https://www.sec.gov/Archives/edgar/data/771999/000090901200000711/0000909012-00-000711-index.html,https://www.sec.gov/Archives/edgar/data/771999/000090901200000711/0000909012-00-000711-0001.txt
0,2000-06-30,DSS,2000-08-08 00:00:00,2000-08-08 00:00:00,Q2,0.0,0.0,0.0,0.0,0.0,10000.0,0.0,0.0,10000.0,10000.0,0.0,0.0,-10000.0,0.0,-10000.0,0.0,0.0,-10000.0,0.0,0.0,-10000.0,0.0,-0.04167,-0.04167,240000.0,240000.0,https://www.sec.gov/Archives/edgar/data/771999/000090901200000499/0000909012-00-000499-index.html,https://www.sec.gov/Archives/edgar/data/771999/000090901200000499/0000909012-00-000499-0001.txt
0,2000-03-31,DSS,,,Q1,0.0,0.0,0.0,0.0,0.0,10000.0,0.0,0.0,10000.0,10000.0,0.0,0.0,-10000.0,0.0,-10000.0,0.0,0.0,-10000.0,0.0,0.0,-10000.0,0.0,-0.04167,-0.04167,240000.0,240000.0,,
0,1999-12-31,DSS,,,Q4,0.0,0.0,0.0,0.0,0.0,10000.0,0.0,0.0,10000.0,10000.0,0.0,0.0,-10000.0,0.0,-10000.0,0.0,0.0,-10000.0,0.0,0.0,-10000.0,0.0,-0.04167,-0.04167,240000.0,240000.0,,
0,1999-09-30,DSS,,,Q3,0.0,0.0,0.0,0.0,0.0,10000.0,0.0,0.0,10000.0,10000.0,0.0,0.0,-10000.0,0.0,-10000.0,0.0,0.0,-10000.0,0.0,0.0,-10000.0,0.0,-0.04167,-0.04167,240000.0,240000.0,,
0,1999-06-30,DSS,,,Q2,0.0,0.0,0.0,0.0,0.0,10000.0,0.0,0.0,10000.0,10000.0,0.0,0.0,-10000.0,0.0,-10000.0,0.0,0.0,-10000.0,0.0,0.0,-10000.0,0.0,-0.04167,-0.04167,240000.0,240000.0,,
0,1999-03-31,DSS,,,Q1,0.0,0.0,0.0,0.0,0.0,10000.0,0.0,0.0,10000.0,10000.0,0.0,0.0,-10000.0,0.0,-10000.0,0.0,0.0,-10000.0,0.0,0.0,-10000.0,0.0,-0.04167,-0.04167,240000.0,240000.0,,
0,1998-12-31,DSS,,,Q4,0.0,30000.0,-30000.0,0.0,0.0,-20000.0,0.0,0.0,-19999.999999999996,10000.000000000004,0.0,0.0,-10000.0,0.0,-10000.0,0.0,0.0,-10000.0,0.0,0.0,-10000.0,0.0,-0.04167,-0.04167,240000.0,240000.0,,
0,1998-09-30,DSS,1998-11-10 00:00:00,1998-11-10 00:00:00,Q3,0.0,0.0,0.0,0.0,0.0,10000.0,0.0,0.0,10000.0,10000.0,0.0,0.0,-10000.0,0.0,-10000.0,0.0,0.0,-10000.0,0.0,0.0,-10000.0,0.0,-0.04167,-0.04167,240000.0,240000.0,https://www.sec.gov/Archives/edgar/data/771999/000090901298000334/0000909012-98-000334-index.html,https://www.sec.gov/Archives/edgar/data/771999/0000909012-98-000334.txt
0,1998-06-30,DSS,1998-08-17 00:00:00,1998-08-17 00:00:00,Q2,0.0,0.0,0.0,0.0,0.0,10000.0,0.0,0.0,10000.0,10000.0,0.0,0.0,-10000.0,0.0,-10000.0,0.0,0.0,-10000.0,0.0,0.0,-10000.0,0.0,-0.04167,-0.04167,240000.0,240000.0,https://www.sec.gov/Archives/edgar/data/771999/000090901298000258/0000909012-98-000258-index.html,https://www.sec.gov/Archives/edgar/data/771999/0000909012-98-000258.txt
0,1998-03-31,DSS,,,Q1,0.0,0.0,0.0,0.0,0.0,40000.0,0.0,0.0,40000.0,40000.0,0.0,30000.0,-10000.0,0.0,-40000.0,0.0,0.0,-40000.0,0.0,0.0,-40000.0,0.0,-0.16667,-0.16667,240000.0,240000.0,,
0,1997-12-31,DSS,,,Q4,0.0,430000.0,-430000.0,0.0,0.0,10000.0,0.0,0.0,0.0,430000.0,0.0,430000.0,-10000.0,0.0,-430000.0,0.0,0.0,-430000.0,0.0,0.0,-440000.0,0.0,-1.83333,-1.83333,240000.0,240000.0,,
