,date,symbol,fillingDate,acceptedDate,period,revenue,costOfRevenue,grossProfit,grossProfitRatio,researchAndDevelopmentExpenses,generalAndAdministrativeExpenses,sellingAndMarketingExpenses,otherExpenses,operatingExpenses,costAndExpenses,interestExpense,depreciationAndAmortization,ebitda,ebitdaratio,operatingIncome,operatingIncomeRatio,totalOtherIncomeExpensesNet,incomeBeforeTax,incomeBeforeTaxRatio,incomeTaxExpense,netIncome,netIncomeRatio,eps,epsdiluted,weightedAverageShsOut,weightedAverageShsOutDil,link,finalLink
0,2020-06-30,QVCD,2020-08-10,2020-08-10 16:09:15,Q2,2723000000,1735000000,988000000,0.3628351083363937,0.0,187000000,0.0,2155000000,2342000000,4077000000,0.0,116000000,497000000,0.182519280206,381000000,0.139919206757,-64000000,317000000,0.116415717958,92000000,211000000,0.0774880646346,0.0,0.0,0.0,0.0,https://www.sec.gov/Archives/edgar/data/1254699/000125469920000018/0001254699-20-000018-index.htm,https://www.sec.gov/Archives/edgar/data/1254699/000125469920000018/qvc-20200630.htm
0,2020-03-31,QVCD,,,Q1,2427000000,1584000000,843000000,0.347342398022,0.0,177000000,0.0,1980000000,2157000000,3741000000,0.0,114000000,384000000,0.158220024722,270000000,0.111248454883,-69000000,201000000,0.0828182941904,60000000,129000000,0.053152039555,0.0,0.0,0.0,0.0,,
0,2019-12-31,QVCD,,,Q4,3467000000,2345000000,1122000000,0.323622728584,0.0,231000000,0.0,2930000000,3161000000,5506000000,0.0,114000000,420000000,0.121142197866,306000000,0.0882607441592,-57000000,249000000,0.071820017306,24000000,211000000,0.0608595327372,0.0,0.0,0.0,0.0,,
0,2019-09-30,QVCD,,,Q3,2504000000,1615000000,889000000,0.355031948882,0.0,181000000,0.0,1993000000,2174000000,3789000000,0.0,112000000,442000000,0.176517571885,330000000,0.13178913738,-63000000,267000000,0.106629392971,79000000,174000000,0.0694888178914,0.0,0.0,0.0,0.0,,
0,2019-06-30,QVCD,,,Q2,2514000000,1578000000,936000000,0.3723150358,0.0,179000000,0.0,1970000000,2149000000,3727000000,0.0,124000000,489000000,0.194510739857,365000000,0.145186953063,-62000000,303000000,0.120525059666,85000000,206000000,0.0819411296738,0.0,0.0,0.0,0.0,,
0,2019-03-31,QVCD,,,Q1,2501000000,1610000000,891000000,0.356257497001,0.0,177000000,0.0,1998000000,2175000000,3785000000,0.0,118000000,444000000,0.177528988405,326000000,0.130347860856,-66000000,260000000,0.103958416633,74000000,176000000,0.0703718512595,0.0,0.0,0.0,0.0,,
0,2018-12-31,QVCD,,,Q4,5048000000,3342000000,1706000000,0.33795562599,0.0,448000000,0.0,4102000000,4550000000,7892000000,0.0,182000000,680000000,0.13470681458,498000000,0.0986529318542,-76000000,422000000,0.0835974643423,110000000,299000000,0.0592313787639,0.0,0.0,0.0,0.0,,
0,2018-09-30,QVCD,,,Q3,2058000000,1300000000,758000000,0.368318756074,0.0,144000000,0.0,1613000000,1757000000,3057000000,0.0,78000000,379000000,0.184159378037,301000000,0.146258503401,-59000000,242000000,0.1175898931,69000000,162000000,0.0787172011662,0.0,0.0,0.0,0.0,,
0,2018-06-30,QVCD,,,Q2,2083000000,1286000000,797000000,0.382621219395,0.0,144000000,0.0,1569000000,1713000000,2999000000,0.0,74000000,444000000,0.213154104657,370000000,0.177628420547,-58000000,312000000,0.149783965434,76000000,225000000,0.108017282765,0.0,0.0,0.0,0.0,,
0,2018-03-31,QVCD,,,Q1,2093000000,1320000000,773000000,0.369326325848,0.0,145000000,0.0,1605000000,1750000000,3070000000,0.0,77000000,420000000,0.200668896321,343000000,0.163879598662,-57000000,286000000,0.136645962733,79000000,196000000,0.0936454849498,0.0,0.0,0.0,0.0,,
0,2017-12-31,QVCD,,,Q4,2817000000,1843000000,974000000,0.345757898474,0.0,217000000,0.0,5859000000,6076000000,7919000000,0.0,79000000,575000000,0.204117855875,496000000,0.176073837416,-49000000,447000000,0.158679446219,-73000000,507000000,0.179978700745,0.0,0.0,0.0,0.0,,
0,2017-09-30,QVCD,,,Q3,2010000000,1282000000,728000000,0.362189054726,0.0,180000000,0.0,274000000,454000000,1736000000,0.0,129000000,403000000,0.200497512438,274000000,0.13631840796,-50000000,224000000,0.11144278607,58000000,154000000,0.0766169154229,0.0,0.0,0.0,0.0,,
0,2017-06-30,QVCD,,,Q2,1979000000,1230000000,749000000,0.378473976756,0.0,152000000,0.0,291000000,443000000,1673000000,0.0,154000000,460000000,0.232440626579,306000000,0.154623547246,-65000000,241000000,0.121778676099,90000000,141000000,0.0712481051036,0.0,0.0,0.0,0.0,,
0,2017-03-31,QVCD,,,Q1,1965000000,1243000000,722000000,0.367430025445,0.0,157000000,0.0,294000000,451000000,1694000000,0.0,157000000,428000000,0.217811704835,271000000,0.137913486005,-59000000,212000000,0.107888040712,77000000,124000000,0.0631043256997,0.0,0.0,0.0,0.0,,
0,2016-12-31,QVCD,,,Q4,2658000000,1724000000,934000000,0.351392024078,0.0,195000000,0.0,335000000,530000000,2254000000,0.0,157000000,561000000,0.211060948081,404000000,0.151993980436,-40000000,364000000,0.136945071482,141000000,213000000,0.0801354401806,0.0,0.0,0.0,0.0,,
0,2016-09-30,QVCD,,,Q3,1948000000,1251000000,697000000,0.357802874743,0.0,172000000,0.0,294000000,466000000,1717000000,0.0,154000000,385000000,0.197638603696,231000000,0.118583162218,-49000000,182000000,0.0934291581109,58000000,115000000,0.0590349075975,0.0,0.0,0.0,0.0,,
0,2016-06-30,QVCD,,,Q2,2063000000,1285000000,778000000,0.377120698013,0.0,179000000,0.0,292000000,471000000,1756000000,0.0,146000000,453000000,0.219583131362,307000000,0.148812409113,-35000000,272000000,0.131846825012,106000000,155000000,0.0751333010179,0.0,0.0,0.0,0.0,,
0,2016-03-31,QVCD,,,Q1,2013000000,1280000000,733000000,0.364133134625,0.0,182000000,0.0,290000000,472000000,1752000000,0.0,148000000,409000000,0.203179334327,261000000,0.129657228018,-52000000,209000000,0.103825136612,80000000,121000000,0.0601092896175,0.0,0.0,0.0,0.0,,
0,2015-12-31,QVCD,,,Q4,2800000000,1807000000,993000000,0.354642857143,0.0,302000000,0.0,236000000,538000000,2345000000,0.0,146000000,601000000,0.214642857143,455000000,0.1625,-49000000,406000000,0.145,146000000,251000000,0.0896428571429,0.0,0.0,0.0,0.0,,
0,2015-09-30,QVCD,,,Q3,2007000000,1266000000,741000000,0.369207772795,0.0,146000000,0.0,315000000,461000000,1727000000,0.0,141000000,421000000,0.209765819631,280000000,0.139511709018,-40000000,240000000,0.119581464873,86000000,146000000,0.072745391131,0.0,0.0,0.0,0.0,,
0,2015-06-30,QVCD,,,Q2,1998000000,1234000000,764000000,0.382382382382,0.0,147000000,0.0,323000000,470000000,1704000000,0.0,148000000,442000000,0.221221221221,294000000,0.147147147147,-85000000,209000000,0.104604604605,85000000,116000000,0.0580580580581,0.0,0.0,0.0,0.0,,
0,2015-03-31,QVCD,,,Q1,1938000000,1221000000,717000000,0.369969040248,0.0,150000000,0.0,321000000,471000000,1692000000,0.0,153000000,399000000,0.205882352941,246000000,0.12693498452,-50000000,196000000,0.101135190918,72000000,115000000,0.0593395252838,0.0,0.0,0.0,0.0,,
0,2014-12-31,QVCD,,,Q4,2781000000,1775000000,1006000000,0.361740381158,0.0,176000000,0.0,371000000,547000000,2322000000,-182000000,151000000,610000000,0.219345559151,459000000,0.165048543689,-59000000,400000000,0.143833153542,132000000,256000000,0.0920532182668,0.0,0.0,0.0,0.0,,
0,2014-09-30,QVCD,,,Q3,2020000000,1266000000,754000000,0.373267326733,0.0,156000000,0.0,322000000,478000000,1744000000,60000000,147000000,423000000,0.209405940594,276000000,0.136633663366,-108000000,168000000,0.0831683168317,65000000,95000000,0.0470297029703,0.0,0.0,0.0,0.0,,
0,2014-06-30,QVCD,,,Q2,2014000000,1250000000,764000000,0.379344587885,0.0,155000000,0.0,325000000,480000000,1730000000,60000000,145000000,429000000,0.213008937438,284000000,0.141012909633,-61000000,223000000,0.110724925521,83000000,130000000,0.06454816286,0.0,0.0,0.0,0.0,,
0,2014-03-31,QVCD,,,Q1,1986000000,1256000000,730000000,0.367573011078,0.0,148000000,0.0,322000000,470000000,1726000000,62000000,144000000,404000000,0.203423967774,260000000,0.130916414904,-64000000,196000000,0.098690835851,74000000,113000000,0.0568982880161,0.0,0.0,0.0,0.0,,
0,2013-12-31,QVCD,,,Q4,2741000000,1764000000,977000000,0.356439255746,0.0,171000000,0.0,365000000,536000000,2300000000,49000000,145000000,586000000,0.213790587377,441000000,0.160890186063,-47000000,394000000,0.143743159431,140000000,243000000,0.0886537759942,0.0,0.0,0.0,0.0,,
0,2013-09-30,QVCD,,,Q3,1947000000,1222000000,725000000,0.372367745249,0.0,151000000,0.0,315000000,466000000,1688000000,52000000,139000000,398000000,0.204417051875,259000000,0.133025166923,-55000000,204000000,0.104776579353,70000000,125000000,0.0642013353878,0.0,0.0,0.0,0.0,,
0,2013-06-30,QVCD,,,Q2,1961000000,1227000000,734000000,0.374298827129,0.0,138000000,0.0,311000000,449000000,1676000000,50000000,140000000,425000000,0.216726160122,285000000,0.145334013259,-65000000,220000000,0.112187659357,81000000,126000000,0.0642529321775,0.0,0.0,0.0,0.0,,
0,2013-03-31,QVCD,,,Q1,1974000000,1252000000,722000000,0.365754812563,0.0,155000000,0.0,307000000,462000000,1714000000,63000000,134000000,394000000,0.19959473151,260000000,0.131712259372,-92000000,168000000,0.0851063829787,62000000,94000000,0.047619047619,0.0,0.0,0.0,0.0,,
