,date,symbol,fillingDate,acceptedDate,period,revenue,costOfRevenue,grossProfit,grossProfitRatio,researchAndDevelopmentExpenses,generalAndAdministrativeExpenses,sellingAndMarketingExpenses,otherExpenses,operatingExpenses,costAndExpenses,interestExpense,depreciationAndAmortization,ebitda,ebitdaratio,operatingIncome,operatingIncomeRatio,totalOtherIncomeExpensesNet,incomeBeforeTax,incomeBeforeTaxRatio,incomeTaxExpense,netIncome,netIncomeRatio,eps,epsdiluted,weightedAverageShsOut,weightedAverageShsOutDil,link,finalLink
0,2020-09-30,AWX,2020-11-12,2020-11-12 17:05:31,Q3,16625000,12755000,3870000.0,0.23278195488721803,0.0,2110000.0,0.0,83000.0,0.0,15606000,302000.0,0.0,1843000.0,0.11085714285714286,1019000.0,0.0481203007518797,83000.0,800000.0,0.0481203007518797,27000.0,781000.0,0.046977443609022555,0.2,0.2,3875000.0,3875000.0,https://www.sec.gov/Archives/edgar/data/1061069/000143774920023669/0001437749-20-023669-index.htm,https://www.sec.gov/Archives/edgar/data/1061069/000143774920023669/awx20200930_10q.htm
0,2020-06-30,AWX,2020-08-07,2020-08-07 21:43:09,Q2,13067000,10650000,2417000.0,0.18496977117930666,0.0,1927000.0,0.0,103000.0,0.0,13289000,304000.0,0.0,593000.0,0.045381495370016074,-222000.0,-0.03237162317287824,103000.0,-423000.0,-0.03237162317287824,24000.0,-435000.0,-0.03328996709267621,-0.11,-0.11,3875000.0,3875000.0,https://www.sec.gov/Archives/edgar/data/1061069/000143774920017156/0001437749-20-017156-index.htm,https://www.sec.gov/Archives/edgar/data/1061069/000143774920017156/awx20200630_10q.htm
0,2020-03-31,AWX,2020-05-14,2020-05-14 17:06:35,Q1,14403000,12029000,2374000.0,0.16482677220023606,0.0,2232000.0,0.0,78000.0,0.0,14960000,307000.0,0.0,220000.0,0.015274595570367285,-557000.0,-0.05457196417413039,78000.0,-786000.0,-0.05457196417413039,44000.0,-813000.0,-0.05644657363049365,-0.21,-0.21,3875000.0,3875000.0,https://www.sec.gov/Archives/edgar/data/1061069/000143774920010785/0001437749-20-010785-index.htm,https://www.sec.gov/Archives/edgar/data/1061069/000143774920004979/awx20191231_10k.htm
0,2019-12-31,AWX,2020-03-12,2020-03-12 17:11:50,Q4,17306000,14455000,2851000.0,0.16474055240956895,0.0,2440000.0,0.0,72000.0,0.0,17569000,237000.0,0.0,483000.0,0.027909395585346122,-263000.0,-0.024731307061134866,72000.0,-428000.0,-0.024731307061134866,25000.0,-440000.0,-0.02542470819369005,0.0,0.0,0.0,0.0,https://www.sec.gov/Archives/edgar/data/1061069/000143774920004979/0001437749-20-004979-index.htm,https://www.sec.gov/Archives/edgar/data/1061069/000143774920004979/awx20191231_10k.htm
0,2019-09-30,AWX,2019-11-13,2019-11-13 17:06:30,Q3,18018000,14664000,3354000.0,0.18614718614718614,0.0,2379000.0,0.0,41000.0,0.0,17673000,222000.0,0.0,1016000.0,0.05638805638805639,345000.0,0.009102009102009102,41000.0,164000.0,0.009102009102009102,38000.0,144000.0,0.007992007992007992,0.04,0.04,3875000.0,3893000.0,https://www.sec.gov/Archives/edgar/data/1061069/000143774919022700/0001437749-19-022700-index.htm,https://www.sec.gov/Archives/edgar/data/1061069/000143774919022700/awx20190930_10q.htm
0,2019-06-30,AWX,2019-08-09,2019-08-09 17:06:35,Q2,18425000,14858000,3567000.0,0.19359565807327,0.0,2380000.0,0.0,148000.0,0.0,17856000,215000.0,0.0,1335000.0,0.07245590230664857,569000.0,0.02724559023066486,148000.0,502000.0,0.02724559023066486,57000.0,479000.0,0.02599728629579376,0.12,0.12,3875000.0,3894000.0,https://www.sec.gov/Archives/edgar/data/1061069/000143774919016258/0001437749-19-016258-index.htm,https://www.sec.gov/Archives/edgar/data/1061069/000143774919016258/awx20190630_10q.htm
0,2019-03-31,AWX,2019-05-09,2019-05-09 17:06:29,Q1,14608000,12295000,2313000.0,0.1583378970427163,0.0,2231000.0,0.0,68000.0,0.0,15126000,163000.0,0.0,150000.0,0.010268346111719605,-518000.0,-0.041963307776560786,68000.0,-613000.0,-0.041963307776560786,40000.0,-638000.0,-0.043674698795180725,-0.16,-0.16,3875000.0,3875000.0,https://www.sec.gov/Archives/edgar/data/1061069/000143774919009327/0001437749-19-009327-index.htm,https://www.sec.gov/Archives/edgar/data/1061069/000143774919004948/awx20181231_10k.htm
0,2018-12-31,AWX,2019-03-14,2019-03-14 17:07:47,Q4,15865000,13088000,2777000.0,0.1750393948944217,0.0,2263000.0,0.0,66000.0,0.0,16041000,163000.0,0.0,-2681000.0,-0.1689883391112512,-176000.0,-0.22275449101796407,-3195000.0,-3534000.0,-0.22275449101796407,55000.0,-1817000.0,-0.11452883706271667,0.0,0.0,0.0,0.0,https://www.sec.gov/Archives/edgar/data/1061069/000143774919004948/0001437749-19-004948-index.htm,https://www.sec.gov/Archives/edgar/data/1061069/000143774919004948/awx20181231_10k.htm
0,2018-09-30,AWX,2018-11-08,2018-11-08 17:06:24,Q3,18148000,14192000,3956000.0,0.217985452942473,0.0,2297000.0,0.0,45000.0,0.0,17221000,167000.0,0.0,1704000.0,0.09389464403791051,927000.0,0.04435750495922416,45000.0,805000.0,0.04435750495922416,52000.0,849000.0,0.04678201454705753,0.22,0.21,3803000.0,4049000.0,https://www.sec.gov/Archives/edgar/data/1061069/000143774918020099/0001437749-18-020099-index.htm,https://www.sec.gov/Archives/edgar/data/1061069/000143774918020099/awx20180930_10q.htm
0,2018-06-30,AWX,2018-08-09,2018-08-09 17:08:05,Q2,16705000,13168000,3537000.0,0.21173301406764442,0.0,2215000.0,0.0,113000.0,0.0,16109000,174000.0,0.0,1435000.0,0.0859024244238252,596000.0,0.032026339419335526,113000.0,535000.0,0.032026339419335526,41000.0,623000.0,0.037294223286441185,0.16,0.16,3803000.0,3818000.0,https://www.sec.gov/Archives/edgar/data/1061069/000143774918015129/0001437749-18-015129-index.htm,https://www.sec.gov/Archives/edgar/data/1061069/000143774918015129/awx20180630_10q.htm
0,2018-03-31,AWX,2018-05-10,2018-05-10 16:07:14,Q1,11516000,9346000.0,2170000.0,0.18843348384855851,0.0,2225000.0,0.0,60000.0,0.0,12300000,171000.0,0.0,5000.0,0.00043417853421326847,-784000.0,-0.07771795762417506,60000.0,-895000.0,-0.07771795762417506,19000.0,-799000.0,-0.06938172976728031,-0.21,-0.21,3803000.0,3803000.0,https://www.sec.gov/Archives/edgar/data/1061069/000143774918009435/0001437749-18-009435-index.htm,https://www.sec.gov/Archives/edgar/data/1061069/000143774918004696/awx20171231_10k.htm
0,2017-12-31,AWX,2018-03-15,2018-03-15 08:06:22,Q4,14205000,11323000,2882000.0,0.20288630763815557,0.0,2146000.0,0.0,40000.0,0.0,14209000,171000.0,0.0,776000.0,0.05462865188313974,-4000.0,-0.009503695881731784,40000.0,-135000.0,-0.009503695881731784,41000.0,-49000.0,-0.0034494896163322773,0.0,0.0,0.0,0.0,https://www.sec.gov/Archives/edgar/data/1061069/000143774918004696/0001437749-18-004696-index.htm,https://www.sec.gov/Archives/edgar/data/1061069/000143774918004696/awx20171231_10k.htm
0,2017-09-30,AWX,2017-11-09,2017-11-09 17:06:23,Q3,16364000,12852000,3512000.0,0.2146174529454901,0.0,2240000.0,0.0,50000.0,0.0,15839000,176000.0,0.0,1322000.0,0.08078709362014178,525000.0,0.024382791493522366,50000.0,399000.0,0.024382791493522366,29000.0,547000.0,0.033427034954778785,0.14,0.14,3803000.0,3817000.0,https://www.sec.gov/Archives/edgar/data/1061069/000143774917018923/0001437749-17-018923-index.htm,https://www.sec.gov/Archives/edgar/data/1061069/000143774917018923/awx20170930_10q.htm
0,2017-06-30,AWX,2017-08-11,2017-08-11 17:07:19,Q2,14577000,11644000,2933000.0,0.20120738149139056,0.0,2063000.0,0.0,109000.0,0.0,14468000,177000.0,0.0,979000.0,0.06716059545859916,109000.0,0.00281265006517116,109000.0,41000.0,0.00281265006517116,32000.0,121000.0,0.008300747753310009,0.03,0.03,3803000.0,3827000.0,https://www.sec.gov/Archives/edgar/data/1061069/000143774917014553/0001437749-17-014553-index.htm,https://www.sec.gov/Archives/edgar/data/1061069/000143774917014553/awx20170630_10q.htm
0,2017-03-31,AWX,2017-05-12,2017-05-12 17:06:39,Q1,10702000,8853000.0,1849000.0,0.1727714445897963,0.0,2002000.0,0.0,77000.0,0.0,11603000,175000.0,0.0,-76000.0,-0.0071014763595589605,-901000.0,-0.09334703793683424,77000.0,-999000.0,-0.09334703793683424,20000.0,-926000.0,-0.08652588301252102,-0.24,-0.24,3803000.0,3803000.0,https://www.sec.gov/Archives/edgar/data/1061069/000143774917008966/0001437749-17-008966-index.htm,https://www.sec.gov/Archives/edgar/data/1061069/000143774917004731/awx20161231_10k.htm
0,2016-12-31,AWX,2017-03-16,2017-03-16 17:03:49,Q4,15578000,12912000,2666000.0,0.1711387854666838,0.0,2338000.0,0.0,63000.0,0.0,15973000,106000.0,0.0,391000.0,0.02509949929387598,-395000.0,-0.028116574656566952,63000.0,-438000.0,-0.028116574656566952,46000.0,-388000.0,-0.024906920015406342,0.0,0.0,0.0,0.0,https://www.sec.gov/Archives/edgar/data/1061069/000143774917004731/0001437749-17-004731-index.htm,https://www.sec.gov/Archives/edgar/data/1061069/000143774917004731/awx20161231_10k.htm
0,2016-09-30,AWX,2016-11-10,2016-11-10 16:08:51,Q3,19133000,15496000,3637000.0,0.1900904196937229,0.0,2108000.0,0.0,57000.0,0.0,18318000,94000.0,0.0,1586000.0,0.0828934301991324,815000.0,0.040662729315841736,57000.0,778000.0,0.040662729315841736,43000.0,806000.0,0.04212616944546072,0.21,0.21,3803000.0,3893000.0,https://www.sec.gov/Archives/edgar/data/1061069/000143774916041753/0001437749-16-041753-index.htm,https://www.sec.gov/Archives/edgar/data/1061069/000143774916041753/awx20161103_10q.htm
0,2016-06-30,AWX,2016-08-05,2016-08-05 17:06:34,Q2,15642000,12688000,2954000.0,0.18885053062268253,0.0,1891000.0,0.0,89000.0,0.0,15272000,92000.0,0.0,1152000.0,0.07364787111622555,370000.0,0.02346247282956144,89000.0,367000.0,0.02346247282956144,27000.0,421000.0,0.02691471678813451,0.11,0.11,3803000.0,3811000.0,https://www.sec.gov/Archives/edgar/data/1061069/000143774916036617/0001437749-16-036617-index.htm,https://www.sec.gov/Archives/edgar/data/1061069/000143774916036617/awx20160630_10q.htm
0,2016-03-31,AWX,2016-05-13,2016-05-13 17:12:09,Q1,10999000,9423000.0,1576000.0,0.1432857532502955,0.0,1866000.0,0.0,72000.0,0.0,11975000,87000.0,0.0,-218000.0,-0.019819983634875898,-976000.0,-0.09009909991817439,72000.0,-991000.0,-0.09009909991817439,9000.0,-908000.0,-0.08255295935994181,-0.24,-0.24,3803000.0,3803000.0,https://www.sec.gov/Archives/edgar/data/1061069/000143774916031873/0001437749-16-031873-index.htm,https://www.sec.gov/Archives/edgar/data/1061069/000143774916027847/awx20151231_10k.htm
0,2015-12-31,AWX,2016-03-16,2016-03-16 17:07:59,Q4,13858000,11459000,2399000.0,0.1731130033193823,0.0,1910000.0,0.0,49000.0,0.0,14093000,80000.0,0.0,538000.0,0.038822340886130756,-235000.0,-0.01919468898831,49000.0,-266000.0,-0.01919468898831,17000.0,-196000.0,-0.014143455044017896,0.0,0.0,0.0,0.0,https://www.sec.gov/Archives/edgar/data/1061069/000143774916027847/0001437749-16-027847-index.htm,https://www.sec.gov/Archives/edgar/data/1061069/000143774916027847/awx20151231_10k.htm
0,2015-09-30,AWX,2015-11-12,2015-11-12 17:06:45,Q3,14577000,11766000,2811000.0,0.1928380325169788,0.0,1782000.0,0.0,64000.0,0.0,14151000,55000.0,0.0,1093000.0,0.07498113466419702,426000.0,0.02984153117925499,64000.0,435000.0,0.02984153117925499,18000.0,529000.0,0.03629004596281814,0.14,0.14,3803000.0,3803000.0,https://www.sec.gov/Archives/edgar/data/1061069/000143774915020653/0001437749-15-020653-index.htm,https://www.sec.gov/Archives/edgar/data/1061069/000143774915020653/awx20150930_10q.htm
0,2015-06-30,AWX,2015-08-07,2015-08-07 17:11:55,Q2,13955000,11665000,2290000.0,0.1640988892869939,0.0,1909000.0,0.0,101000.0,0.0,14169000,7000.0,0.0,482000.0,0.034539591544249376,-214000.0,-0.008599068434252956,101000.0,-120000.0,-0.008599068434252956,17000.0,-5000.0,-0.00035829451809387314,-0.001315,-0.001315,3803000.0,3803000.0,https://www.sec.gov/Archives/edgar/data/1061069/000143774915015269/0001437749-15-015269-index.htm,https://www.sec.gov/Archives/edgar/data/1061069/000143774915015269/awx20150630_10q.htm
0,2015-03-31,AWX,2015-05-14,2015-05-14 17:06:16,Q1,10700000,9307000.0,1393000.0,0.13018691588785047,0.0,2034000.0,0.0,72000.0,0.0,11979000,5000.0,0.0,-569000.0,-0.05317757009345794,-1279000.0,-0.11327102803738318,72000.0,-1212000.0,-0.11327102803738318,7000.0,-1040000.0,-0.09719626168224299,-0.27,-0.27,3803000.0,3803000.0,https://www.sec.gov/Archives/edgar/data/1061069/000143774915010193/0001437749-15-010193-index.htm,https://www.sec.gov/Archives/edgar/data/1061069/000143774915004919/awx20141231_10k.htm
0,2014-12-31,AWX,2015-03-12,2015-03-12 16:53:10,Q4,14036000,11815000,2221000.0,0.15823596466229695,0.0,2195000.0,0.0,55000.0,0.0,14603000,27000.0,0.0,81000.0,0.0057708748931319465,-567000.0,-0.0384012539184953,55000.0,-539000.0,-0.0384012539184953,15000.0,-391000.0,-0.027856939298945567,0.0,0.0,0.0,0.0,https://www.sec.gov/Archives/edgar/data/1061069/000143774915004919/0001437749-15-004919-index.htm,https://www.sec.gov/Archives/edgar/data/1061069/000143774915004919/awx20141231_10k.htm
0,2014-09-30,AWX,2014-11-13,2014-11-13 16:33:51,Q3,14437000,11572000,2865000.0,0.19844843111449748,0.0,2155000.0,0.0,51000.0,0.0,14306000,21000.0,0.0,762000.0,0.05278104869432708,131000.0,0.011221167832652213,51000.0,162000.0,0.011221167832652213,28000.0,98000.0,0.006788113874073561,0.03,0.02,3803000.0,4078000.0,https://www.sec.gov/Archives/edgar/data/1061069/000143774914020679/0001437749-14-020679-index.htm,https://www.sec.gov/Archives/edgar/data/1061069/000143774914020679/awx20140930_10q.htm
0,2014-06-30,AWX,2014-08-12,2014-08-12 16:28:52,Q2,13016000,10786000,2230000.0,0.1713275968039336,0.0,1876000.0,0.0,90000.0,0.0,13217000,5000.0,0.0,444000.0,0.034111862323294405,-201000.0,-0.008912108174554395,90000.0,-116000.0,-0.008912108174554395,22000.0,-88000.0,-0.006760909649661954,-0.03,-0.03,3803000.0,3803000.0,https://www.sec.gov/Archives/edgar/data/1061069/000143774914015128/0001437749-14-015128-index.htm,https://www.sec.gov/Archives/edgar/data/1061069/000143774914015128/awx20140630_10q.htm
0,2014-03-31,AWX,2014-05-09,2014-05-09 16:04:08,Q1,9983000.0,8514000.0,1469000.0,0.1471501552639487,0.0,1800000.0,0.0,72000.0,0.0,10742000,5000.0,0.0,-259000.0,-0.02594410497846339,-759000.0,-0.06931784032855855,72000.0,-692000.0,-0.06931784032855855,8000.0,-699000.0,-0.07001903235500351,-0.18,-0.18,3803000.0,3803000.0,https://www.sec.gov/Archives/edgar/data/1061069/000143774914008590/0001437749-14-008590-index.htm,https://www.sec.gov/Archives/edgar/data/1061069/000143774914005016/awx20131231_10k.htm
0,2013-12-31,AWX,2014-03-25,2014-03-25 16:36:54,Q4,12682000,10574000,2108000.0,0.16621983914209115,0.0,2026000.0,0.0,53000.0,0.0,13019000,6000.0,0.0,135000.0,0.01064500867371077,-337000.0,-0.022867055669452768,53000.0,-290000.0,-0.022867055669452768,2000.0,-292000.0,-0.02302475950165589,0.0,0.0,0.0,0.0,https://www.sec.gov/Archives/edgar/data/1061069/000143774914005016/0001437749-14-005016-index.htm,https://www.sec.gov/Archives/edgar/data/1061069/000143774914005016/awx20131231_10k.htm
0,2013-09-30,AWX,2013-11-13,2013-11-13 16:28:59,Q3,16386000,13432000,2954000.0,0.1802758452337361,0.0,2145000.0,0.0,56000.0,0.0,15985000,6000.0,0.0,865000.0,0.05278896619065056,401000.0,0.027523495667032834,56000.0,451000.0,0.027523495667032834,36000.0,415000.0,0.02532649823019651,0.11,0.1,3803000.0,4103000.0,https://www.sec.gov/Archives/edgar/data/1061069/000143774913014643/0001437749-13-014643-index.htm,https://www.sec.gov/Archives/edgar/data/1061069/000143774913014643/awx20130930_10q.htm
0,2013-06-30,AWX,2013-08-13,2013-08-13 16:02:38,Q2,15733000,13038000,2695000.0,0.1712960020339414,0.0,1894000.0,0.0,97000.0,0.0,15337000,5000.0,0.0,899000.0,0.05714104112375262,396000.0,0.031081166973876567,97000.0,489000.0,0.031081166973876567,30000.0,459000.0,0.029174346914129536,0.12,0.11,3803000.0,4018000.0,https://www.sec.gov/Archives/edgar/data/1061069/000143774913010630/0001437749-13-010630-index.htm,https://www.sec.gov/Archives/edgar/data/1061069/000143774913010630/awx20130630_10q.htm
0,2013-03-31,AWX,2013-05-14,2013-05-14 16:13:11,Q1,14669000,12554000,2115000.0,0.14418160747153863,0.0,1900000.0,0.0,79000.0,0.0,14858000,5000.0,0.0,294000.0,0.020042266003135866,-189000.0,-0.007839661871974914,79000.0,-115000.0,-0.007839661871974914,29000.0,-144000.0,-0.009816620083168586,-0.04,-0.04,3803000.0,3803000.0,https://www.sec.gov/Archives/edgar/data/1061069/000143774913005964/0001437749-13-005964-index.htm,https://www.sec.gov/Archives/edgar/data/1061069/000143774913002939/amx_10k-123112.htm
0,2012-12-31,AWX,2013-03-15,2013-03-15 06:04:47,Q4,12114000,10127000,1987000.0,0.16402509493148423,0.0,1902000.0,0.0,0.0,0.0,12438000,3000.0,0.0,140000.0,0.011556876341423147,-324000.0,-0.022453359749050685,55000.0,-272000.0,-0.022453359749050685,22000.0,-294000.0,-0.02426944031698861,0.0,0.0,0.0,0.0,https://www.sec.gov/Archives/edgar/data/1061069/000143774913002939/0001437749-13-002939-index.htm,https://www.sec.gov/Archives/edgar/data/1061069/000143774913002939/amx_10k-123112.htm
0,2012-09-30,AWX,2012-11-13,2012-11-13 16:33:02,Q3,13230000,10963000,2267000.0,0.1713529856386999,0.0,1815000.0,0.0,0.0,0.0,13184000,3000.0,0.0,452000.0,0.034164777021919876,46000.0,0.007558578987150416,57000.0,100000.0,0.007558578987150416,13000.0,87000.0,0.006575963718820862,0.02,0.02,3803000.0,4041000.0,https://www.sec.gov/Archives/edgar/data/1061069/000143774912011584/0001437749-12-011584-index.htm,https://www.sec.gov/Archives/edgar/data/1061069/000143774912011584/ahc_10q-093012.htm
0,2012-06-30,AWX,2012-08-09,2012-08-09 16:26:48,Q2,12609000,10195000,2414000.0,0.1914505511935919,0.0,1781000.0,0.0,0.0,0.0,12383000,4000.0,0.0,634000.0,0.05028154492822587,226000.0,0.02323737013244508,70000.0,293000.0,0.02323737013244508,19000.0,274000.0,0.021730509953208025,0.07,0.07,3803000.0,4108000.0,https://www.sec.gov/Archives/edgar/data/1061069/000143774912008082/0001437749-12-008082-index.htm,https://www.sec.gov/Archives/edgar/data/1061069/000143774912008082/ahc_10q-063012.htm
0,2012-03-31,AWX,2012-05-11,2012-05-11 16:07:18,Q1,10938000,9036000.0,1902000.0,0.1738891936368623,0.0,1938000.0,0.0,0.0,0.0,11387000,3000.0,0.0,-35000.0,-0.0031998537209727554,-449000.0,-0.03437557140245017,75000.0,-376000.0,-0.03437557140245017,17000.0,-393000.0,-0.03592978606692265,-0.1,-0.1,3803000.0,3803000.0,https://www.sec.gov/Archives/edgar/data/1061069/000143774912004897/0001437749-12-004897-index.htm,https://www.sec.gov/Archives/edgar/data/1061069/000143774912002363/avalon_10k-123111.htm
0,2011-12-31,AWX,2012-03-15,2012-03-15 16:04:03,Q4,16882000,14123000,2759000.0,0.16342850373178533,0.0,2066000.0,0.0,0.0,0.0,16602000,4000.0,0.0,694000.0,0.04110887335623741,280000.0,0.04596611775855941,499000.0,776000.0,0.04596611775855941,41000.0,735000.0,0.043537495557398415,0.0,0.0,0.0,0.0,https://www.sec.gov/Archives/edgar/data/1061069/000143774912002363/0001437749-12-002363-index.htm,https://www.sec.gov/Archives/edgar/data/1061069/000143774912002363/avalon_10k-123111.htm
0,2011-09-30,AWX,2011-11-10,2011-11-10 16:47:53,Q3,15835000,13267000,2568000.0,0.16217240290495738,0.0,1877000.0,0.0,0.0,0.0,15559000,3000.0,0.0,692000.0,0.04370066308809599,276000.0,0.020713609093779603,54000.0,328000.0,0.020713609093779603,24000.0,304000.0,0.01919797916008841,0.08,0.08,3803000.0,3826000.0,https://www.sec.gov/Archives/edgar/data/1061069/000143774911008433/0001437749-11-008433-index.htm,https://www.sec.gov/Archives/edgar/data/1061069/000143774911008433/avalon_10q-093011.htm
0,2011-06-30,AWX,2011-08-11,2011-08-11 16:31:02,Q2,11375000,9354000.0,2021000.0,0.17767032967032967,0.0,1691000.0,0.0,0.0,0.0,11461000,4000.0,0.0,331000.0,0.0290989010989011,-86000.0,0.007736263736263736,177000.0,88000.0,0.007736263736263736,11000.0,77000.0,0.00676923076923077,0.02,0.02,3803000.0,3869000.0,https://www.sec.gov/Archives/edgar/data/1061069/000143774911005836/0001437749-11-005836-index.htm,https://www.sec.gov/Archives/edgar/data/1061069/000143774911005836/avalon_10q-063011.htm
0,2011-03-31,AWX,2011-05-11,2011-05-11 16:12:49,Q1,9894000.0,8235000.0,1659000.0,0.16767738023044268,0.0,1632000.0,0.0,0.0,0.0,10286000,3000.0,0.0,29000.0,0.002931069334950475,-392000.0,-0.03305033353547605,66000.0,-327000.0,-0.03305033353547605,13000.0,-340000.0,-0.03436426116838488,-0.09,-0.09,3803000.0,3803000.0,https://www.sec.gov/Archives/edgar/data/1061069/000119312511135909/0001193125-11-135909-index.htm,https://www.sec.gov/Archives/edgar/data/1061069/000119312511064059/d10k.htm
0,2010-12-31,AWX,2011-03-11,2011-03-11 16:31:17,Q4,11283000,9343000.0,1940000.0,0.17194008685633252,0.0,1534000.0,0.0,0.0,0.0,11298000,4000.0,0.0,409000.0,0.036249224497030934,-15000.0,0.006558539395550829,90000.0,74000.0,0.006558539395550829,19000.0,55000.0,0.004874590091287778,0.0,0.0,0.0,0.0,https://www.sec.gov/Archives/edgar/data/1061069/000119312511064059/0001193125-11-064059-index.htm,https://www.sec.gov/Archives/edgar/data/1061069/000119312511064059/d10k.htm
0,2010-09-30,AWX,2010-11-12,2010-11-12 06:45:38,Q3,11789000,9581000.0,2208000.0,0.18729323946051404,0.0,1830000.0,0.0,0.0,0.0,11832000,3000.0,0.0,383000.0,0.032487912460768514,-43000.0,0.000508949020273136,47000.0,6000.0,0.000508949020273136,8000.0,-2000.0,-0.00016964967342437867,0.0,0.0,3803000.0,3803000.0,https://www.sec.gov/Archives/edgar/data/1061069/000119312510257554/0001193125-10-257554-index.htm,https://www.sec.gov/Archives/edgar/data/1061069/000119312510257554/d10q.htm
0,2010-06-30,AWX,2010-08-11,2010-08-11 16:26:00,Q2,12051000,9842000.0,2209000.0,0.1833042901004066,0.0,1851000.0,0.0,0.0,0.0,12115000,4000.0,0.0,366000.0,0.03037092357480707,-64000.0,8.298066550493735e-05,61000.0,1000.0,8.298066550493735e-05,13000.0,-12000.0,-0.0009957679860592482,-0.01,-0.01,3803000.0,3803000.0,https://www.sec.gov/Archives/edgar/data/1061069/000119312510186058/0001193125-10-186058-index.htm,https://www.sec.gov/Archives/edgar/data/1061069/000119312510186058/d10q.htm
0,2010-03-31,AWX,2010-05-13,2010-05-13 16:16:35,Q1,8330000.0,6985000.0,1345000.0,0.16146458583433373,0.0,1568000.0,0.0,0.0,0.0,8973000.0,3000.0,0.0,-215000.0,-0.02581032412965186,-643000.0,-0.06998799519807923,55000.0,-583000.0,-0.06998799519807923,1000.0,-584000.0,-0.07010804321728692,-0.15,-0.15,3803000.0,3803000.0,https://www.sec.gov/Archives/edgar/data/1061069/000119312510118981/0001193125-10-118981-index.htm,https://www.sec.gov/Archives/edgar/data/1061069/000119312510060608/d10k.htm
0,2009-12-31,AWX,2010-03-18,2010-03-18 16:17:40,Q4,10086000,8281000.0,1805000.0,0.17896093595082294,0.0,1547000.0,0.0,0.0,0.0,10248000,3000.0,0.0,267000.0,0.02647233789411065,-162000.0,-0.010013880626611144,55000.0,-101000.0,-0.010013880626611144,6000.0,-107000.0,-0.010608764624231609,0.0,0.0,0.0,0.0,https://www.sec.gov/Archives/edgar/data/1061069/000119312510060608/0001193125-10-060608-index.htm,https://www.sec.gov/Archives/edgar/data/1061069/000119312510060608/d10k.htm
0,2009-09-30,AWX,2009-11-12,2009-11-12 16:26:28,Q3,9619000.0,7757000.0,1862000.0,0.1935752157188897,0.0,1484000.0,0.0,0.0,0.0,9661000.0,5000.0,0.0,388000.0,0.04033683335066015,-42000.0,0.00041584364279031083,41000.0,4000.0,0.00041584364279031083,4000.0,0.0,0.0,0.0,0.0,3803000.0,3803000.0,https://www.sec.gov/Archives/edgar/data/1061069/000119312509232850/0001193125-09-232850-index.htm,https://www.sec.gov/Archives/edgar/data/1061069/000119312509232850/d10q.htm
0,2009-06-30,AWX,2009-08-11,2009-08-11 16:25:54,Q2,8372000.0,6804000.0,1568000.0,0.18729096989966554,0.0,1456000.0,0.0,0.0,0.0,8683000.0,4000.0,0.0,123000.0,0.014691829909221214,-311000.0,-0.02974199713330148,55000.0,-249000.0,-0.02974199713330148,14000.0,-263000.0,-0.031414237935977064,-0.07,-0.07,3803000.0,3803000.0,https://www.sec.gov/Archives/edgar/data/1061069/000119312509171871/0001193125-09-171871-index.htm,https://www.sec.gov/Archives/edgar/data/1061069/000119312509171871/d10q.htm
0,2009-03-31,AWX,2009-05-14,2009-05-14 15:43:51,Q1,8843000.0,7272000.0,1571000.0,0.17765464208978854,0.0,1609000.0,0.0,0.0,0.0,9306000.0,3000.0,0.0,-35000.0,-0.003957932828225715,-463000.0,-0.04568585321723397,59000.0,-404000.0,-0.04568585321723397,0.0,-404000.0,-0.04568585321723397,-0.11,-0.11,3803000.0,3803000.0,https://www.sec.gov/Archives/edgar/data/1061069/000119312509111344/0001193125-09-111344-index.htm,https://www.sec.gov/Archives/edgar/data/1061069/000119312509059700/d10k.htm
0,2008-12-31,AWX,2009-03-20,2009-03-20 14:58:32,Q4,12649000,10789000,1860000.0,0.14704719740690964,0.0,1837000.0,0.0,0.0,0.0,12626000,4000.0,0.0,661000.0,0.05225709542256305,23000.0,0.0053759190449837934,44000.0,68000.0,0.0053759190449837934,6000.0,62000.0,0.004901573246896988,0.0,0.0,0.0,0.0,https://www.sec.gov/Archives/edgar/data/1061069/000119312509059700/0001193125-09-059700-index.htm,https://www.sec.gov/Archives/edgar/data/1061069/000119312509059700/d10k.htm
0,2008-09-30,AWX,2008-11-13,2008-11-13 16:08:09,Q3,14255000,11996000,2259000.0,0.15847071203086635,0.0,1808000.0,0.0,0.0,0.0,13804000,3000.0,0.0,815000.0,0.057172921781830935,451000.0,0.03493511048754823,43000.0,498000.0,0.03493511048754823,16000.0,482000.0,0.03381269729919326,0.13,0.13,3803000.0,3803000.0,https://www.sec.gov/Archives/edgar/data/1061069/000119312508235153/0001193125-08-235153-index.htm,https://www.sec.gov/Archives/edgar/data/1061069/000119312508235153/d10q.htm
0,2008-06-30,AWX,2008-08-12,2008-08-12 16:05:10,Q2,11720000,9864000.0,1856000.0,0.1583617747440273,0.0,1652000.0,0.0,0.0,0.0,11516000,3000.0,0.0,545000.0,0.046501706484641636,204000.0,0.02286689419795222,59000.0,268000.0,0.02286689419795222,14000.0,254000.0,0.02167235494880546,0.07,0.07,3803000.0,3803000.0,https://www.sec.gov/Archives/edgar/data/1061069/000119312508174774/0001193125-08-174774-index.htm,https://www.sec.gov/Archives/edgar/data/1061069/000119312508174774/d10q.htm
0,2008-03-31,AWX,2008-05-13,2008-05-13 11:02:25,Q1,10354000,8845000.0,1509000.0,0.14574077651149314,0.0,1661000.0,0.0,0.0,0.0,10506000,4000.0,0.0,100000.0,0.009658103148541626,-152000.0,-0.005794861889124976,67000.0,-60000.0,-0.005794861889124976,0.0,-60000.0,-0.005794861889124976,-0.02,-0.02,3803000.0,3803000.0,https://www.sec.gov/Archives/edgar/data/1061069/000119312508112655/0001193125-08-112655-index.htm,https://www.sec.gov/Archives/edgar/data/1061069/000119312508061656/d10k.htm
0,2007-12-31,AWX,2008-03-20,2008-03-20 13:34:17,Q4,10449000,8913000.0,1536000.0,0.14699971289118577,0.0,1437000.0,0.0,0.0,0.0,10350000,4000.0,0.0,312000.0,0.029859316681022107,99000.0,0.019714805244521006,55000.0,206000.0,0.019714805244521006,10000.0,196000.0,0.018757775863719017,0.0,0.0,0.0,0.0,https://www.sec.gov/Archives/edgar/data/1061069/000119312508061656/0001193125-08-061656-index.htm,https://www.sec.gov/Archives/edgar/data/1061069/000119312508061656/d10k.htm
0,2007-09-30,AWX,2007-11-13,2007-11-13 16:19:54,Q3,12139000,10158000,1981000.0,0.1631930142515858,0.0,1543000.0,0.0,0.0,0.0,11701000,3000.0,0.0,661000.0,0.054452590822967294,438000.0,0.04728560836971744,45000.0,574000.0,0.04728560836971744,27000.0,547000.0,0.045061372435950243,0.14,0.14,3803000.0,3803000.0,https://www.sec.gov/Archives/edgar/data/1061069/000119312507245248/0001193125-07-245248-index.htm,https://www.sec.gov/Archives/edgar/data/1061069/000119312507245248/d10q.htm
0,2007-06-30,AWX,2007-08-13,2007-08-13 14:58:21,Q2,11534000,9695000.0,1839000.0,0.1594416507716317,0.0,1677000.0,0.0,0.0,0.0,11372000,4000.0,0.0,492000.0,0.04265649384428646,162000.0,0.021935148257326165,-38000.0,253000.0,0.021935148257326165,3000.0,363000.0,0.03147216923877232,0.1,0.1,3803000.0,3803000.0,https://www.sec.gov/Archives/edgar/data/1061069/000119312507180547/0001193125-07-180547-index.htm,https://www.sec.gov/Archives/edgar/data/1061069/000119312507180547/d10q.htm
0,2007-03-31,AWX,2007-05-11,2007-05-11 16:24:03,Q1,11310000,9472000.0,1838000.0,0.16251105216622458,0.0,1691000.0,0.0,0.0,0.0,11163000,0.0,0.0,360000.0,0.03183023872679045,147000.0,0.03112290008841733,58000.0,352000.0,0.03112290008841733,0.0,352000.0,0.03112290008841733,0.09,0.09,3803000.0,3803000.0,https://www.sec.gov/Archives/edgar/data/1061069/000119312507111819/0001193125-07-111819-index.htm,https://www.sec.gov/Archives/edgar/data/1061069/000119312507059373/d10k.htm
0,2006-12-31,AWX,2007-03-20,2007-03-20 16:23:21,Q4,10045000,8498000.0,1547000.0,0.154006968641115,0.0,1562000.0,0.0,0.0,0.0,10060000,4000.0,0.0,132000.0,0.013140866102538576,-15000.0,0.025983076157292184,118000.0,261000.0,0.025983076157292184,0.0,343000.0,0.03414634146341464,0.0,0.0,0.0,0.0,https://www.sec.gov/Archives/edgar/data/1061069/000119312507059373/0001193125-07-059373-index.htm,https://www.sec.gov/Archives/edgar/data/1061069/000119312507059373/d10k.htm
0,2006-09-30,AWX,2006-11-13,2006-11-13 14:39:27,Q3,11130000,9211000.0,1919000.0,0.17241689128481583,0.0,1633000.0,0.0,0.0,0.0,10844000,4000.0,0.0,493000.0,0.04429469901168014,286000.0,0.04519317160826595,48000.0,503000.0,0.04519317160826595,0.0,501000.0,0.04501347708894879,0.13,0.13,3803000.0,3803000.0,https://www.sec.gov/Archives/edgar/data/1061069/000119312506232678/0001193125-06-232678-index.htm,https://www.sec.gov/Archives/edgar/data/1061069/000119312506232678/d10q.htm
0,2006-06-30,AWX,2006-08-11,2006-08-11 15:59:18,Q2,9230000.0,7798000.0,1432000.0,0.1551462621885157,0.0,1529000.0,0.0,0.0,0.0,9327000.0,3000.0,0.0,93000.0,0.010075839653304441,-97000.0,0.011917659804983749,69000.0,110000.0,0.011917659804983749,0.0,481000.0,0.05211267605633803,0.13,0.13,3803000.0,3803000.0,https://www.sec.gov/Archives/edgar/data/1061069/000119312506170866/0001193125-06-170866-index.htm,https://www.sec.gov/Archives/edgar/data/1061069/000119312506170866/d10q.htm
0,2006-03-31,AWX,2006-05-12,2006-05-12 16:08:02,Q1,8924000.0,7540000.0,1384000.0,0.15508740475123264,0.0,1547000.0,0.0,0.0,0.0,9087000.0,4000.0,0.0,40000.0,0.0044822949350067235,-163000.0,0.0010085163603765128,53000.0,9000.0,0.0010085163603765128,0.0,2000.0,0.00022411474675033618,0.0,0.0,3803000.0,3803000.0,https://www.sec.gov/Archives/edgar/data/1061069/000119312506110796/0001193125-06-110796-index.htm,https://www.sec.gov/Archives/edgar/data/1061069/000119312506058954/d10k.htm
0,2005-12-31,AWX,2006-03-20,2006-03-20 14:24:50,Q4,8471000.0,7128000.0,1343000.0,0.1585409042615984,0.0,1261000.0,0.0,0.0,0.0,8389000.0,4000.0,0.0,295000.0,0.03482469602172117,82000.0,0.027269507732263016,39000.0,231000.0,0.027269507732263016,0.0,333000.0,0.03931058906858694,0.0,0.0,0.0,0.0,https://www.sec.gov/Archives/edgar/data/1061069/000119312506058954/0001193125-06-058954-index.htm,https://www.sec.gov/Archives/edgar/data/1061069/000119312506058954/d10k.htm
0,2005-09-30,AWX,2005-11-14,2005-11-14 08:39:24,Q3,9517000.0,7821000.0,1696000.0,0.17820741830408743,0.0,1480000.0,0.0,0.0,0.0,9301000.0,0.0,0.0,404000.0,0.0424503520016812,216000.0,0.037406745823263636,55000.0,356000.0,0.037406745823263636,0.0,20000.0,0.0021015025743406535,0.0,0.0,3803000.0,3803000.0,https://www.sec.gov/Archives/edgar/data/1061069/000119312505224644/0001193125-05-224644-index.htm,https://www.sec.gov/Archives/edgar/data/1061069/000119312505224644/d10q.htm
0,2005-06-30,AWX,2005-08-12,2005-08-12 13:49:33,Q2,8739000.0,7345000.0,1394000.0,0.15951481862913378,0.0,1568000.0,0.0,0.0,0.0,8913000.0,4000.0,0.0,40000.0,0.004577182744021055,-174000.0,-0.007437921959034214,35000.0,-65000.0,-0.007437921959034214,0.0,-75000.0,-0.008582217645039478,-0.02,-0.02,3803000.0,3803000.0,https://www.sec.gov/Archives/edgar/data/1061069/000119312505166640/0001193125-05-166640-index.htm,https://www.sec.gov/Archives/edgar/data/1061069/000119312505166640/d10q.htm
0,2005-03-31,AWX,2005-05-13,2005-05-13 08:49:49,Q1,7430000.0,6238000.0,1192000.0,0.1604306864064603,0.0,1268000.0,0.0,0.0,0.0,7506000.0,3000.0,0.0,118000.0,0.01588156123822342,-76000.0,0.004306864064602961,47000.0,32000.0,0.004306864064602961,0.0,112000.0,0.015074024226110363,0.03,0.03,3803000.0,3803000.0,https://www.sec.gov/Archives/edgar/data/1061069/000119312505106351/0001193125-05-106351-index.htm,https://www.sec.gov/Archives/edgar/data/1061069/000119312505065174/d10k.htm
0,2004-12-31,AWX,2005-03-30,2005-03-30 16:57:27,Q4,8053000.0,6655000.0,1398000.0,0.17359990065813982,0.0,1324000.0,0.0,0.0,0.0,7979000.0,0.0,0.0,361000.0,0.044828014404569724,74000.0,0.017881534831739723,29000.0,144000.0,0.017881534831739723,0.0,-138000.0,-0.017136470880417237,0.0,0.0,0.0,0.0,https://www.sec.gov/Archives/edgar/data/1061069/000119312505065174/0001193125-05-065174-index.htm,https://www.sec.gov/Archives/edgar/data/1061069/000119312505065174/d10k.htm
0,2004-09-30,AWX,2004-11-15,2004-11-15 09:26:01,Q3,8448000.0,7055000.0,1393000.0,0.16489109848484848,0.0,1985000.0,0.0,0.0,0.0,9040000.0,0.0,0.0,-489000.0,-0.05788352272727273,-592000.0,-0.05232007575757576,88000.0,-442000.0,-0.05232007575757576,0.0,1058000.0,0.12523674242424243,0.28,0.28,3803000.0,3803000.0,https://www.sec.gov/Archives/edgar/data/1061069/000119312504196415/0001193125-04-196415-index.htm,https://www.sec.gov/Archives/edgar/data/1061069/000119312504196415/d10q.htm
0,2004-06-30,AWX,2004-08-13,2004-08-13 15:15:46,Q2,7261000.0,5888000.0,1373000.0,0.18909241151356562,0.0,1545000.0,0.0,0.0,0.0,7433000.0,0.0,0.0,-201000.0,-0.027682137446632695,-172000.0,-0.014323095992287564,29000.0,-104000.0,-0.014323095992287564,0.0,-2517000.0,-0.34664646742872884,-0.66,-0.66,3803000.0,3803000.0,https://www.sec.gov/Archives/edgar/data/1061069/000119312504140372/0001193125-04-140372-index.htm,https://www.sec.gov/Archives/edgar/data/1061069/000119312504140372/d10q.htm
0,2004-03-31,AWX,2004-05-17,2004-05-17 14:04:18,Q1,13791000,12690000,1101000.0,0.07983467478790515,0.0,1871000.0,0.0,0.0,0.0,14561000,0.0,0.0,-329000.0,-0.02385613806105431,-770000.0,-0.049525052570517,46000.0,-683000.0,-0.049525052570517,0.0,-1058000.0,-0.07671669929664274,-0.28,-0.28,3803000.0,3803000.0,https://www.sec.gov/Archives/edgar/data/1061069/000119312504089854/0001193125-04-089854-index.htm,https://www.sec.gov/Archives/edgar/data/1061069/000119312504051725/d10k.htm
0,2003-12-31,AWX,2004-03-29,2004-03-29 11:04:45,Q4,7456000.0,6853000.0,603000.0,0.08087446351931331,0.0,1198000.0,0.0,0.0,0.0,8051000.0,0.0,0.0,-410000.0,-0.054989270386266095,-595000.0,-0.06853540772532189,44000.0,-511000.0,-0.06853540772532189,0.0,-2230000.0,-0.299087982832618,0.0,0.0,0.0,0.0,https://www.sec.gov/Archives/edgar/data/1061069/000119312504051725/0001193125-04-051725-index.htm,https://www.sec.gov/Archives/edgar/data/1061069/000119312504051725/d10k.htm
0,2003-09-30,AWX,2003-11-14,2003-11-14 13:34:14,Q3,15728000,13714000,2014000.0,0.12805188199389625,0.0,2207000.0,0.0,0.0,0.0,15921000,0.0,0.0,308000.0,0.019582909460834182,-193000.0,-0.003051881993896236,96000.0,-48000.0,-0.003051881993896236,0.0,-48000.0,-0.003051881993896236,-0.01,-0.01,3803000.0,3803000.0,https://www.sec.gov/Archives/edgar/data/1061069/000119312503081628/0001193125-03-081628-index.htm,https://www.sec.gov/Archives/edgar/data/1061069/000119312503081628/d10q.htm
0,2003-06-30,AWX,2003-08-14,2003-08-14 08:56:10,Q2,16320000,14318000,2002000.0,0.12267156862745097,0.0,2510000.0,0.0,0.0,0.0,16828000,0.0,0.0,50000.0,0.0030637254901960784,-508000.0,-0.023713235294117646,58000.0,-387000.0,-0.023713235294117646,0.0,-387000.0,-0.023713235294117646,-0.1,-0.1,3803000.0,3803000.0,https://www.sec.gov/Archives/edgar/data/1061069/000119312503036885/0001193125-03-036885-index.htm,https://www.sec.gov/Archives/edgar/data/1061069/000119312503036885/d10q.htm
