,date,symbol,fillingDate,acceptedDate,period,revenue,costOfRevenue,grossProfit,grossProfitRatio,researchAndDevelopmentExpenses,generalAndAdministrativeExpenses,sellingAndMarketingExpenses,otherExpenses,operatingExpenses,costAndExpenses,interestExpense,depreciationAndAmortization,ebitda,ebitdaratio,operatingIncome,operatingIncomeRatio,totalOtherIncomeExpensesNet,incomeBeforeTax,incomeBeforeTaxRatio,incomeTaxExpense,netIncome,netIncomeRatio,eps,epsdiluted,weightedAverageShsOut,weightedAverageShsOutDil,link,finalLink
0,2020-09-30,TEX,2020-10-28,2020-10-28 12:09:43,Q3,765000000,619000000,147000000,0.19215686274509805,0.0,-110000000,0.0,0.0,-110000000,509000000,16000000,13000000,76000000,0.09934640522875816,63000000,0.08235294117647059,0.0,21000000,0.027450980392156862,1000000.0,6000000.0,0.00784313725490196,-0.09,-0.09,69000000,69000000,https://www.sec.gov/Archives/edgar/data/97216/000009721620000259/0000097216-20-000259-index.htm,https://www.sec.gov/Archives/edgar/data/97216/000009721620000259/tex-20200930.htm
0,2020-06-30,TEX,2020-08-03,2020-08-03 12:06:14,Q2,690500000,583400000,107100000,0.1551049963794352,0.0,99700000,0.0,1000000.0,99700000.00000004,683100000,16500000,11800000,16100000,0.023316,7400000.0,0.010717,2800000.0,-6200000.0,-0.008979,-3000000.0,-9200000.0,-0.013324,-0.13276,-0.13276,69300000,69300000,https://www.sec.gov/Archives/edgar/data/97216/000009721620000210/0000097216-20-000210-index.htm,https://www.sec.gov/Archives/edgar/data/97216/000009721620000210/tex-20200630.htm
0,2020-03-31,TEX,2020-05-01 00:00:00,2020-05-01 13:57:27,Q1,833600000,696900000,136700000,0.163988,0.0,143800000,0.0,-1000000.0,143800000.00000006,840700000.0000001,17700000,11800000,3800000.0,0.004559,-7100000.0,-0.008517,-5500000.0,-25500000,-0.03059,-800000.0,-24900000,-0.02987,-0.35319,-0.35319,70500000,70500000,https://www.sec.gov/Archives/edgar/data/97216/000009721620000160/0000097216-20-000160-index.html,https://www.sec.gov/Archives/edgar/data/97216/000009721620000160/tex-20200331.htm
0,2019-12-31,TEX,2020-02-14 00:00:00,2020-02-14 13:40:28,Q4,885000000,716400000,168600000,0.190508,0.0,145700000,0.0,-4000000.0,145700000.00000006,862100000,18300000,11000000,37800000,0.042712,22900000,0.025876,-2500000.0,2500000.0,0.002825,-16000000,24500000,0.027684,0.34123,0.34123,71800000,71800000,https://www.sec.gov/Archives/edgar/data/97216/000009721620000027/0000097216-20-000027-index.html,https://www.sec.gov/Archives/edgar/data/97216/000009721620000027/tex201910-k.htm
0,2019-09-30,TEX,2019-10-31 00:00:00,2019-10-31 12:36:26,Q3,1024600000,815000000,209600000,0.204568,0.0,123200000,0.0,2000000.0,123200000.00000004,938200000,22000000,12800000,71700000,0.069979,86400000,0.084326,400000.0,67900000,0.06627,15500000,21400000,0.020886,0.29805,0.29805,71800000,71800000,https://www.sec.gov/Archives/edgar/data/97216/000009721619000223/0000097216-19-000223-index.html,https://www.sec.gov/Archives/edgar/data/97216/000009721619000223/tex930201910-q.htm
0,2019-06-30,TEX,2019-07-30 00:00:00,2019-07-30 12:32:21,Q2,1306900000,1035100000,271800000,0.207973,0.0,145800000,0.0,-1000000.0,145800000.00000018,1180900000.0000002,24600000,12300000,132300000,0.101232,126000000,0.096411,-800000.0,101900000,0.077971,20300000,75100000,0.057464,1.04742,1.04742,71700000,71700000,https://www.sec.gov/Archives/edgar/data/97216/000009721619000177/0000097216-19-000177-index.html,https://www.sec.gov/Archives/edgar/data/97216/000009721619000177/tex630201910-q.htm
0,2019-03-31,TEX,2019-05-01 00:00:00,2019-05-01 11:41:57,Q1,1136600000,898800000,237800000,0.20922,0.0,138100000,0.0,-3000000.0,138100000.00000015,1036900000.0000001,23000000,13500000,-12100000,-0.010646,99700000,0.087718,-11700000,75200000,0.066162,18000000,-66600000,-0.058596,-0.94334,-0.94334,70600000,70600000,https://www.sec.gov/Archives/edgar/data/97216/000009721619000120/0000097216-19-000120-index.html,https://www.sec.gov/Archives/edgar/data/97216/000009721619000120/tex331201910-q.htm
0,2018-12-31,TEX,2019-02-25 00:00:00,2019-02-25 13:58:24,Q4,1048800000,834200000,214600000,0.204615,0.0,127200000,0.0,-74000000,133699999.99999993,967899999.9999999,20400000,14300000.000000004,-17599999.999999996,-0.016781,80900000,0.077136,-58300000,5800000.0,0.00553,-19300000,-33000000,-0.031465,-0.45392,-0.45392,72700000,72700000,https://www.sec.gov/Archives/edgar/data/97216/000009721619000024/0000097216-19-000024-index.html,https://www.sec.gov/Archives/edgar/data/97216/000009721619000024/tex201810-k.htm
0,2018-09-30,TEX,2018-11-02 00:00:00,2018-11-02 11:38:39,Q3,1098800000,858700000,240100000,0.218511,0.0,135900000,0.0,-4000000.0,135899999.99999997,994600000,18500000,14099999.999999998,85800000,0.078085,104200000,0.094831,-2300000.0,83800000,0.076265,14600000,38600000,0.035129,0.51398,0.51398,75100000,75100000,https://www.sec.gov/Archives/edgar/data/97216/000009721618000171/0000097216-18-000171-index.html,https://www.sec.gov/Archives/edgar/data/97216/000009721618000171/tex930201810-q.htm
0,2018-06-30,TEX,2018-08-01 00:00:00,2018-08-01 11:51:50,Q2,1253000000,974400000,278600000,0.222346,0.0,146200000,0.0,-2000000.0,146199999.99999994,1120600000,18200000,15300000,121700000,0.097127,132400000,0.105666,-5300000.0,114600000,0.09146,30400000,57800000,0.046129,0.75359,0.75359,76700000,76700000,https://www.sec.gov/Archives/edgar/data/97216/000009721618000128/0000097216-18-000128-index.html,https://www.sec.gov/Archives/edgar/data/97216/000009721618000128/tex630201810-q.htm
0,2018-03-31,TEX,2018-05-02 00:00:00,2018-05-02 12:16:24,Q1,1116600000,888000000,228600000,0.204729,0.0,134300000,0.0,1000000.0,134299999.99999994,1022300000,16000000,16000000,96500000,0.086423,94300000,0.084453,4100000.0,82900000,0.074243,14200000,50300000,0.045047,0.61567,0.61567,81700000,81700000,https://www.sec.gov/Archives/edgar/data/97216/000009721618000081/0000097216-18-000081-index.html,https://www.sec.gov/Archives/edgar/data/97216/000009721618000081/tex331201810-q.htm
0,2017-12-31,TEX,2018-02-16 00:00:00,2018-02-16 16:45:24,Q4,1063600000,864300000,199300000,0.187382,0.0,168800000,0.0,-1000000.0,158300000.00000006,1022600000.0000001,15500000,17799999.999999996,63700000,0.059891,41000000,0.038548,-1500000.0,25400000,0.023881,57100000,-26700000,-0.025103,-0.32324,-0.32324,82600000,82600000,https://www.sec.gov/Archives/edgar/data/97216/000009721618000024/0000097216-18-000024-index.html,https://www.sec.gov/Archives/edgar/data/97216/000009721618000024/tex201710-k.htm
0,2017-09-30,TEX,2017-11-01 00:00:00,2017-11-01 13:20:09,Q3,1111200000,892800000,218400000,0.196544,0.0,151600000,0.0,7000000.0,153200000.00000006,1046000000,15500000,17400000.000000004,92200000,0.082973,65200000,0.058675,4400000.0,56700000,0.051026,100000.0,59200000,0.053276,0.65778,0.65778,90000000,90000000,https://www.sec.gov/Archives/edgar/data/97216/000009721617000223/0000097216-17-000223-index.html,https://www.sec.gov/Archives/edgar/data/97216/000009721617000223/tex930201710-q.htm
0,2017-06-30,TEX,2017-08-02 00:00:00,2017-08-02 13:12:21,Q2,1181700000,941700000,240000000,0.203097,0.0,164400000,0.0,62000000,170599999.9999999,1112300000,15100000,15000000,154000000,0.130321,69400000,0.058729,62600000,118500000,0.100279,23100000,100800000,0.085301,1.03811,1.03811,97100000,97100000,https://www.sec.gov/Archives/edgar/data/97216/000009721617000180/0000097216-17-000180-index.html,https://www.sec.gov/Archives/edgar/data/97216/000009721617000180/tex630201710-q.htm
0,2017-03-31,TEX,2017-05-03 00:00:00,2017-05-03 13:25:04,Q1,1006900000,854500000,152400000,0.151356,0.0,158000000,0.0,-17000000,204099999.9999999,1058599999.9999999,21400000,16300000,4800000.0,0.004767,-51700000,-0.051346,-16700000,-88600000,-0.087993,-28300000,-4600000.0,-0.004568,-0.04373,-0.04373,105200000,105200000,https://www.sec.gov/Archives/edgar/data/97216/000009721617000131/0000097216-17-000131-index.html,https://www.sec.gov/Archives/edgar/data/97216/000009721617000131/tex331201710-q.htm
0,2016-12-31,TEX,2017-02-27 00:00:00,2017-02-24 20:41:53,Q4,974700000,823400000,151300000,0.155227,0.0,191000000,0.0,-12000000,423000000.0000001,1246400000,26400000,19299999.999999996,-216400000,-0.222017,-271700000,-0.278752,-11900000,-309000000,-0.317021,5100000.0,-267200000,-0.274136,-2.51838,-2.51838,106100000,106100000,https://www.sec.gov/Archives/edgar/data/97216/000009721617000029/0000097216-17-000029-index.html,https://www.sec.gov/Archives/edgar/data/97216/000009721617000029/tex201610-k.htm
0,2016-09-30,TEX,2016-11-01 00:00:00,2016-11-01 13:59:39,Q3,1056400000,872500000,183900000,0.174082,0.0,144300000,0.0,-1000000.0,144299999.99999994,1016800000,25400000,19700000.000000004,122600000,0.116055,39600000,0.037486,-1200000.0,13900000,0.013158,-19300000,96800000,0.091632,0.89134,0.89134,108600000,108600000,https://www.sec.gov/Archives/edgar/data/97216/000009721616000414/0000097216-16-000414-index.html,https://www.sec.gov/Archives/edgar/data/97216/000009721616000414/tex930201610-q.htm
0,2016-06-30,TEX,2016-08-05 00:00:00,2016-08-04 18:01:29,Q2,1297700000,1055600000,242100000,0.186561,0.0,168700000,0.0,-9000000.0,169100000.00000015,1224700000.0000002,25000000,27800000.000000004,50800000.00000001,0.039146,73000000,0.056253,-6300000.0,42500000,0.03275,-67100000,65100000,0.050166,0.59398,0.59398,109600000,109600000,https://www.sec.gov/Archives/edgar/data/97216/000009721616000379/0000097216-16-000379-index.html,https://www.sec.gov/Archives/edgar/data/97216/000009721616000379/tex630201610-q.htm
0,2016-03-31,TEX,2016-04-27 00:00:00,2016-04-27 17:29:15,Q1,1114300000,935600000,178700000,0.16037,0.0,160400000,0.0,-3000000.0,167399999.99999997,1103000000,25200000,29900000,-11800000,-0.01059,11300000,0.010141,-5600000.0,-18100000,-0.016243,3900000.0,-70800000,-0.063538,-0.64895,-0.64895,109100000,109100000,https://www.sec.gov/Archives/edgar/data/97216/000009721616000323/0000097216-16-000323-index.html,https://www.sec.gov/Archives/edgar/data/97216/000009721616000323/tex331201610-q.htm
0,2015-12-31,TEX,2016-02-22 00:00:00,2016-02-22 10:50:06,Q4,1167600000,952300000,215300000,0.184395,0.0,158100000,0.0,-1000000.0,158200000.00000006,1110500000,24700000,36700000,80900000,0.069287,57100000,0.048904,-7600000.0,26700000,0.022867,3000000.0,16500000,0.014132,0.15193,0.15193,108600000,108600000,https://www.sec.gov/Archives/edgar/data/97216/000009721616000245/0000097216-16-000245-index.html,https://www.sec.gov/Archives/edgar/data/97216/000009721616000245/tex201510-k.htm
0,2015-09-30,TEX,2015-10-23 00:00:00,2015-10-23 15:27:45,Q3,1255400000,1003000000,252400000,0.201051,0.0,160300000,0.0,-12000000,160299999.99999994,1163300000,24700000,26799999.999999996,120700000,0.096145,92100000,0.073363,-11700000,55900000,0.044528,25600000,43600000,0.03473,0.39927,0.39927,109200000,109200000,https://www.sec.gov/Archives/edgar/data/97216/000009721615000193/0000097216-15-000193-index.html,https://www.sec.gov/Archives/edgar/data/97216/000009721615000193/tex930201510-q.htm
0,2015-06-30,TEX,2015-07-30 00:00:00,2015-07-30 11:52:40,Q2,1442900000,1140700000,302200000,0.209439,0.0,166100000,0.0,-3000000.0,166099999.9999999,1306800000,27000000,36000000.00000001,177600000,0.123085,136100000,0.094324,-1500000.0,105700000,0.073255,29800000,84800000,0.058771,0.77798,0.77798,109000000,109000000,https://www.sec.gov/Archives/edgar/data/97216/000009721615000147/0000097216-15-000147-index.html,https://www.sec.gov/Archives/edgar/data/97216/000009721615000147/tex630201510-q.htm
0,2015-03-31,TEX,2015-04-30 00:00:00,2015-04-30 11:38:10,Q1,1495600000,1219000000,276600000,0.184942,0.0,232400000,0.0,-6000000.0,232400000.0000001,1451400000,28200000,32900000,73700000,0.049278,44200000,0.029553,-11700000,10100000,0.006753,11600000,1000000.0,0.000669,0.00941,0.00941,106300000,106300000,https://www.sec.gov/Archives/edgar/data/97216/000009721615000097/0000097216-15-000097-index.html,https://www.sec.gov/Archives/edgar/data/97216/000009721615000097/tex331201510-q.htm
0,2014-12-31,TEX,2015-02-23,2015-02-23 11:07:08,Q4,1789400000,1450400000,339000000,0.189449,0.0,257300000,0.0,3000000.0,268599999.9999999,1719000000,28200000,37499999.999999985,104199999.99999999,0.058232,70400000,0.039343,5500000.0,39400000,0.022019,-41500000,80000000,0.044708,0.72926,0.72926,109700000,109700000,https://www.sec.gov/Archives/edgar/data/97216/000009721615000030/tex201410-k.htm,https://www.sec.gov/Archives/edgar/data/97216/000009721615000030/tex201410-k.htm
0,2014-09-30,TEX,2014-10-30 00:00:00,2014-10-30 15:17:13,Q3,1809800000,1452500000,357300000,0.197425,0.0,240500000,0.0,-2000000.0,243099999.9999999,1695600000,28800000,38200000,158900000,0.0878,114200000,0.063101,-600000.0,86400000,0.04774,27700000,64200000,0.035474,0.55633,0.55633,115400000,115400000,https://www.sec.gov/Archives/edgar/data/97216/000009721614000194/0000097216-14-000194-index.html,https://www.sec.gov/Archives/edgar/data/97216/000009721614000194/tex930201410-q.htm
0,2014-06-30,TEX,2014-07-24 00:00:00,2014-07-24 13:43:18,Q2,2055100000,1631300000,423800000,0.206219,0.0,262900000,0.0,-2000000.0,262900000.0000001,1894200000,31700000,40900000,252400000,0.122816,160900000,0.078293,-1000000.0,128400000,0.062479,40000000,139800000,0.068026,1.20725,1.20725,115800000,115800000,https://www.sec.gov/Archives/edgar/data/97216/000009721614000157/0000097216-14-000157-index.html,https://www.sec.gov/Archives/edgar/data/97216/000009721614000157/tex630201410-q.htm
0,2014-03-31,TEX,2014-05-01 00:00:00,2014-05-01 10:12:20,Q1,1654600000,1321200000,333400000,0.201499,0.0,258400000,0.0,-2000000.0,258399999.99999985,1579599999.9999998,30400000,39100000,116000000,0.070108,75000000,0.045328,-2500000.0,43000000,0.025988,11500000,35000000,0.021153,0.30146,0.30146,116100000,116100000,https://www.sec.gov/Archives/edgar/data/97216/000009721614000103/0000097216-14-000103-index.html,https://www.sec.gov/Archives/edgar/data/97216/000009721614000103/tex331201410-q.htm
0,2013-12-31,TEX,2014-02-25,2014-02-24 21:44:41,Q4,1642100000,1273700000,368400000,0.224347,0.0,234000000,0.0,11000000,243899999.99999985,1517599999.9999998,29500000,34700000.00000002,173800000.00000003,0.10584,124500000,0.075818,11400000,99600000,0.060654,23200000,86400000,0.052616,0.72,0.72,120000000,120000000,https://www.sec.gov/Archives/edgar/data/97216/000009721614000027/tex201310-k.htm,https://www.sec.gov/Archives/edgar/data/97216/000009721614000027/tex201310-k.htm
0,2013-09-30,TEX,2013-10-25 00:00:00,2013-10-25 15:53:44,Q3,1757000000,1375600000,381400000,0.217075,0.0,242800000,0.0,-2000000.0,242800000.00000018,1618400000.0000002,31800000,39300000,188300000,0.107171,138600000,0.078884,-3800000.0,106600000,0.060672,22800000,94400000,0.053728,0.81239,0.81239,116200000,116200000,https://www.sec.gov/Archives/edgar/data/97216/000009721613000221/0000097216-13-000221-index.html,https://www.sec.gov/Archives/edgar/data/97216/000009721613000221/tex930201310-q.htm
0,2013-06-30,TEX,2013-07-26 00:00:00,2013-07-26 16:15:21,Q2,1861500000,1510300000,351200000,0.188665,0.0,267700000,0.0,-2000000.0,272900000.0000001,1783200000,31400000,39900000,120300000,0.064625,78300000,0.042063,-3100000.0,46400000,0.024926,27700000,21300000,0.011442,0.18394,0.18394,115800000,115800000,https://www.sec.gov/Archives/edgar/data/97216/000009721613000178/0000097216-13-000178-index.html,https://www.sec.gov/Archives/edgar/data/97216/000009721613000178/tex630201310-q.htm
0,2013-03-31,TEX,2013-04-26 00:00:00,2013-04-26 17:28:55,Q1,1653700000,1332500000,321200000,0.194231,0.0,255600000,0.0,-2000000.0,255599999.9999999,1588100000,33400000,38400000,110300000,0.066699,65600000,0.039669,-2900000.0,32300000,0.019532,14600000,23900000,0.014452,0.20639,0.20639,115800000,115800000,https://www.sec.gov/Archives/edgar/data/97216/000009721613000127/0000097216-13-000127-index.html,https://www.sec.gov/Archives/edgar/data/97216/000009721613000127/tex331201310-q.htm
0,2012-12-31,TEX,2013-02-28 00:00:00,2013-02-27 21:40:18,Q4,1329300000,1067200000,262100000,0.197171,0.0,266500000,0.0,7000000.0,296700000.00000006,1363900000,34600000,40700000,31800000,0.023922,-34600000,-0.026029,10600000,-65800000,-0.0495,-10200000,-33300000,-0.025051,-0.28559,-0.28559,116600000,116600000,https://www.sec.gov/Archives/edgar/data/97216/000009721613000040/0000097216-13-000040-index.html,https://www.sec.gov/Archives/edgar/data/97216/000009721613000040/tex201210-k.htm
0,2012-09-30,TEX,2012-10-29 00:00:00,2012-10-29 14:05:59,Q3,1822000000,1442800000,379200000,0.208123,0.0,244700000,0.0,-2000000.0,297200000.00000006,1740000000,42600000,35700000,117300000,0.06438,82000000,0.045005,-3600000.0,37100000,0.020362,8800000.0,30200000,0.016575,0.26655,0.26655,113300000,113300000,https://www.sec.gov/Archives/edgar/data/97216/000009721612000244/0000097216-12-000244-index.html,https://www.sec.gov/Archives/edgar/data/97216/000009721612000244/tex930201210-q.htm
0,2012-06-30,TEX,2012-08-07 00:00:00,2012-08-06 19:02:49,Q2,2011500000,1582900000,428600000,0.213075,0.0,252100000,0.0,-4000000.0,256000000,1838900000,46900000,37800000,214700000,0.106736,172600000,0.085807,-3600000.0,124600000,0.061944,44100000,85900000,0.042704,0.7711,0.7711,111400000,111400000,https://www.sec.gov/Archives/edgar/data/97216/000009721612000195/0000097216-12-000195-index.html,https://www.sec.gov/Archives/edgar/data/97216/000009721612000195/tex630201210-q.htm
0,2012-03-31,TEX,2012-04-30,2012-04-30 13:50:06,Q1,1819400000,1488400000,331000000,0.181928,0.0,266500000,0.0,4000000.0,267199999.9999998,1755599999.9999998,40500000,38800000,111100000,0.061064,63800000,0.035067,4500000.0,30400000,0.016709,8800000.0,23000000,0.012642,0.20122,0.20122,114300000,114300000,https://www.sec.gov/Archives/edgar/data/97216/000009721612000047/tex201110-k.htm,https://www.sec.gov/Archives/edgar/data/97216/000009721612000047/tex201110-k.htm
0,2011-12-31,TEX,2012-02-29 00:00:00,2012-02-29 12:07:35,Q4,1610000000,1340300000,269700000,0.167516,0.0,254500000,0.0,3000000.0,259900000.0000001,1600200000,41700000,37300000,65000000,0.040373,9800000.0,0.006087,5600000.0,-28400000,-0.01764,-11100000,-2900000.0,-0.001801,-0.02868,-0.02868,101100000,101100000,https://www.sec.gov/Archives/edgar/data/97216/000009721612000047/0000097216-12-000047-index.html,https://www.sec.gov/Archives/edgar/data/97216/000009721612000047/tex201110-k.htm
0,2011-09-30,TEX,2011-11-04 00:00:00,2011-11-03 20:13:23,Q3,1803600000,1524900000,278700000,0.154524,0.0,218300000,0.0,50000000,227500000,1752400000,37100000,36199999.99999999,144400000,0.080062,51200000,0.028388,50000000,67300000,0.037314,34200000,36900000,0.020459,0.33454,0.33454,110300000,110300000,https://www.sec.gov/Archives/edgar/data/97216/000009721611000273/0000097216-11-000273-index.html,https://www.sec.gov/Archives/edgar/data/97216/000009721611000273/tex-93011x10q.htm
0,2011-06-30,TEX,2011-08-01 00:00:00,2011-07-29 21:52:29,Q2,1488200000,1261700000,226500000,0.152197,0.0,203900000,0.0,37000000,219700000.00000006,1481400000,27900000,26900000.000000004,70600000,0.04744,6800000.0,0.004569,34600000,16500000,0.011087,16300000,-500000.0,-0.000336,-0.00436,-0.00436,114800000,114800000,https://www.sec.gov/Archives/edgar/data/97216/000009721611000212/0000097216-11-000212-index.html,https://www.sec.gov/Archives/edgar/data/97216/000009721611000212/tex-63011x10q.htm
0,2011-03-31,TEX,2011-04-28 00:00:00,2011-04-28 15:10:34,Q1,1256200000,1088500000,167700000,0.133498,0.0,176500000,0.0,49000000,183299999.99999994,1271800000,28200000,26200000,72100000,0.057395,-15600000,-0.012418,51900000,10200000,0.00812,6000000.0,11700000,0.009314,0.10034,0.10034,116600000,116600000,https://www.sec.gov/Archives/edgar/data/97216/000009721611000142/0000097216-11-000142-index.html,https://www.sec.gov/Archives/edgar/data/97216/000009721611000142/tex3311110q.htm
0,2010-12-31,TEX,2011-02-18,2011-02-18 10:16:37,Q4,1326600000,1141000000,185600000,0.139907,0.0,193300000,0.0,6000000.0,187500000,1328500000,-36900000,30500000,-56600000,-0.042665,-1900000.0,-0.001432,1200000.0,-37600000,-0.028343,-4900000.0,-45300000,-0.034147,-0.41598,-0.41598,108900000,108900000,https://www.sec.gov/Archives/edgar/data/97216/000110465911008249/a11-2438_110k.htm,https://www.sec.gov/Archives/edgar/data/97216/000110465911008249/a11-2438_110k.htm
0,2010-09-30,TEX,2010-11-02 00:00:00,2010-11-01 19:50:24,Q3,1075800000,910800000,165000000,0.153374,0.0,160200000,0.0,-21000000,161400000.0000001,1072200000.0000001,-33300000,24900000,-65600000,-0.060978,3600000.0,0.003346,-21500000,-51200000,-0.047592,38600000,-95800000,-0.08905,-0.88051,-0.88051,108800000,108800000,https://www.sec.gov/Archives/edgar/data/97216/000009721610000205/0000097216-10-000205-index.html,https://www.sec.gov/Archives/edgar/data/97216/000009721610000205/f10q09302010.htm
0,2010-07-30,TEX,2010-07-30,2010-07-30 10:10:09,Q2,1080000000,925000000,155000000,0.14351851851851852,0.0,-165000000,0.0,8000000.0,-165000000,760000000,0.0,-27200000,39300000,-0.034444444444444444,66500000,-0.009259259259259259,8000000.0,77300000,-0.032407407407407406,36900000,-690000000,0.576877871567,-6.38889,-6.38889,108000000,108000000,https://www.sec.gov/Archives/edgar/data/97216/000009721610000155/0000097216-10-000155-index.htm,https://www.sec.gov/Archives/edgar/data/97216/000009721610000155/f10q06302010.htm
0,2010-06-30,TEX,2010-07-30 00:00:00,2010-07-30 10:10:09,Q2,1079900000,918500000,161400000,0.149458,0.0,164700000,0.0,0.0,171799999.99999994,1090300000,-33400000,29000000,-68300000,-0.063247,-10400000,-0.009631,8500000.0,-35300000,-0.032688,-23600000,-40300000,-0.037318,-0.37075,-0.37075,108700000,108700000,https://www.sec.gov/Archives/edgar/data/97216/000009721610000155/0000097216-10-000155-index.html,https://www.sec.gov/Archives/edgar/data/97216/000009721610000155/f10q06302010.htm
0,2010-03-31,TEX,2010-04-30 00:00:00,2010-04-30 11:48:24,Q1,935900000,831000000,104900000,0.112085,0.0,158500000,0.0,-12000000,171399999.99999997,1002400000,-36400000,27200000,493800000,0.52762,-66500000,-0.071055,-11300000,-114200000,-0.122022,-36900000,539900000,0.576878,4.98063,4.98063,108400000,108400000,https://www.sec.gov/Archives/edgar/data/97216/000009721610000110/0000097216-10-000110-index.html,https://www.sec.gov/Archives/edgar/data/97216/000009721610000110/f10q03312010.htm
0,2009-12-31,TEX,2010-02-24 00:00:00,2010-02-24 15:30:29,Q4,1011400000,916800000,94600000,0.093534,0.0,189700000,0.0,1000000.0,169900000.0000001,1086700000,38000000,44900000.00000001,-72000000,-0.071188,-75300000,-0.074451,300000.0,-115700000,-0.114396,-12100000,-142800000,-0.14119,-1.31734,-1.31734,108400000,108400000,https://www.sec.gov/Archives/edgar/data/97216/000110465910009153/0001104659-10-009153-index.html,https://www.sec.gov/Archives/edgar/data/97216/000110465910009153/a10-4350_110k.htm
0,2009-09-30,TEX,2009-10-29 00:00:00,2009-10-29 16:05:22,Q3,933900000,863500000,70400000,0.075383,0.0,167900000,0.0,-1000000.0,170700000.00000006,1034200000,33000000,24200000,-73400000,-0.078595,-100300000,-0.107399,-1500000.0,-133000000,-0.142414,-27500000,-103100000,-0.110397,-0.95375,-0.95375,108100000,108100000,https://www.sec.gov/Archives/edgar/data/97216/000009721609000219/0000097216-09-000219-index.html,https://www.sec.gov/Archives/edgar/data/97216/000009721609000219/f10q093009.htm
0,2009-06-30,TEX,2009-07-30 00:00:00,2009-07-30 16:22:44,Q2,947300000,868300000,79000000,0.083395,0.0,170600000,0.0,4000000.0,197400000.0000001,1065700000.0000001,25000000,18800000,-73200000,-0.077272,-118400000,-0.124987,4200000.0,-138600000,-0.146311,-39400000,-77600000,-0.081917,-0.78305,-0.78305,99100000,99100000,https://www.sec.gov/Archives/edgar/data/97216/000009721609000168/0000097216-09-000168-index.html,https://www.sec.gov/Archives/edgar/data/97216/000009721609000168/f10q063009.htm
0,2009-03-31,TEX,2009-04-30 00:00:00,2009-04-30 14:58:19,Q1,965800000,886400000,79400000,0.082212,0.0,170500000,0.0,-3000000.0,190399999.99999997,1076800000,23000000,21400000.000000004,-68900000,-0.07134,-111000000,-0.114931,-2300000.0,-136500000,-0.141334,-38400000,-74900000,-0.077552,-0.79008,-0.79008,94800000,94800000,https://www.sec.gov/Archives/edgar/data/97216/000009721609000110/0000097216-09-000110-index.html,https://www.sec.gov/Archives/edgar/data/97216/000009721609000110/f10q033109.htm
0,2008-12-31,TEX,2009-02-27 00:00:00,2009-02-26 18:07:01,Q4,1656100000,1433700000,222400000,0.134291,0.0,215300000,0.0,-5000000.0,675200000,2108900000,27000000,10400000.000000002,-417500000,-0.252098,-452800000,-0.273413,-7500000.0,-484400000,-0.292494,-33400000,-421500000,-0.254514,-4.4556,-4.4556,94600000,94600000,https://www.sec.gov/Archives/edgar/data/97216/000114420409011131/0001144204-09-011131-index.html,https://www.sec.gov/Archives/edgar/data/97216/000114420409011131/v141334_10k.htm
0,2008-09-30,TEX,2008-11-03 00:00:00,2008-11-03 15:50:20,Q3,1432300000,1248800000,183500000,0.128116,0.0,183400000,0.0,-7000000.0,183400000.0000001,1432200000,27000000,27000000.000000004,140200000,0.097885,100000.0,7e-05,-3300000.0,-28100000,-0.019619,-7600000.0,93800000,0.065489,0.50484,0.50484,185800000,185800000,https://www.sec.gov/Archives/edgar/data/97216/000009721608000273/0000097216-08-000273-index.html,https://www.sec.gov/Archives/edgar/data/97216/000009721608000273/f10q093008.htm
0,2008-06-30,TEX,2008-08-01 00:00:00,2008-08-01 14:12:26,Q2,2935900000,2284700000,651200000,0.221806,0.0,280300000,0.0,-3000000.0,280300000.0000002,2565000000,33000000,24500000,410600000,0.139855,370900000,0.126333,2300000.0,353900000,0.120542,116800000,236300000,0.080486,2.31667,2.31667,102000000,102000000,https://www.sec.gov/Archives/edgar/data/97216/000009721608000214/0000097216-08-000214-index.html,https://www.sec.gov/Archives/edgar/data/97216/000009721608000214/f10q063008.htm
0,2008-03-31,TEX,2008-05-06 00:00:00,2008-05-06 16:42:20,Q1,2362700000,1848700000,514000000,0.217548,0.0,257700000,0.0,11000000,257700000.00000006,2106400000,16000000,22400000,284900000,0.120582,256300000,0.108478,7500000.0,247400000,0.104711,83200000,163300000,0.069116,1.58544,1.58544,103000000,103000000,https://www.sec.gov/Archives/edgar/data/97216/000009721608000151/0000097216-08-000151-index.html,https://www.sec.gov/Archives/edgar/data/97216/000009721608000151/f10q033108.htm
0,2007-12-31,TEX,2008-02-27,2008-02-27 17:31:01,Q4,2586300000,2087700000,498600000,0.192785,0.0,258700000,0.0,13000000,258700000.0000003,2346400000.0000005,22000000,13800000,271800000,0.105092,239900000,0.092758,11300000,236000000,0.09125,62000000,174000000,0.067278,1.65085,1.65085,105400000,105400000,https://www.sec.gov/Archives/edgar/data/97216/000114420408012125/v105140_10k.htm,https://www.sec.gov/Archives/edgar/data/97216/000114420408012125/v105140_10k.htm
0,2007-09-30,TEX,2007-11-05 00:00:00,2007-11-05 10:05:53,Q3,2196500000,1732200000,464300000,0.211382,0.0,228000000,0.0,4000000.0,228000000,1960200000,15000000,17599999.999999996,262600000,0.119554,236300000,0.10758,3800000.0,230000000,0.104712,78500000,151500000,0.068973,1.44837,1.44837,104600000,104600000,https://www.sec.gov/Archives/edgar/data/97216/000009721607000333/0000097216-07-000333-index.html,https://www.sec.gov/Archives/edgar/data/97216/000009721607000333/f10q093007.htm
0,2007-06-30,TEX,2007-08-03 00:00:00,2007-08-03 17:27:23,Q2,2342200000,1835100000,507100000,0.216506,0.0,222600000,0.0,-1000000.0,222599999.9999999,2057700000,21000000,18300000,310600000,0.13261,284500000,0.121467,-2000000.0,271300000,0.115831,96700000,174600000,0.074545,1.66444,1.66444,104900000,104900000,https://www.sec.gov/Archives/edgar/data/97216/000009721607000243/0000097216-07-000243-index.html,https://www.sec.gov/Archives/edgar/data/97216/000009721607000243/f10q08032007.htm
0,2007-03-31,TEX,2007-05-04 00:00:00,2007-05-03 18:59:16,Q1,2012700000,1600700000,412000000,0.2047,0.0,211300000,0.0,3000000.0,223799999.99999994,1824500000,7000000.0,18300000,207300000,0.102996,188200000,0.093506,4600000.0,182000000,0.090426,68200000,113800000,0.056541,1.08691,1.08691,104700000,104700000,https://www.sec.gov/Archives/edgar/data/97216/000009721607000138/0000097216-07-000138-index.html,https://www.sec.gov/Archives/edgar/data/97216/000009721607000138/f10q03312007.htm
0,2006-12-31,TEX,2007-02-28,2007-02-28 16:50:36,Q4,2029500000,1654000000,375500000,0.185021,0.0,206100000,0.0,6000000.0,206099999.9999999,1860100000,19000000,18600000.00000001,194600000,0.095886,169400000,0.083469,3800000.0,157000000,0.077359,56100000,100900000,0.049717,0.97019,0.97019,104000000,104000000,https://www.sec.gov/Archives/edgar/data/97216/000093041307001796/c47041.htm,https://www.sec.gov/Archives/edgar/data/97216/000093041307001796/c47041.htm
0,2006-09-30,TEX,2006-11-03,2006-11-03 17:26:34,Q3,1903700000,1536300000,367400000,0.192993,0.0,176300000,0.0,0.0,192900000.0000001,1729200000,20000000,17599999.999999996,191800000,0.100751,174500000,0.091664,600000.0,158800000,0.083417,53200000,101000000,0.053055,0.97868,0.97868,103200000,103200000,https://www.sec.gov/Archives/edgar/data/97216/000009721606000353/f10q09302006.htm,https://www.sec.gov/Archives/edgar/data/97216/000009721606000353/f10q09302006.htm
0,2006-06-30,TEX,2006-08-07,2006-08-04 18:48:38,Q2,2020500000,1627800000,392700000,0.194358,0.0,185600000,0.0,-1000000.0,192299999.99999994,1820100000,27000000,18099999.999999996,229400000,0.113536,200400000,0.099183,-1100000.0,178200000,0.088196,65100000,119200000,0.058995,1.21261,1.21261,98300000,98300000,https://www.sec.gov/Archives/edgar/data/97216/000009721606000279/f10q06302006.htm,https://www.sec.gov/Archives/edgar/data/97216/000009721606000279/f10q06302006.htm
0,2006-03-31,TEX,2006-05-31,2006-05-30 21:54:19,Q1,1693900000,1386400000,307500000,0.181534,0.0,165600000,0.0,1000000.0,165599999.9999999,1552000000,24000000,18700000,165300000,0.097585,141900000,0.083771,1100000.0,120700000,0.071256,43800000,78800000,0.04652,0.76953,0.76953,102400000,102400000,https://www.sec.gov/Archives/edgar/data/97216/000112528206002894/b413313-10k.htm,https://www.sec.gov/Archives/edgar/data/97216/000112528206002894/b413313-10k.htm
0,2005-12-31,TEX,2006-02-17 00:00:00,2006-02-17 16:53:11,Q4,1568300000,1328200000,240100000,0.153096,0.0,167700000,0.0,9000000.0,171000000,1499200000,26000000,18800000,92600000,0.059045,69100000,0.04406,6200000.0,50300000,0.032073,13000000,34800000,0.02219,0.33918,0.33918,102600000,102600000,https://www.sec.gov/Archives/edgar/data/97216/000112528206001131/0001125282-06-001131-index.html,https://www.sec.gov/Archives/edgar/data/97216/000112528206001131/b411618_10k.txt
0,2005-09-30,TEX,2006-05-17,2006-05-17 11:59:18,Q3,1494800000,1254800000,240000000,0.160557,0.0,137400000,0.0,3000000.0,137400000.0000001,1392200000,24000000,18900000,125300000,0.083824,102600000,0.068638,1900000.0,82400000,0.055124,30800000,51600000,0.03452,0.50489,0.50489,102200000,102200000,https://www.sec.gov/Archives/edgar/data/97216/000112528206002893/b413317-10q.htm,https://www.sec.gov/Archives/edgar/data/97216/000112528206002893/b413317-10q.htm
0,2005-06-30,TEX,2006-05-17,2006-05-17 11:55:55,Q2,1642300000,1381300000,261000000,0.158923,0.0,133800000,0.0,-1000000.0,133799999.99999996,1515100000,24000000,19300000,155400000,0.094623,127200000,0.077452,2600000.0,109000000,0.06637,40900000,71200000,0.043354,0.69328,0.69328,102700000,102700000,https://www.sec.gov/Archives/edgar/data/97216/000112528206002892/b413316-10q.htm,https://www.sec.gov/Archives/edgar/data/97216/000112528206002892/b413316-10q.htm
0,2005-03-31,TEX,,,Q1,1451100000,1244900000,206200000,0.142099,0.0,134700000,0.0,0.0,134699999.99999982,1379599999.9999998,-21600000,18599999.999999996,44200000,0.03046,71500000,0.049273,-2700000.0,47200000,0.032527,16600000,30600000,0.021087,0.3,0.3,102000000,102000000,,
0,2004-12-31,TEX,,,Q4,1375700000,1211900000,163800000,0.119067,0.0,141400000,0.0,0.0,144299999.99999994,1356200000,-26700000,14700000.000000002,-8099999.999999999,-0.005888,19500000,0.014175,11100000,3900000.0,0.002835,-193500000,197400000,0.143491,1.92398,1.92398,102600000,102600000,,
0,2004-09-30,TEX,,,Q3,1252200000,1066000000,186200000,0.148698,0.0,115000000,0.0,0.0,115000000,1181000000,-21400000,17100000,44300000,0.035378,71200000,0.05686,-1200000.0,48600000,0.038812,3900000.0,44700000,0.035697,0.43567,0.43567,102600000,102600000,,
0,2004-06-30,TEX,,,Q2,1332500000,1139800000,192700000,0.144615,0.0,119600000,0.0,0.0,119600000.00000013,1259400000.0000002,-22000000,21500000,70400000,0.052833,73100000,0.054859,19800000,70900000,0.053208,7600000.0,63300000,0.047505,0.62059,0.62059,102000000,102000000,,
0,2004-03-31,TEX,,,Q1,1059400000,899000000,160400000,0.151406,0.0,112500000,0.0,0.0,112500000,1011500000,-21500000,21100000,23600000,0.022277,47900000,0.045214,-2400000.0,24000000,0.022654,5300000.0,18700000,0.017652,0.18406,0.18406,101600000,101600000,,
0,2003-12-31,TEX,,,Q4,1010600000,879900000,130700000,0.129329,0.0,116500000,0.0,0.0,127399999.99999999,1007300000,-27900000,32599999.999999993,-13000000.000000006,-0.012864,3300000.0,0.003265,6900000.0,-17700000,-0.017514,182700000,-200400000,-0.198298,-2.08316,-2.08316,96200000,96200000,,
0,2003-09-30,TEX,,,Q3,914700000,788800000,125900000,0.137641,0.0,90000000,0.0,0.0,90000000,878800000,-21700000,16700000.000000004,7300000.000000003,0.007981,35900000,0.039248,-1900000.0,12300000,0.013447,2500000.0,9800000.0,0.010714,0.098,0.098,100000000,100000000,,
0,2003-06-30,TEX,,,Q2,1050100000,934500000,115600000,0.110085,0.0,101000000,0.0,0.0,145299999.99999994,1079800000,-24500000,17800000,-65700000,-0.062565,-29700000,-0.028283,-4800000.0,-59000000,-0.056185,-13500000,-45500000,-0.043329,-0.47794,-0.47794,95200000,95200000,,
0,2003-03-31,TEX,,,Q1,934400000,807600000,126800000,0.135702,0.0,89200000,0.0,0.0,89199999.99999993,896799999.9999999,-24200000,15600000.000000002,5100000.000000001,0.005458,37600000,0.04024,300000.0,13700000,0.014662,4200000.0,9500000.0,0.010167,0.09615,0.09615,98800000,98800000,,
0,2002-12-31,TEX,,,Q4,851100000,786300000,64800000,0.076137,0.0,100300000,0.0,0.0,100300000.00000007,886600000.0000001,-23200000,15899999.999999996,-66600000,-0.078252,-35500000,-0.041711,-600000.0,-59300000,-0.069675,-19000000,-40300000,-0.04735,-0.42511,-0.42511,94800000,94800000,,
0,2002-09-30,TEX,,,Q3,746700000,661000000,85700000,0.114772,0.0,67100000,0.0,0.0,64100000.00000002,725100000,-21100000,10600000.000000002,500000.000000001,0.00067,21600000,0.028927,3600000.0,4100000.0,0.005491,1200000.0,9800000.0,0.013124,0.1398,0.1398,70100000,70100000,,
0,2002-06-30,TEX,,,Q2,653200000,536600000,116600000,0.178506,0.0,65800000,0.0,0.0,69399999.99999999,606000000,-20200000,10200000,500000.0,0.000765,47200000,0.07226,-10600000,16400000,0.025107,5300000.0,5200000.0,0.007961,0.05963,0.05963,87200000,87200000,,
0,2002-03-31,TEX,,,Q1,546400000,456800000,89600000,0.163982,0.0,54900000,0.0,0.0,56699999.99999999,513500000,-20900000,8300000.0,-116400000,-0.213031,32900000,0.060212,-1400000.0,10600000,0.0194,3400000.0,-107200000,-0.196193,-1.38144,-1.38144,77600000,77600000,,
0,2001-12-31,TEX,,,Q4,442100000,369800000,72300000,0.163538,0.0,49000000,0.0,0.0,49000000,418800000,-19500000,11100000.000000002,-5299999.999999999,-0.011988,23300000,0.052703,900000.0,4700000.0,0.010631,1500000.0,1600000.0,0.003619,0.02462,0.02462,65000000,65000000,,
0,2001-09-30,TEX,,,Q3,453700000,408200000,45500000,0.100287,0.0,41800000,0.0,0.0,41800000.00000001,450000000,-19100000,9799999.999999998,-25300000,-0.055764,3700000.0,0.008155,-600000.0,-16000000,-0.035266,-5100000.0,-10900000,-0.024025,-0.2026,-0.2026,53800000,53800000,,
0,2001-06-30,TEX,,,Q2,439300000,359100000,80200000,0.182563,0.0,41000000,0.0,0.0,41000000,400100000,-21400000,9600000.000000002,5900000.000000001,0.01343,39200000,0.089233,-100000.0,17700000,0.040291,5700000.0,12000000,0.027316,0.21583,0.21583,55600000,55600000,,
0,2001-03-31,TEX,,,Q1,477400000,398800000,78600000,0.164642,0.0,40600000,0.0,0.0,40599999.99999996,439399999.99999994,-19000000,9800000.0,6700000.0,0.014034,38000000,0.079598,-800000.0,18200000,0.038123,5800000.0,10100000,0.021156,0.18431,0.18431,54800000,54800000,,
0,2000-12-31,TEX,,,Q4,446600000,373000000,73600000,0.164801,0.0,41200000,0.0,0.0,41199999.99999999,414200000,-20700000,10099999.999999998,-7500000.000000002,-0.016794,32400000,0.072548,200000.0,11900000,0.026646,3800000.0,-700000.0,-0.001567,-0.01282,-0.01282,54600000,54600000,,
0,2000-09-30,TEX,2000-11-14 00:00:00,2000-11-14 00:00:00,Q3,475100000,388400000,86700000,0.182488,0.0,39300000,0.0,0.0,39300000.00000001,427700000,-24400000,10100000.000000002,65700000,0.138287,47400000,0.099768,-200000.0,80000000,0.168386,30300000,49700000,0.10461,0.89388,0.89388,55600000,55600000,https://www.sec.gov/Archives/edgar/data/97216/000009721600500019/0000097216-00-500019-index.html,https://www.sec.gov/Archives/edgar/data/97216/000009721600500019/0000097216-00-500019-0001.txt
0,2000-06-30,TEX,2000-08-11 00:00:00,2000-08-11 00:00:00,Q2,593500000,486900000,106600000,0.179612,0.0,43100000,0.0,0.0,43100000.00000002,530000000,-24300000,10100000.000000002,24000000,0.040438,63500000,0.106992,-1000000.0,38200000,0.064364,12200000,26000000,0.043808,0.46263,0.46263,56200000,56200000,https://www.sec.gov/Archives/edgar/data/97216/000009721600000037/0000097216-00-000037-index.html,https://www.sec.gov/Archives/edgar/data/97216/000009721600000037/0000097216-00-000037-0001.txt
0,2000-03-31,TEX,2000-05-11 00:00:00,2000-05-11 00:00:00,Q1,553500000,456800000,96700000,0.174706,0.0,41700000,0.0,0.0,41699999.99999999,498500000,-24900000,11200000,15800000,0.028546,55000000,0.099368,-600000.0,29500000,0.053297,9400000.0,20100000,0.036314,0.35387,0.35387,56800000,56800000,https://www.sec.gov/Archives/edgar/data/97216/000009721600000027/0000097216-00-000027-index.html,https://www.sec.gov/Archives/edgar/data/97216/0000097216-00-000027.txt
0,1999-12-31,TEX,,,Q4,489600000,409000000,80600000,0.164624,0.0,39600000,0.0,0.0,39600000.00000002,448600000,-32300000,12300000,-10500000,-0.021446,41000000,0.083742,800000.0,9500000.0,0.019404,-77100000,86600000,0.176879,1.5193,1.5193,57000000,57000000,,
0,1999-09-30,TEX,,,Q3,495600000,407100000,88500000,0.178571,0.0,38700000,0.0,0.0,38699999.99999999,445800000,-17500000,8100000.000000001,21600000,0.043584,49800000,0.100484,-1300000.0,31000000,0.06255,1100000.0,29900000,0.060331,0.53393,0.53393,56000000,56000000,,
0,1999-06-30,TEX,,,Q2,448100000,371400000,76700000,0.171167,0.0,29700000,0.0,0.0,29700000.000000045,401100000.00000006,-14900000,5899999.999999999,22100000,0.049319,47000000,0.104887,-1000000.0,31100000,0.069404,700000.0,30400000,0.067842,0.64957,0.64957,46800000,46800000,,
0,1999-03-31,TEX,,,Q1,423300000,352400000,70900000,0.167494,0.0,30400000,0.0,0.0,30400000.000000034,382800000.00000006,-12800000,5900000.0,19900000,0.047012,40500000,0.095677,-900000.0,26800000,0.063312,800000.0,26000000,0.061422,0.57778,0.57778,45000000,45000000,,
0,1998-12-31,TEX,,,Q4,320400000,258700000,61700000,0.192572,0.0,29400000,0.0,0.0,29400000.000000034,288100000.00000006,-13400000,5900000.0,11400000,0.035581,32300000,0.100811,0.0,18900000,0.058989,800000.0,18100000,0.056492,0.40222,0.40222,45000000,45000000,,
0,1998-09-30,TEX,,,Q3,318700000,260000000,58700000,0.184186,0.0,26000000,0.0,0.0,26000000,286000000,-12700000,4500000.0,11800000,0.037025,32700000,0.102604,0.0,20000000,0.062755,300000.0,19700000,0.061814,0.43778,0.43778,45000000,45000000,,
0,1998-06-30,TEX,,,Q2,333500000,272900000,60600000,0.181709,0.0,27400000,0.0,0.0,27400000.000000034,300300000.00000006,-11500000,4100000.0,13600000,0.04078,33200000,0.09955,-700000.0,21000000,0.062969,400000.0,20600000,0.061769,0.45982,0.45982,44800000,44800000,,
0,1998-03-31,TEX,,,Q1,260600000,215800000,44800000,0.171911,0.0,21000000,0.0,0.0,21000000,236800000,-8700000.0,3900000.0,-28500000,-0.109363,23800000,0.091328,-500000.0,14600000,0.056025,200000.0,-23900000,-0.091711,-0.53829,-0.53829,44400000,44400000,,
0,1997-12-31,TEX,,,Q4,219700000,182900000,36800000,0.167501,0.0,17400000,0.0,0.0,17400000.000000007,200300000,-9100000.0,3899999.9999999995,5099999.999999999,0.023213,19400000,0.088302,0.0,10300000,0.046882,300000.0,10000000,0.045517,0.23419,0.23419,42700000,42700000,,
0,1997-09-30,TEX,,,Q3,214100000,177100000,37000000,0.172816,0.0,17800000,0.0,0.0,17800000.00000001,194900000,-10500000,3399999.9999999995,-10600000,-0.04951,19200000,0.089678,0.0,8700000.0,0.040635,0.0,-3500000.0,-0.016348,-0.09021,-0.09021,38800000,38800000,,
0,1997-06-30,TEX,,,Q2,232200000,193900000,38300000,0.164944,0.0,19200000,0.0,0.0,19199999.99999999,213100000,-11200000,4000000.0,-1900000.0,-0.008183,19100000,0.082257,0.0,7900000.0,0.034022,200000.0,5100000.0,0.021964,0.16776,0.16776,30400000,30400000,,
0,1997-03-31,TEX,,,Q1,176300000,148800000,27500000,0.155984,0.0,14100000,0.0,0.0,14099999.999999994,162900000,-9300000.0,3000000.0,-2200000.0,-0.012479,13400000,0.076007,0.0,4100000.0,0.023256,200000.0,3900000.0,0.022121,0.13542,0.13542,28800000,28800000,,
0,1996-12-31,TEX,,,Q4,156800000,161700000,-4900000.0,-0.03125,0.0,16700000,0.0,0.0,16700000.000000017,178400000.00000003,-12800000,2100000.0000000005,42700000,0.272321,-21600000,-0.137755,0.0,-34400000,-0.219388,12100000,41300000,0.263393,1.55849,1.55849,26500000,26500000,,
0,1996-09-30,TEX,,,Q3,165700000,142000000,23700000,0.14303,0.0,14800000,0.0,0.0,14800000.000000011,156800000,-12300000,4900000.0,-6000000.0,-0.03621,8900000.0,0.053712,0.0,-3400000.0,-0.020519,0.0,1400000.0,0.008449,0.0493,0.0493,28400000,28400000,,
0,1996-06-30,TEX,,,Q2,182800000,155800000,27000000,0.147702,0.0,16300000,0.0,0.0,16299999.999999983,172099999.99999997,-12400000,2800000.0,-5100000.0,-0.027899,10700000,0.058534,0.0,-1700000.0,-0.0093,0.0,4500000.0,0.024617,0.15845,0.15845,28400000,28400000,,
0,1996-03-31,TEX,,,Q1,173200000,149800000,23400000,0.135104,0.0,16300000,0.0,0.0,16299999.999999983,166099999.99999997,-9800000.0,3900000.0,-5400000.0,-0.031178,7100000.0,0.040993,0.0,-2700000.0,-0.015589,0.0,500000.0,0.002887,0.02358,0.02358,21200000,21200000,,
0,1995-12-31,TEX,,,Q4,139100000,118200000,20900000,0.150252,0.0,16500000,0.0,0.0,16499999.999999985,134700000,-11700000,-8300000.0,-21800000,-0.156722,4400000.0,0.031632,0.0,-7300000.0,-0.05248,0.0,-1800000.0,-0.01294,-0.08451,-0.08451,21300000,21300000,,
0,1995-09-30,TEX,1995-11-14 00:00:00,1995-11-14 00:00:00,Q3,148800000,128900000,19900000,0.133737,0.0,17000000,0.0,0.0,17000000,145900000,-15200000,6900000.0,-16100000,-0.108199,2900000.0,0.019489,0.0,-12300000,-0.082661,0.0,-7800000.0,-0.052419,-0.37864,-0.37864,20600000,20600000,https://www.sec.gov/Archives/edgar/data/97216/000009721695000014/0000097216-95-000014-index.html,https://www.sec.gov/Archives/edgar/data/97216/0000097216-95-000014.txt
0,1995-06-30,TEX,1995-08-15 00:00:00,1995-08-15 00:00:00,Q2,133300000,115700000,17600000,0.132033,0.0,16100000,0.0,0.0,16100000.00000001,131800000.00000001,-10900000,9600000.000000002,-25000000,-0.187547,1500000.0,0.011253,0.0,-9400000.0,-0.070518,0.0,-23700000,-0.177794,-1.15049,-1.15049,20600000,20600000,https://www.sec.gov/Archives/edgar/data/97216/000009721695000011/0000097216-95-000011-index.html,https://www.sec.gov/Archives/edgar/data/97216/0000097216-95-000011.txt
0,1995-03-31,TEX,1995-05-15 00:00:00,1995-05-15 00:00:00,Q1,80200000,68200000,12000000,0.149626,0.0,8000000.0,0.0,0.0,8000000.0,76200000,-7100000.0,4700000.0,-4300000.0,-0.053616,4000000.0,0.049875,0.0,-3100000.0,-0.038653,0.0,-1900000.0,-0.023691,-0.09223,-0.09223,20600000,20600000,https://www.sec.gov/Archives/edgar/data/97216/000009721695000007/0000097216-95-000007-index.html,https://www.sec.gov/Archives/edgar/data/97216/0000097216-95-000007.txt
0,1994-12-31,TEX,,,Q4,213400000,187700000,25700000,0.120431,0.0,16600000,0.0,0.0,19500000,207200000,-5800000.0,3799999.9999999995,-1800000.0000000007,-0.008435,6300000.0,0.029522,0.0,500000.0,0.002343,0.0,200000.0,0.000937,0.00948,0.00948,21100000,21100000,,
0,1994-09-30,TEX,1994-11-10 00:00:00,1994-11-10 00:00:00,Q3,207100000,184300000,22800000,0.110092,0.0,16700000,0.0,0.0,16599999.999999994,200900000,-4900000.0,4900000.0,1000000.0,0.004829,6100000.0,0.029454,0.0,1200000.0,0.005794,0.0,1000000.0,0.004829,0.04854,0.04854,20600000,20600000,https://www.sec.gov/Archives/edgar/data/97216/000009721694000042/0000097216-94-000042-index.html,https://www.sec.gov/Archives/edgar/data/97216/0000097216-94-000042.txt
0,1994-06-30,TEX,1994-08-15 00:00:00,1994-08-15 00:00:00,Q2,198200000,178700000,19500000,0.098385,0.0,16700000,0.0,0.0,21300000.00000001,200000000,12800000,3700000.0,27300000,0.13774,-1800000.0,-0.009082,0.0,11100000,0.056004,800000.0,10000000,0.050454,0.48544,0.48544,20600000,20600000,https://www.sec.gov/Archives/edgar/data/97216/000009721694000032/0000097216-94-000032-index.html,https://www.sec.gov/Archives/edgar/data/97216/0000097216-94-000032.txt
