,date,symbol,fillingDate,acceptedDate,period,revenue,costOfRevenue,grossProfit,grossProfitRatio,researchAndDevelopmentExpenses,generalAndAdministrativeExpenses,sellingAndMarketingExpenses,otherExpenses,operatingExpenses,costAndExpenses,interestExpense,depreciationAndAmortization,ebitda,ebitdaratio,operatingIncome,operatingIncomeRatio,totalOtherIncomeExpensesNet,incomeBeforeTax,incomeBeforeTaxRatio,incomeTaxExpense,netIncome,netIncomeRatio,eps,epsdiluted,weightedAverageShsOut,weightedAverageShsOutDil,link,finalLink
0,2019-09-31,HO.PA,,2019-09-31,Q3,4600275000,3469325000,1130950000,4.067620142358194,274625000,504900000,345725000,0.0,0.0,4248850000,32950000,0.0,666800000,6.899032693461308,351425000,13.09034644661023,0.0,361875000,12.712331606217617,75250000,280475000,16.40172920937695,1.32,1.315,212502000,213090000,https://www.infogreffe.com/recherche-entreprise-dirigeants/resultats-entreprise-dirigeants.html?ga_cat=globale&ga_q=H.O#phrase=H.O,https://www.infogreffe.com/recherche-entreprise-dirigeants/resultats-entreprise-dirigeants.html?ga_cat=globale&ga_q=H.O#phrase=H.O
0,2019-06-31,HO.PA,,2019-06-31,Q2,4600275000,3469325000,1130950000,4.067620142358194,274625000,504900000,345725000,0.0,0.0,4248850000,32950000,0.0,666800000,6.899032693461308,351425000,13.09034644661023,0.0,361875000,12.712331606217617,75250000,280475000,16.40172920937695,1.32,1.315,212502000,213090000,https://www.infogreffe.com/recherche-entreprise-dirigeants/resultats-entreprise-dirigeants.html?ga_cat=globale&ga_q=H.O#phrase=H.O,https://www.infogreffe.com/recherche-entreprise-dirigeants/resultats-entreprise-dirigeants.html?ga_cat=globale&ga_q=H.O#phrase=H.O
0,2019-03-31,HO.PA,,2019-03-31,Q1,4600275000,3469325000,1130950000,4.067620142358194,274625000,504900000,345725000,0.0,0.0,4248850000,32950000,0.0,666800000,6.899032693461308,351425000,13.09034644661023,0.0,361875000,12.712331606217617,75250000,280475000,16.40172920937695,1.32,1.315,212502000,213090000,https://www.infogreffe.com/recherche-entreprise-dirigeants/resultats-entreprise-dirigeants.html?ga_cat=globale&ga_q=H.O#phrase=H.O,https://www.infogreffe.com/recherche-entreprise-dirigeants/resultats-entreprise-dirigeants.html?ga_cat=globale&ga_q=H.O#phrase=H.O
0,2019-01-31,HO.PA,,2019-01-31,Q1,4600275000,3469325000,1130950000,4.067620142358194,274625000,504900000,345725000,0.0,0.0,4248850000,32950000,0.0,666800000,6.899032693461308,351425000,13.09034644661023,0.0,361875000,12.712331606217617,75250000,280475000,16.40172920937695,1.32,1.315,212502000,213090000,https://www.infogreffe.com/recherche-entreprise-dirigeants/resultats-entreprise-dirigeants.html?ga_cat=globale&ga_q=H.O#phrase=H.O,https://www.infogreffe.com/recherche-entreprise-dirigeants/resultats-entreprise-dirigeants.html?ga_cat=globale&ga_q=H.O#phrase=H.O
0,2018-09-31,HO.PA,,2018-09-31,Q3,3963675000,2941875000,1021800000,3.8791103934233706,220350000,412975000,274400000,0.0,0.0,3600900000,18425000,25700000,521675000,7.597977668088369,362775000,10.925987182137689,0.0,335525000,11.81335220922435,78550000,245450000,16.14860460378896,1.155,1.15,212438000,213325000,https://www.infogreffe.com/recherche-entreprise-dirigeants/resultats-entreprise-dirigeants.html?ga_cat=globale&ga_q=H.O#phrase=H.O,https://www.infogreffe.com/recherche-entreprise-dirigeants/resultats-entreprise-dirigeants.html?ga_cat=globale&ga_q=H.O#phrase=H.O
0,2018-06-31,HO.PA,,2018-06-31,Q2,3963675000,2941875000,1021800000,3.8791103934233706,220350000,412975000,274400000,0.0,0.0,3600900000,18425000,25700000,521675000,7.597977668088369,362775000,10.925987182137689,0.0,335525000,11.81335220922435,78550000,245450000,16.14860460378896,1.155,1.15,212438000,213325000,https://www.infogreffe.com/recherche-entreprise-dirigeants/resultats-entreprise-dirigeants.html?ga_cat=globale&ga_q=H.O#phrase=H.O,https://www.infogreffe.com/recherche-entreprise-dirigeants/resultats-entreprise-dirigeants.html?ga_cat=globale&ga_q=H.O#phrase=H.O
0,2018-03-31,HO.PA,,2018-03-31,Q1,3963675000,2941875000,1021800000,3.8791103934233706,220350000,412975000,274400000,0.0,0.0,3600900000,18425000,25700000,521675000,7.597977668088369,362775000,10.925987182137689,0.0,335525000,11.81335220922435,78550000,245450000,16.14860460378896,1.155,1.15,212438000,213325000,https://www.infogreffe.com/recherche-entreprise-dirigeants/resultats-entreprise-dirigeants.html?ga_cat=globale&ga_q=H.O#phrase=H.O,https://www.infogreffe.com/recherche-entreprise-dirigeants/resultats-entreprise-dirigeants.html?ga_cat=globale&ga_q=H.O#phrase=H.O
0,2018-01-31,HO.PA,,2018-01-31,Q1,3963675000,2941875000,1021800000,3.8791103934233706,220350000,412975000,274400000,0.0,0.0,3600900000,18425000,25700000,521675000,7.597977668088369,362775000,10.925987182137689,0.0,335525000,11.81335220922435,78550000,245450000,16.14860460378896,1.155,1.15,212438000,213325000,https://www.infogreffe.com/recherche-entreprise-dirigeants/resultats-entreprise-dirigeants.html?ga_cat=globale&ga_q=H.O#phrase=H.O,https://www.infogreffe.com/recherche-entreprise-dirigeants/resultats-entreprise-dirigeants.html?ga_cat=globale&ga_q=H.O#phrase=H.O
0,2017-09-31,HO.PA,,2017-09-31,Q3,3948850000,2987800000,961050000,4.108891316788929,200550000,397525000,260150000,0.0,0.0,3614125000,20450000,28250000,495200000,7.974252827140549,334725000,11.797296287997609,0.0,287825000,13.719621297663512,66050000,205425000,19.22283071680662,0.97,0.9625,211661000,213241000,https://www.infogreffe.com/recherche-entreprise-dirigeants/resultats-entreprise-dirigeants.html?ga_cat=globale&ga_q=H.O#phrase=H.O,https://www.infogreffe.com/recherche-entreprise-dirigeants/resultats-entreprise-dirigeants.html?ga_cat=globale&ga_q=H.O#phrase=H.O
0,2017-06-31,HO.PA,,2017-06-31,Q2,3948850000,2987800000,961050000,4.108891316788929,200550000,397525000,260150000,0.0,0.0,3614125000,20450000,28250000,495200000,7.974252827140549,334725000,11.797296287997609,0.0,287825000,13.719621297663512,66050000,205425000,19.22283071680662,0.97,0.9625,211661000,213241000,https://www.infogreffe.com/recherche-entreprise-dirigeants/resultats-entreprise-dirigeants.html?ga_cat=globale&ga_q=H.O#phrase=H.O,https://www.infogreffe.com/recherche-entreprise-dirigeants/resultats-entreprise-dirigeants.html?ga_cat=globale&ga_q=H.O#phrase=H.O
0,2017-03-31,HO.PA,,2017-03-31,Q1,3948850000,2987800000,961050000,4.108891316788929,200550000,397525000,260150000,0.0,0.0,3614125000,20450000,28250000,495200000,7.974252827140549,334725000,11.797296287997609,0.0,287825000,13.719621297663512,66050000,205425000,19.22283071680662,0.97,0.9625,211661000,213241000,https://www.infogreffe.com/recherche-entreprise-dirigeants/resultats-entreprise-dirigeants.html?ga_cat=globale&ga_q=H.O#phrase=H.O,https://www.infogreffe.com/recherche-entreprise-dirigeants/resultats-entreprise-dirigeants.html?ga_cat=globale&ga_q=H.O#phrase=H.O
0,2017-01-31,HO.PA,,2017-01-31,Q1,3948850000,2987800000,961050000,4.108891316788929,200550000,397525000,260150000,0.0,0.0,3614125000,20450000,28250000,495200000,7.974252827140549,334725000,11.797296287997609,0.0,287825000,13.719621297663512,66050000,205425000,19.22283071680662,0.97,0.9625,211661000,213241000,https://www.infogreffe.com/recherche-entreprise-dirigeants/resultats-entreprise-dirigeants.html?ga_cat=globale&ga_q=H.O#phrase=H.O,https://www.infogreffe.com/recherche-entreprise-dirigeants/resultats-entreprise-dirigeants.html?ga_cat=globale&ga_q=H.O#phrase=H.O
0,2016-09-31,HO.PA,,2016-09-31,Q3,3721200000,2818650000,902550000,4.1229848761841446,184025000,392225000,256350000,0.0,0.0,3421725000,22225000,26825000,456000000,8.160526315789474,299475000,12.425745053844228,0.0,317550000,11.718469532357108,63900000,236600000,15.727810650887575,1.1225,1.11,210872000,213308000,https://www.infogreffe.com/recherche-entreprise-dirigeants/resultats-entreprise-dirigeants.html?ga_cat=globale&ga_q=H.O#phrase=H.O,https://www.infogreffe.com/recherche-entreprise-dirigeants/resultats-entreprise-dirigeants.html?ga_cat=globale&ga_q=H.O#phrase=H.O
0,2016-06-31,HO.PA,,2016-06-31,Q2,3721200000,2818650000,902550000,4.1229848761841446,184025000,392225000,256350000,0.0,0.0,3421725000,22225000,26825000,456000000,8.160526315789474,299475000,12.425745053844228,0.0,317550000,11.718469532357108,63900000,236600000,15.727810650887575,1.1225,1.11,210872000,213308000,https://www.infogreffe.com/recherche-entreprise-dirigeants/resultats-entreprise-dirigeants.html?ga_cat=globale&ga_q=H.O#phrase=H.O,https://www.infogreffe.com/recherche-entreprise-dirigeants/resultats-entreprise-dirigeants.html?ga_cat=globale&ga_q=H.O#phrase=H.O
0,2016-03-31,HO.PA,,2016-03-31,Q1,3721200000,2818650000,902550000,4.1229848761841446,184025000,392225000,256350000,0.0,0.0,3421725000,22225000,26825000,456000000,8.160526315789474,299475000,12.425745053844228,0.0,317550000,11.718469532357108,63900000,236600000,15.727810650887575,1.1225,1.11,210872000,213308000,https://www.infogreffe.com/recherche-entreprise-dirigeants/resultats-entreprise-dirigeants.html?ga_cat=globale&ga_q=H.O#phrase=H.O,https://www.infogreffe.com/recherche-entreprise-dirigeants/resultats-entreprise-dirigeants.html?ga_cat=globale&ga_q=H.O#phrase=H.O
0,2016-01-31,HO.PA,,2016-01-31,Q1,3721200000,2818650000,902550000,4.1229848761841446,184025000,392225000,256350000,0.0,0.0,3421725000,22225000,26825000,456000000,8.160526315789474,299475000,12.425745053844228,0.0,317550000,11.718469532357108,63900000,236600000,15.727810650887575,1.1225,1.11,210872000,213308000,https://www.infogreffe.com/recherche-entreprise-dirigeants/resultats-entreprise-dirigeants.html?ga_cat=globale&ga_q=H.O#phrase=H.O,https://www.infogreffe.com/recherche-entreprise-dirigeants/resultats-entreprise-dirigeants.html?ga_cat=globale&ga_q=H.O#phrase=H.O
0,2015-09-31,HO.PA,,2015-09-31,Q3,3515800000,2672025000,843775000,4.166750614796599,173000000,378175000,245225000,0.0,0.0,3251100000,18900000,27900000,422250000,8.326346950858497,264700000,13.282206271250471,0.0,258150000,13.619213635483247,54975000,191275000,18.380865246373023,0.92,0.9075,208112000,210936000,https://www.infogreffe.com/recherche-entreprise-dirigeants/resultats-entreprise-dirigeants.html?ga_cat=globale&ga_q=H.O#phrase=H.O,https://www.infogreffe.com/recherche-entreprise-dirigeants/resultats-entreprise-dirigeants.html?ga_cat=globale&ga_q=H.O#phrase=H.O
0,2015-06-31,HO.PA,,2015-06-31,Q2,3515800000,2672025000,843775000,4.166750614796599,173000000,378175000,245225000,0.0,0.0,3251100000,18900000,27900000,422250000,8.326346950858497,264700000,13.282206271250471,0.0,258150000,13.619213635483247,54975000,191275000,18.380865246373023,0.92,0.9075,208112000,210936000,https://www.infogreffe.com/recherche-entreprise-dirigeants/resultats-entreprise-dirigeants.html?ga_cat=globale&ga_q=H.O#phrase=H.O,https://www.infogreffe.com/recherche-entreprise-dirigeants/resultats-entreprise-dirigeants.html?ga_cat=globale&ga_q=H.O#phrase=H.O
0,2015-03-31,HO.PA,,2015-03-31,Q1,3515800000,2672025000,843775000,4.166750614796599,173000000,378175000,245225000,0.0,0.0,3251100000,18900000,27900000,422250000,8.326346950858497,264700000,13.282206271250471,0.0,258150000,13.619213635483247,54975000,191275000,18.380865246373023,0.92,0.9075,208112000,210936000,https://www.infogreffe.com/recherche-entreprise-dirigeants/resultats-entreprise-dirigeants.html?ga_cat=globale&ga_q=H.O#phrase=H.O,https://www.infogreffe.com/recherche-entreprise-dirigeants/resultats-entreprise-dirigeants.html?ga_cat=globale&ga_q=H.O#phrase=H.O
0,2015-01-31,HO.PA,,2015-01-31,Q1,3515800000,2672025000,843775000,4.166750614796599,173000000,378175000,245225000,0.0,0.0,3251100000,18900000,27900000,422250000,8.326346950858497,264700000,13.282206271250471,0.0,258150000,13.619213635483247,54975000,191275000,18.380865246373023,0.92,0.9075,208112000,210936000,https://www.infogreffe.com/recherche-entreprise-dirigeants/resultats-entreprise-dirigeants.html?ga_cat=globale&ga_q=H.O#phrase=H.O,https://www.infogreffe.com/recherche-entreprise-dirigeants/resultats-entreprise-dirigeants.html?ga_cat=globale&ga_q=H.O#phrase=H.O
0,2014-09-31,HO.PA,,2014-09-31,Q3,3243400000,2447950000,795450000,4.0774404425168145,160350000,358425000,228600000,0.0,0.0,2992650000,27575000,25925000,354350000,9.153097220262453,250750000,12.934795613160519,0.0,244000000,13.292622950819672,53575000,178550000,18.165219826379165,0.8725,0.8675,204774000,205869000,https://www.infogreffe.com/recherche-entreprise-dirigeants/resultats-entreprise-dirigeants.html?ga_cat=globale&ga_q=H.O#phrase=H.O,https://www.infogreffe.com/recherche-entreprise-dirigeants/resultats-entreprise-dirigeants.html?ga_cat=globale&ga_q=H.O#phrase=H.O
0,2014-06-31,HO.PA,,2014-06-31,Q2,3243400000,2447950000,795450000,4.0774404425168145,160350000,358425000,228600000,0.0,0.0,2992650000,27575000,25925000,354350000,9.153097220262453,250750000,12.934795613160519,0.0,244000000,13.292622950819672,53575000,178550000,18.165219826379165,0.8725,0.8675,204774000,205869000,https://www.infogreffe.com/recherche-entreprise-dirigeants/resultats-entreprise-dirigeants.html?ga_cat=globale&ga_q=H.O#phrase=H.O,https://www.infogreffe.com/recherche-entreprise-dirigeants/resultats-entreprise-dirigeants.html?ga_cat=globale&ga_q=H.O#phrase=H.O
0,2014-03-31,HO.PA,,2014-03-31,Q1,3243400000,2447950000,795450000,4.0774404425168145,160350000,358425000,228600000,0.0,0.0,2992650000,27575000,25925000,354350000,9.153097220262453,250750000,12.934795613160519,0.0,244000000,13.292622950819672,53575000,178550000,18.165219826379165,0.8725,0.8675,204774000,205869000,https://www.infogreffe.com/recherche-entreprise-dirigeants/resultats-entreprise-dirigeants.html?ga_cat=globale&ga_q=H.O#phrase=H.O,https://www.infogreffe.com/recherche-entreprise-dirigeants/resultats-entreprise-dirigeants.html?ga_cat=globale&ga_q=H.O#phrase=H.O
0,2014-01-31,HO.PA,,2014-01-31,Q1,3243400000,2447950000,795450000,4.0774404425168145,160350000,358425000,228600000,0.0,0.0,2992650000,27575000,25925000,354350000,9.153097220262453,250750000,12.934795613160519,0.0,244000000,13.292622950819672,53575000,178550000,18.165219826379165,0.8725,0.8675,204774000,205869000,https://www.infogreffe.com/recherche-entreprise-dirigeants/resultats-entreprise-dirigeants.html?ga_cat=globale&ga_q=H.O#phrase=H.O,https://www.infogreffe.com/recherche-entreprise-dirigeants/resultats-entreprise-dirigeants.html?ga_cat=globale&ga_q=H.O#phrase=H.O
0,2013-09-31,HO.PA,,2013-09-31,Q3,3548525000,2711175000,837350000,4.237803785752672,168275000,388550000,239550000,0.0,0.0,3292600000,26775000,24600000,380125000,9.335152910226899,255925000,13.865487935918726,0.0,202475000,17.525743919002345,59225000,143350000,24.754272758981514,0.7125,0.71,200967000,201569000,https://www.infogreffe.com/recherche-entreprise-dirigeants/resultats-entreprise-dirigeants.html?ga_cat=globale&ga_q=H.O#phrase=H.O,https://www.infogreffe.com/recherche-entreprise-dirigeants/resultats-entreprise-dirigeants.html?ga_cat=globale&ga_q=H.O#phrase=H.O
0,2013-06-31,HO.PA,,2013-06-31,Q2,3548525000,2711175000,837350000,4.237803785752672,168275000,388550000,239550000,0.0,0.0,3292600000,26775000,24600000,380125000,9.335152910226899,255925000,13.865487935918726,0.0,202475000,17.525743919002345,59225000,143350000,24.754272758981514,0.7125,0.71,200967000,201569000,https://www.infogreffe.com/recherche-entreprise-dirigeants/resultats-entreprise-dirigeants.html?ga_cat=globale&ga_q=H.O#phrase=H.O,https://www.infogreffe.com/recherche-entreprise-dirigeants/resultats-entreprise-dirigeants.html?ga_cat=globale&ga_q=H.O#phrase=H.O
0,2013-03-31,HO.PA,,2013-03-31,Q1,3548525000,2711175000,837350000,4.237803785752672,168275000,388550000,239550000,0.0,0.0,3292600000,26775000,24600000,380125000,9.335152910226899,255925000,13.865487935918726,0.0,202475000,17.525743919002345,59225000,143350000,24.754272758981514,0.7125,0.71,200967000,201569000,https://www.infogreffe.com/recherche-entreprise-dirigeants/resultats-entreprise-dirigeants.html?ga_cat=globale&ga_q=H.O#phrase=H.O,https://www.infogreffe.com/recherche-entreprise-dirigeants/resultats-entreprise-dirigeants.html?ga_cat=globale&ga_q=H.O#phrase=H.O
0,2013-01-31,HO.PA,,2013-01-31,Q1,3548525000,2711175000,837350000,4.237803785752672,168275000,388550000,239550000,0.0,0.0,3292600000,26775000,24600000,380125000,9.335152910226899,255925000,13.865487935918726,0.0,202475000,17.525743919002345,59225000,143350000,24.754272758981514,0.7125,0.71,200967000,201569000,https://www.infogreffe.com/recherche-entreprise-dirigeants/resultats-entreprise-dirigeants.html?ga_cat=globale&ga_q=H.O#phrase=H.O,https://www.infogreffe.com/recherche-entreprise-dirigeants/resultats-entreprise-dirigeants.html?ga_cat=globale&ga_q=H.O#phrase=H.O
0,2012-09-31,HO.PA,,2012-09-31,Q3,3539525000,2717025000,822500000,4.303373860182371,171850000,389400000,235600000,-48850000,0.0,3306150000,49650000,27875000,364825000,9.701980401562393,233375000,15.166684520621317,0.0,182475000,19.397314700643925,48475000,133925000,26.429158110882955,0.6725,0.6725,199270000,199302000,https://www.infogreffe.com/recherche-entreprise-dirigeants/resultats-entreprise-dirigeants.html?ga_cat=globale&ga_q=H.O#phrase=H.O,https://www.infogreffe.com/recherche-entreprise-dirigeants/resultats-entreprise-dirigeants.html?ga_cat=globale&ga_q=H.O#phrase=H.O
0,2012-06-31,HO.PA,,2012-06-31,Q2,3539525000,2717025000,822500000,4.303373860182371,171850000,389400000,235600000,-48850000,0.0,3306150000,49650000,27875000,364825000,9.701980401562393,233375000,15.166684520621317,0.0,182475000,19.397314700643925,48475000,133925000,26.429158110882955,0.6725,0.6725,199270000,199302000,https://www.infogreffe.com/recherche-entreprise-dirigeants/resultats-entreprise-dirigeants.html?ga_cat=globale&ga_q=H.O#phrase=H.O,https://www.infogreffe.com/recherche-entreprise-dirigeants/resultats-entreprise-dirigeants.html?ga_cat=globale&ga_q=H.O#phrase=H.O
0,2012-03-31,HO.PA,,2012-03-31,Q1,3539525000,2717025000,822500000,4.303373860182371,171850000,389400000,235600000,-48850000,0.0,3306150000,49650000,27875000,364825000,9.701980401562393,233375000,15.166684520621317,0.0,182475000,19.397314700643925,48475000,133925000,26.429158110882955,0.6725,0.6725,199270000,199302000,https://www.infogreffe.com/recherche-entreprise-dirigeants/resultats-entreprise-dirigeants.html?ga_cat=globale&ga_q=H.O#phrase=H.O,https://www.infogreffe.com/recherche-entreprise-dirigeants/resultats-entreprise-dirigeants.html?ga_cat=globale&ga_q=H.O#phrase=H.O
0,2012-01-31,HO.PA,,2012-01-31,Q1,3539525000,2717025000,822500000,4.303373860182371,171850000,389400000,235600000,-48850000,0.0,3306150000,49650000,27875000,364825000,9.701980401562393,233375000,15.166684520621317,0.0,182475000,19.397314700643925,48475000,133925000,26.429158110882955,0.6725,0.6725,199270000,199302000,https://www.infogreffe.com/recherche-entreprise-dirigeants/resultats-entreprise-dirigeants.html?ga_cat=globale&ga_q=H.O#phrase=H.O,https://www.infogreffe.com/recherche-entreprise-dirigeants/resultats-entreprise-dirigeants.html?ga_cat=globale&ga_q=H.O#phrase=H.O
0,2011-09-31,HO.PA,,2011-09-31,Q3,3257100000,2516775000,740325000,4.399554249822713,154800000,358125000,222325000,-15700000,-13650000,3033700000,20825000,17650000,331200000,9.834239130434783,223400000,14.579677708146821,0.0,164700000,19.775956284153004,36825000,127875000,25.470967741935485,0.65,0.65,196736000,196783000,https://www.infogreffe.com/recherche-entreprise-dirigeants/resultats-entreprise-dirigeants.html?ga_cat=globale&ga_q=H.O#phrase=H.O,https://www.infogreffe.com/recherche-entreprise-dirigeants/resultats-entreprise-dirigeants.html?ga_cat=globale&ga_q=H.O#phrase=H.O
0,2011-06-31,HO.PA,,2011-06-31,Q2,3257100000,2516775000,740325000,4.399554249822713,154800000,358125000,222325000,-15700000,-13650000,3033700000,20825000,17650000,331200000,9.834239130434783,223400000,14.579677708146821,0.0,164700000,19.775956284153004,36825000,127875000,25.470967741935485,0.65,0.65,196736000,196783000,https://www.infogreffe.com/recherche-entreprise-dirigeants/resultats-entreprise-dirigeants.html?ga_cat=globale&ga_q=H.O#phrase=H.O,https://www.infogreffe.com/recherche-entreprise-dirigeants/resultats-entreprise-dirigeants.html?ga_cat=globale&ga_q=H.O#phrase=H.O
0,2011-03-31,HO.PA,,2011-03-31,Q1,3257100000,2516775000,740325000,4.399554249822713,154800000,358125000,222325000,-15700000,-13650000,3033700000,20825000,17650000,331200000,9.834239130434783,223400000,14.579677708146821,0.0,164700000,19.775956284153004,36825000,127875000,25.470967741935485,0.65,0.65,196736000,196783000,https://www.infogreffe.com/recherche-entreprise-dirigeants/resultats-entreprise-dirigeants.html?ga_cat=globale&ga_q=H.O#phrase=H.O,https://www.infogreffe.com/recherche-entreprise-dirigeants/resultats-entreprise-dirigeants.html?ga_cat=globale&ga_q=H.O#phrase=H.O
0,2011-01-31,HO.PA,,2011-01-31,Q1,3257100000,2516775000,740325000,4.399554249822713,154800000,358125000,222325000,-15700000,-13650000,3033700000,20825000,17650000,331200000,9.834239130434783,223400000,14.579677708146821,0.0,164700000,19.775956284153004,36825000,127875000,25.470967741935485,0.65,0.65,196736000,196783000,https://www.infogreffe.com/recherche-entreprise-dirigeants/resultats-entreprise-dirigeants.html?ga_cat=globale&ga_q=H.O#phrase=H.O,https://www.infogreffe.com/recherche-entreprise-dirigeants/resultats-entreprise-dirigeants.html?ga_cat=globale&ga_q=H.O#phrase=H.O
0,2010-09-31,HO.PA,,2010-09-31,Q3,3281200000,2757150000,524050000,6.261234615017651,153075000,361350000,228925000,-29975000,5575000.0,3297575000,20325000,20425000,84425000,38.865265028131475,-16375000,-200.37862595419847,0.0,-82025000,-40.002438281011884,-55125000,-26900000,-121.97769516728624,-0.1375,-0.1375,195915000,196044000,https://www.infogreffe.com/recherche-entreprise-dirigeants/resultats-entreprise-dirigeants.html?ga_cat=globale&ga_q=H.O#phrase=H.O,https://www.infogreffe.com/recherche-entreprise-dirigeants/resultats-entreprise-dirigeants.html?ga_cat=globale&ga_q=H.O#phrase=H.O
0,2010-06-31,HO.PA,,2010-06-31,Q2,3281200000,2757150000,524050000,6.261234615017651,153075000,361350000,228925000,-29975000,5575000.0,3297575000,20325000,20425000,84425000,38.865265028131475,-16375000,-200.37862595419847,0.0,-82025000,-40.002438281011884,-55125000,-26900000,-121.97769516728624,-0.1375,-0.1375,195915000,196044000,https://www.infogreffe.com/recherche-entreprise-dirigeants/resultats-entreprise-dirigeants.html?ga_cat=globale&ga_q=H.O#phrase=H.O,https://www.infogreffe.com/recherche-entreprise-dirigeants/resultats-entreprise-dirigeants.html?ga_cat=globale&ga_q=H.O#phrase=H.O
0,2010-03-31,HO.PA,,2010-03-31,Q1,3281200000,2757150000,524050000,6.261234615017651,153075000,361350000,228925000,-29975000,5575000.0,3297575000,20325000,20425000,84425000,38.865265028131475,-16375000,-200.37862595419847,0.0,-82025000,-40.002438281011884,-55125000,-26900000,-121.97769516728624,-0.1375,-0.1375,195915000,196044000,https://www.infogreffe.com/recherche-entreprise-dirigeants/resultats-entreprise-dirigeants.html?ga_cat=globale&ga_q=H.O#phrase=H.O,https://www.infogreffe.com/recherche-entreprise-dirigeants/resultats-entreprise-dirigeants.html?ga_cat=globale&ga_q=H.O#phrase=H.O
0,2010-01-31,HO.PA,,2010-01-31,Q1,3281200000,2757150000,524050000,6.261234615017651,153075000,361350000,228925000,-29975000,5575000.0,3297575000,20325000,20425000,84425000,38.865265028131475,-16375000,-200.37862595419847,0.0,-82025000,-40.002438281011884,-55125000,-26900000,-121.97769516728624,-0.1375,-0.1375,195915000,196044000,https://www.infogreffe.com/recherche-entreprise-dirigeants/resultats-entreprise-dirigeants.html?ga_cat=globale&ga_q=H.O#phrase=H.O,https://www.infogreffe.com/recherche-entreprise-dirigeants/resultats-entreprise-dirigeants.html?ga_cat=globale&ga_q=H.O#phrase=H.O
0,2009-09-31,HO.PA,,2009-09-31,Q3,3220375000,2658350000,562025000,5.729949735332058,137625000,361325000,225475000,-37500000,250000.0,3178650000,22900000,21100000,115925000,27.779814535259867,41725000,77.18094667465549,0.0,-106225000,-30.316545069428102,-43825000,-50400000,-63.89632936507937,-0.2575,-0.2575,195054000,195488000,https://www.infogreffe.com/recherche-entreprise-dirigeants/resultats-entreprise-dirigeants.html?ga_cat=globale&ga_q=H.O#phrase=H.O,https://www.infogreffe.com/recherche-entreprise-dirigeants/resultats-entreprise-dirigeants.html?ga_cat=globale&ga_q=H.O#phrase=H.O
0,2009-06-31,HO.PA,,2009-06-31,Q2,3220375000,2658350000,562025000,5.729949735332058,137625000,361325000,225475000,-37500000,250000.0,3178650000,22900000,21100000,115925000,27.779814535259867,41725000,77.18094667465549,0.0,-106225000,-30.316545069428102,-43825000,-50400000,-63.89632936507937,-0.2575,-0.2575,195054000,195488000,https://www.infogreffe.com/recherche-entreprise-dirigeants/resultats-entreprise-dirigeants.html?ga_cat=globale&ga_q=H.O#phrase=H.O,https://www.infogreffe.com/recherche-entreprise-dirigeants/resultats-entreprise-dirigeants.html?ga_cat=globale&ga_q=H.O#phrase=H.O
0,2009-03-31,HO.PA,,2009-03-31,Q1,3220375000,2658350000,562025000,5.729949735332058,137625000,361325000,225475000,-37500000,250000.0,3178650000,22900000,21100000,115925000,27.779814535259867,41725000,77.18094667465549,0.0,-106225000,-30.316545069428102,-43825000,-50400000,-63.89632936507937,-0.2575,-0.2575,195054000,195488000,https://www.infogreffe.com/recherche-entreprise-dirigeants/resultats-entreprise-dirigeants.html?ga_cat=globale&ga_q=H.O#phrase=H.O,https://www.infogreffe.com/recherche-entreprise-dirigeants/resultats-entreprise-dirigeants.html?ga_cat=globale&ga_q=H.O#phrase=H.O
0,2009-01-31,HO.PA,,2009-01-31,Q1,3220375000,2658350000,562025000,5.729949735332058,137625000,361325000,225475000,-37500000,250000.0,3178650000,22900000,21100000,115925000,27.779814535259867,41725000,77.18094667465549,0.0,-106225000,-30.316545069428102,-43825000,-50400000,-63.89632936507937,-0.2575,-0.2575,195054000,195488000,https://www.infogreffe.com/recherche-entreprise-dirigeants/resultats-entreprise-dirigeants.html?ga_cat=globale&ga_q=H.O#phrase=H.O,https://www.infogreffe.com/recherche-entreprise-dirigeants/resultats-entreprise-dirigeants.html?ga_cat=globale&ga_q=H.O#phrase=H.O
0,2008-09-31,HO.PA,,2008-09-31,Q3,3166200000,2480000000,686200000,4.614106674438939,110050000,352475000,212800000,-15225000,-8800000.0,2961175000,25350000,27450000,310450000,10.198743759059429,205025000,15.442994756736983,0.0,151450000,20.905909541102673,25750000,140100000,22.599571734475376,0.7175,0.7125,195139000,196246000,https://www.infogreffe.com/recherche-entreprise-dirigeants/resultats-entreprise-dirigeants.html?ga_cat=globale&ga_q=H.O#phrase=H.O,https://www.infogreffe.com/recherche-entreprise-dirigeants/resultats-entreprise-dirigeants.html?ga_cat=globale&ga_q=H.O#phrase=H.O
0,2008-06-31,HO.PA,,2008-06-31,Q2,3166200000,2480000000,686200000,4.614106674438939,110050000,352475000,212800000,-15225000,-8800000.0,2961175000,25350000,27450000,310450000,10.198743759059429,205025000,15.442994756736983,0.0,151450000,20.905909541102673,25750000,140100000,22.599571734475376,0.7175,0.7125,195139000,196246000,https://www.infogreffe.com/recherche-entreprise-dirigeants/resultats-entreprise-dirigeants.html?ga_cat=globale&ga_q=H.O#phrase=H.O,https://www.infogreffe.com/recherche-entreprise-dirigeants/resultats-entreprise-dirigeants.html?ga_cat=globale&ga_q=H.O#phrase=H.O
0,2008-03-31,HO.PA,,2008-03-31,Q1,3166200000,2480000000,686200000,4.614106674438939,110050000,352475000,212800000,-15225000,-8800000.0,2961175000,25350000,27450000,310450000,10.198743759059429,205025000,15.442994756736983,0.0,151450000,20.905909541102673,25750000,140100000,22.599571734475376,0.7175,0.7125,195139000,196246000,https://www.infogreffe.com/recherche-entreprise-dirigeants/resultats-entreprise-dirigeants.html?ga_cat=globale&ga_q=H.O#phrase=H.O,https://www.infogreffe.com/recherche-entreprise-dirigeants/resultats-entreprise-dirigeants.html?ga_cat=globale&ga_q=H.O#phrase=H.O
0,2008-01-31,HO.PA,,2008-01-31,Q1,3166200000,2480000000,686200000,4.614106674438939,110050000,352475000,212800000,-15225000,-8800000.0,2961175000,25350000,27450000,310450000,10.198743759059429,205025000,15.442994756736983,0.0,151450000,20.905909541102673,25750000,140100000,22.599571734475376,0.7175,0.7125,195139000,196246000,https://www.infogreffe.com/recherche-entreprise-dirigeants/resultats-entreprise-dirigeants.html?ga_cat=globale&ga_q=H.O#phrase=H.O,https://www.infogreffe.com/recherche-entreprise-dirigeants/resultats-entreprise-dirigeants.html?ga_cat=globale&ga_q=H.O#phrase=H.O
0,2007-09-31,HO.PA,,2007-09-31,Q3,3073900000,2390225000,683675000,4.496142172816031,110850000,350350000,-210250000,7800000.0,31975000,2883400000,25075000,0.0,426100000,7.214034264257217,190500000,16.135958005249343,0.0,251450000,12.224696758798967,39425000,222175000,13.835490041633847,1.14,1.13,197537000,197537000,https://www.infogreffe.com/recherche-entreprise-dirigeants/resultats-entreprise-dirigeants.html?ga_cat=globale&ga_q=H.O#phrase=H.O,https://www.infogreffe.com/recherche-entreprise-dirigeants/resultats-entreprise-dirigeants.html?ga_cat=globale&ga_q=H.O#phrase=H.O
0,2007-06-31,HO.PA,,2007-06-31,Q2,3073900000,2390225000,683675000,4.496142172816031,110850000,350350000,-210250000,7800000.0,31975000,2883400000,25075000,0.0,426100000,7.214034264257217,190500000,16.135958005249343,0.0,251450000,12.224696758798967,39425000,222175000,13.835490041633847,1.14,1.13,197537000,197537000,https://www.infogreffe.com/recherche-entreprise-dirigeants/resultats-entreprise-dirigeants.html?ga_cat=globale&ga_q=H.O#phrase=H.O,https://www.infogreffe.com/recherche-entreprise-dirigeants/resultats-entreprise-dirigeants.html?ga_cat=globale&ga_q=H.O#phrase=H.O
0,2007-03-31,HO.PA,,2007-03-31,Q1,3073900000,2390225000,683675000,4.496142172816031,110850000,350350000,-210250000,7800000.0,31975000,2883400000,25075000,0.0,426100000,7.214034264257217,190500000,16.135958005249343,0.0,251450000,12.224696758798967,39425000,222175000,13.835490041633847,1.14,1.13,197537000,197537000,https://www.infogreffe.com/recherche-entreprise-dirigeants/resultats-entreprise-dirigeants.html?ga_cat=globale&ga_q=H.O#phrase=H.O,https://www.infogreffe.com/recherche-entreprise-dirigeants/resultats-entreprise-dirigeants.html?ga_cat=globale&ga_q=H.O#phrase=H.O
0,2007-01-31,HO.PA,,2007-01-31,Q1,3073900000,2390225000,683675000,4.496142172816031,110850000,350350000,-210250000,7800000.0,31975000,2883400000,25075000,0.0,426100000,7.214034264257217,190500000,16.135958005249343,0.0,251450000,12.224696758798967,39425000,222175000,13.835490041633847,1.14,1.13,197537000,197537000,https://www.infogreffe.com/recherche-entreprise-dirigeants/resultats-entreprise-dirigeants.html?ga_cat=globale&ga_q=H.O#phrase=H.O,https://www.infogreffe.com/recherche-entreprise-dirigeants/resultats-entreprise-dirigeants.html?ga_cat=globale&ga_q=H.O#phrase=H.O
0,2006-09-31,HO.PA,,2006-09-31,Q3,2566075000,1958400000,607675000,4.222775332208829,90200000,377100000,213925000,-19125000,-459425000,1966275000,0.0,0.0,673575000,3.8096351556990684,599800000,4.278217739246416,0.0,122100000,21.016175266175267,25100000,97775000,26.24469445154692,0.575,0.565,168772000,180098000,https://www.infogreffe.com/recherche-entreprise-dirigeants/resultats-entreprise-dirigeants.html?ga_cat=globale&ga_q=H.O#phrase=H.O,https://www.infogreffe.com/recherche-entreprise-dirigeants/resultats-entreprise-dirigeants.html?ga_cat=globale&ga_q=H.O#phrase=H.O
0,2006-06-31,HO.PA,,2006-06-31,Q2,2566075000,1958400000,607675000,4.222775332208829,90200000,377100000,213925000,-19125000,-459425000,1966275000,0.0,0.0,673575000,3.8096351556990684,599800000,4.278217739246416,0.0,122100000,21.016175266175267,25100000,97775000,26.24469445154692,0.575,0.565,168772000,180098000,https://www.infogreffe.com/recherche-entreprise-dirigeants/resultats-entreprise-dirigeants.html?ga_cat=globale&ga_q=H.O#phrase=H.O,https://www.infogreffe.com/recherche-entreprise-dirigeants/resultats-entreprise-dirigeants.html?ga_cat=globale&ga_q=H.O#phrase=H.O
0,2006-03-31,HO.PA,,2006-03-31,Q1,2566075000,1958400000,607675000,4.222775332208829,90200000,377100000,213925000,-19125000,-459425000,1966275000,0.0,0.0,673575000,3.8096351556990684,599800000,4.278217739246416,0.0,122100000,21.016175266175267,25100000,97775000,26.24469445154692,0.575,0.565,168772000,180098000,https://www.infogreffe.com/recherche-entreprise-dirigeants/resultats-entreprise-dirigeants.html?ga_cat=globale&ga_q=H.O#phrase=H.O,https://www.infogreffe.com/recherche-entreprise-dirigeants/resultats-entreprise-dirigeants.html?ga_cat=globale&ga_q=H.O#phrase=H.O
0,2006-01-31,HO.PA,,2006-01-31,Q1,2566075000,1958400000,607675000,4.222775332208829,90200000,377100000,213925000,-19125000,-459425000,1966275000,0.0,0.0,673575000,3.8096351556990684,599800000,4.278217739246416,0.0,122100000,21.016175266175267,25100000,97775000,26.24469445154692,0.575,0.565,168772000,180098000,https://www.infogreffe.com/recherche-entreprise-dirigeants/resultats-entreprise-dirigeants.html?ga_cat=globale&ga_q=H.O#phrase=H.O,https://www.infogreffe.com/recherche-entreprise-dirigeants/resultats-entreprise-dirigeants.html?ga_cat=globale&ga_q=H.O#phrase=H.O
0,2005-09-31,HO.PA,,2005-09-31,Q3,2565800000,1962775000,603025000,4.254881638406368,-91500000,53125000,0.0,-52825000,62000000,1986400000,0.0,0.0,647900000,3.960179039975305,579400000,4.4283741801864,0.0,105300000,24.366571699905034,21825000,85775000,29.913144855727193,0.4975,0.4925,167246000,178498000,https://www.infogreffe.com/recherche-entreprise-dirigeants/resultats-entreprise-dirigeants.html?ga_cat=globale&ga_q=H.O#phrase=H.O,https://www.infogreffe.com/recherche-entreprise-dirigeants/resultats-entreprise-dirigeants.html?ga_cat=globale&ga_q=H.O#phrase=H.O
0,2005-06-31,HO.PA,,2005-06-31,Q2,2565800000,1962775000,603025000,4.254881638406368,-91500000,53125000,0.0,-52825000,62000000,1986400000,0.0,0.0,647900000,3.960179039975305,579400000,4.4283741801864,0.0,105300000,24.366571699905034,21825000,85775000,29.913144855727193,0.4975,0.4925,167246000,178498000,https://www.infogreffe.com/recherche-entreprise-dirigeants/resultats-entreprise-dirigeants.html?ga_cat=globale&ga_q=H.O#phrase=H.O,https://www.infogreffe.com/recherche-entreprise-dirigeants/resultats-entreprise-dirigeants.html?ga_cat=globale&ga_q=H.O#phrase=H.O
0,2005-03-31,HO.PA,,2005-03-31,Q1,2565800000,1962775000,603025000,4.254881638406368,-91500000,53125000,0.0,-52825000,62000000,1986400000,0.0,0.0,647900000,3.960179039975305,579400000,4.4283741801864,0.0,105300000,24.366571699905034,21825000,85775000,29.913144855727193,0.4975,0.4925,167246000,178498000,https://www.infogreffe.com/recherche-entreprise-dirigeants/resultats-entreprise-dirigeants.html?ga_cat=globale&ga_q=H.O#phrase=H.O,https://www.infogreffe.com/recherche-entreprise-dirigeants/resultats-entreprise-dirigeants.html?ga_cat=globale&ga_q=H.O#phrase=H.O
0,2005-01-31,HO.PA,,2005-01-31,Q1,2565800000,1962775000,603025000,4.254881638406368,-91500000,53125000,0.0,-52825000,62000000,1986400000,0.0,0.0,647900000,3.960179039975305,579400000,4.4283741801864,0.0,105300000,24.366571699905034,21825000,85775000,29.913144855727193,0.4975,0.4925,167246000,178498000,https://www.infogreffe.com/recherche-entreprise-dirigeants/resultats-entreprise-dirigeants.html?ga_cat=globale&ga_q=H.O#phrase=H.O,https://www.infogreffe.com/recherche-entreprise-dirigeants/resultats-entreprise-dirigeants.html?ga_cat=globale&ga_q=H.O#phrase=H.O
0,2004-09-31,HO.PA,,2004-09-31,Q3,2570700000,1984725000,585975000,4.3870472289773454,91975000,113875000,205125000,-6150000.0,233025000,2423600000,35475000,0.0,231400000,11.10933448573898,147100000,17.475866757307955,0.0,116925000,21.985888389993587,31725000,81375000,31.59078341013825,50.0,48.25,162434000,172962000,https://www.infogreffe.com/recherche-entreprise-dirigeants/resultats-entreprise-dirigeants.html?ga_cat=globale&ga_q=H.O#phrase=H.O,https://www.infogreffe.com/recherche-entreprise-dirigeants/resultats-entreprise-dirigeants.html?ga_cat=globale&ga_q=H.O#phrase=H.O
0,2004-06-31,HO.PA,,2004-06-31,Q2,2570700000,1984725000,585975000,4.3870472289773454,91975000,113875000,205125000,-6150000.0,233025000,2423600000,35475000,0.0,231400000,11.10933448573898,147100000,17.475866757307955,0.0,116925000,21.985888389993587,31725000,81375000,31.59078341013825,50.0,48.25,162434000,172962000,https://www.infogreffe.com/recherche-entreprise-dirigeants/resultats-entreprise-dirigeants.html?ga_cat=globale&ga_q=H.O#phrase=H.O,https://www.infogreffe.com/recherche-entreprise-dirigeants/resultats-entreprise-dirigeants.html?ga_cat=globale&ga_q=H.O#phrase=H.O
0,2004-03-31,HO.PA,,2004-03-31,Q1,2570700000,1984725000,585975000,4.3870472289773454,91975000,113875000,205125000,-6150000.0,233025000,2423600000,35475000,0.0,231400000,11.10933448573898,147100000,17.475866757307955,0.0,116925000,21.985888389993587,31725000,81375000,31.59078341013825,50.0,48.25,162434000,172962000,https://www.infogreffe.com/recherche-entreprise-dirigeants/resultats-entreprise-dirigeants.html?ga_cat=globale&ga_q=H.O#phrase=H.O,https://www.infogreffe.com/recherche-entreprise-dirigeants/resultats-entreprise-dirigeants.html?ga_cat=globale&ga_q=H.O#phrase=H.O
0,2004-01-31,HO.PA,,2004-01-31,Q1,2570700000,1984725000,585975000,4.3870472289773454,91975000,113875000,205125000,-6150000.0,233025000,2423600000,35475000,0.0,231400000,11.10933448573898,147100000,17.475866757307955,0.0,116925000,21.985888389993587,31725000,81375000,31.59078341013825,50.0,48.25,162434000,172962000,https://www.infogreffe.com/recherche-entreprise-dirigeants/resultats-entreprise-dirigeants.html?ga_cat=globale&ga_q=H.O#phrase=H.O,https://www.infogreffe.com/recherche-entreprise-dirigeants/resultats-entreprise-dirigeants.html?ga_cat=globale&ga_q=H.O#phrase=H.O
0,2003-09-31,HO.PA,,2003-09-31,Q3,2642350000,2050725000,591625000,4.466258187196281,95175000,371350000,201950000,-112950000,-49375000,2467875000,0.0,0.0,244925000,10.788404613657242,174475000,15.144576586903568,0.0,38775000,68.14571244358478,7575000.0,28100000,94.0338078291815,0.1725,0.1725,162264000,162264000,https://www.infogreffe.com/recherche-entreprise-dirigeants/resultats-entreprise-dirigeants.html?ga_cat=globale&ga_q=H.O#phrase=H.O,https://www.infogreffe.com/recherche-entreprise-dirigeants/resultats-entreprise-dirigeants.html?ga_cat=globale&ga_q=H.O#phrase=H.O
0,2003-06-31,HO.PA,,2003-06-31,Q2,2642350000,2050725000,591625000,4.466258187196281,95175000,371350000,201950000,-112950000,-49375000,2467875000,0.0,0.0,244925000,10.788404613657242,174475000,15.144576586903568,0.0,38775000,68.14571244358478,7575000.0,28100000,94.0338078291815,0.1725,0.1725,162264000,162264000,https://www.infogreffe.com/recherche-entreprise-dirigeants/resultats-entreprise-dirigeants.html?ga_cat=globale&ga_q=H.O#phrase=H.O,https://www.infogreffe.com/recherche-entreprise-dirigeants/resultats-entreprise-dirigeants.html?ga_cat=globale&ga_q=H.O#phrase=H.O
0,2003-03-31,HO.PA,,2003-03-31,Q1,2642350000,2050725000,591625000,4.466258187196281,95175000,371350000,201950000,-112950000,-49375000,2467875000,0.0,0.0,244925000,10.788404613657242,174475000,15.144576586903568,0.0,38775000,68.14571244358478,7575000.0,28100000,94.0338078291815,0.1725,0.1725,162264000,162264000,https://www.infogreffe.com/recherche-entreprise-dirigeants/resultats-entreprise-dirigeants.html?ga_cat=globale&ga_q=H.O#phrase=H.O,https://www.infogreffe.com/recherche-entreprise-dirigeants/resultats-entreprise-dirigeants.html?ga_cat=globale&ga_q=H.O#phrase=H.O
0,2003-01-31,HO.PA,,2003-01-31,Q1,2642350000,2050725000,591625000,4.466258187196281,95175000,371350000,201950000,-112950000,-49375000,2467875000,0.0,0.0,244925000,10.788404613657242,174475000,15.144576586903568,0.0,38775000,68.14571244358478,7575000.0,28100000,94.0338078291815,0.1725,0.1725,162264000,162264000,https://www.infogreffe.com/recherche-entreprise-dirigeants/resultats-entreprise-dirigeants.html?ga_cat=globale&ga_q=H.O#phrase=H.O,https://www.infogreffe.com/recherche-entreprise-dirigeants/resultats-entreprise-dirigeants.html?ga_cat=globale&ga_q=H.O#phrase=H.O
0,2002-09-31,HO.PA,,2002-09-31,Q3,2776275000,2181875000,594400000,4.670718371467026,107525000,374325000,203725000,-66425000,-36675000,2627050000,0.0,0.0,226075000,12.280327325002764,149225000,18.604623890098843,0.0,49375000,56.228354430379746,20825000,27775000,99.95589558955895,0.175,0.175,157794000,157794000,https://www.infogreffe.com/recherche-entreprise-dirigeants/resultats-entreprise-dirigeants.html?ga_cat=globale&ga_q=H.O#phrase=H.O,https://www.infogreffe.com/recherche-entreprise-dirigeants/resultats-entreprise-dirigeants.html?ga_cat=globale&ga_q=H.O#phrase=H.O
0,2002-06-31,HO.PA,,2002-06-31,Q2,2776275000,2181875000,594400000,4.670718371467026,107525000,374325000,203725000,-66425000,-36675000,2627050000,0.0,0.0,226075000,12.280327325002764,149225000,18.604623890098843,0.0,49375000,56.228354430379746,20825000,27775000,99.95589558955895,0.175,0.175,157794000,157794000,https://www.infogreffe.com/recherche-entreprise-dirigeants/resultats-entreprise-dirigeants.html?ga_cat=globale&ga_q=H.O#phrase=H.O,https://www.infogreffe.com/recherche-entreprise-dirigeants/resultats-entreprise-dirigeants.html?ga_cat=globale&ga_q=H.O#phrase=H.O
0,2002-03-31,HO.PA,,2002-03-31,Q1,2776275000,2181875000,594400000,4.670718371467026,107525000,374325000,203725000,-66425000,-36675000,2627050000,0.0,0.0,226075000,12.280327325002764,149225000,18.604623890098843,0.0,49375000,56.228354430379746,20825000,27775000,99.95589558955895,0.175,0.175,157794000,157794000,https://www.infogreffe.com/recherche-entreprise-dirigeants/resultats-entreprise-dirigeants.html?ga_cat=globale&ga_q=H.O#phrase=H.O,https://www.infogreffe.com/recherche-entreprise-dirigeants/resultats-entreprise-dirigeants.html?ga_cat=globale&ga_q=H.O#phrase=H.O
0,2002-01-31,HO.PA,,2002-01-31,Q1,2776275000,2181875000,594400000,4.670718371467026,107525000,374325000,203725000,-66425000,-36675000,2627050000,0.0,0.0,226075000,12.280327325002764,149225000,18.604623890098843,0.0,49375000,56.228354430379746,20825000,27775000,99.95589558955895,0.175,0.175,157794000,157794000,https://www.infogreffe.com/recherche-entreprise-dirigeants/resultats-entreprise-dirigeants.html?ga_cat=globale&ga_q=H.O#phrase=H.O,https://www.infogreffe.com/recherche-entreprise-dirigeants/resultats-entreprise-dirigeants.html?ga_cat=globale&ga_q=H.O#phrase=H.O
0,2001-09-31,HO.PA,,2001-09-31,Q3,2567000000,1964025000,602975000,4.257224594717857,108075000,373625000,201475000,-191750000,-40075000,2405650000,0.0,0.0,242275000,10.595397791765556,161350000,15.909513480012395,0.0,-72150000,-35.57865557865558,18300000,-91550000,-28.039322774440198,-0.565,-0.565,161556000,161556000,https://www.infogreffe.com/recherche-entreprise-dirigeants/resultats-entreprise-dirigeants.html?ga_cat=globale&ga_q=H.O#phrase=H.O,https://www.infogreffe.com/recherche-entreprise-dirigeants/resultats-entreprise-dirigeants.html?ga_cat=globale&ga_q=H.O#phrase=H.O
0,2001-06-31,HO.PA,,2001-06-31,Q2,2567000000,1964025000,602975000,4.257224594717857,108075000,373625000,201475000,-191750000,-40075000,2405650000,0.0,0.0,242275000,10.595397791765556,161350000,15.909513480012395,0.0,-72150000,-35.57865557865558,18300000,-91550000,-28.039322774440198,-0.565,-0.565,161556000,161556000,https://www.infogreffe.com/recherche-entreprise-dirigeants/resultats-entreprise-dirigeants.html?ga_cat=globale&ga_q=H.O#phrase=H.O,https://www.infogreffe.com/recherche-entreprise-dirigeants/resultats-entreprise-dirigeants.html?ga_cat=globale&ga_q=H.O#phrase=H.O
0,2001-03-31,HO.PA,,2001-03-31,Q1,2567000000,1964025000,602975000,4.257224594717857,108075000,373625000,201475000,-191750000,-40075000,2405650000,0.0,0.0,242275000,10.595397791765556,161350000,15.909513480012395,0.0,-72150000,-35.57865557865558,18300000,-91550000,-28.039322774440198,-0.565,-0.565,161556000,161556000,https://www.infogreffe.com/recherche-entreprise-dirigeants/resultats-entreprise-dirigeants.html?ga_cat=globale&ga_q=H.O#phrase=H.O,https://www.infogreffe.com/recherche-entreprise-dirigeants/resultats-entreprise-dirigeants.html?ga_cat=globale&ga_q=H.O#phrase=H.O
0,2001-01-31,HO.PA,,2001-01-31,Q1,2567000000,1964025000,602975000,4.257224594717857,108075000,373625000,201475000,-191750000,-40075000,2405650000,0.0,0.0,242275000,10.595397791765556,161350000,15.909513480012395,0.0,-72150000,-35.57865557865558,18300000,-91550000,-28.039322774440198,-0.565,-0.565,161556000,161556000,https://www.infogreffe.com/recherche-entreprise-dirigeants/resultats-entreprise-dirigeants.html?ga_cat=globale&ga_q=H.O#phrase=H.O,https://www.infogreffe.com/recherche-entreprise-dirigeants/resultats-entreprise-dirigeants.html?ga_cat=globale&ga_q=H.O#phrase=H.O
