,date,symbol,fillingDate,acceptedDate,period,revenue,costOfRevenue,grossProfit,grossProfitRatio,researchAndDevelopmentExpenses,generalAndAdministrativeExpenses,sellingAndMarketingExpenses,otherExpenses,operatingExpenses,costAndExpenses,interestExpense,depreciationAndAmortization,ebitda,ebitdaratio,operatingIncome,operatingIncomeRatio,totalOtherIncomeExpensesNet,incomeBeforeTax,incomeBeforeTaxRatio,incomeTaxExpense,netIncome,netIncomeRatio,eps,epsdiluted,weightedAverageShsOut,weightedAverageShsOutDil,link,finalLink
0,2019-12-31,CCCL,2020-01-13 00:00:00,2020-01-13 16:30:49,Q4,150150000,84136000,66014000,0.439654,0.0,-110324000,0.0,-7524000.0,-117690000,-33554000,0.0,6000.0,183710000,1.22351,183704000,1.22347,0.0,183704000,1.22347,29000.0,183675000,1.223277,89.48581,89.48581,2052560.0,2052560.0,https://www.sec.gov/Archives/edgar/data/1470683/000110465920003471/0001104659-20-003471-index.html,https://www.sec.gov/Archives/edgar/data/1470683/000110465920003471/tm201865d2_6k.htm
0,2019-06-30,CCCL,2019-07-16 00:00:00,2019-07-16 16:02:12,Q3,177431000,162119000,15312000,0.086298,0.0,215416000,0.0,-7112000.0,208460999.99999997,370580000,0.0,6000.0,-193143000,-1.088553,-193149000,-1.088587,0.0,-193149000,-1.088587,27000.0,-193176000,-1.088739,-96.69194,-96.69194,1997850.0,1997850.0,https://www.sec.gov/Archives/edgar/data/1470683/000114420419034828/0001144204-19-034828-index.html,https://www.sec.gov/Archives/edgar/data/1470683/000114420419034828/tv525120_6k.htm
0,2018-12-31,CCCL,,,Q2,142559000,188570000,-46011000,-0.322751,0.0,222908000,0.0,-7381000.0,300548000,489118000,0.0,5801000.0,-340758000,-2.390295,-346559000,-2.430986,0.0,-346559000,-2.430986,209000.0,-346768000,-2.432453,-216.13967,-216.13967,1604370.0,1604370.0,,
0,2018-06-30,CCCL,2018-09-27 00:00:00,2018-09-27 17:00:25,Q1,355630000,310785000,44845000,0.1261,0.0,122546000,0.0,-5795000.0,116750999.99999999,427536000,0.0,5807000.0,-66099000,-0.185865,-71906000,-0.202193,0.0,-71906000,-0.202193,0.0,-71906000,-0.202193,-51.69523,-51.69523,1390960.0,1390960.0,https://www.sec.gov/Archives/edgar/data/1470683/000114420418051256/0001144204-18-051256-index.html,https://www.sec.gov/Archives/edgar/data/1470683/000114420418051256/tv503410_6k.htm
0,2017-12-31,CCCL,,,Q4,485342000,427579000,57763000,0.119015,0.0,85924000,0.0,-3664000.0,118943000.00000004,546522000,0.0,7245000.0,-53935000,-0.111128,-61180000,-0.126055,0.0,-61180000,-0.126055,21017000,-82197000,-0.169359,-63.89493,-63.89493,1286440.0,1286440.0,,
0,2017-06-30,CCCL,2017-07-07 00:00:00,2017-07-07 16:00:27,Q3,336450000,343859000,-7409000.0,-0.022021,0.0,14852000,0.0,-5373000.0,9696000.000000026,353555000,0.0,8269000.0,-8836000.0,-0.026262,-17105000,-0.05084,0.0,-17105000,-0.05084,-11276000,-5829000.0,-0.017325,-2.0673,-2.0673,2819620.0,2819620.0,https://www.sec.gov/Archives/edgar/data/1470683/000114420417036086/0001144204-17-036086-index.html,https://www.sec.gov/Archives/edgar/data/1470683/000114420417036086/v470416_6k.htm
0,2016-12-31,CCCL,,,Q2,201900000,289000000,-87100000,-0.431402,0.0,32400000,0.0,1800000.0,264600000,553600000,0.0,11200000.000000002,-340400000,-1.685983,-351600000,-1.741456,1800000.0,-351600000,-1.741456,900000.0,-352500000,-1.745914,-125.89286,-125.89286,2800000.0,2800000.0,,
0,2016-09-30,CCCL,2016-12-20 00:00:00,2016-12-20 06:00:52,Q1,251200000,244500000,6700000.0,0.026672,0.0,8400000.0,0.0,-2600000.0,5800000.000000011,250300000,0.0,11200000.000000002,12100000.000000002,0.048169,900000.0,0.003583,-2600000.0,900000.0,0.003583,-300000.0,1200000.0,0.004777,0.41379,0.41379,2900000.0,2900000.0,https://www.sec.gov/Archives/edgar/data/1470683/000114420416140400/0001144204-16-140400-index.html,https://www.sec.gov/Archives/edgar/data/1470683/000114420416140400/v455374_6k.htm
0,2016-06-30,CCCL,,,Q4,206500000,174300000,32200000,0.155932,0.0,8100000.0,0.0,-1900000.0,6199999.999999989,180500000,0.0,11299999.999999998,37300000,0.18063,26000000,0.125908,-1900000.0,26000000,0.125908,2500000.0,23500000,0.113801,7.83333,7.83333,3000000.0,3000000.0,,
0,2016-03-31,CCCL,2016-04-20 00:00:00,2016-04-20 16:55:12,Q3,134200000,116100000,18000000,0.134128,0.0,10700000,0.0,-1900000.0,9500000.0,125600000,0.0,11299999.999999998,19800000,0.147541,8500000.0,0.063338,-1900000.0,8500000.0,0.063338,2500000.0,6000000.0,0.044709,2.06897,2.06897,2900000.0,2900000.0,https://www.sec.gov/Archives/edgar/data/1470683/000114420416095312/0001144204-16-095312-index.html,https://www.sec.gov/Archives/edgar/data/1470683/000114420416095312/v437409_20f.htm
0,2015-12-31,CCCL,2016-02-08 00:00:00,2016-02-08 11:06:14,Q2,208300000,178800000,29500000,0.141623,0.0,12200000,0.0,1400000.0,435999999.99999994,614799999.9999999,0.0,17200000,-389300000,-1.868939,-406500000,-1.951512,1400000.0,-406500000,-1.951512,4800000.0,-411300000,-1.974556,-158.19231,-158.19231,2600000.0,2600000.0,https://www.sec.gov/Archives/edgar/data/1470683/000114420416079418/0001144204-16-079418-index.html,https://www.sec.gov/Archives/edgar/data/1470683/000114420416079418/v430675_6k.htm
0,2015-09-30,CCCL,2015-10-09 00:00:00,2015-10-08 20:37:07,Q1,339000000,292700000,46300000,0.136578,0.0,7300000.0,0.0,1100000.0,9800000.000000011,302500000,0.0,17200000,53800000,0.158702,36600000,0.107965,1100000.0,36600000,0.107965,9700000.0,26900000,0.079351,10.34615,10.34615,2600000.0,2600000.0,https://www.sec.gov/Archives/edgar/data/1470683/000114420415058764/0001144204-15-058764-index.html,https://www.sec.gov/Archives/edgar/data/1470683/000114420415058764/v421772_6k.htm
0,2015-06-30,CCCL,2015-08-19 00:00:00,2015-08-19 16:17:26,Q4,260000000,224200000,35800000,0.137692,0.0,8300000.0,0.0,100000.0,9400000.000000006,233600000,0.0,17100000,43500000,0.167308,26400000,0.101538,100000.0,26400000,0.101538,7200000.0,19200000,0.073846,7.38462,7.38462,2600000.0,2600000.0,https://www.sec.gov/Archives/edgar/data/1470683/000114420415050737/0001144204-15-050737-index.html,https://www.sec.gov/Archives/edgar/data/1470683/000114420415050737/v418535_6k.htm
0,2015-03-31,CCCL,2015-04-20 00:00:00,2015-04-20 17:03:48,Q3,209800000,196000000,13800000,0.065777,0.0,8200000.0,0.0,200000.0,9400000.000000006,205400000,0.0,17200000,21600000,0.102955,4300000.0,0.020496,200000.0,4300000.0,0.020496,1600000.0,2800000.0,0.013346,1.07692,1.07692,2600000.0,2600000.0,https://www.sec.gov/Archives/edgar/data/1470683/000114420415023823/0001144204-15-023823-index.html,https://www.sec.gov/Archives/edgar/data/1470683/000114420415023823/v407664_20f.htm
0,2014-12-31,CCCL,,,Q2,240100000,211000000,29100000,0.1212,0.0,11800000,0.0,6000000.0,19099999.999999993,230100000,0.0,52100000,62200000,0.259059,10100000,0.042066,6000000.0,10100000,0.042066,5300000.0,4800000.0,0.019992,1.84615,1.84615,2600000.0,2600000.0,,
0,2014-03-31,CCCL,2014-05-09 00:00:00,2014-05-09 16:15:51,Q1,208800000,199500000,9300000.0,0.04454,0.0,9700000.0,0.0,1000000.0,80600000.00000001,280100000,0.0,18099999.999999996,-53100000,-0.25431,-71200000,-0.340996,1000000.0,-71200000,-0.340996,300000.0,-71500000,-0.342433,-27.5,-27.5,2600000.0,2600000.0,https://www.sec.gov/Archives/edgar/data/1470683/000114420414029075/0001144204-14-029075-index.html,https://www.sec.gov/Archives/edgar/data/1470683/000114420414029075/v377987_6k.htm
0,2013-12-31,CCCL,,,Q4,220300000,226700000,-6500000.0,-0.029505,0.0,8700000.0,0.0,-3000000.0,6600000.000000023,233300000.00000003,0.0,18099999.99999999,5099999.99999999,0.02315,-13000000,-0.05901,-3000000.0,-13000000,-0.05901,-2400000.0,-10600000,-0.048116,-4.07692,-4.07692,2600000.0,2600000.0,,
0,2013-09-30,CCCL,2013-11-13 00:00:00,2013-11-13 16:05:49,Q3,340700000,307500000,33300000,0.09774,0.0,8100000.0,0.0,18100000,27300000.00000001,334800000,0.0,17500000.000000004,23500000.000000004,0.068976,6000000.0,0.017611,18100000,6000000.0,0.017611,1600000.0,4400000.0,0.012915,1.69231,1.69231,2600000.0,2600000.0,https://www.sec.gov/Archives/edgar/data/1470683/000114420413061020/0001144204-13-061020-index.html,https://www.sec.gov/Archives/edgar/data/1470683/000114420413061020/v360246_6k.htm
0,2013-06-30,CCCL,2013-08-13 00:00:00,2013-08-13 17:23:59,Q2,222700000,200500000,22200000,0.099686,0.0,10200000,0.0,1000000.0,12300000.000000011,212800000,0.0,17700000,27600000,0.123934,9900000.0,0.044454,1000000.0,9900000.0,0.044454,300000.0,9600000.0,0.043107,3.69231,3.69231,2600000.0,2600000.0,https://www.sec.gov/Archives/edgar/data/1470683/000114420413045277/0001144204-13-045277-index.html,https://www.sec.gov/Archives/edgar/data/1470683/000114420413045277/v352893_6k.htm
0,2013-03-31,CCCL,2013-04-24 00:00:00,2013-04-24 17:07:14,Q1,149200000,144100000,5100000.0,0.034182,0.0,10400000,0.0,200000.0,11700000.000000017,155800000.00000003,0.0,17000000,10400000,0.069705,-6500000.0,-0.043566,200000.0,-6500000.0,-0.043566,-1200000.0,-5400000.0,-0.036193,-2.07692,-2.07692,2600000.0,2600000.0,https://www.sec.gov/Archives/edgar/data/1470683/000114420413023651/0001144204-13-023651-index.html,https://www.sec.gov/Archives/edgar/data/1470683/000114420413023651/v342344_6k.htm
0,2012-12-31,CCCL,,,Q4,245300000,216000000,29300000,0.119446,0.0,9200000.0,0.0,300000.0,10699999.999999989,226700000,0.0,17000000.000000004,35600000.00000001,0.145128,18600000,0.075826,300000.0,18600000,0.075826,5300000.0,13300000,0.054219,5.11538,5.11538,2600000.0,2600000.0,,
0,2012-09-30,CCCL,2012-10-31 00:00:00,2012-10-31 17:15:49,Q3,386300000,276200000,110000000,0.284753,0.0,9600000.0,0.0,800000.0,12199999.999999989,288400000,0.0,16700000,114600000,0.296661,97900000,0.25343,800000.0,97900000,0.25343,25100000,72800000,0.188455,28.0,28.0,2600000.0,2600000.0,https://www.sec.gov/Archives/edgar/data/1470683/000114420412058690/0001144204-12-058690-index.html,https://www.sec.gov/Archives/edgar/data/1470683/000114420412058690/v327050_6k.htm
0,2012-06-30,CCCL,2012-08-15 00:00:00,2012-08-15 08:35:30,Q2,441000000,312400000,128600000,0.29161,0.0,10000000,0.0,200000.0,13000000,325400000,0.0,16600000,132300000,0.3,115600000,0.262132,200000.0,115600000,0.262132,29600000,86100000,0.195238,33.11538,33.11538,2600000.0,2600000.0,https://www.sec.gov/Archives/edgar/data/1470683/000114420412046110/0001144204-12-046110-index.html,https://www.sec.gov/Archives/edgar/data/1470683/000114420412046110/v321543_6k.htm
0,2012-03-31,CCCL,2012-05-16 00:00:00,2012-05-15 18:39:19,Q1,372300000,259300000,113000000,0.303519,0.0,12600000,0.0,200000.0,16399999.999999978,275700000,0.0,16599999.999999998,113300000,0.304324,96600000,0.259468,200000.0,96600000,0.259468,25000000,71700000,0.192587,27.57692,27.57692,2600000.0,2600000.0,https://www.sec.gov/Archives/edgar/data/1470683/000114420412029830/0001144204-12-029830-index.html,https://www.sec.gov/Archives/edgar/data/1470683/000114420412029830/v313454_6k.htm
0,2011-12-31,CCCL,2012-01-04 00:00:00,2012-01-04 06:05:20,Q4,404500000,265100000,139400000,0.344623,0.0,15300000,0.0,-5100000.0,13899999.999999978,279000000,0.0,15200000,140700000,0.347837,125400000,0.310012,-5100000.0,125400000,0.310012,33300000,92200000,0.227936,35.46154,35.46154,2600000.0,2600000.0,https://www.sec.gov/Archives/edgar/data/1470683/000114420412000324/0001144204-12-000324-index.html,https://www.sec.gov/Archives/edgar/data/1470683/000114420412000324/v244564_6k.htm
0,2011-09-30,CCCL,2011-10-04 00:00:00,2011-10-04 16:20:46,Q3,406900000,287800000,119100000,0.292701,0.0,11800000,0.0,1800000.0,16800000.00000001,304600000,0.0,13499999.999999996,115800000,0.284591,102300000,0.251413,-100000.0,102300000,0.251413,26500000,75800000,0.186287,32.95652,32.95652,2300000.0,2300000.0,https://www.sec.gov/Archives/edgar/data/1470683/000114420411056300/0001144204-11-056300-index.html,https://www.sec.gov/Archives/edgar/data/1470683/000114420411056300/v236474_6k.htm
0,2011-06-30,CCCL,2011-07-15 00:00:00,2011-07-15 15:37:33,Q2,372300000,258900000,113400000,0.304593,0.0,12600000,0.0,600000.0,15600000.000000022,274500000,0.0,20400000.000000004,118200000,0.317486,97900000,0.26296,-100000.0,97900000,0.26296,25400000,72400000,0.194467,31.47826,31.47826,2300000.0,2300000.0,https://www.sec.gov/Archives/edgar/data/1470683/000114420411040781/0001144204-11-040781-index.html,https://www.sec.gov/Archives/edgar/data/1470683/000114420411040781/v228822_6k.htm
0,2010-12-31,CCCL,2011-03-18 00:00:00,2011-03-18 12:48:14,Q1,273100000,181600000,91500000,0.335042,0.0,8900000.0,0.0,-1000000.0,9400000.000000006,191000000,0.0,8700000.0,90700000,0.332113,82100000,0.300622,-1000000.0,82100000,0.300622,21500000,60500000,0.221531,30.25,30.25,2000000.0,2000000.0,https://www.sec.gov/Archives/edgar/data/1470683/000114420411015748/0001144204-11-015748-index.html,https://www.sec.gov/Archives/edgar/data/1470683/000114420411015748/v215235_6k.htm
0,2009-12-31,CCCL,2010-01-04 00:00:00,2010-01-04 12:49:42,Q4,0.0,0.0,0.0,0.0,0.0,14200000,0.0,0.0,619600000,619600000,0.0,15600000,231800000,0.0,216200000,0.0,0.0,216200000,0.0,60700000,155500000,0.0,-55.53571,-55.53571,-2800000.0,-2800000.0,https://www.sec.gov/Archives/edgar/data/1470683/000114420410000081/0001144204-10-000081-index.html,https://www.sec.gov/Archives/edgar/data/1470683/000114420410000081/v170387_6k.htm
0,2009-09-30,CCCL,2009-12-08 00:00:00,2009-12-08 09:36:08,Q3,0.0,0.0,0.0,0.0,0.0,900000.0,0.0,0.0,3400000.0,3400000.0,0.0,0.0,-3500000.0,0.0,-3400000.0,0.0,0.0,-3400000.0,0.0,-1200000.0,-2300000.0,0.0,-1.15,-1.15,2000000.0,2000000.0,https://www.sec.gov/Archives/edgar/data/1470683/000114420409063519/0001144204-09-063519-index.html,https://www.sec.gov/Archives/edgar/data/1470683/000114420409063519/v167754_20-f.htm
