,date,symbol,fillingDate,acceptedDate,period,revenue,costOfRevenue,grossProfit,grossProfitRatio,researchAndDevelopmentExpenses,generalAndAdministrativeExpenses,sellingAndMarketingExpenses,otherExpenses,operatingExpenses,costAndExpenses,interestExpense,depreciationAndAmortization,ebitda,ebitdaratio,operatingIncome,operatingIncomeRatio,totalOtherIncomeExpensesNet,incomeBeforeTax,incomeBeforeTaxRatio,incomeTaxExpense,netIncome,netIncomeRatio,eps,epsdiluted,weightedAverageShsOut,weightedAverageShsOutDil,link,finalLink
0,2020-09-30,TOTAR,2020-11-03,2020-11-03 16:01:23,Q3,0.0,0.0,0.0,0.0,0.0,-485080.0,0.0,0.0,-485080.0,-485080.0,0.0,0.0,-484087.0,0.0,-484087.0,0.0,0.0,-484087.0,0.0,0.0,-484087.0,0.0,0.63,0.63,2105950.0,2105950.0,https://www.sec.gov/Archives/edgar/data/1731176/000168316820003664/0001683168-20-003664-index.htm,https://www.sec.gov/Archives/edgar/data/1731176/000168316820003664/tottenham_10q-093020.htm
0,2020-03-31,TOTAR,2020-05-14,2020-05-14 16:12:59,Q1,0.0,0.0,0.0,0.0,0.0,-209096000,0.0,0.0,-209096000,-209096000,0.0,0.0,-11945000,0.0,-11945000,0.0,0.0,-11945000,0.0,0.0,-11945000,0.0,-5.67202,-5.67202,2105950.0,2105950.0,https://www.sec.gov/Archives/edgar/data/1731176/000168316820001568/0001683168-20-001568-index.htm,https://www.sec.gov/Archives/edgar/data/1731176/000168316820001568/tottenham_10q-033120.htm
0,2019-12-31,TOTAR,2020-03-24,2020-03-24 16:31:04,Q4,0.0,0.0,0.0,0.0,0.0,239610.0,0.0,0.0,239610.0,239610.0,0.0,0.0,10288.0,0.0,10288.0,0.0,0.0,10288.0,0.0,0.0,268703000,0.0,127.5923,127.5923,2105950.0,2105950.0,https://www.sec.gov/Archives/edgar/data/1731176/000168316820000930/0001683168-20-000930-index.htm,https://www.sec.gov/Archives/edgar/data/1731176/000168316820000930/tottenham_10k-123119.htm
0,2019-09-30,TOTAR,2019-11-15,2019-11-14 21:51:02,Q3,0.0,0.0,0.0,0.0,0.0,150031.0,0.0,0.0,150031.0,150031.0,0.0,0.0,121132.0,0.0,121132.0,0.0,0.0,121132.0,0.0,0.0,258415000,0.0,126.1375,126.1375,2105950.0,2048677.0,https://www.sec.gov/Archives/edgar/data/1731176/000168316819003667/0001683168-19-003667-index.htm,https://www.sec.gov/Archives/edgar/data/1731176/000168316819003667/tottenham_10q-093019.htm
0,2019-06-30,TOTAR,2019-08-13,2019-08-13 12:45:29,Q2,0.0,0.0,0.0,0.0,0.0,105998.0,0.0,0.0,105998.0,105998.0,0.0,0.0,229929.0,0.0,229929.0,0.0,0.0,229929.0,0.0,0.0,137283000,0.0,68.66629,68.66629,2105950.0,1999278.0,https://www.sec.gov/Archives/edgar/data/1731176/000168316819002567/0001683168-19-002567-index.htm,https://www.sec.gov/Archives/edgar/data/1731176/000168316819002567/tottenham_10q-06302019.htm
0,2019-03-31,TOTAR,2019-05-03,2019-05-03 09:50:13,Q1,0.0,0.0,0.0,0.0,0.0,92663.0,0.0,0.0,92663.0,92663.0,0.0,0.0,-92646000,0.0,-92646000,0.0,0.0,-92646000,0.0,0.0,-92646000,0.0,-46.4951,-46.4951,2105950.0,1992597.0,https://www.sec.gov/Archives/edgar/data/1731176/000168316819001361/0001683168-19-001361-index.htm,https://www.sec.gov/Archives/edgar/data/1731176/000168316819001361/tottenham_10q-033119.htm
0,2018-12-31,TOTAR,2019-03-15,2019-03-15 15:08:45,Q4,0.0,0.0,0.0,0.0,0.0,197295.0,0.0,0.0,197295.0,197295.0,0.0,0.0,145882.0,0.0,145882.0,0.0,0.0,145882.0,0.0,0.0,145882.0,0.0,0.10748,0.10748,2105950.0,1357240.0,https://www.sec.gov/Archives/edgar/data/1731176/000168316819000679/0001683168-19-000679-index.htm,https://www.sec.gov/Archives/edgar/data/1731176/000168316819000679/tottenham_10k-123118.htm
0,2018-09-30,TOTAR,2018-11-13,2018-11-13 10:00:30,Q3,123950000,0.0,123950000,1.0,0.0,72819.0,0.0,0.0,72819.0,72819.0,0.0,0.0,-72623000,-0.5859056070996369,-72623000,-0.5859056070996369,0.0,-72623000,-0.5859056070996369,0.0,-72623000,-0.5859056070996369,-64.2187,-64.2187,2105950.0,1130870.0,https://www.sec.gov/Archives/edgar/data/1731176/000168316818003356/0001683168-18-003356-index.htm,https://www.sec.gov/Archives/edgar/data/1731176/000168316818003356/tottenham_10q-093018.htm
0,2018-06-30,TOTAR,,,Q2,-38966000,35412000,3554000.0,-0.09120771955037725,-199000.0,-4628170.0,0.0,0.0,-4827170.0,-40239170,-112000.0,-2774000.0,-1485830.0,0.038131447929,1288170.0,-0.0330588205102,108000.0,1396170.0,-0.0358304675871,314000.0,1082170.0,-0.0277721603449,1.22709,1.22709,2105950.0,881900.0,,processing...
