,date,symbol,fillingDate,acceptedDate,period,revenue,costOfRevenue,grossProfit,grossProfitRatio,researchAndDevelopmentExpenses,generalAndAdministrativeExpenses,sellingAndMarketingExpenses,otherExpenses,operatingExpenses,costAndExpenses,interestExpense,depreciationAndAmortization,ebitda,ebitdaratio,operatingIncome,operatingIncomeRatio,totalOtherIncomeExpensesNet,incomeBeforeTax,incomeBeforeTaxRatio,incomeTaxExpense,netIncome,netIncomeRatio,eps,epsdiluted,weightedAverageShsOut,weightedAverageShsOutDil,link,finalLink
0,2020-09-30,DCM.TO,2020-09-30,2020-09-30,Q3,57374000,40711000,16663000,0.2904277198731133,0.0,13282000,5982000.0,0.0,-2759000.0,51234000,1804000.0,0.0,9878000.0,0.17216857810157912,6140000.0,0.05446718025586503,-1065000.0,3125000.0,0.05446718025586503,986000.0,2139000.0,0.037281695541534494,0.05,0.05,43047030,43227051,https://www.sedar.com/ModifyCompanyDocumentSearchForm.do?lang=EN&company_search=Data Communications Management Corp&document_selection=0&industry_group=A&FromDate=13&FromMonth=05&FromYear=2000&ToDate=13&ToMonth=11&ToYear=2020&Variable=Issuer,https://www.sedar.com/ModifyCompanyDocumentSearchForm.do?lang=EN&company_search=Data Communications Management Corp&document_selection=0&industry_group=A&FromDate=13&FromMonth=05&FromYear=2000&ToDate=13&ToMonth=11&ToYear=2020&Variable=Issuer
0,2020-06-30,DCM.TO,2020-06-30,2020-06-30,Q2,63936000,44306000,19630000,0.3070257757757758,0.0,15441000,6841000.0,0.0,-4547000.0,55200000,1911000.0,0.0,12960000,0.20270270270270271,8736000.0,0.0904029029029029,-894000.0,5780000.0,0.0904029029029029,1548000.0,4232000.0,0.06619119119119118,0.1,0.1,43047030,43047030,https://www.sedar.com/ModifyCompanyDocumentSearchForm.do?lang=EN&company_search=Data Communications Management Corp&document_selection=0&industry_group=A&FromDate=13&FromMonth=05&FromYear=2000&ToDate=13&ToMonth=11&ToYear=2020&Variable=Issuer,https://www.sedar.com/ModifyCompanyDocumentSearchForm.do?lang=EN&company_search=Data Communications Management Corp&document_selection=0&industry_group=A&FromDate=13&FromMonth=05&FromYear=2000&ToDate=13&ToMonth=11&ToYear=2020&Variable=Issuer
0,2020-03-31,DCM.TO,2020-03-31,2020-03-31,Q1,77415000,55774000,21641000,0.2795453077568947,0.0,17185000,7615000.0,0.0,-1622000.0,71337000,2101000.0,0.0,10369000,0.13394045081702513,6078000.0,0.0404056061486792,-739000.0,3128000.0,0.0404056061486792,918000.0,2210000.0,0.028547439126784216,0.05,0.05,43047030,43047030,https://www.sedar.com/ModifyCompanyDocumentSearchForm.do?lang=EN&company_search=Data Communications Management Corp&document_selection=0&industry_group=A&FromDate=13&FromMonth=05&FromYear=2000&ToDate=13&ToMonth=11&ToYear=2020&Variable=Issuer,https://www.sedar.com/ModifyCompanyDocumentSearchForm.do?lang=EN&company_search=Data Communications Management Corp&document_selection=0&industry_group=A&FromDate=13&FromMonth=05&FromYear=2000&ToDate=13&ToMonth=11&ToYear=2020&Variable=Issuer
0,2019-12-31,DCM.TO,2019-12-31,2019-12-31,Q4,71489000,53960000,17529000,0.245198562016534,0.0,16594000,7419000.0,-65000.0,0.0,70554000,2449000.0,0.0,5387000.0,0.07535425030424261,935000.0,-0.07457091300759558,-3752000.0,-5331000.0,-0.07457091300759558,-1338000.0,-3993000.0,-0.05585474688413602,-0.09275901264268406,-0.09275901264268406,43047030,43047030,https://www.sedar.com/ModifyCompanyDocumentSearchForm.do?lang=EN&company_search=Data Communications Management Corp&document_selection=0&industry_group=A&FromDate=13&FromMonth=05&FromYear=2000&ToDate=13&ToMonth=11&ToYear=2020&Variable=Issuer,https://www.sedar.com/ModifyCompanyDocumentSearchForm.do?lang=EN&company_search=Data Communications Management Corp&document_selection=0&industry_group=A&FromDate=13&FromMonth=05&FromYear=2000&ToDate=13&ToMonth=11&ToYear=2020&Variable=Issuer
0,2019-09-30,DCM.TO,2019-09-30,2019-09-30,Q3,63215000,47962000,15253000,0.24128766906588625,0.0,17808000,8545000.0,-177000.0,0.0,65770000,2260000.0,0.0,1984000.0,0.031384956102190935,-2555000.0,-0.12205963774420628,-2724000.0,-7716000.0,-0.12205963774420628,-1799000.0,-5917000.0,-0.0936012022463023,-0.256765,-0.256765,22632966,22632966,https://www.sedar.com/ModifyCompanyDocumentSearchForm.do?lang=EN&company_search=Data Communications Management Corp&document_selection=0&industry_group=A&FromDate=13&FromMonth=05&FromYear=2000&ToDate=13&ToMonth=11&ToYear=2020&Variable=Issuer,https://www.sedar.com/ModifyCompanyDocumentSearchForm.do?lang=EN&company_search=Data Communications Management Corp&document_selection=0&industry_group=A&FromDate=13&FromMonth=05&FromYear=2000&ToDate=13&ToMonth=11&ToYear=2020&Variable=Issuer
0,2019-06-30,DCM.TO,2019-06-30,2019-06-30,Q2,69623000,53902000,15721000,0.22580181836462088,0.0,15530000,7677000.0,-86000.0,0.0,69432000,2075000.0,0.0,3890000.0,0.05587234103672637,191000.0,-0.07409907645461988,-3189000.0,-5159000.0,-0.07409907645461988,-1405000.0,-3754000.0,-0.053918963560892236,-0.161667,-0.161667,22632966,22632966,https://www.sedar.com/ModifyCompanyDocumentSearchForm.do?lang=EN&company_search=Data Communications Management Corp&document_selection=0&industry_group=A&FromDate=13&FromMonth=05&FromYear=2000&ToDate=13&ToMonth=11&ToYear=2020&Variable=Issuer,https://www.sedar.com/ModifyCompanyDocumentSearchForm.do?lang=EN&company_search=Data Communications Management Corp&document_selection=0&industry_group=A&FromDate=13&FromMonth=05&FromYear=2000&ToDate=13&ToMonth=11&ToYear=2020&Variable=Issuer
0,2019-03-31,DCM.TO,2019-03-31,2019-03-31,Q1,78549000,57787000,20762000,0.26431908744859894,0.0,17158000,9305000.0,-137000.0,0.0,74945000,2132000.0,0.0,7310000.0,0.09306292887242358,3604000.0,-0.004417624667405059,-1682000.0,-347000.0,-0.004417624667405059,-24000.0,-323000.0,-0.004112082903665228,-0.01902,-0.01902,22632966,22632966,https://www.sedar.com/ModifyCompanyDocumentSearchForm.do?lang=EN&company_search=Data Communications Management Corp&document_selection=0&industry_group=A&FromDate=13&FromMonth=05&FromYear=2000&ToDate=13&ToMonth=11&ToYear=2020&Variable=Issuer,https://www.sedar.com/ModifyCompanyDocumentSearchForm.do?lang=EN&company_search=Data Communications Management Corp&document_selection=0&industry_group=A&FromDate=13&FromMonth=05&FromYear=2000&ToDate=13&ToMonth=11&ToYear=2020&Variable=Issuer
0,2018-12-31,DCM.TO,2018-12-31,2018-12-31,Q4,81152000,61279000,19873000,0.24488613958990535,0.0,15247000,8380000.0,-154000.0,0.0,76526000,1316000.0,0.0,6318000.0,0.07785390378548895,4626000.0,0.015735902996845425,-1874000.0,1277000.0,0.015735902996845425,435000.0,842000.0,0.010375591482649842,0.019560002165073875,0.019560002165073875,43047030,43047030,https://www.sedar.com/ModifyCompanyDocumentSearchForm.do?lang=EN&company_search=Data Communications Management Corp&document_selection=0&industry_group=A&FromDate=13&FromMonth=05&FromYear=2000&ToDate=13&ToMonth=11&ToYear=2020&Variable=Issuer,https://www.sedar.com/ModifyCompanyDocumentSearchForm.do?lang=EN&company_search=Data Communications Management Corp&document_selection=0&industry_group=A&FromDate=13&FromMonth=05&FromYear=2000&ToDate=13&ToMonth=11&ToYear=2020&Variable=Issuer
0,2018-09-30,DCM.TO,2018-09-30,2018-09-30,Q3,74925000,56664000,18261000,0.24372372372372372,0.0,15547000,8235000.0,-168000.0,0.0,72211000,1257000.0,0.0,4922000.0,0.06569235902569236,2714000.0,0.01701701701701702,-15000.0,1275000.0,0.01701701701701702,437000.0,838000.0,0.011184517851184518,0.038039,0.038039,22632966,22881024,https://www.sedar.com/ModifyCompanyDocumentSearchForm.do?lang=EN&company_search=Data Communications Management Corp&document_selection=0&industry_group=A&FromDate=13&FromMonth=05&FromYear=2000&ToDate=13&ToMonth=11&ToYear=2020&Variable=Issuer,https://www.sedar.com/ModifyCompanyDocumentSearchForm.do?lang=EN&company_search=Data Communications Management Corp&document_selection=0&industry_group=A&FromDate=13&FromMonth=05&FromYear=2000&ToDate=13&ToMonth=11&ToYear=2020&Variable=Issuer
0,2018-06-30,DCM.TO,2018-06-30,2018-06-30,Q2,78176000,59587000,18589000,0.23778397462136716,0.0,17750000,9200000.0,0.0,0.0,77337000,1273000.0,0.0,3091000.0,0.03953898894801473,839000.0,-0.02041547277936963,-1006000.0,-1596000.0,-0.02041547277936963,-402000.0,-1194000.0,-0.01527322963569382,-0.057059,-0.057059,21946011,21946011,https://www.sedar.com/ModifyCompanyDocumentSearchForm.do?lang=EN&company_search=Data Communications Management Corp&document_selection=0&industry_group=A&FromDate=13&FromMonth=05&FromYear=2000&ToDate=13&ToMonth=11&ToYear=2020&Variable=Issuer,https://www.sedar.com/ModifyCompanyDocumentSearchForm.do?lang=EN&company_search=Data Communications Management Corp&document_selection=0&industry_group=A&FromDate=13&FromMonth=05&FromYear=2000&ToDate=13&ToMonth=11&ToYear=2020&Variable=Issuer
0,2018-03-31,DCM.TO,2018-03-31,2018-03-31,Q1,88516000,67041000,21475000,0.24261150526458494,0.0,17672000,10461000,0.0,0.0,84713000,1139000.0,0.0,5879000.0,0.06641737087080302,3803000.0,0.027294500429300917,-107000.0,2416000.0,0.027294500429300917,653000.0,1763000.0,0.01991730308644765,0.085588,0.085588,21072097,21072097,https://www.sedar.com/ModifyCompanyDocumentSearchForm.do?lang=EN&company_search=Data Communications Management Corp&document_selection=0&industry_group=A&FromDate=13&FromMonth=05&FromYear=2000&ToDate=13&ToMonth=11&ToYear=2020&Variable=Issuer,https://www.sedar.com/ModifyCompanyDocumentSearchForm.do?lang=EN&company_search=Data Communications Management Corp&document_selection=0&industry_group=A&FromDate=13&FromMonth=05&FromYear=2000&ToDate=13&ToMonth=11&ToYear=2020&Variable=Issuer
0,2017-12-31,DCM.TO,2017-12-31,2017-12-31,Q4,76125000,57771000,18354000,0.24110344827586208,0.0,15263000,8018000.0,0.0,0.0,73034000,1149000.0,0.0,4516000.0,0.059323481116584566,3091000.0,-0.04216748768472906,-4457000.0,-3210000.0,-0.04216748768472906,-751000.0,-2459000.0,-0.03230213464696223,-0.05712356926830957,-0.05712356926830957,43047030,43047030,https://www.sedar.com/ModifyCompanyDocumentSearchForm.do?lang=EN&company_search=Data Communications Management Corp&document_selection=0&industry_group=A&FromDate=13&FromMonth=05&FromYear=2000&ToDate=13&ToMonth=11&ToYear=2020&Variable=Issuer,https://www.sedar.com/ModifyCompanyDocumentSearchForm.do?lang=EN&company_search=Data Communications Management Corp&document_selection=0&industry_group=A&FromDate=13&FromMonth=05&FromYear=2000&ToDate=13&ToMonth=11&ToYear=2020&Variable=Issuer
0,2017-09-30,DCM.TO,2017-09-30,2017-09-30,Q3,70212000,53539000,16673000,0.23746652993790235,0.0,15369000,8766000.0,0.0,0.0,68908000,1135000.0,0.0,3294000.0,0.046915057255170055,1304000.0,-0.019555061812795534,-1542000.0,-1373000.0,-0.019555061812795534,-305000.0,-1068000.0,-0.015211075029909418,-0.057059,-0.057059,20321556,20321556,https://www.sedar.com/ModifyCompanyDocumentSearchForm.do?lang=EN&company_search=Data Communications Management Corp&document_selection=0&industry_group=A&FromDate=13&FromMonth=05&FromYear=2000&ToDate=13&ToMonth=11&ToYear=2020&Variable=Issuer,https://www.sedar.com/ModifyCompanyDocumentSearchForm.do?lang=EN&company_search=Data Communications Management Corp&document_selection=0&industry_group=A&FromDate=13&FromMonth=05&FromYear=2000&ToDate=13&ToMonth=11&ToYear=2020&Variable=Issuer
0,2017-06-30,DCM.TO,2017-06-30,2017-06-30,Q2,73066000,55062000,18004000,0.24640735773136616,0.0,15715000,8690000.0,0.0,0.0,70777000,1181000.0,0.0,4253000.0,0.05820764787999891,2289000.0,-0.010415241014972765,-1869000.0,-761000.0,-0.010415241014972765,-180000.0,-581000.0,-0.00795171488790956,-0.038039,-0.038039,14340852,14340852,https://www.sedar.com/ModifyCompanyDocumentSearchForm.do?lang=EN&company_search=Data Communications Management Corp&document_selection=0&industry_group=A&FromDate=13&FromMonth=05&FromYear=2000&ToDate=13&ToMonth=11&ToYear=2020&Variable=Issuer,https://www.sedar.com/ModifyCompanyDocumentSearchForm.do?lang=EN&company_search=Data Communications Management Corp&document_selection=0&industry_group=A&FromDate=13&FromMonth=05&FromYear=2000&ToDate=13&ToMonth=11&ToYear=2020&Variable=Issuer
0,2017-03-31,DCM.TO,2017-03-31,2017-03-31,Q1,70126000,53766000,16360000,0.23329435587371303,0.0,15024000,8518000.0,0.0,0.0,68790000,950000.0,0.0,2914000.0,0.041553774634229816,1336000.0,-0.036662578786755266,-2957000.0,-2571000.0,-0.036662578786755266,-474000.0,-2097000.0,-0.029903316886746713,-0.158074,-0.158074,13459136,13459136,https://www.sedar.com/ModifyCompanyDocumentSearchForm.do?lang=EN&company_search=Data Communications Management Corp&document_selection=0&industry_group=A&FromDate=13&FromMonth=05&FromYear=2000&ToDate=13&ToMonth=11&ToYear=2020&Variable=Issuer,https://www.sedar.com/ModifyCompanyDocumentSearchForm.do?lang=EN&company_search=Data Communications Management Corp&document_selection=0&industry_group=A&FromDate=13&FromMonth=05&FromYear=2000&ToDate=13&ToMonth=11&ToYear=2020&Variable=Issuer
0,2016-12-31,DCM.TO,2016-12-31,2016-12-31,Q4,68191000,54950000,13241000,0.19417518440849965,0.0,13394000,7521000.0,0.0,0.0,67877000,839000.0,0.0,1689000.0,0.024768664486515816,314000.0,-0.4979836048745436,-33433000,-33958000,-0.4979836048745436,-843000.0,-33115000,-0.4856212696690179,-0.7692749070028757,-0.7692749070028757,43047030,43047030,https://www.sedar.com/ModifyCompanyDocumentSearchForm.do?lang=EN&company_search=Data Communications Management Corp&document_selection=0&industry_group=A&FromDate=13&FromMonth=05&FromYear=2000&ToDate=13&ToMonth=11&ToYear=2020&Variable=Issuer,https://www.sedar.com/ModifyCompanyDocumentSearchForm.do?lang=EN&company_search=Data Communications Management Corp&document_selection=0&industry_group=A&FromDate=13&FromMonth=05&FromYear=2000&ToDate=13&ToMonth=11&ToYear=2020&Variable=Issuer
0,2016-09-30,DCM.TO,2016-09-30,2016-09-30,Q3,65842000,51537000,14305000,0.21726253758998815,0.0,13944000,7676000.0,0.0,111000.0,65592000,838000.0,0.0,1759000.0,0.026715470368457825,250000.0,-0.03601044925731296,-1787000.0,-2371000.0,-0.03601044925731296,-506000.0,-1865000.0,-0.028325385012605935,-0.148776,-0.148776,12867669,13480632,https://www.sedar.com/ModifyCompanyDocumentSearchForm.do?lang=EN&company_search=Data Communications Management Corp&document_selection=0&industry_group=A&FromDate=13&FromMonth=05&FromYear=2000&ToDate=13&ToMonth=11&ToYear=2020&Variable=Issuer,https://www.sedar.com/ModifyCompanyDocumentSearchForm.do?lang=EN&company_search=Data Communications Management Corp&document_selection=0&industry_group=A&FromDate=13&FromMonth=05&FromYear=2000&ToDate=13&ToMonth=11&ToYear=2020&Variable=Issuer
0,2016-06-30,DCM.TO,2016-06-30,2016-06-30,Q2,69716000,52567000,17149000,0.24598370531872166,0.0,13748000,7664000.0,0.0,0.0,66825000,869000.0,0.0,4427000.0,0.06350048769292559,2891000.0,0.022175684204486776,-368000.0,1546000.0,0.022175684204486776,555000.0,991000.0,0.014214814389810086,0.087267,0.087039,11355988,11385680,https://www.sedar.com/ModifyCompanyDocumentSearchForm.do?lang=EN&company_search=Data Communications Management Corp&document_selection=0&industry_group=A&FromDate=13&FromMonth=05&FromYear=2000&ToDate=13&ToMonth=11&ToYear=2020&Variable=Issuer,https://www.sedar.com/ModifyCompanyDocumentSearchForm.do?lang=EN&company_search=Data Communications Management Corp&document_selection=0&industry_group=A&FromDate=13&FromMonth=05&FromYear=2000&ToDate=13&ToMonth=11&ToYear=2020&Variable=Issuer
0,2016-03-31,DCM.TO,2016-03-31,2016-03-31,Q1,74614000,56241000,18373000,0.24624065188838556,0.0,13833000,8515000.0,0.0,0.0,70579000,868000.0,0.0,5411000.0,0.07251990243117913,4035000.0,0.03483260514112633,-324000.0,2599000.0,0.03483260514112633,717000.0,1882000.0,0.025223148470796364,0.175216,0.175216,10741031,10741031,https://www.sedar.com/ModifyCompanyDocumentSearchForm.do?lang=EN&company_search=Data Communications Management Corp&document_selection=0&industry_group=A&FromDate=13&FromMonth=05&FromYear=2000&ToDate=13&ToMonth=11&ToYear=2020&Variable=Issuer,https://www.sedar.com/ModifyCompanyDocumentSearchForm.do?lang=EN&company_search=Data Communications Management Corp&document_selection=0&industry_group=A&FromDate=13&FromMonth=05&FromYear=2000&ToDate=13&ToMonth=11&ToYear=2020&Variable=Issuer
0,2015-12-31,DCM.TO,2015-12-31,2015-12-31,Q4,81010000,61237000,19773000,0.24408097765707937,0.0,12578000,7847000.0,0.0,0.0,74319000,1370000.0,0.0,8215000.0,0.10140723367485496,6691000.0,0.20219725959758056,11221000,16380000,0.20219725959758056,2975000.0,13405000,0.16547339834588323,0.31140359741426993,0.31140359741426993,43047030,43047030,https://www.sedar.com/ModifyCompanyDocumentSearchForm.do?lang=EN&company_search=Data Communications Management Corp&document_selection=0&industry_group=A&FromDate=13&FromMonth=05&FromYear=2000&ToDate=13&ToMonth=11&ToYear=2020&Variable=Issuer,https://www.sedar.com/ModifyCompanyDocumentSearchForm.do?lang=EN&company_search=Data Communications Management Corp&document_selection=0&industry_group=A&FromDate=13&FromMonth=05&FromYear=2000&ToDate=13&ToMonth=11&ToYear=2020&Variable=Issuer
0,2015-09-30,DCM.TO,2015-09-30,2015-09-30,Q3,74116000,55730000,18386000,0.2480705920449026,0.0,12952000,7549000.0,0.0,0.0,69169000,1481000.0,0.0,6500000.0,0.08770036159533703,4947000.0,-0.03267850396675482,-5756000.0,-2422000.0,-0.03267850396675482,-659000.0,-1763000.0,-0.023787036537319877,-7.438785,-7.438785,252628.0,252628.0,https://www.sedar.com/ModifyCompanyDocumentSearchForm.do?lang=EN&company_search=Data Communications Management Corp&document_selection=0&industry_group=A&FromDate=13&FromMonth=05&FromYear=2000&ToDate=13&ToMonth=11&ToYear=2020&Variable=Issuer,https://www.sedar.com/ModifyCompanyDocumentSearchForm.do?lang=EN&company_search=Data Communications Management Corp&document_selection=0&industry_group=A&FromDate=13&FromMonth=05&FromYear=2000&ToDate=13&ToMonth=11&ToYear=2020&Variable=Issuer
0,2015-06-30,DCM.TO,2015-06-30,2015-06-30,Q2,73447000,57821000,15626000,0.2127520525004425,0.0,14249000,8686000.0,0.0,0.0,72549000,1464000.0,0.0,2470000.0,0.033629692158971776,898000.0,-0.4207387640066987,-30205000,-30902000,-0.4207387640066987,1219000.0,-29683000,-0.4041417620869471,-117.160859,-117.160859,252628.0,252628.0,https://www.sedar.com/ModifyCompanyDocumentSearchForm.do?lang=EN&company_search=Data Communications Management Corp&document_selection=0&industry_group=A&FromDate=13&FromMonth=05&FromYear=2000&ToDate=13&ToMonth=11&ToYear=2020&Variable=Issuer,https://www.sedar.com/ModifyCompanyDocumentSearchForm.do?lang=EN&company_search=Data Communications Management Corp&document_selection=0&industry_group=A&FromDate=13&FromMonth=05&FromYear=2000&ToDate=13&ToMonth=11&ToYear=2020&Variable=Issuer
0,2015-03-31,DCM.TO,2015-03-31,2015-03-31,Q1,76002000,58717000,17285000,0.22742822557301123,0.0,14935000,9112000.0,0.0,0.0,74131000,1284000.0,0.0,3468000.0,0.045630378147943476,1871000.0,-0.019723165179863687,-2054000.0,-1499000.0,-0.019723165179863687,-368000.0,-1131000.0,-0.014881187337175337,-4.64924,-4.64924,252628.0,252628.0,https://www.sedar.com/ModifyCompanyDocumentSearchForm.do?lang=EN&company_search=Data Communications Management Corp&document_selection=0&industry_group=A&FromDate=13&FromMonth=05&FromYear=2000&ToDate=13&ToMonth=11&ToYear=2020&Variable=Issuer,https://www.sedar.com/ModifyCompanyDocumentSearchForm.do?lang=EN&company_search=Data Communications Management Corp&document_selection=0&industry_group=A&FromDate=13&FromMonth=05&FromYear=2000&ToDate=13&ToMonth=11&ToYear=2020&Variable=Issuer
0,2014-12-31,DCM.TO,2014-12-31,2014-12-31,Q4,80371000,61627000,18744000,0.23321844944071868,0.0,13715000,8854000.0,0.0,0.0,75821000,1486000.0,0.0,6046000.0,0.07522613878140125,4550000.0,0.026987346182080603,-726000.0,2169000.0,0.026987346182080603,589000.0,1580000.0,0.019658832165830958,0.03670404206747829,0.03670404206747829,43047030,43047030,https://www.sedar.com/ModifyCompanyDocumentSearchForm.do?lang=EN&company_search=Data Communications Management Corp&document_selection=0&industry_group=A&FromDate=13&FromMonth=05&FromYear=2000&ToDate=13&ToMonth=11&ToYear=2020&Variable=Issuer,https://www.sedar.com/ModifyCompanyDocumentSearchForm.do?lang=EN&company_search=Data Communications Management Corp&document_selection=0&industry_group=A&FromDate=13&FromMonth=05&FromYear=2000&ToDate=13&ToMonth=11&ToYear=2020&Variable=Issuer
0,2014-09-30,DCM.TO,2014-09-30,2014-09-30,Q3,78128000,58900000,19228000,0.24610894941634243,0.0,14272000,8589000.0,0.0,0.0,73651000,1550000.0,0.0,6027000.0,0.07714263772271145,4477000.0,0.03270274421462216,-241000.0,2555000.0,0.03270274421462216,706000.0,1849000.0,0.023666291214417365,7.438785,7.438785,252628.0,252628.0,https://www.sedar.com/ModifyCompanyDocumentSearchForm.do?lang=EN&company_search=Data Communications Management Corp&document_selection=0&industry_group=A&FromDate=13&FromMonth=05&FromYear=2000&ToDate=13&ToMonth=11&ToYear=2020&Variable=Issuer,https://www.sedar.com/ModifyCompanyDocumentSearchForm.do?lang=EN&company_search=Data Communications Management Corp&document_selection=0&industry_group=A&FromDate=13&FromMonth=05&FromYear=2000&ToDate=13&ToMonth=11&ToYear=2020&Variable=Issuer
0,2014-06-30,DCM.TO,2014-06-30,2014-06-30,Q2,76773000,58936000,17837000,0.23233428418845167,0.0,14407000,8797000.0,0.0,0.0,73822000,1539000.0,0.0,4678000.0,0.060932880048975555,2951000.0,0.0053013429200369925,-1009000.0,407000.0,0.0053013429200369925,153000.0,254000.0,0.0033084547953056414,0.929848,0.929848,252628.0,252628.0,https://www.sedar.com/ModifyCompanyDocumentSearchForm.do?lang=EN&company_search=Data Communications Management Corp&document_selection=0&industry_group=A&FromDate=13&FromMonth=05&FromYear=2000&ToDate=13&ToMonth=11&ToYear=2020&Variable=Issuer,https://www.sedar.com/ModifyCompanyDocumentSearchForm.do?lang=EN&company_search=Data Communications Management Corp&document_selection=0&industry_group=A&FromDate=13&FromMonth=05&FromYear=2000&ToDate=13&ToMonth=11&ToYear=2020&Variable=Issuer
0,2014-03-31,DCM.TO,2014-03-31,2014-03-31,Q1,77903000,59100000,18803000,0.24136426068315725,0.0,14680000,8922000.0,0.0,0.0,74259000,1549000.0,0.0,5436000.0,0.06977908424579285,3644000.0,0.014068777839107607,-1004000.0,1096000.0,0.014068777839107607,300000.0,796000.0,0.010217834999935818,2.789544,2.789544,252628.0,252628.0,https://www.sedar.com/ModifyCompanyDocumentSearchForm.do?lang=EN&company_search=Data Communications Management Corp&document_selection=0&industry_group=A&FromDate=13&FromMonth=05&FromYear=2000&ToDate=13&ToMonth=11&ToYear=2020&Variable=Issuer,https://www.sedar.com/ModifyCompanyDocumentSearchForm.do?lang=EN&company_search=Data Communications Management Corp&document_selection=0&industry_group=A&FromDate=13&FromMonth=05&FromYear=2000&ToDate=13&ToMonth=11&ToYear=2020&Variable=Issuer
0,2013-12-31,DCM.TO,2013-12-31,2013-12-31,Q4,82147000,61257000,20890000,0.25430021790205365,0.0,-9514000.0,8904000.0,0.0,0.0,84083000,1691000.0,0.0,23372000,0.2845143462329726,-1936000.0,-0.26928554907665525,-18496000,-22121000,-0.26928554907665525,743000.0,-22868000,-0.27837900349373684,-0.5312329329108187,-0.5312329329108187,43047030,43047030,https://www.sedar.com/ModifyCompanyDocumentSearchForm.do?lang=EN&company_search=Data Communications Management Corp&document_selection=0&industry_group=A&FromDate=13&FromMonth=05&FromYear=2000&ToDate=13&ToMonth=11&ToYear=2020&Variable=Issuer,https://www.sedar.com/ModifyCompanyDocumentSearchForm.do?lang=EN&company_search=Data Communications Management Corp&document_selection=0&industry_group=A&FromDate=13&FromMonth=05&FromYear=2000&ToDate=13&ToMonth=11&ToYear=2020&Variable=Issuer
0,2013-09-30,DCM.TO,2013-09-30,2013-09-30,Q3,74129000,56431000,17698000,0.23874596986334634,0.0,14650000,8792000.0,0.0,0.0,73213000,1693000.0,0.0,4376000.0,0.0590322276032322,916000.0,-0.27708454181224623,-19768000,-20540000,-0.27708454181224623,-375000.0,-20164000,-0.2720123028774164,-79.966936,-79.966936,252628.0,252628.0,https://www.sedar.com/ModifyCompanyDocumentSearchForm.do?lang=EN&company_search=Data Communications Management Corp&document_selection=0&industry_group=A&FromDate=13&FromMonth=05&FromYear=2000&ToDate=13&ToMonth=11&ToYear=2020&Variable=Issuer,https://www.sedar.com/ModifyCompanyDocumentSearchForm.do?lang=EN&company_search=Data Communications Management Corp&document_selection=0&industry_group=A&FromDate=13&FromMonth=05&FromYear=2000&ToDate=13&ToMonth=11&ToYear=2020&Variable=Issuer
0,2013-06-30,DCM.TO,2013-06-30,2013-06-30,Q2,77822000,58066000,19756000,0.2538613759605253,0.0,15315000,9073000.0,0.0,0.0,75692000,1635000.0,0.0,5770000.0,0.07414355837680861,2130000.0,-0.06287425149700598,-5394000.0,-4893000.0,-0.06287425149700598,-1231000.0,-3652000.0,-0.046927604019428956,-14.877569,-14.877569,252628.0,252628.0,https://www.sedar.com/ModifyCompanyDocumentSearchForm.do?lang=EN&company_search=Data Communications Management Corp&document_selection=0&industry_group=A&FromDate=13&FromMonth=05&FromYear=2000&ToDate=13&ToMonth=11&ToYear=2020&Variable=Issuer,https://www.sedar.com/ModifyCompanyDocumentSearchForm.do?lang=EN&company_search=Data Communications Management Corp&document_selection=0&industry_group=A&FromDate=13&FromMonth=05&FromYear=2000&ToDate=13&ToMonth=11&ToYear=2020&Variable=Issuer
0,2013-03-31,DCM.TO,2013-03-31,2013-03-31,Q1,82863000,61125000,21738000,0.26233662792802576,0.0,15686000,9368000.0,0.0,0.0,79121000,1781000.0,0.0,7382000.0,0.08908680593268407,3742000.0,0.014433462462136297,-767000.0,1196000.0,0.014433462462136297,347000.0,853000.0,0.010294099899834666,3.719392,3.719392,252628.0,252628.0,https://www.sedar.com/ModifyCompanyDocumentSearchForm.do?lang=EN&company_search=Data Communications Management Corp&document_selection=0&industry_group=A&FromDate=13&FromMonth=05&FromYear=2000&ToDate=13&ToMonth=11&ToYear=2020&Variable=Issuer,https://www.sedar.com/ModifyCompanyDocumentSearchForm.do?lang=EN&company_search=Data Communications Management Corp&document_selection=0&industry_group=A&FromDate=13&FromMonth=05&FromYear=2000&ToDate=13&ToMonth=11&ToYear=2020&Variable=Issuer
0,2012-12-31,DCM.TO,2012-12-31,2012-12-31,Q4,86915000,63743000,23172000,0.2666053040326756,0.0,15528000,9332000.0,0.0,0.0,81581000,1621000.0,0.0,-34706000,-0.3993096703676005,5334000.0,-0.4607259966634068,0.0,-40044000,-0.4607259966634068,1571000.0,-41674000,-0.47947995167692575,-0.9681039551392977,-0.9681039551392977,43047030,43047030,https://www.sedar.com/ModifyCompanyDocumentSearchForm.do?lang=EN&company_search=Data Communications Management Corp&document_selection=0&industry_group=A&FromDate=13&FromMonth=05&FromYear=2000&ToDate=13&ToMonth=11&ToYear=2020&Variable=Issuer,https://www.sedar.com/ModifyCompanyDocumentSearchForm.do?lang=EN&company_search=Data Communications Management Corp&document_selection=0&industry_group=A&FromDate=13&FromMonth=05&FromYear=2000&ToDate=13&ToMonth=11&ToYear=2020&Variable=Issuer
0,2012-09-30,DCM.TO,2012-09-30,2012-09-30,Q3,80144000,60430000,19714000,0.24598223198243163,0.0,15331000,8826000.0,0.0,0.0,78071000,1622000.0,0.0,5834000.0,0.07279397085246556,2073000.0,0.005639848273108405,0.0,452000.0,0.005639848273108405,185000.0,298000.0,0.003718307047314833,0.929848,0.929848,252628.0,252628.0,https://www.sedar.com/ModifyCompanyDocumentSearchForm.do?lang=EN&company_search=Data Communications Management Corp&document_selection=0&industry_group=A&FromDate=13&FromMonth=05&FromYear=2000&ToDate=13&ToMonth=11&ToYear=2020&Variable=Issuer,https://www.sedar.com/ModifyCompanyDocumentSearchForm.do?lang=EN&company_search=Data Communications Management Corp&document_selection=0&industry_group=A&FromDate=13&FromMonth=05&FromYear=2000&ToDate=13&ToMonth=11&ToYear=2020&Variable=Issuer
0,2012-06-30,DCM.TO,2012-06-30,2012-06-30,Q2,82608000,61549000,21059000,0.2549268835948092,0.0,16371000,9373000.0,0.0,0.0,80231000,1470000.0,0.0,5986000.0,0.07246271547549873,2377000.0,0.009175866744141004,-154000.0,758000.0,0.009175866744141004,190000.0,588000.0,0.0071179546775130735,2.789544,2.789544,252628.0,252628.0,https://www.sedar.com/ModifyCompanyDocumentSearchForm.do?lang=EN&company_search=Data Communications Management Corp&document_selection=0&industry_group=A&FromDate=13&FromMonth=05&FromYear=2000&ToDate=13&ToMonth=11&ToYear=2020&Variable=Issuer,https://www.sedar.com/ModifyCompanyDocumentSearchForm.do?lang=EN&company_search=Data Communications Management Corp&document_selection=0&industry_group=A&FromDate=13&FromMonth=05&FromYear=2000&ToDate=13&ToMonth=11&ToYear=2020&Variable=Issuer
0,2012-03-31,DCM.TO,2012-03-31,2012-03-31,Q1,86648000,63421000,23227000,0.26806158249469114,0.0,17079000,9786000.0,0.0,0.0,82811000,1480000.0,0.0,7428000.0,0.08572615640291756,3837000.0,0.025551657280029543,-152000.0,2214000.0,0.025551657280029543,-1438000.0,3660000.0,0.042239867048287326,14.877569,14.877569,252628.0,252628.0,https://www.sedar.com/ModifyCompanyDocumentSearchForm.do?lang=EN&company_search=Data Communications Management Corp&document_selection=0&industry_group=A&FromDate=13&FromMonth=05&FromYear=2000&ToDate=13&ToMonth=11&ToYear=2020&Variable=Issuer,https://www.sedar.com/ModifyCompanyDocumentSearchForm.do?lang=EN&company_search=Data Communications Management Corp&document_selection=0&industry_group=A&FromDate=13&FromMonth=05&FromYear=2000&ToDate=13&ToMonth=11&ToYear=2020&Variable=Issuer
0,2011-12-31,DCM.TO,2011-12-31,2011-12-31,Q4,89798000,67285000,22513000,0.25070714269805566,0.0,-7887000.0,9182000.0,0.0,0.0,85895000,2012000.0,0.0,30801000,0.3430031849261676,3903000.0,0.020601795140203567,-442000.0,1850000.0,0.020601795140203567,622000.0,1228000.0,0.013675137530902692,0.02852693902459705,0.02852693902459705,43047030,43047030,https://www.sedar.com/ModifyCompanyDocumentSearchForm.do?lang=EN&company_search=Data Communications Management Corp&document_selection=0&industry_group=A&FromDate=13&FromMonth=05&FromYear=2000&ToDate=13&ToMonth=11&ToYear=2020&Variable=Issuer,https://www.sedar.com/ModifyCompanyDocumentSearchForm.do?lang=EN&company_search=Data Communications Management Corp&document_selection=0&industry_group=A&FromDate=13&FromMonth=05&FromYear=2000&ToDate=13&ToMonth=11&ToYear=2020&Variable=Issuer
0,2011-09-30,DCM.TO,2011-09-30,2011-09-30,Q3,77965000,58669000,19296000,0.24749567113448342,0.0,13764000,8163000.0,0.0,0.0,74999000,1432000.0,0.0,6770000.0,0.08683383569550439,2966000.0,0.02063746552940422,185000.0,1609000.0,0.02063746552940422,614000.0,995000.0,0.012762136856281666,3.719392,3.719392,252628.0,252628.0,https://www.sedar.com/ModifyCompanyDocumentSearchForm.do?lang=EN&company_search=Data Communications Management Corp&document_selection=0&industry_group=A&FromDate=13&FromMonth=05&FromYear=2000&ToDate=13&ToMonth=11&ToYear=2020&Variable=Issuer,https://www.sedar.com/ModifyCompanyDocumentSearchForm.do?lang=EN&company_search=Data Communications Management Corp&document_selection=0&industry_group=A&FromDate=13&FromMonth=05&FromYear=2000&ToDate=13&ToMonth=11&ToYear=2020&Variable=Issuer
0,2011-06-30,DCM.TO,2011-06-30,2011-06-30,Q2,79992000,59806000,20186000,0.25235023502350235,0.0,14951000,0.0,0.0,0.0,77322000,1388000.0,0.0,6534000.0,0.08168316831683169,2670000.0,0.025215021502150214,848000.0,2017000.0,0.025215021502150214,611000.0,1406000.0,0.017576757675767576,5.579089,5.579089,252628.0,252628.0,https://www.sedar.com/ModifyCompanyDocumentSearchForm.do?lang=EN&company_search=Data Communications Management Corp&document_selection=0&industry_group=A&FromDate=13&FromMonth=05&FromYear=2000&ToDate=13&ToMonth=11&ToYear=2020&Variable=Issuer,https://www.sedar.com/ModifyCompanyDocumentSearchForm.do?lang=EN&company_search=Data Communications Management Corp&document_selection=0&industry_group=A&FromDate=13&FromMonth=05&FromYear=2000&ToDate=13&ToMonth=11&ToYear=2020&Variable=Issuer
0,2011-03-31,DCM.TO,2011-03-31,2011-03-31,Q1,84288000,62873000,21415000,0.2540693811693242,0.0,15028000,8859000.0,0.0,0.0,80467000,1356000.0,0.0,7705000.0,0.09141277524677296,3821000.0,0.029755125284738042,147000.0,2508000.0,0.029755125284738042,754000.0,1754000.0,0.02080960516324981,6.508937,6.508937,252628.0,252628.0,https://www.sedar.com/ModifyCompanyDocumentSearchForm.do?lang=EN&company_search=Data Communications Management Corp&document_selection=0&industry_group=A&FromDate=13&FromMonth=05&FromYear=2000&ToDate=13&ToMonth=11&ToYear=2020&Variable=Issuer,https://www.sedar.com/ModifyCompanyDocumentSearchForm.do?lang=EN&company_search=Data Communications Management Corp&document_selection=0&industry_group=A&FromDate=13&FromMonth=05&FromYear=2000&ToDate=13&ToMonth=11&ToYear=2020&Variable=Issuer
0,2010-12-31,DCM.TO,2010-12-31,2010-12-31,Q4,84958000,63717000,21241000,0.2500176557828574,0.0,14328000,8198000.0,0.0,0.0,82541000,1677000.0,0.0,3662000.0,0.04310365121589491,2417000.0,-0.023505732244167705,-2678000.0,-1997000.0,-0.023505732244167705,-2029000.0,32000.0,0.0003766567009581205,0.0007433730038982945,0.0007433730038982945,43047030,43047030,https://www.sedar.com/ModifyCompanyDocumentSearchForm.do?lang=EN&company_search=Data Communications Management Corp&document_selection=0&industry_group=A&FromDate=13&FromMonth=05&FromYear=2000&ToDate=13&ToMonth=11&ToYear=2020&Variable=Issuer,https://www.sedar.com/ModifyCompanyDocumentSearchForm.do?lang=EN&company_search=Data Communications Management Corp&document_selection=0&industry_group=A&FromDate=13&FromMonth=05&FromYear=2000&ToDate=13&ToMonth=11&ToYear=2020&Variable=Issuer
0,2010-09-30,DCM.TO,2010-09-30,2010-09-30,Q3,80734000,61504000,19230000,0.2381896103252657,0.0,13528000,7833000.0,-2222000.0,0.0,77663000,1756000.0,65000.0,5071000.0,0.06281120717417693,3071000.0,-0.010825674437040156,-2222000.0,-874000.0,-0.010825674437040156,300000.0,-1174000.0,-0.014541580994376595,-4.64924,-4.64924,252628.0,252628.0,https://www.sedar.com/ModifyCompanyDocumentSearchForm.do?lang=EN&company_search=Data Communications Management Corp&document_selection=0&industry_group=A&FromDate=13&FromMonth=05&FromYear=2000&ToDate=13&ToMonth=11&ToYear=2020&Variable=Issuer,https://www.sedar.com/ModifyCompanyDocumentSearchForm.do?lang=EN&company_search=Data Communications Management Corp&document_selection=0&industry_group=A&FromDate=13&FromMonth=05&FromYear=2000&ToDate=13&ToMonth=11&ToYear=2020&Variable=Issuer
0,2010-06-30,DCM.TO,2010-06-30,2010-06-30,Q2,80995000,61516000,19479000,0.24049632693376136,0.0,13680000,7979000.0,0.0,0.0,77762000,3942000.0,0.0,7409000.0,0.09147478239397494,3233000.0,-0.008432619297487499,0.0,-683000.0,-0.008432619297487499,-600000.0,-83000.0,-0.0010247546144823755,0.0,0.0,252628.0,252628.0,https://www.sedar.com/ModifyCompanyDocumentSearchForm.do?lang=EN&company_search=Data Communications Management Corp&document_selection=0&industry_group=A&FromDate=13&FromMonth=05&FromYear=2000&ToDate=13&ToMonth=11&ToYear=2020&Variable=Issuer,https://www.sedar.com/ModifyCompanyDocumentSearchForm.do?lang=EN&company_search=Data Communications Management Corp&document_selection=0&industry_group=A&FromDate=13&FromMonth=05&FromYear=2000&ToDate=13&ToMonth=11&ToYear=2020&Variable=Issuer
0,2010-03-31,DCM.TO,2010-03-31,2010-03-31,Q1,85564000,64654000,20910000,0.2443784769295498,0.0,14310000,8312000.0,0.0,0.0,81530000,1294000.0,0.0,8208000.0,0.09592819410032256,4034000.0,0.032022813332710016,0.0,2740000.0,0.032022813332710016,-639000.0,3379000.0,0.03949090739095881,13.017873,13.017873,252628.0,285918.0,https://www.sedar.com/ModifyCompanyDocumentSearchForm.do?lang=EN&company_search=Data Communications Management Corp&document_selection=0&industry_group=A&FromDate=13&FromMonth=05&FromYear=2000&ToDate=13&ToMonth=11&ToYear=2020&Variable=Issuer,https://www.sedar.com/ModifyCompanyDocumentSearchForm.do?lang=EN&company_search=Data Communications Management Corp&document_selection=0&industry_group=A&FromDate=13&FromMonth=05&FromYear=2000&ToDate=13&ToMonth=11&ToYear=2020&Variable=Issuer
0,2009-12-31,DCM.TO,2009-12-31,2009-12-31,Q4,90698000,68347000,22351000,0.24643321793203818,0.0,13800000,0.0,0.0,-866000.0,83819000,1323000.0,0.0,11484000,0.1266180070122825,6879000.0,0.03505038699861077,524000.0,3179000.0,0.03505038699861077,-3057000.0,6236000.0,0.06875565062074136,0.14486481413468014,0.14486481413468014,43047030,43047030,https://www.sedar.com/ModifyCompanyDocumentSearchForm.do?lang=EN&company_search=Data Communications Management Corp&document_selection=0&industry_group=A&FromDate=13&FromMonth=05&FromYear=2000&ToDate=13&ToMonth=11&ToYear=2020&Variable=Issuer,https://www.sedar.com/ModifyCompanyDocumentSearchForm.do?lang=EN&company_search=Data Communications Management Corp&document_selection=0&industry_group=A&FromDate=13&FromMonth=05&FromYear=2000&ToDate=13&ToMonth=11&ToYear=2020&Variable=Issuer
0,2009-09-30,DCM.TO,2009-09-30,2009-09-30,Q3,84443000,62411000,22032000,0.2609097260874199,0.0,15130000,8138000.0,0.0,0.0,80190000,1277000.0,0.0,8602000.0,0.10186753194462538,4253000.0,0.035065073481520076,-30000.0,2961000.0,0.035065073481520076,-300000.0,3261000.0,0.03861776583020499,13.017873,13.017873,252628.0,252628.0,https://www.sedar.com/ModifyCompanyDocumentSearchForm.do?lang=EN&company_search=Data Communications Management Corp&document_selection=0&industry_group=A&FromDate=13&FromMonth=05&FromYear=2000&ToDate=13&ToMonth=11&ToYear=2020&Variable=Issuer,https://www.sedar.com/ModifyCompanyDocumentSearchForm.do?lang=EN&company_search=Data Communications Management Corp&document_selection=0&industry_group=A&FromDate=13&FromMonth=05&FromYear=2000&ToDate=13&ToMonth=11&ToYear=2020&Variable=Issuer
0,2009-06-30,DCM.TO,2009-06-30,2009-06-30,Q2,84269000,62938000,21331000,0.2531298579548826,0.0,15693000,8408000.0,0.0,866000.0,82146000,1253000.0,0.0,6533000.0,0.07752554320093985,2123000.0,0.010324081216105566,0.0,870000.0,0.010324081216105566,121000.0,749000.0,0.008888203253865598,2.789544,2.789544,252628.0,252628.0,https://www.sedar.com/ModifyCompanyDocumentSearchForm.do?lang=EN&company_search=Data Communications Management Corp&document_selection=0&industry_group=A&FromDate=13&FromMonth=05&FromYear=2000&ToDate=13&ToMonth=11&ToYear=2020&Variable=Issuer,https://www.sedar.com/ModifyCompanyDocumentSearchForm.do?lang=EN&company_search=Data Communications Management Corp&document_selection=0&industry_group=A&FromDate=13&FromMonth=05&FromYear=2000&ToDate=13&ToMonth=11&ToYear=2020&Variable=Issuer
0,2009-03-31,DCM.TO,2009-03-31,2009-03-31,Q1,90417000,67275000,23142000,0.255947443511729,0.0,15928000,8801000.0,0.0,-2000.0,85850000,1436000.0,0.0,9068000.0,0.10029087450368847,4567000.0,0.03462844376610593,0.0,3131000.0,0.03462844376610593,334000.0,2797000.0,0.03093444816793302,11.158177,11.158177,252628.0,252628.0,https://www.sedar.com/ModifyCompanyDocumentSearchForm.do?lang=EN&company_search=Data Communications Management Corp&document_selection=0&industry_group=A&FromDate=13&FromMonth=05&FromYear=2000&ToDate=13&ToMonth=11&ToYear=2020&Variable=Issuer,https://www.sedar.com/ModifyCompanyDocumentSearchForm.do?lang=EN&company_search=Data Communications Management Corp&document_selection=0&industry_group=A&FromDate=13&FromMonth=05&FromYear=2000&ToDate=13&ToMonth=11&ToYear=2020&Variable=Issuer
0,2008-12-31,DCM.TO,2008-12-31,2008-12-31,Q4,96508000,71766000,24742000,0.2563725287022838,0.0,16040000,0.0,0.0,0.0,90550000,1460000.0,0.0,9747000.0,0.10099680855473121,5958000.0,-0.07898827040245368,-11194000,-7623000.0,-0.07898827040245368,2423000.0,-10046000,-0.10409499730592282,-0.23337266241132082,-0.23337266241132082,43047030,43047030,https://www.sedar.com/ModifyCompanyDocumentSearchForm.do?lang=EN&company_search=Data Communications Management Corp&document_selection=0&industry_group=A&FromDate=13&FromMonth=05&FromYear=2000&ToDate=13&ToMonth=11&ToYear=2020&Variable=Issuer,https://www.sedar.com/ModifyCompanyDocumentSearchForm.do?lang=EN&company_search=Data Communications Management Corp&document_selection=0&industry_group=A&FromDate=13&FromMonth=05&FromYear=2000&ToDate=13&ToMonth=11&ToYear=2020&Variable=Issuer
0,2008-09-30,DCM.TO,2008-09-30,2008-09-30,Q3,89205000,66220000,22985000,0.2576649290959027,0.0,16749000,0.0,0.0,0.0,85713000,1500000.0,0.0,9146000.0,0.10252788520822824,3492000.0,0.011938792668572389,-927000.0,1065000.0,0.011938792668572389,-82000.0,1147000.0,0.012858023653382658,4.64924,4.64924,252628.0,252628.0,https://www.sedar.com/ModifyCompanyDocumentSearchForm.do?lang=EN&company_search=Data Communications Management Corp&document_selection=0&industry_group=A&FromDate=13&FromMonth=05&FromYear=2000&ToDate=13&ToMonth=11&ToYear=2020&Variable=Issuer,https://www.sedar.com/ModifyCompanyDocumentSearchForm.do?lang=EN&company_search=Data Communications Management Corp&document_selection=0&industry_group=A&FromDate=13&FromMonth=05&FromYear=2000&ToDate=13&ToMonth=11&ToYear=2020&Variable=Issuer
0,2008-06-30,DCM.TO,2008-06-30,2008-06-30,Q2,93733000,67785000,25948000,0.27682886496751413,0.0,17330000,0.0,0.0,0.0,87859000,1471000.0,0.0,10747000,0.11465545752296416,5874000.0,0.04697385125836152,0.0,4403000.0,0.04697385125836152,400000.0,4003000.0,0.04270641076248493,15.807418,15.807418,252628.0,252628.0,https://www.sedar.com/ModifyCompanyDocumentSearchForm.do?lang=EN&company_search=Data Communications Management Corp&document_selection=0&industry_group=A&FromDate=13&FromMonth=05&FromYear=2000&ToDate=13&ToMonth=11&ToYear=2020&Variable=Issuer,https://www.sedar.com/ModifyCompanyDocumentSearchForm.do?lang=EN&company_search=Data Communications Management Corp&document_selection=0&industry_group=A&FromDate=13&FromMonth=05&FromYear=2000&ToDate=13&ToMonth=11&ToYear=2020&Variable=Issuer
0,2008-03-31,DCM.TO,2008-03-31,2008-03-31,Q1,101026000,72639000,28387000,0.2809870726347673,0.0,18254000,0.0,0.0,0.0,93637000,1598000.0,0.0,12125000,0.12001860907093223,7389000.0,0.05732187753647576,0.0,5791000.0,0.05732187753647576,200000.0,5591000.0,0.055342189139429454,22.316354,22.316354,252628.0,252628.0,https://www.sedar.com/ModifyCompanyDocumentSearchForm.do?lang=EN&company_search=Data Communications Management Corp&document_selection=0&industry_group=A&FromDate=13&FromMonth=05&FromYear=2000&ToDate=13&ToMonth=11&ToYear=2020&Variable=Issuer,https://www.sedar.com/ModifyCompanyDocumentSearchForm.do?lang=EN&company_search=Data Communications Management Corp&document_selection=0&industry_group=A&FromDate=13&FromMonth=05&FromYear=2000&ToDate=13&ToMonth=11&ToYear=2020&Variable=Issuer
0,2007-12-31,DCM.TO,2007-12-31,2007-12-31,Q4,107235000,76430000,30805000,0.2872662843288106,0.0,17227000,0.0,0.0,0.0,97020000,1622000.0,0.0,24513000,0.22859141138620787,10215000,0.07312910896628899,-173000.0,7842000.0,0.07312910896628899,-2830000.0,10672000,0.09951974635147107,0.24791489680008122,0.24791489680008122,43047030,43047030,https://www.sedar.com/ModifyCompanyDocumentSearchForm.do?lang=EN&company_search=Data Communications Management Corp&document_selection=0&industry_group=A&FromDate=13&FromMonth=05&FromYear=2000&ToDate=13&ToMonth=11&ToYear=2020&Variable=Issuer,https://www.sedar.com/ModifyCompanyDocumentSearchForm.do?lang=EN&company_search=Data Communications Management Corp&document_selection=0&industry_group=A&FromDate=13&FromMonth=05&FromYear=2000&ToDate=13&ToMonth=11&ToYear=2020&Variable=Issuer
0,2007-09-30,DCM.TO,2007-09-30,2007-09-30,Q3,90221000,66672000,23549000,0.2610146196561776,0.0,16930000,0.0,0.0,0.0,86013000,1626000.0,0.0,7197000.0,0.07977078507221157,4208000.0,0.022212123563250242,-578000.0,2004000.0,0.022212123563250242,566000.0,1438000.0,0.01593863956285122,5.579089,5.579089,252588.0,252588.0,https://www.sedar.com/ModifyCompanyDocumentSearchForm.do?lang=EN&company_search=Data Communications Management Corp&document_selection=0&industry_group=A&FromDate=13&FromMonth=05&FromYear=2000&ToDate=13&ToMonth=11&ToYear=2020&Variable=Issuer,https://www.sedar.com/ModifyCompanyDocumentSearchForm.do?lang=EN&company_search=Data Communications Management Corp&document_selection=0&industry_group=A&FromDate=13&FromMonth=05&FromYear=2000&ToDate=13&ToMonth=11&ToYear=2020&Variable=Issuer
0,2007-06-30,DCM.TO,2007-06-30,2007-06-30,Q2,97201000,71818000,25383000,0.26113928869044556,0.0,17793000,0.0,0.0,0.0,92022000,1565000.0,0.0,12092000,0.12440201232497608,5179000.0,0.01287023796051481,-2363000.0,1251000.0,0.01287023796051481,9746000.0,-8495000.0,-0.08739622020349586,-33.474531,-33.474531,252467.0,252467.0,https://www.sedar.com/ModifyCompanyDocumentSearchForm.do?lang=EN&company_search=Data Communications Management Corp&document_selection=0&industry_group=A&FromDate=13&FromMonth=05&FromYear=2000&ToDate=13&ToMonth=11&ToYear=2020&Variable=Issuer,https://www.sedar.com/ModifyCompanyDocumentSearchForm.do?lang=EN&company_search=Data Communications Management Corp&document_selection=0&industry_group=A&FromDate=13&FromMonth=05&FromYear=2000&ToDate=13&ToMonth=11&ToYear=2020&Variable=Issuer
0,2007-03-31,DCM.TO,2007-03-31,2007-03-31,Q1,103996000,76395000,27601000,0.2654044386322551,0.0,18782000,0.0,0.0,0.0,97588000,0.0,0.0,12053000,0.11589868841109273,6408000.0,0.03663602446247933,-1056000.0,3810000.0,0.03663602446247933,0.0,3810000.0,0.03663602446247933,14.877569,14.877569,252467.0,252467.0,https://www.sedar.com/ModifyCompanyDocumentSearchForm.do?lang=EN&company_search=Data Communications Management Corp&document_selection=0&industry_group=A&FromDate=13&FromMonth=05&FromYear=2000&ToDate=13&ToMonth=11&ToYear=2020&Variable=Issuer,https://www.sedar.com/ModifyCompanyDocumentSearchForm.do?lang=EN&company_search=Data Communications Management Corp&document_selection=0&industry_group=A&FromDate=13&FromMonth=05&FromYear=2000&ToDate=13&ToMonth=11&ToYear=2020&Variable=Issuer
0,2006-12-31,DCM.TO,2006-12-31,2006-12-31,Q4,108846000,81530000,27316000,0.25096007202837034,0.0,18587000,0.0,0.0,0.0,102528000,1817000.0,0.0,11148000,0.10241993274902156,6318000.0,0.03984528600040424,0.0,4337000.0,0.03984528600040424,0.0,4337000.0,0.03984528600040424,0.10075027243459073,0.10075027243459073,43047030,43047030,https://www.sedar.com/ModifyCompanyDocumentSearchForm.do?lang=EN&company_search=Data Communications Management Corp&document_selection=0&industry_group=A&FromDate=13&FromMonth=05&FromYear=2000&ToDate=13&ToMonth=11&ToYear=2020&Variable=Issuer,https://www.sedar.com/ModifyCompanyDocumentSearchForm.do?lang=EN&company_search=Data Communications Management Corp&document_selection=0&industry_group=A&FromDate=13&FromMonth=05&FromYear=2000&ToDate=13&ToMonth=11&ToYear=2020&Variable=Issuer
0,2006-09-30,DCM.TO,2006-09-30,2006-09-30,Q3,67838000,52228000,15610000,0.23010701966449482,0.0,12790000,0.0,0.0,0.0,66861000,938000.0,0.0,4222000.0,0.062236504613933194,977000.0,0.000574899024145759,0.0,39000.0,0.000574899024145759,-15200000,15239000,0.22463810843480056,79.966936,76.247543,191384.0,202537.0,https://www.sedar.com/ModifyCompanyDocumentSearchForm.do?lang=EN&company_search=Data Communications Management Corp&document_selection=0&industry_group=A&FromDate=13&FromMonth=05&FromYear=2000&ToDate=13&ToMonth=11&ToYear=2020&Variable=Issuer,https://www.sedar.com/ModifyCompanyDocumentSearchForm.do?lang=EN&company_search=Data Communications Management Corp&document_selection=0&industry_group=A&FromDate=13&FromMonth=05&FromYear=2000&ToDate=13&ToMonth=11&ToYear=2020&Variable=Issuer
0,2006-06-30,DCM.TO,2006-06-30,2006-06-30,Q2,83802000,38292000,45510000,0.5430657979523161,0.0,9886000.0,0.0,0.0,0.0,49830000,567000.0,0.0,36501000,0.43556239707882866,33972000,0.04739743681535047,567000.0,3972000.0,0.04739743681535047,-907000.0,4312000.0,0.05145461922149829,26.965595,26.965595,159825.0,159825.0,https://www.sedar.com/ModifyCompanyDocumentSearchForm.do?lang=EN&company_search=Data Communications Management Corp&document_selection=0&industry_group=A&FromDate=13&FromMonth=05&FromYear=2000&ToDate=13&ToMonth=11&ToYear=2020&Variable=Issuer,https://www.sedar.com/ModifyCompanyDocumentSearchForm.do?lang=EN&company_search=Data Communications Management Corp&document_selection=0&industry_group=A&FromDate=13&FromMonth=05&FromYear=2000&ToDate=13&ToMonth=11&ToYear=2020&Variable=Issuer
0,2006-03-31,DCM.TO,2006-03-31,2006-03-31,Q1,56164000,39582000,16582000,0.2952425040951499,0.0,10492000,0.0,0.0,0.0,51726000,543000.0,0.0,6939000.0,0.12354889252902215,4438000.0,0.06935047361299053,0.0,3895000.0,0.06935047361299053,-108000.0,4003000.0,0.07127341357453174,25.105898,25.105898,159825.0,159825.0,https://www.sedar.com/ModifyCompanyDocumentSearchForm.do?lang=EN&company_search=Data Communications Management Corp&document_selection=0&industry_group=A&FromDate=13&FromMonth=05&FromYear=2000&ToDate=13&ToMonth=11&ToYear=2020&Variable=Issuer,https://www.sedar.com/ModifyCompanyDocumentSearchForm.do?lang=EN&company_search=Data Communications Management Corp&document_selection=0&industry_group=A&FromDate=13&FromMonth=05&FromYear=2000&ToDate=13&ToMonth=11&ToYear=2020&Variable=Issuer
0,2005-12-31,DCM.TO,2005-12-31,2005-12-31,Q4,55980000,40415000,15565000,0.27804573061807786,0.0,9839000.0,0.0,0.0,0.0,51906000,573000.0,0.0,6546000.0,0.11693461950696678,4074000.0,0.06254019292604501,0.0,3501000.0,0.06254019292604501,-115000.0,3616000.0,0.06459449803501251,0.08400114944050728,0.08400114944050728,43047030,43047030,https://www.sedar.com/ModifyCompanyDocumentSearchForm.do?lang=EN&company_search=Data Communications Management Corp&document_selection=0&industry_group=A&FromDate=13&FromMonth=05&FromYear=2000&ToDate=13&ToMonth=11&ToYear=2020&Variable=Issuer,https://www.sedar.com/ModifyCompanyDocumentSearchForm.do?lang=EN&company_search=Data Communications Management Corp&document_selection=0&industry_group=A&FromDate=13&FromMonth=05&FromYear=2000&ToDate=13&ToMonth=11&ToYear=2020&Variable=Issuer
0,2005-09-30,DCM.TO,2005-09-30,2005-09-30,Q3,52447000,37771000,14676000,0.2798253474936603,0.0,9705000.0,0.0,0.0,0.0,49128000,0.0,0.0,4971000.0,0.09478139836406277,3319000.0,0.05394016816977139,0.0,2829000.0,0.05394016816977139,-375000.0,3204000.0,0.06109024348389803,20.456658,20.456658,159825.0,159825.0,https://www.sedar.com/ModifyCompanyDocumentSearchForm.do?lang=EN&company_search=Data Communications Management Corp&document_selection=0&industry_group=A&FromDate=13&FromMonth=05&FromYear=2000&ToDate=13&ToMonth=11&ToYear=2020&Variable=Issuer,https://www.sedar.com/ModifyCompanyDocumentSearchForm.do?lang=EN&company_search=Data Communications Management Corp&document_selection=0&industry_group=A&FromDate=13&FromMonth=05&FromYear=2000&ToDate=13&ToMonth=11&ToYear=2020&Variable=Issuer
