,date,symbol,fillingDate,acceptedDate,period,revenue,costOfRevenue,grossProfit,grossProfitRatio,researchAndDevelopmentExpenses,generalAndAdministrativeExpenses,sellingAndMarketingExpenses,otherExpenses,operatingExpenses,costAndExpenses,interestExpense,depreciationAndAmortization,ebitda,ebitdaratio,operatingIncome,operatingIncomeRatio,totalOtherIncomeExpensesNet,incomeBeforeTax,incomeBeforeTaxRatio,incomeTaxExpense,netIncome,netIncomeRatio,eps,epsdiluted,weightedAverageShsOut,weightedAverageShsOutDil,link,finalLink
0,2020-09-30,WNC,2020-11-05,2020-11-05 16:02:34,Q3,351584000,308390000,43194000,0.12285542004186766,0.0,22749000,6510000.0,-5806000.0,29259000,337649000,5749000.0,6999000.0,15407000,0.04382167561663784,8408000.0,0.023914626376626922,0.0,2602000.0,0.007400791844907618,-1285000.0,3887000.0,0.011055679439337399,0.07,0.07,52874000,52874000,https://www.sec.gov/Archives/edgar/data/879526/000087952620000076/0000879526-20-000076-index.htm,https://www.sec.gov/Archives/edgar/data/879526/000087952620000076/wnc-20200930.htm
0,2020-06-30,WNC,2020-07-29,2020-07-29 17:02:57,Q2,339153000,304832000,34321000,0.10119621527747064,0.0,24519000,4886000.0,-5597000.0,28322000.000000004,333154000,5882000.0,11526000,17810000,0.052513,5999000.0,0.017688,285000.0,402000.0,0.001185,548000.0,-146000.0,-0.00043,-0.00276,-0.00276,52874000,52874000,https://www.sec.gov/Archives/edgar/data/879526/000087952620000061/0000879526-20-000061-index.htm,https://www.sec.gov/Archives/edgar/data/879526/000087952620000061/wnc-20200630.htm
0,2020-03-31,WNC,2020-05-14 00:00:00,2020-05-14 16:13:57,Q1,387074000,350331000,36743000,0.094925,0.0,34190000,7998000.0,-6152000.0,146798999.99999997,497130000,6272000.0,11119000,-98817000,-0.255292,-110056000,-0.284328,120000.0,-116208000,-0.300222,-9561000.0,-106647000,-0.275521,-2.0063,-2.0063,53156000,53156000,https://www.sec.gov/Archives/edgar/data/879526/000087952620000049/0000879526-20-000049-index.html,https://www.sec.gov/Archives/edgar/data/879526/000087952620000049/wnc-20200331.htm
0,2019-12-31,WNC,2020-02-25 00:00:00,2020-02-25 16:04:53,Q4,579001000,506694000,72307000,0.124882,0.0,35408000,9136000.0,-6477000.0,40526000.00000001,547220000,6517000.0,10746000,42567000,0.073518,31781000,0.054889,40000.0,25304000,0.043703,6929000.0,18375000,0.031736,0.33621,0.33621,54654000,54654000,https://www.sec.gov/Archives/edgar/data/879526/000087952620000021/0000879526-20-000021-index.html,https://www.sec.gov/Archives/edgar/data/879526/000087952620000021/wnc-20191231x10k.htm
0,2019-09-30,WNC,2019-11-06 00:00:00,2019-11-06 12:03:53,Q3,580908000,503173000,77735000,0.133816,0.0,34351000,8998000.0,-5380000.0,39466000.00000001,542639000,6713000.0,10415999.999999998,50018000,0.086103,38269000,0.065878,1333000.0,32889000,0.056617,7429000.0,25460000,0.043828,0.46275,0.46275,55019000,55019000,https://www.sec.gov/Archives/edgar/data/879526/000087952619000068/0000879526-19-000068-index.html,https://www.sec.gov/Archives/edgar/data/879526/000087952619000068/wnc-20190930x10q.htm
0,2019-06-30,WNC,2019-07-31 00:00:00,2019-07-31 14:23:27,Q2,626053000,538403000,87650000,0.140004,0.0,35003000,8494000.0,-5939000.0,40111999.99999996,578515000,7020000.0,10646000,59265000,0.094665,47538000,0.075933,1081000.0,41599000,0.066446,10639000,30960000,0.049453,0.55615,0.55615,55668000,55668000,https://www.sec.gov/Archives/edgar/data/879526/000087952619000052/0000879526-19-000052-index.html,https://www.sec.gov/Archives/edgar/data/879526/000087952619000052/wnc-20190630x10q.htm
0,2019-03-31,WNC,2019-05-01 00:00:00,2019-05-01 15:50:41,Q1,533174000,464484000,68690000,0.128832,0.0,38363000,8223000.0,-7259000.0,43492000.00000002,507976000,7090000.0,10549000,35578000,0.066729,25198000,0.04726,-169000.0,17939000,0.033646,3159000.0,14780000,0.027721,0.26502,0.26502,55770000,55770000,https://www.sec.gov/Archives/edgar/data/879526/000087952619000030/0000879526-19-000030-index.html,https://www.sec.gov/Archives/edgar/data/879526/000087952619000030/wnc-20190331x10q.htm
0,2018-12-31,WNC,2019-02-28 00:00:00,2019-02-28 08:31:12,Q4,610196000,541140000,69056000,0.11317,0.0,28649000,7455000.0,-14983000,46278000.00000002,587418000,7110000.0,10183000,34672000,0.056821,22778000,0.037329,1290000.0,16958000,0.027791,5795000.0,11584000,0.018984,0.20661,0.20661,56066000,56066000,https://www.sec.gov/Archives/edgar/data/879526/000087952619000024/0000879526-19-000024-index.html,https://www.sec.gov/Archives/edgar/data/879526/000087952619000024/wnc-20181231x10k.htm
0,2018-09-30,WNC,2018-10-30 00:00:00,2018-10-30 17:21:26,Q3,553100000,487900000,65200000,0.117881,0.0,31700000,8690000.0,0.0,48700000.000000045,536600000.00000006,7044000.0,10299999.999999998,27344000,0.049438,16500000,0.029832,500000.0,10000000,0.01808,5300000.0,4700000.0,0.008498,0.08146,0.08146,57700000,57700000,https://www.sec.gov/Archives/edgar/data/879526/000114420418056205/0001144204-18-056205-index.html,https://www.sec.gov/Archives/edgar/data/879526/000114420418056205/tv505206_10q.htm
0,2018-06-30,WNC,2018-08-08 00:00:00,2018-08-08 16:31:50,Q2,612700000,527400000,85300000,0.13922,0.0,34300000,8556000.0,0.0,39200000.000000045,566600000,7151000.0,10100000.000000002,60151000,0.098174,46000000,0.075078,4000000.0,42900000,0.070018,11000000,31900000,0.052065,0.53794,0.53794,59300000,59300000,https://www.sec.gov/Archives/edgar/data/879526/000114420418042846/0001144204-18-042846-index.html,https://www.sec.gov/Archives/edgar/data/879526/000114420418042846/tv499778_10q.htm
0,2018-03-31,WNC,2018-05-01 00:00:00,2018-05-01 16:57:18,Q1,491300000,427200000,64100000,0.13047,0.0,33500000,8345000.0,0.0,38500000,465700000,7454000.0,10100000.000000002,43654000,0.088854,25700000,0.05231,7900000.0,26100000,0.053124,4800000.0,21300000,0.043354,0.34975,0.34975,60900000,60900000,https://www.sec.gov/Archives/edgar/data/879526/000114420418024493/0001144204-18-024493-index.html,https://www.sec.gov/Archives/edgar/data/879526/000114420418024493/tv491616_10q.htm
0,2017-12-31,WNC,2018-02-28 00:00:00,2018-02-28 16:44:10,Q4,543400000,470600000,72900000,0.134155,0.0,32300000,8020000.0,0.0,37599999.99999996,508199999.99999994,7335000.0,9600000.000000002,64835000,0.119314,35300000,0.064961,200000.0,28200000,0.051895,-1500000.0,49400000,0.090909,0.80065,0.80065,61700000,61700000,https://www.sec.gov/Archives/edgar/data/879526/000114420418011800/0001144204-18-011800-index.html,https://www.sec.gov/Archives/edgar/data/879526/000114420418011800/tv486346_10k.htm
0,2017-09-30,WNC,2017-10-31 00:00:00,2017-10-31 16:56:43,Q3,425100000,364100000,61000000,0.143496,0.0,21600000,5498000.0,0.0,34399999.99999998,398500000,3187000.0,8399999.999999998,41187000,0.096888,26600000,0.062574,6300000.0,29700000,0.069866,10700000,18900000,0.04446,0.30386,0.30386,62200000,62200000,https://www.sec.gov/Archives/edgar/data/879526/000114420417055193/0001144204-17-055193-index.html,https://www.sec.gov/Archives/edgar/data/879526/000114420417055193/tv477463_10q.htm
0,2017-06-30,WNC,2017-07-25 00:00:00,2017-07-25 17:03:11,Q2,435900000,368200000,67700000,0.155311,0.0,24900000,5897000.0,0.0,29000000,397200000,2888000.0,8300000.0,47288000,0.108484,38700000,0.088782,300000.0,36100000,0.082817,13200000,22900000,0.052535,0.36234,0.36234,63200000,63200000,https://www.sec.gov/Archives/edgar/data/879526/000114420417038128/0001144204-17-038128-index.html,https://www.sec.gov/Archives/edgar/data/879526/000114420417038128/v470944_10q.htm
0,2017-03-31,WNC,2017-04-24 00:00:00,2017-04-24 16:57:36,Q1,362700000,303400000,59400000,0.163772,0.0,24600000,6173000.0,0.0,29100000.000000022,332500000,2990000.0,8700000.0,40290000,0.111084,30300000,0.08354,1300000.0,28600000,0.078853,8400000.0,20200000,0.055693,0.31861,0.31861,63400000,63400000,https://www.sec.gov/Archives/edgar/data/879526/000114420417021761/0001144204-17-021761-index.html,https://www.sec.gov/Archives/edgar/data/879526/000114420417021761/v464473_10q.htm
0,2016-12-31,WNC,2017-02-27 00:00:00,2017-02-27 16:34:33,Q4,462100000,390600000,71500000,0.154728,0.0,25900000,6849000.0,1663000.0,30799999.999999955,421399999.99999994,3725000.0,9500000.0,48425000,0.104793,40600000,0.08786,-1700000.0,35200000,0.076174,12200000,23000000,0.049773,0.36107,0.36107,63700000,63700000,https://www.sec.gov/Archives/edgar/data/879526/000114420417011303/0001144204-17-011303-index.html,https://www.sec.gov/Archives/edgar/data/879526/000114420417011303/v459816_10k.htm
0,2016-09-30,WNC,2016-10-24 00:00:00,2016-10-24 17:04:28,Q3,464300000,380800000,83500000,0.179841,0.0,23600000,6415000.0,0.0,28599999.999999966,409399999.99999994,3906000.0,9000000.0,64706000,0.139362,54900000,0.118243,800000.0,51800000,0.111566,18400000,33400000,0.071936,0.50606,0.50606,66000000,66000000,https://www.sec.gov/Archives/edgar/data/879526/000114420416129214/0001144204-16-129214-index.html,https://www.sec.gov/Archives/edgar/data/879526/000114420416129214/v450622_10q.htm
0,2016-06-30,WNC,2016-07-26,2016-07-26 16:43:44,Q2,471400000,380400000,91100000,0.193254,0.0,25500000,7045000.0,0.0,32200000.000000045,412600000.00000006,3937000.0,9000000.0,67637000,0.143481,58900000,0.124947,-200000.0,54700000,0.116037,19200000,35500000,0.075308,0.52906,0.52906,67100000,67100000,https://www.sec.gov/Archives/edgar/data/879526/000114420416114516/v444574_10q.htm,https://www.sec.gov/Archives/edgar/data/879526/000114420416114516/v444574_10q.htm
0,2016-03-31,WNC,2016-04-26 00:00:00,2016-04-26 16:50:34,Q1,447700000,368200000,79500000,0.177574,0.0,26400000,6961000.0,0.0,31300000.00000001,399500000,4095000.0,9200000.0,56995000,0.127306,48200000,0.107661,-400000.0,43700000,0.09761,16200000,27500000,0.061425,0.41541,0.41541,66200000,66200000,https://www.sec.gov/Archives/edgar/data/879526/000114420416096381/0001144204-16-096381-index.html,https://www.sec.gov/Archives/edgar/data/879526/000114420416096381/v437131_10q.htm
0,2015-12-31,WNC,2016-02-26 00:00:00,2016-02-26 17:53:57,Q4,543700000,455900000,87800000,0.161486,0.0,26800000,7017000.0,1100000.0,33100000.00000002,489000000,4789000.0,9600000.0,64289000,0.118244,54700000,0.100607,0.0,49900000,0.091779,16600000,33300000,0.061247,0.49554,0.49554,67200000,67200000,https://www.sec.gov/Archives/edgar/data/879526/000114420416084690/0001144204-16-084690-index.html,https://www.sec.gov/Archives/edgar/data/879526/000114420416084690/v430273_10k.htm
0,2015-09-30,WNC,2015-10-27 00:00:00,2015-10-27 17:20:41,Q3,531400000,445300000,86000000,0.161837,0.0,24300000,6462000.0,0.0,29699999.99999999,475000000,4784000.0,9500000.0,65684000,0.123606,56400000,0.106135,-200000.0,51400000,0.096726,19500000,31900000,0.06003,0.46912,0.46912,68000000,68000000,https://www.sec.gov/Archives/edgar/data/879526/000114420415061065/0001144204-15-061065-index.html,https://www.sec.gov/Archives/edgar/data/879526/000114420415061065/v422700_10q.htm
0,2015-06-30,WNC,2015-07-28 00:00:00,2015-07-28 16:58:16,Q2,514800000,442400000,72400000,0.140637,0.0,25000000,7185000.0,0.0,30400000.000000034,472800000.00000006,4802000.0,9500000.0,59602000,0.115777,42100000,0.081779,8100000.0,45300000,0.087995,16700000,28600000,0.055556,0.40453,0.40453,70700000,70700000,https://www.sec.gov/Archives/edgar/data/879526/000114420415044628/0001144204-15-044628-index.html,https://www.sec.gov/Archives/edgar/data/879526/000114420415044628/v415793_10q.htm
0,2015-03-31,WNC,2015-04-27 00:00:00,2015-04-27 16:32:38,Q1,437600000,380400000,57200000,0.130713,0.0,24600000,6569000.0,0.0,35200000.000000045,415600000.00000006,5173000.0,9399999.999999998,31273000,0.071465,22000000,0.050274,-100000.0,16700000,0.038163,6200000.0,10500000,0.023995,0.14665,0.14665,71600000,71600000,https://www.sec.gov/Archives/edgar/data/879526/000114420415025258/0001144204-15-025258-index.html,https://www.sec.gov/Archives/edgar/data/879526/000114420415025258/v407637_10q.htm
0,2014-12-31,WNC,2015-02-27,2015-02-27 08:27:23,Q4,527500000,464800000,62700000,0.118863,0.0,23100000,6315000.0,0.0,28500000,493300000,5261000.0,9800000.0,43861000,0.083149,34100000,0.064645,-100000.0,28700000,0.054408,9700000.0,19100000,0.036209,0.27403,0.27403,69700000,69700000,https://www.sec.gov/Archives/edgar/data/879526/000114420415012408/v400124_10k.htm,https://www.sec.gov/Archives/edgar/data/879526/000114420415012408/v400124_10k.htm
0,2014-09-30,WNC,2014-10-28 00:00:00,2014-10-28 16:49:59,Q3,491700000,430100000,61600000,0.12528,0.0,21200000,6271000.0,0.0,26699999.99999999,456800000,5454000.0,9799999.999999996,44154000,0.089799,34900000,0.070978,-600000.0,28900000,0.058776,10600000,18300000,0.037218,0.25452,0.25452,71900000,71900000,https://www.sec.gov/Archives/edgar/data/879526/000114420414063374/0001144204-14-063374-index.html,https://www.sec.gov/Archives/edgar/data/879526/000114420414063374/v391664_10q.htm
0,2014-06-30,WNC,2014-07-29 00:00:00,2014-07-29 16:48:52,Q2,486000000,424400000,61600000,0.126749,0.0,22300000,6826000.0,0.0,27800000.00000001,452200000,5733000.0,9800000.0,42533000,0.087516,33900000,0.069753,-1000000.0,27100000,0.055761,10800000,16200000,0.033333,0.22253,0.22253,72800000,72800000,https://www.sec.gov/Archives/edgar/data/879526/000114420414045489/0001144204-14-045489-index.html,https://www.sec.gov/Archives/edgar/data/879526/000114420414045489/v384233_10q.htm
0,2014-03-31,WNC,2014-04-28 00:00:00,2014-04-28 17:01:55,Q1,358100000,311400000,46700000,0.13041,0.0,21700000,7264000.0,0.0,27300000.00000001,338700000,5717000.0,9500000.0,29017000,0.08103,19500000,0.054454,0.0,13800000,0.038537,6500000.0,7300000.0,0.020385,0.10224,0.10224,71400000,71400000,https://www.sec.gov/Archives/edgar/data/879526/000114420414025365/0001144204-14-025365-index.html,https://www.sec.gov/Archives/edgar/data/879526/000114420414025365/v375259_10q.htm
0,2013-12-31,WNC,2014-02-27,2014-02-27 16:12:45,Q4,458400000,405800000,52600000,0.114747,0.0,23000000,7568000.0,0.0,28500000,434300000,5944000.0,9700000.000000002,33144000,0.072304,24100000,0.052574,-600000.0,17500000,0.038176,7100000.0,10400000,0.022688,0.14943,0.14943,69600000,69600000,https://www.sec.gov/Archives/edgar/data/879526/000114420414012076/v368994_10k.htm,https://www.sec.gov/Archives/edgar/data/879526/000114420414012076/v368994_10k.htm
0,2013-09-30,WNC,2013-10-29 00:00:00,2013-10-29 16:46:58,Q3,440000000,378500000,61500000,0.139773,0.0,22200000,7628000.0,0.0,27600000.000000022,406100000,6252000.0,9400000.0,42552000,0.096709,33800000,0.076818,-600000.0,27000000,0.061364,10700000,16200000,0.036818,0.23478,0.23478,69000000,69000000,https://www.sec.gov/Archives/edgar/data/879526/000114420413057447/0001144204-13-057447-index.html,https://www.sec.gov/Archives/edgar/data/879526/000114420413057447/v357709_10q.htm
0,2013-06-30,WNC,2013-07-30 00:00:00,2013-07-30 17:03:58,Q2,413100000,354300000,58900000,0.14258,0.0,22700000,7734000.0,0.0,28399999.999999978,382700000,6577000.0,9500000.0,39577000,0.095805,30500000,0.073832,-300000.0,23500000,0.056887,9400000.0,14100000,0.034132,0.20201,0.20201,69800000,69800000,https://www.sec.gov/Archives/edgar/data/879526/000114420413042015/0001144204-13-042015-index.html,https://www.sec.gov/Archives/edgar/data/879526/000114420413042015/v350462_10q.htm
0,2013-03-31,WNC,2013-04-30 00:00:00,2013-04-30 16:48:17,Q1,324200000,282000000,42200000,0.130167,0.0,21300000,7667000.0,0.0,27399999.999999978,309400000,7535000.0,9800000.0,26835000,0.082773,14900000,0.045959,2200000.0,9600000.0,0.029611,3800000.0,5700000.0,0.017582,0.08285,0.08285,68800000,68800000,https://www.sec.gov/Archives/edgar/data/879526/000114420413025199/0001144204-13-025199-index.html,https://www.sec.gov/Archives/edgar/data/879526/000114420413025199/v340710_10-q.htm
0,2012-12-31,WNC,2013-02-28 00:00:00,2013-02-28 09:17:44,Q4,415800000,361500000,54300000,0.130592,0.0,21400000,7477000.0,0.0,25100000.000000022,386600000,-9798000.0,7700000.0,19102000,0.04594,29200000,0.070226,-200000.0,21200000,0.050986,-59000000,80200000,0.192881,1.1691,1.1691,68600000,68600000,https://www.sec.gov/Archives/edgar/data/879526/000114420413011760/0001144204-13-011760-index.html,https://www.sec.gov/Archives/edgar/data/879526/000114420413011760/v333312_10k.htm
0,2012-09-30,WNC,2012-11-01 00:00:00,2012-11-01 16:39:46,Q3,405900000,355800000,50100000,0.123429,0.0,19700000,16111000,0.0,22899999.999999978,378700000,7760000.0,7100000.0,34460000,0.084898,27200000,0.067012,200000.0,19700000,0.048534,1200000.0,18400000,0.045331,0.26861,0.26861,68500000,68500000,https://www.sec.gov/Archives/edgar/data/879526/000114420412058950/0001144204-12-058950-index.html,https://www.sec.gov/Archives/edgar/data/879526/000114420412058950/v325289_10q.htm
0,2012-06-30,WNC,2012-08-02 00:00:00,2012-08-02 16:11:24,Q2,362400000,322700000,39700000,0.109547,0.0,15400000,1000.0,0.0,31100000.000000022,353800000,5441000.0,7100000.0,15541000,0.042884,8600000.0,0.023731,-100000.0,3100000.0,0.008554,1100000.0,1900000.0,0.005243,0.0277,0.0277,68600000,68600000,https://www.sec.gov/Archives/edgar/data/879526/000114420412042591/0001144204-12-042591-index.html,https://www.sec.gov/Archives/edgar/data/879526/000114420412042591/v317945_10q.htm
0,2012-03-31,WNC,2012-05-01,2012-05-01 16:27:21,Q1,277700000,258000000,19700000,0.07094,0.0,11900000,3496000.0,0.0,14199999.999999989,272200000,733000.0,3700000.0,9133000.0,0.032888,5400000.0,0.019445,0.0,4700000.0,0.016925,-400000.0,5100000.0,0.018365,0.07445,0.07445,68500000,68500000,https://www.sec.gov/Archives/edgar/data/879526/000114420412012010/v301122_10k.htm,https://www.sec.gov/Archives/edgar/data/879526/000114420412012010/v301122_10k.htm
0,2011-12-31,WNC,2012-02-29 00:00:00,2012-02-29 16:17:40,Q4,341700000,321100000,20700000,0.060579,0.0,11500000,3681000.0,0.0,11599999.999999966,332699999.99999994,955000.0,3899999.9999999995,12355000,0.036157,9100000.0,0.026632,-600000.0,7500000.0,0.021949,0.0,7500000.0,0.021949,0.10981,0.10981,68300000,68300000,https://www.sec.gov/Archives/edgar/data/879526/000114420412012010/0001144204-12-012010-index.html,https://www.sec.gov/Archives/edgar/data/879526/000114420412012010/v301122_10k.htm
0,2011-09-30,WNC,2011-11-01 00:00:00,2011-11-01 16:55:01,Q3,336400000,323100000,13300000,0.039536,0.0,10300000,3155000.0,0.0,11099999.999999966,334199999.99999994,1108000.0,3800000.0,6108000.0,0.018157,2300000.0,0.006837,0.0,1200000.0,0.003567,100000.0,1100000.0,0.00327,0.01606,0.01606,68500000,68500000,https://www.sec.gov/Archives/edgar/data/879526/000114420411060608/0001144204-11-060608-index.html,https://www.sec.gov/Archives/edgar/data/879526/000114420411060608/v238127_10q.htm
0,2011-06-30,WNC,2011-08-03 00:00:00,2011-08-03 12:18:09,Q2,287100000,270900000,16200000,0.056426,0.0,9600000.0,3166000.0,1012000000,11700000.000000045,282600000.00000006,-6927000.0,4000000.0,373000.0,0.001299,4400000.0,0.015326,0.0,3300000.0,0.011494,0.0,3300000.0,0.011494,0.04769,0.04769,69200000,69200000,https://www.sec.gov/Archives/edgar/data/879526/000114420411043577/0001144204-11-043577-index.html,https://www.sec.gov/Archives/edgar/data/879526/000114420411043577/v230132_10q.htm
0,2011-03-31,WNC,2011-05-03 00:00:00,2011-05-03 17:06:21,Q1,222000000,205500000,16500000,0.074324,0.0,12500000,2979000.0,0.0,12500000,218000000,926000.0,3900000.0,8026000.0,0.036153,4000000.0,0.018018,200000.0,3200000.0,0.014414,0.0,3200000.0,0.014414,0.04672,0.04672,68500000,68500000,https://www.sec.gov/Archives/edgar/data/879526/000114420411025845/0001144204-11-025845-index.html,https://www.sec.gov/Archives/edgar/data/879526/000114420411025845/v220168_10q.htm
0,2010-12-31,WNC,2011-02-25,2011-02-25 13:30:17,Q4,241600000,224300000,17300000,0.071606,0.0,11600000,2973000.0,0.0,11500000,235800000,1092000.0,4000000.0,9792000.0,0.04053,5700000.0,0.023593,100000.0,4700000.0,0.019454,-200000.0,4900000.0,0.020281,0.07174,0.07174,68300000,68300000,https://www.sec.gov/Archives/edgar/data/879526/000114420411010985/v212088_10k.htm,https://www.sec.gov/Archives/edgar/data/879526/000114420411010985/v212088_10k.htm
0,2010-09-30,WNC,2010-11-02 00:00:00,2010-11-02 16:59:22,Q3,170800000,164400000,6500000.0,0.038056,0.0,10700000,2654000.0,0.0,10699999.999999989,175100000,1023000.0,4200000.000000001,3323000.000000001,0.019456,-4200000.0,-0.02459,0.0,-1900000.0,-0.011124,0.0,-1900000.0,-0.011124,-0.07724,-0.07724,24600000,24600000,https://www.sec.gov/Archives/edgar/data/879526/000114420410057014/0001144204-10-057014-index.html,https://www.sec.gov/Archives/edgar/data/879526/000114420410057014/v200657_10q.htm
0,2010-06-30,WNC,2010-08-03 00:00:00,2010-08-03 16:41:07,Q2,149700000,144400000,5300000.0,0.035404,0.0,11000000,2501000.0,0.0,11000000,155400000,998000.0,4299999.999999999,-302000.000000001,-0.002017,-5700000.0,-0.038076,-800000.0,-5600000.0,-0.037408,0.0,-5600000.0,-0.037408,-0.13793,-0.13793,40600000,40600000,https://www.sec.gov/Archives/edgar/data/879526/000114420410040951/0001144204-10-040951-index.html,https://www.sec.gov/Archives/edgar/data/879526/000114420410040951/v192156_10q.htm
0,2010-03-31,WNC,2010-05-04 00:00:00,2010-05-04 17:21:14,Q1,78300000,79300000,-1000000.0,-0.012771,0.0,10300000,2541000.0,0.0,10200000.000000004,89500000,1027000.0,4400000.0,-133573000,-1.705913,-11200000,-0.14304,0.0,-139000000,-1.775223,100000.0,-139100000,-1.776501,-4.57566,-4.57566,30400000,30400000,https://www.sec.gov/Archives/edgar/data/879526/000114420410024329/0001144204-10-024329-index.html,https://www.sec.gov/Archives/edgar/data/879526/000114420410024329/v183294_10q.htm
0,2009-12-31,WNC,2010-03-26 00:00:00,2010-03-26 16:58:27,Q4,85400000,87300000,-1900000.0,-0.022248,0.0,10000000,2507000.0,0.0,10000000,97300000,920000.0,5200000.000000001,14020000.000000002,0.164169,-11900000,-0.139344,200000.0,7900000.0,0.092506,-3000000.0,10900000,0.127635,0.35855,0.35855,30400000,30400000,https://www.sec.gov/Archives/edgar/data/879526/000114420410016033/0001144204-10-016033-index.html,https://www.sec.gov/Archives/edgar/data/879526/000114420410016033/v177486_10k.htm
0,2009-09-30,WNC,2009-11-04 00:00:00,2009-11-04 17:29:25,Q3,88300000,88600000,-300000.0,-0.003398,0.0,9900000.0,2566000.0,0.0,9900000.000000006,98500000,1148000.0,4800000.000000001,-60552000,-0.685753,-10200000,-0.115515,-1100000.0,-66500000,-0.753114,-100000.0,-66400000,-0.751982,-2.18421,-2.18421,30400000,30400000,https://www.sec.gov/Archives/edgar/data/879526/000114420409056617/0001144204-09-056617-index.html,https://www.sec.gov/Archives/edgar/data/879526/000114420409056617/v164716_10q.htm
0,2009-06-30,WNC,2009-08-05 00:00:00,2009-08-05 17:27:32,Q2,86200000,91400000,-5200000.0,-0.060325,0.0,11400000,2918000.0,0.0,11500000,102900000,1306000.0,4800000.0,-11794000,-0.136821,-16700000,-0.193735,0.0,-17900000,-0.207657,0.0,-17900000,-0.207657,-0.59272,-0.59272,30200000,30200000,https://www.sec.gov/Archives/edgar/data/879526/000114420409040658/0001144204-09-040658-index.html,https://www.sec.gov/Archives/edgar/data/879526/000114420409040658/v156461_10q.htm
0,2009-03-31,WNC,2009-04-14 00:00:00,2009-04-14 17:00:00,Q1,77900000,93400000,-15500000,-0.198973,0.0,11800000,3185000.0,0.0,11899999.99999999,105299999.99999999,1005000.0,4800000.0,-22495000,-0.288768,-27300000,-0.350449,100000.0,-28300000,-0.363286,0.0,-28300000,-0.363286,-0.9402,-0.9402,30100000,30100000,https://www.sec.gov/Archives/edgar/data/879526/000095013709002918/0000950137-09-002918-index.html,https://www.sec.gov/Archives/edgar/data/879526/000095013709002918/c49450e10vk.htm
0,2008-12-31,WNC,2009-04-14,2009-04-14 17:00:00,Q4,230700000,235500000,-4700000.0,-0.020373,0.0,16200000,4101000.0,0.0,82500000,318000000,1308000.0,6000000.0,-81492000,-0.353238,-87200000,-0.37798,-300000.0,-88900000,-0.385349,23100000,-111900000,-0.485046,-3.73,-3.73,30000000,30000000,https://www.sec.gov/Archives/edgar/data/879526/000095013709002918/c49450e10vk.htm,https://www.sec.gov/Archives/edgar/data/879526/000095013709002918/c49450e10vk.htm
0,2008-09-30,WNC,2008-10-30 00:00:00,2008-10-30 16:04:42,Q3,243000000,234000000,9000000.0,0.037037,0.0,13500000,3420000.0,0.0,13400000.000000006,247400000,1154000.0,5100000.0,654000.0,0.002691,-4500000.0,-0.018519,0.0,-5600000.0,-0.023045,-1300000.0,-4300000.0,-0.017695,-0.14238,-0.14238,30200000,30200000,https://www.sec.gov/Archives/edgar/data/879526/000095015208008441/0000950152-08-008441-index.html,https://www.sec.gov/Archives/edgar/data/879526/000095015208008441/c47339e10vq.htm
0,2008-06-30,WNC,2008-07-31 00:00:00,2008-07-31 14:27:42,Q2,201500000,190700000,10800000,0.053598,0.0,13800000,3326000.0,0.0,13800000.000000011,204500000,1021000.0,5200000.0,2021000.0,0.01003,-3000000.0,-0.014888,-200000.0,-4200000.0,-0.020844,-1000000.0,-3200000.0,-0.015881,-0.10702,-0.10702,29900000,29900000,https://www.sec.gov/Archives/edgar/data/879526/000095013708009944/0000950137-08-009944-index.html,https://www.sec.gov/Archives/edgar/data/879526/000095013708009944/c33835e10vq.htm
0,2008-03-31,WNC,2008-04-29 00:00:00,2008-04-29 16:24:09,Q1,161100000,155200000,5900000.0,0.036623,0.0,14900000,3443000.0,0.0,14800000.000000011,170000000,1174000.0,5200000.0,-3726000.0,-0.023128,-8900000.0,-0.055245,0.0,-10100000,-0.062694,-3700000.0,-6400000.0,-0.039727,-0.21405,-0.21405,29900000,29900000,https://www.sec.gov/Archives/edgar/data/879526/000095013708006284/0000950137-08-006284-index.html,https://www.sec.gov/Archives/edgar/data/879526/000095013708006284/c26165e10vq.htm
0,2007-12-31,WNC,2008-02-19,2008-02-19 10:34:53,Q4,257800000,238700000,19100000,0.074088,0.0,14900000,-12029000,0.0,14400000.000000006,253100000,1345000.0,5000000.0,13245000,0.051377,4800000.0,0.018619,200000.0,7000000.0,0.027153,1300000.0,5600000.0,0.021722,0.15512,0.15512,36100000,36100000,https://www.sec.gov/Archives/edgar/data/879526/000095013708002435/c23939e10vk.htm,https://www.sec.gov/Archives/edgar/data/879526/000095013708002435/c23939e10vk.htm
0,2007-09-30,WNC,2007-11-02 00:00:00,2007-11-02 10:55:37,Q3,291000000,266400000,24600000,0.084536,0.0,17100000,3916000.0,0.0,17100000.000000022,283500000,1416000.0,4900000.0,12416000,0.042667,7500000.0,0.025773,-100000.0,6100000.0,0.020962,2300000.0,3800000.0,0.013058,0.10326,0.10326,36800000,36800000,https://www.sec.gov/Archives/edgar/data/879526/000095013707016447/0000950137-07-016447-index.html,https://www.sec.gov/Archives/edgar/data/879526/000095013707016447/c21146e10vq.htm
0,2007-06-30,WNC,2007-08-02 00:00:00,2007-08-02 17:29:54,Q2,294800000,267000000,27800000,0.094301,0.0,16400000,3963000.0,0.0,16399999.999999978,283400000,1448000.0,4899999.999999999,16148000,0.054776,11400000,0.03867,-600000.0,9800000.0,0.033243,3900000.0,5900000.0,0.020014,0.1586,0.1586,37200000,37200000,https://www.sec.gov/Archives/edgar/data/879526/000095013707011132/0000950137-07-011132-index.html,https://www.sec.gov/Archives/edgar/data/879526/000095013707011132/c17358e10vq.htm
0,2007-03-31,WNC,2007-05-01 00:00:00,2007-05-01 09:53:00,Q1,258900000,238700000,20200000,0.078022,0.0,16900000,4150000.0,0.0,16800000.00000001,255500000,1546000.0,4700000.0,8146000.0,0.031464,3300000.0,0.012746,100000.0,1900000.0,0.007339,900000.0,1000000.0,0.003862,0.03279,0.03279,30500000,30500000,https://www.sec.gov/Archives/edgar/data/879526/000095013707006404/0000950137-07-006404-index.html,https://www.sec.gov/Archives/edgar/data/879526/000095013707006404/c14709e10vq.htm
0,2006-12-31,WNC,2007-03-12,2007-03-12 17:28:41,Q4,354200000,325900000,28300000,0.079898,0.0,18800000,-10446000,0.0,34100000.00000002,360000000,1758000.0,5000000.000000002,-441999.999999998,-0.001248,-5800000.0,-0.016375,500000.0,-7100000.0,-0.020045,-2200000.0,-5000000.0,-0.014116,-0.16129,-0.16129,31000000,31000000,https://www.sec.gov/Archives/edgar/data/879526/000095013707003674/c13018e10vk.htm,https://www.sec.gov/Archives/edgar/data/879526/000095013707003674/c13018e10vk.htm
0,2006-09-30,WNC,2006-11-09,2006-11-09 16:29:17,Q3,362300000,336200000,26100000,0.07204,0.0,15700000,3651000.0,0.0,15699999.999999989,351900000,2081000.0,5000000.0,14981000,0.04135,10400000,0.028705,-400000.0,7900000.0,0.021805,2900000.0,5000000.0,0.013801,0.13193,0.13193,37900000,37900000,https://www.sec.gov/Archives/edgar/data/879526/000095013706012173/c09782e10vq.htm,https://www.sec.gov/Archives/edgar/data/879526/000095013706012173/c09782e10vq.htm
0,2006-06-30,WNC,2006-08-29,2006-08-29 13:46:18,Q2,333600000,306300000,27300000,0.081835,0.0,17700000,3487000.0,0.0,17699999.99999999,324000000,1523000.0,6500000.0,16323000,0.04893,9600000.0,0.028777,200000.0,8300000.0,0.02488,3300000.0,5000000.0,0.014988,0.13158,0.13158,38000000,38000000,https://www.sec.gov/Archives/edgar/data/879526/000095013706009603/c08106e10vq.htm,https://www.sec.gov/Archives/edgar/data/879526/000095013706009603/c08106e10vq.htm
0,2006-03-31,WNC,2006-05-08,2006-05-08 14:27:15,Q1,262100000,239300000,22800000,0.08699,0.0,14000000,3308000.0,0.0,14000000,253300000,1559000.0,4100000.0,12759000,0.04868,8800000.0,0.033575,100000.0,7200000.0,0.02747,2800000.0,4300000.0,0.016406,0.11346,0.11346,37900000,37900000,https://www.sec.gov/Archives/edgar/data/879526/000095013706005531/c05120e10vq.htm,https://www.sec.gov/Archives/edgar/data/879526/000095013706005531/c05120e10vq.htm
0,2005-12-31,WNC,,,Q4,340800000,306900000,33900000,0.099472,0.0,13300000,0.0,0.0,13200000.000000045,320100000.00000006,-1600000.0,3599999.9999999995,20400000,0.059859,20700000,0.060739,-700000.0,18400000,0.053991,-1300000.0,19700000,0.057805,0.51979,0.51979,37900000,37900000,,
0,2005-09-30,WNC,,,Q3,293800000,263700000,30100000,0.102451,0.0,13900000,0.0,0.0,13900000.000000034,277600000.00000006,-1000000.0,3599999.9999999995,19900000,0.067733,16200000,0.05514,2000000.0,17200000,0.058543,-6400000.0,23700000,0.080667,0.62368,0.62368,38000000,38000000,,
0,2005-06-30,WNC,,,Q2,323000000,286900000,36100000,0.111765,0.0,14200000,0.0,0.0,14200000.000000045,301100000.00000006,-1900000.0,4100000.0000000005,22100000,0.068421,21900000,0.067802,-200000.0,19800000,0.0613,-29400000,49300000,0.152632,1.30079,1.30079,37900000,37900000,,
0,2005-03-31,WNC,,,Q1,256100000,221700000,34400000,0.134323,0.0,13200000,0.0,0.0,13200000.000000017,234900000.00000003,-1800000.0,4200000.0,21100000,0.08239,21200000,0.08278,-800000.0,18600000,0.072628,200000.0,18500000,0.072237,0.48813,0.48813,37900000,37900000,,
0,2004-12-31,WNC,,,Q4,287400000,258300000,29100000,0.101253,0.0,14300000,0.0,0.0,14800000.000000011,273100000,-1700000.0,4699999.999999999,15699999.999999998,0.054628,14300000,0.049756,100000.0,12700000,0.044189,-300000.0,13000000,0.045233,0.35326,0.35326,36800000,36800000,,
0,2004-09-30,WNC,,,Q3,277200000,240300000,36900000,0.133117,0.0,14400000,0.0,0.0,14500000,254800000,-2500000.0,4799999.999999999,23000000,0.082973,22500000,0.081169,700000.0,20700000,0.074675,400000.0,20300000,0.073232,0.64241,0.64241,31600000,31600000,,
0,2004-06-30,WNC,,,Q2,254900000,218300000,36600000,0.143586,0.0,14100000,0.0,0.0,14099999.999999994,232400000,-3200000.0,4900000.0,20500000,0.080424,22500000,0.08827,-600000.0,18800000,0.073754,500000.0,18300000,0.071793,0.5289,0.5289,34600000,34600000,,
0,2004-03-31,WNC,,,Q1,221600000,198500000,23100000,0.104242,0.0,14200000,0.0,0.0,14199999.999999989,212700000,-3000000.0,5000000.0,8900000.0,0.040162,8900000.0,0.040162,1000000.0,6900000.0,0.031137,0.0,6900000.0,0.031137,0.2,0.2,34500000,34500000,,
0,2003-12-31,WNC,,,Q4,219800000,203600000,16200000,0.073703,0.0,13600000,0.0,0.0,14500000,218100000,-3600000.0,4699999.999999999,-600000.000000001,-0.00273,1600000.0,0.007279,200000.0,-1700000.0,-0.007734,0.0,-1700000.0,-0.007734,-0.06564,-0.06564,25900000,25900000,,
0,2003-09-30,WNC,,,Q3,215500000,198400000,17000000,0.078886,0.0,16400000,0.0,0.0,35400000.00000001,233800000,-9000000.0,5800000.000000001,-32800000,-0.152204,-18300000,-0.084919,-2300000.0,-29600000,-0.137355,0.0,-29600000,-0.137355,-1.14729,-1.14729,25800000,25800000,,
0,2003-06-30,WNC,,,Q2,230200000,205600000,24600000,0.106864,0.0,14900000,0.0,0.0,43400000.00000001,249000000,-8100000.0,6600000.000000001,-28800000,-0.125109,-18700000,-0.081234,-500000.0,-27300000,-0.118593,0.0,-27300000,-0.118593,-1.06226,-1.06226,25700000,25700000,,
0,2003-03-31,WNC,,,Q1,222500000,199300000,23200000,0.10427,0.0,16600000,0.0,0.0,16599999.999999994,215900000,-5200000.0,6700000.0,2900000.0,0.013034,6600000.0,0.029663,100000.0,1400000.0,0.006292,0.0,1400000.0,0.006292,0.05447,0.05447,25700000,25700000,,
0,2002-12-31,WNC,,,Q4,205900000,193400000,12500000,0.060709,0.0,18800000,0.0,0.0,18900000.000000007,212300000,-9000000.0,6900000.000000002,-16999999.999999996,-0.082564,-6500000.0,-0.031569,500000.0,-14900000,-0.072365,-3300000.0,-11600000,-0.056338,-0.45313,-0.45313,25600000,25600000,,
0,2002-09-30,WNC,,,Q3,241500000,219700000,21700000,0.089855,0.0,17900000,0.0,0.0,19700000.00000002,239400000.00000003,-10300000,6699999.999999999,-11900000.000000002,-0.049275,2100000.0,0.008696,-100000.0,-8300000.0,-0.034369,0.0,-8300000.0,-0.034369,-0.3547,-0.3547,23400000,23400000,,
0,2002-06-30,WNC,,,Q2,210300000,204000000,6200000.0,0.029482,0.0,20800000,0.0,0.0,20900000.000000007,224900000,-5600000.0,7600000.0,-19700000,-0.093676,-14600000,-0.069425,-1500000.0,-21700000,-0.103186,0.0,-21700000,-0.103186,-0.94348,-0.94348,23000000,23000000,,
0,2002-03-31,WNC,,,Q1,162000000,161900000,0.0,0.0,0.0,19800000,0.0,0.0,19900000.000000007,181800000,-5900000.0,7400000.0,-25000000,-0.154321,-19800000,-0.122222,-800000.0,-26500000,-0.16358,-11900000,-14600000,-0.090123,-0.63478,-0.63478,23000000,23000000,,
0,2001-12-31,WNC,,,Q4,166600000,251400000,-84700000,-0.508403,0.0,24900000,0.0,0.0,27400000.000000007,278800000,-8100000.0,7000000.0,-121800000,-0.731092,-112200000,-0.673469,-500000.0,-120700000,-0.72449,14200000,-134900000,-0.809724,-5.86522,-5.86522,23000000,23000000,,
0,2001-09-30,WNC,2001-11-14 00:00:00,2001-11-14 00:00:00,Q3,241900000,274700000,-32700000,-0.13518,0.0,19200000,0.0,0.0,56000000,330700000,-8400000.0,8700000.000000004,-97000000,-0.400992,-88800000,-0.367094,-100000.0,-97200000,-0.401819,-35900000,-61400000,-0.253824,-2.66957,-2.66957,23000000,23000000,https://www.sec.gov/Archives/edgar/data/879526/000095013701504715/0000950137-01-504715-index.html,https://www.sec.gov/Archives/edgar/data/879526/000095013701504715/c66021e10-q.txt
0,2001-06-30,WNC,2001-08-10 00:00:00,2001-08-10 00:00:00,Q2,212200000,212200000,0.0,0.0,0.0,22100000,0.0,0.0,22100000.000000022,234300000.00000003,-7100000.0,8499999.999999998,-27500000.000000004,-0.129595,-22100000,-0.104147,300000.0,-28900000,-0.136192,-10800000,-18100000,-0.085297,-0.78696,-0.78696,23000000,23000000,https://www.sec.gov/Archives/edgar/data/879526/000095013701502821/0000950137-01-502821-index.html,https://www.sec.gov/Archives/edgar/data/879526/000095013701502821/c64327e10-q.txt
0,2001-03-31,WNC,,,Q1,242600000,244400000,-1700000.0,-0.007007,0.0,16200000,0.0,0.0,16099999.999999994,260500000,-9100000.0,7900000.0,-29300000,-0.120775,-17900000,-0.073784,-1100000.0,-28200000,-0.116241,-10400000,-17700000,-0.07296,-0.76957,-0.76957,23000000,23000000,,
0,2000-12-31,WNC,,,Q4,274800000,256800000,18000000,0.065502,0.0,14700000,0.0,0.0,56899999.99999998,313700000,-6100000.0,9100000.000000002,-43500000,-0.158297,-38900000,-0.141557,-1500000.0,-46500000,-0.169214,-18100000,-28400000,-0.103348,-1.23478,-1.23478,23000000,23000000,,
0,2000-09-30,WNC,2000-11-14 00:00:00,2000-11-14 00:00:00,Q3,345800000,316300000,29500000,0.085309,0.0,14100000,0.0,0.0,14099999.999999966,330399999.99999994,-5300000.0,7300000.000000001,10200000.000000002,0.029497,15400000,0.044534,-1900000.0,8200000.0,0.023713,3200000.0,5000000.0,0.014459,0.21739,0.21739,23000000,23000000,https://www.sec.gov/Archives/edgar/data/879526/000095013700004888/0000950137-00-004888-index.html,https://www.sec.gov/Archives/edgar/data/879526/000095013700004888/c58150e10-q.txt
0,2000-06-30,WNC,2000-08-14 00:00:00,2000-08-14 00:00:00,Q2,358700000,324700000,34000000,0.094787,0.0,13900000,0.0,0.0,13900000.000000034,338600000.00000006,-6400000.0,7100000.0,13000000,0.036242,20100000,0.056036,-1400000.0,12300000,0.03429,4800000.0,7500000.0,0.020909,0.32609,0.32609,23000000,23000000,https://www.sec.gov/Archives/edgar/data/879526/000095013700003670/0000950137-00-003670-index.html,https://www.sec.gov/Archives/edgar/data/879526/000095013700003670/e10-q.txt
0,2000-03-31,WNC,2000-05-15 00:00:00,2000-05-15 00:00:00,Q1,352800000,318400000,34400000,0.097506,0.0,13100000,0.0,0.0,13200000.000000045,331600000.00000006,-5000000.0,6600000.0,16500000,0.046769,21300000,0.060374,-1300000.0,15000000,0.042517,5800000.0,9100000.0,0.025794,0.38235,0.38235,23800000,23800000,https://www.sec.gov/Archives/edgar/data/879526/000095013700002401/0000950137-00-002401-index.html,https://www.sec.gov/Archives/edgar/data/879526/0000950137-00-002401.txt
0,1999-12-31,WNC,2000-03-29 00:00:00,2000-03-29 00:00:00,Q4,358000000,322700000,35400000,0.098883,0.0,14300000,0.0,0.0,14300000.000000011,337000000,-4400000.0,6700000.000000001,21600000,0.060335,21100000,0.058939,2600000.0,19300000,0.053911,7500000.0,11800000,0.032961,0.49167,0.49167,24000000,24000000,https://www.sec.gov/Archives/edgar/data/879526/000095013700001377/0000950137-00-001377-index.html,https://www.sec.gov/Archives/edgar/data/879526/0000950137-00-001377.txt
0,1999-09-30,WNC,,,Q3,374700000,339700000,35000000,0.093408,0.0,12600000,0.0,0.0,12600000.000000022,352300000,-4300000.0,5199999.999999999,17900000,0.047772,22400000,0.059781,-1100000.0,17000000,0.04537,6600000.0,10400000,0.027756,0.43515,0.43515,23900000,23900000,,
0,1999-06-30,WNC,,,Q2,380200000,346100000,34100000,0.08969,0.0,11700000,0.0,0.0,11699999.999999989,357800000,-4000000.0,5000000.0,18600000,0.048922,22400000,0.058916,-700000.0,17700000,0.046554,7300000.0,10300000,0.027091,0.43277,0.43277,23800000,23800000,,
0,1999-03-31,WNC,,,Q1,341600000,314400000,27200000,0.079625,0.0,12200000,0.0,0.0,12200000.000000045,326600000.00000006,-4000000.0,4900000.0,11700000,0.034251,15000000,0.043911,-200000.0,10800000,0.031616,4400000.0,6400000.0,0.018735,0.27826,0.27826,23000000,23000000,,
0,1998-12-31,WNC,1999-03-31 00:00:00,1999-03-31 00:00:00,Q4,326800000,305100000,21700000,0.066401,0.0,10900000,0.0,0.0,10899999.999999978,316000000,-4200000.0,5799999.999999999,5099999.999999999,0.015606,10800000,0.033048,-3100000.0,3500000.0,0.01071,1300000.0,2200000.0,0.006732,0.09565,0.09565,23000000,23000000,https://www.sec.gov/Archives/edgar/data/879526/000095013799000751/0000950137-99-000751-index.html,https://www.sec.gov/Archives/edgar/data/879526/0000950137-99-000751.txt
0,1998-09-30,WNC,,,Q3,334100000,306500000,27600000,0.08261,0.0,9500000.0,0.0,0.0,9500000.0,316000000,-4300000.0,4500000.0,13300000,0.039808,18200000,0.054475,-800000.0,13100000,0.03921,5200000.0,7900000.0,0.023646,0.33193,0.33193,23800000,23800000,,
0,1998-06-30,WNC,,,Q2,337700000,313700000,24000000,0.071069,0.0,8900000.0,0.0,0.0,8900000.000000034,322600000.00000006,-4300000.0,3800000.0,9800000.0,0.02902,15100000,0.044714,-500000.0,10300000,0.0305,4100000.0,6200000.0,0.018359,0.27928,0.27928,22200000,22200000,,
0,1998-03-31,WNC,,,Q1,293600000,267700000,25900000,0.088215,0.0,9300000.0,0.0,0.0,9300000.000000011,277000000,-5100000.0,4300000.0,10900000,0.037125,16600000,0.05654,200000.0,11600000,0.03951,4700000.0,7000000.0,0.023842,0.33493,0.33493,20900000,20900000,,
0,1997-12-31,WNC,,,Q4,268200000,244600000,23600000,0.087994,0.0,8400000.0,0.0,0.0,8400000.000000006,253000000,-4500000.0,2600000.0000000014,9100000.000000002,0.03393,15200000,0.056674,300000.0,10900000,0.040641,4500000.0,6500000.0,0.024236,0.32995,0.32995,19700000,19700000,,
0,1997-09-30,WNC,,,Q3,246400000,225200000,21200000,0.086039,0.0,8100000.0,0.0,0.0,8200000.000000017,233400000.00000003,-4500000.0,5000000.0,9400000.0,0.038149,13000000,0.05276,200000.0,8800000.0,0.035714,3800000.0,5100000.0,0.020698,0.25373,0.25373,20100000,20100000,,
0,1997-06-30,WNC,,,Q2,196400000,181700000,14700000,0.074847,0.0,6500000.0,0.0,0.0,6500000.0,188200000,-3700000.0,4400000.0,5300000.0,0.026986,8200000.0,0.041752,100000.0,4600000.0,0.023422,1800000.0,2800000.0,0.014257,0.14141,0.14141,19800000,19800000,,
0,1997-03-31,WNC,,,Q1,135100000,127100000,8000000.0,0.059215,0.0,3300000.0,0.0,0.0,3200000.000000017,130300000.00000001,-3400000.0,4600000.0,2700000.0,0.019985,4700000.0,0.034789,100000.0,1500000.0,0.011103,600000.0,900000.0,0.006662,0.04762,0.04762,18900000,18900000,,
0,1996-12-31,WNC,,,Q4,168400000,160600000,7800000.0,0.046318,0.0,3900000.0,0.0,0.0,3800000.000000011,164400000,-2200000.0,3700000.000000001,3600000.000000001,0.021378,3900000.0,0.023159,300000.0,2100000.0,0.01247,900000.0,1200000.0,0.007126,0.06349,0.06349,18900000,18900000,,
0,1996-09-30,WNC,,,Q3,161300000,155200000,6100000.0,0.037818,0.0,3600000.0,0.0,0.0,3500000.0,158700000,-2600000.0,4000000.0,1500000.0,0.009299,2600000.0,0.016119,100000.0,100000.0,0.00062,0.0,100000.0,0.00062,0.00529,0.00529,18900000,18900000,,
0,1996-06-30,WNC,1996-08-05 00:00:00,1996-08-05 00:00:00,Q2,140600000,134700000,5900000.0,0.041963,0.0,3000000.0,0.0,0.0,3000000.0,137700000,-2900000.0,3899999.9999999995,1199999.9999999995,0.008535,2900000.0,0.020626,200000.0,200000.0,0.001422,100000.0,100000.0,0.000711,0.00529,0.00529,18900000,18900000,https://www.sec.gov/Archives/edgar/data/879526/000095013796001249/0000950137-96-001249-index.html,https://www.sec.gov/Archives/edgar/data/879526/0000950137-96-001249.txt
