,date,symbol,fillingDate,acceptedDate,period,revenue,costOfRevenue,grossProfit,grossProfitRatio,researchAndDevelopmentExpenses,generalAndAdministrativeExpenses,sellingAndMarketingExpenses,otherExpenses,operatingExpenses,costAndExpenses,interestExpense,depreciationAndAmortization,ebitda,ebitdaratio,operatingIncome,operatingIncomeRatio,totalOtherIncomeExpensesNet,incomeBeforeTax,incomeBeforeTaxRatio,incomeTaxExpense,netIncome,netIncomeRatio,eps,epsdiluted,weightedAverageShsOut,weightedAverageShsOutDil,link,finalLink
0,2020-09-30,ADP,2020-10-30,2020-10-30 12:09:46,Q1,3470000000,2034000000,1436000000,0.4138328530259366,0.0,681000000,0.0,1081000000,1762000000,3796000000,-15000000,131000000,896000000,0.25821325648414983,765000000,0.22046109510086456,-24000000,765000000,0.22046109510086456,163000000,602000000,0.17348703170028817,1.4,1.4,428000000,428000000,https://www.sec.gov/Archives/edgar/data/8670/000000867020000038/0000008670-20-000038-index.htm,https://www.sec.gov/Archives/edgar/data/8670/000000867020000038/adp-20200930.htm
0,2020-06-30,ADP,2020-08-05,2020-08-05 17:28:42,Q4,3376800000,2063000000,1313800000,0.3890665719023928,4100000.0,765600000,0.0,1041000000,799599999.9999999,2862600000,15600000,124500000,677700000,0.200693,514200000,0.152274,13400000,531300000,0.157338,126000000,411600000,0.121891,0.95654,0.95654,430300000,430300000,https://www.sec.gov/Archives/edgar/data/8670/000000867020000032/0000008670-20-000032-index.htm,https://www.sec.gov/Archives/edgar/data/8670/000000867020000032/adp-20200630.htm
0,2020-03-31,ADP,2020-05-01 00:00:00,2020-05-01 15:49:44,Q3,4047800000,2234800000,1813000000,0.447898,4300000.0,780400000,0.0,1217000000,760899999.9999996,2995699999.9999995,20000000,120600000,1217300000,0.300731,1052100000,0.259919,30000000,1076700000,0.265996,255800000,820900000,0.202802,1.90111,1.90111,431800000,431800000,https://www.sec.gov/Archives/edgar/data/8670/000000867020000020/0000008670-20-000020-index.html,https://www.sec.gov/Archives/edgar/data/8670/000000867020000020/adp-20200331.htm
0,2019-12-31,ADP,2020-01-31 00:00:00,2020-01-31 14:47:28,Q2,3669500000,2094100000,1575400000,0.429323,0.0,741600000,0.0,1082000000,754300000.0000002,2848400000,31600000,117600000.00000001,984700000,0.268347,821100000,0.223763,13000000,835500000,0.227688,183900000,651600000,0.177572,1.50381,1.50381,433300000,433300000,https://www.sec.gov/Archives/edgar/data/8670/000000867020000007/0000008670-20-000007-index.html,https://www.sec.gov/Archives/edgar/data/8670/000000867020000007/q2fy2010q.htm
0,2019-09-30,ADP,2019-11-04 00:00:00,2019-11-04 15:17:10,Q1,3495700000,2044800000,1450900000,0.415053,0.0,715500000,0.0,1061000000,726500000.0000002,2771300000,39900000,117300000,896300000,0.256401,724400000,0.207226,18100000,739100000,0.211431,156700000,582400000,0.166605,1.33762,1.33762,435400000,435400000,https://www.sec.gov/Archives/edgar/data/8670/000000867019000027/0000008670-19-000027-index.html,https://www.sec.gov/Archives/edgar/data/8670/000000867019000027/q1fy2010q.htm
0,2019-06-30,ADP,2019-08-09 00:00:00,2019-08-09 16:04:22,Q4,3479300000,1996600000,1482700000,0.426149,4500000.0,854800000,0.0,-2600000.0,856700000.0000004,2853300000.0000005,33700000,109399999.99999999,776400000,0.223148,626000000,0.179921,1400000.0,633300000,0.182019,157900000,475400000,0.136637,1.09012,1.09012,436100000,436100000,https://www.sec.gov/Archives/edgar/data/8670/000000867019000021/0000008670-19-000021-index.html,https://www.sec.gov/Archives/edgar/data/8670/000000867019000021/q4fy1910k.htm
0,2019-03-31,ADP,2019-05-03 00:00:00,2019-05-03 11:48:54,Q3,3828200000,2092600000,1735600000,0.453372,0.0,750400000,0.0,1125000000,750400000.0000001,2843000000,21700000,103100000.00000001,1109300000,0.289771,985200000,0.257353,5900000.0,984500000,0.25717,230800000,753700000,0.196881,1.72629,1.72629,436600000,436600000,https://www.sec.gov/Archives/edgar/data/8670/000000867019000013/0000008670-19-000013-index.html,https://www.sec.gov/Archives/edgar/data/8670/000000867019000013/q3fy1910q.htm
0,2018-12-31,ADP,2019-01-31 00:00:00,2019-01-31 14:32:17,Q2,3492400000,2000200000,1492200000,0.427271,0.0,745200000,0.0,1040000000,744300000,2744500000,38600000,97500000,877700000,0.251317,747900000,0.214151,0.0,741000000,0.212175,183400000,558200000,0.159833,1.27443,1.27443,438000000,438000000,https://www.sec.gov/Archives/edgar/data/8670/000000867019000005/0000008670-19-000005-index.html,https://www.sec.gov/Archives/edgar/data/8670/000000867019000005/q2fy1910q.htm
0,2018-09-30,ADP,2018-11-01 00:00:00,2018-11-01 16:53:24,Q1,3310300000,1697000000,1613300000,0.487358,158000000,713900000,0.0,996000000,958199999.9999998,2655200000,35900000,99000000,780600000,0.235809,655100000,0.197897,0.0,646800000,0.19539,140300000,505400000,0.152675,1.1489,1.1489,439900000,439900000,https://www.sec.gov/Archives/edgar/data/8670/000000867018000017/0000008670-18-000017-index.html,https://www.sec.gov/Archives/edgar/data/8670/000000867018000017/q1fy1910q.htm
0,2018-06-30,ADP,2018-08-03 00:00:00,2018-08-03 16:50:24,Q4,3316200000,1716000000,1600200000,0.48254,153900000,803000000,0.0,890000000,1339900000,3055900000,28600000,99300000.00000001,427700000,0.128973,260300000,0.078493,0.0,254900000,0.076865,158900000,140900000,0.042488,0.31957,0.31957,440900000,440900000,https://www.sec.gov/Archives/edgar/data/8670/000000867018000011/0000008670-18-000011-index.html,https://www.sec.gov/Archives/edgar/data/8670/000000867018000011/q4fy1810k.htm
0,2018-03-31,ADP,2018-05-04 00:00:00,2018-05-04 10:30:40,Q3,3696000000,1845200000,1850800000,0.500758,163900000,737000000,0.0,1089000000,967700000,2812900000,18600000,96300000.00000001,994600000,0.269102,883100000,0.238934,0.0,875200000,0.236797,218700000,661000000,0.178842,1.49075,1.49075,443400000,443400000,https://www.sec.gov/Archives/edgar/data/8670/000000867018000007/0000008670-18-000007-index.html,https://www.sec.gov/Archives/edgar/data/8670/000000867018000007/q3fy1810q.htm
0,2017-12-31,ADP,2018-02-01 00:00:00,2018-02-01 16:21:30,Q2,3238300000,1709200000,1529100000,0.472192,159400000,723600000,0.0,1003000000,935800000,2645000000,27500000,94800000,477200000,0.147361,593300000,0.183213,0.0,587500000,0.181422,-315500000,670400000,0.207022,1.51093,1.51093,443700000,443700000,https://www.sec.gov/Archives/edgar/data/8670/000000867018000003/0000008670-18-000003-index.html,https://www.sec.gov/Archives/edgar/data/8670/000000867018000003/q2fy1810q.htm
0,2017-09-30,ADP,2017-11-02 00:00:00,2017-11-02 16:57:30,Q1,3077200000,1630700000,1446500000,0.47007,158200000,678700000,0.0,984000000,879800000,2510500000,28000000,87200000,680100000,0.221013,566700000,0.184161,0.0,564900000,0.183576,152300000,412600000,0.134083,0.92719,0.92719,445000000,445000000,https://www.sec.gov/Archives/edgar/data/8670/000000867017000012/0000008670-17-000012-index.html,https://www.sec.gov/Archives/edgar/data/8670/000000867017000012/q1fy1810q.htm
0,2017-06-30,ADP,2017-08-04 00:00:00,2017-08-04 16:22:32,Q4,3064900000,1622700000,1442200000,0.470554,166900000,829600000,0.0,793000000,1054300000,2677000000,22800000,82500000.00000003,493700000.00000006,0.161082,387900000,0.126562,0.0,388400000,0.126725,122600000,265800000,0.086724,0.59423,0.59423,447300000,447300000,https://www.sec.gov/Archives/edgar/data/8670/000000867017000010/0000008670-17-000010-index.html,https://www.sec.gov/Archives/edgar/data/8670/000000867017000010/q4fy1710k.htm
0,2017-03-31,ADP,2017-05-04 00:00:00,2017-05-04 14:35:22,Q3,3410800000,1701500000,1709300000,0.501143,153300000,665000000,0.0,1037000000,874500000,2576000000,16800000,77600000,922300000,0.270406,834800000,0.244752,0.0,827900000,0.242729,240000000,587900000,0.172364,1.30877,1.30877,449200000,449200000,https://www.sec.gov/Archives/edgar/data/8670/000000867017000005/0000008670-17-000005-index.html,https://www.sec.gov/Archives/edgar/data/8670/000000867017000005/q3fy1710-q.htm
0,2016-12-31,ADP,2017-02-01 00:00:00,2017-02-01 16:20:28,Q2,2987300000,1560400000,1426900000,0.477655,152500000,640800000,0.0,919000000,642799999.9999996,2203199999.9999995,20500000,78400000,885100000,0.296288,784100000,0.262478,0.0,786200000,0.263181,275300000,510900000,0.171024,1.13458,1.13458,450300000,450300000,https://www.sec.gov/Archives/edgar/data/8670/000000867017000003/0000008670-17-000003-index.html,https://www.sec.gov/Archives/edgar/data/8670/000000867017000003/q2fy1710-q.htm
0,2016-09-30,ADP,2016-11-03 00:00:00,2016-11-03 15:42:56,Q1,2916900000,1531500000,1385400000,0.474956,154900000,647700000,0.0,884000000,859800000.0000002,2391300000,19900000,77600000,626200000,0.21468,525600000,0.180191,0.0,528700000,0.181254,160000000,368700000,0.126401,0.8098,0.8098,455300000,455300000,https://www.sec.gov/Archives/edgar/data/8670/000000867016000059/0000008670-16-000059-index.html,https://www.sec.gov/Archives/edgar/data/8670/000000867016000059/q1fy1710-q.htm
0,2016-06-30,ADP,2016-08-05,2016-08-05 15:09:42,Q4,2898300000,1494100000,1404200000,0.484491,150700000,770300000,0.0,724000000,974800000.0000002,2468900000,18100000,73900000.00000003,519000000.00000006,0.17907,429400000,0.148156,0.0,427000000,0.147328,145000000,282000000,0.097298,0.62033,0.62033,454600000,454600000,https://www.sec.gov/Archives/edgar/data/8670/000000867016000053/q4fy1610kinq4fy16.htm,https://www.sec.gov/Archives/edgar/data/8670/000000867016000053/q4fy1610kinq4fy16.htm
0,2016-03-31,ADP,2016-05-05 00:00:00,2016-05-05 11:51:57,Q3,3248600000,1611600000,1637000000,0.503909,147300000,634400000,0.0,977000000,835500000,2447100000,16300000,73299999.99999999,884400000,0.27224,801500000,0.246722,0.0,794800000,0.244659,262300000,532500000,0.163917,1.16546,1.16546,456900000,456900000,https://www.sec.gov/Archives/edgar/data/8670/000000867016000034/0000008670-16-000034-index.html,https://www.sec.gov/Archives/edgar/data/8670/000000867016000034/q3fy1610q.htm
0,2015-12-31,ADP,2016-02-03 00:00:00,2016-02-03 12:28:57,Q2,2807000000,1479400000,1327600000,0.47296,149600000,627200000,0.0,853000000,830299999.9999996,2309699999.9999995,16900000,72600000.00000001,597400000,0.212825,497300000,0.177164,0.0,507900000,0.180941,166500000,341400000,0.121625,0.74169,0.74169,460300000,460300000,https://www.sec.gov/Archives/edgar/data/8670/000000867016000030/0000008670-16-000030-index.html,https://www.sec.gov/Archives/edgar/data/8670/000000867016000030/q2fy1610q.htm
0,2015-09-30,ADP,2015-11-05 00:00:00,2015-11-05 12:03:30,Q1,2714000000,1439800000,1274200000,0.469492,156100000,605300000,0.0,834000000,782899999.9999999,2222700000,4900000.0,68800000,577800000,0.212896,491300000,0.181024,0.0,505000000,0.186072,167500000,336600000,0.124024,0.72278,0.72278,465700000,465700000,https://www.sec.gov/Archives/edgar/data/8670/000000867015000026/0000008670-15-000026-index.html,https://www.sec.gov/Archives/edgar/data/8670/000000867015000026/q1fy1610q.htm
0,2015-06-30,ADP,2015-08-07 00:00:00,2015-08-07 14:22:14,Q4,2671700000,1391300000,1280400000,0.479245,149100000,720500000,0.0,671000000,919899999.9999999,2311200000,1600000.0,69499999.99999997,529299999.99999994,0.198114,360500000,0.134933,0.0,374500000,0.140173,122000000,336200000,0.125837,0.71792,0.71792,468300000,468300000,https://www.sec.gov/Archives/edgar/data/8670/000000867015000021/0000008670-15-000021-index.html,https://www.sec.gov/Archives/edgar/data/8670/000000867015000021/q4fy1510k.htm
0,2015-03-31,ADP,2015-05-06 00:00:00,2015-05-06 13:46:49,Q3,3024300000,1482600000,1541700000,0.509771,149500000,607200000,0.0,877000000,808900000.0000001,2291500000,800000.0,70400000,810400000,0.267963,732800000,0.242304,0.0,739900000,0.244652,249600000,489600000,0.161889,1.03291,1.03291,474000000,474000000,https://www.sec.gov/Archives/edgar/data/8670/000000867015000012/0000008670-15-000012-index.html,https://www.sec.gov/Archives/edgar/data/8670/000000867015000012/q3fy1510q.htm
0,2014-12-31,ADP,2015-02-05,2015-02-05 14:03:33,Q2,2653600000,1383800000,1269800000,0.47852,147700000,588500000,0.0,796000000,788000000.0000002,2171800000,2200000.0,69700000,569700000,0.214689,481800000,0.181565,0.0,498800000,0.187971,166300000,331500000,0.124925,0.69019,0.69019,480300000,480300000,https://www.sec.gov/Archives/edgar/data/8670/000000867015000004/q2fy1510q.htm,https://www.sec.gov/Archives/edgar/data/8670/000000867015000004/q2fy1510q.htm
0,2014-09-30,ADP,2014-10-30 00:00:00,2014-10-30 15:46:14,Q1,2566100000,1361200000,1204900000,0.469545,145600000,576000000,0.0,1563800000,771700000,2132900000,1900000.0,68300000,519200000,0.20233,433200000,0.168816,0.0,450400000,0.175519,153800000,295200000,0.115038,0.61283,0.61283,481700000,481700000,https://www.sec.gov/Archives/edgar/data/8670/000000867014000020/0000008670-14-000020-index.html,https://www.sec.gov/Archives/edgar/data/8670/000000867014000020/q1fy1510q.htm
0,2014-06-30,ADP,2014-08-08 00:00:00,2014-08-08 13:50:03,Q4,2545600000,1345600000,1200000000,0.471402,140600000,668400000,0.0,1861800000,858700000.0000004,2204300000.0000005,1400000.0,70700000.00000001,483400000,0.189896,341300000,0.134074,0.0,352900000,0.138631,122500000,288800000,0.113451,0.59892,0.59892,482200000,482200000,https://www.sec.gov/Archives/edgar/data/8670/000000867014000015/0000008670-14-000015-index.html,https://www.sec.gov/Archives/edgar/data/8670/000000867014000015/q4fy1410k.htm
0,2014-03-31,ADP,2014-05-01 00:00:00,2014-05-01 16:01:05,Q3,2825100000,1395900000,1429200000,0.505894,139500000,585300000,0.0,1879900000,775099999.9999999,2171000000,800000.0,64900000,814900000,0.28845,654100000,0.231532,0.0,660800000,0.233903,227600000,521600000,0.184631,1.07992,1.07992,483000000,483000000,https://www.sec.gov/Archives/edgar/data/8670/000000867014000006/0000008670-14-000006-index.html,https://www.sec.gov/Archives/edgar/data/8670/000000867014000006/q3fy1410-q.htm
0,2013-12-31,ADP,2014-02-05,2014-02-05 14:38:57,Q2,2493700000,1289800000,1203900000,0.482777,138600000,578900000,0.0,1774400000,767700000,2057500000,2000000.0,50500000,577200000,0.231463,436200000,0.174921,0.0,461900000,0.185227,147800000,376900000,0.151141,0.77329,0.77329,487400000,487400000,https://www.sec.gov/Archives/edgar/data/8670/000000867014000003/q2fy1410-q.htm,https://www.sec.gov/Archives/edgar/data/8670/000000867014000003/q2fy1410-q.htm
0,2013-09-30,ADP,2013-11-01 00:00:00,2013-11-01 13:32:42,Q1,2362000000,1259500000,1102500000,0.466765,132500000,537700000,0.0,1726300000,719000000,1978500000,1900000.0,80500000,549700000,0.232727,383500000,0.162362,0.0,403600000,0.170872,138700000,328600000,0.139119,0.67851,0.67851,484300000,484300000,https://www.sec.gov/Archives/edgar/data/8670/000000867013000019/0000008670-13-000019-index.html,https://www.sec.gov/Archives/edgar/data/8670/000000867013000019/q1fy1410-q.htm
0,2013-06-30,ADP,2013-08-19 00:00:00,2013-08-19 12:00:04,Q4,2788000000,1444200000,1343800000,0.481994,174000000,726900000,0.0,1737300000,1007100000.0000001,2451300000,1800000.0,80000000,444700000,0.159505,336700000,0.120768,0.0,356900000,0.128013,135900000,227000000,0.08142,0.46602,0.46602,487100000,487100000,https://www.sec.gov/Archives/edgar/data/8670/000000867013000015/0000008670-13-000015-index.html,https://www.sec.gov/Archives/edgar/data/8670/000000867013000015/q4fy1310-k.htm
0,2013-03-31,ADP,2013-05-03 00:00:00,2013-05-03 12:02:06,Q3,3114300000,1682300000,1432000000,0.459814,0.0,654400000,0.0,1747100000,718000000.0000002,2400300000,1200000.0,81100000,807100000,0.259159,714000000,0.229265,0.0,724800000,0.232733,242100000,482700000,0.154995,0.99219,0.99219,486500000,486500000,https://www.sec.gov/Archives/edgar/data/8670/000000867013000007/0000008670-13-000007-index.html,https://www.sec.gov/Archives/edgar/data/8670/000000867013000007/q3fy1310-q.htm
0,2012-12-31,ADP,2013-02-06 00:00:00,2013-02-06 12:41:25,Q2,2747800000,1561500000,1186300000,0.431727,0.0,624700000,0.0,1627400000,687500000,2249000000,3000000.0,77300000,648000000,0.235825,498800000,0.181527,0.0,528800000,0.192445,176800000,390900000,0.142259,0.803,0.803,486800000,486800000,https://www.sec.gov/Archives/edgar/data/8670/000000867013000003/0000008670-13-000003-index.html,https://www.sec.gov/Archives/edgar/data/8670/000000867013000003/q2fy1310-q.htm
0,2012-09-30,ADP,2012-11-02 00:00:00,2012-11-02 09:22:33,Q1,2637500000,1523800000,1113700000,0.422256,0.0,611400000,0.0,1589600000,673300000,2197100000,3100000.0,78300000,549800000,0.208455,440400000,0.166976,0.0,465600000,0.176531,163200000,305200000,0.115716,0.62464,0.62464,488600000,488600000,https://www.sec.gov/Archives/edgar/data/8670/000000867012000009/0000008670-12-000009-index.html,https://www.sec.gov/Archives/edgar/data/8670/000000867012000009/adp-2012930x10q.htm
0,2012-06-30,ADP,2012-08-20 00:00:00,2012-08-20 17:18:30,Q4,2603000000,1351200000,1251800000,0.480907,153900000,671200000,0.0,1591500000,890300000,2241500000,2300000.0,82000000,478600000,0.183865,361500000,0.138878,0.0,387700000,0.148944,135900000,258400000,0.09927,0.52659,0.52659,490700000,490700000,https://www.sec.gov/Archives/edgar/data/8670/000120677412003634/0001206774-12-003634-index.html,https://www.sec.gov/Archives/edgar/data/8670/000120677412003634/adp_10k.htm
0,2012-03-31,ADP,2012-05-04 00:00:00,2012-05-04 12:59:31,Q3,2910900000,1553700000,1357200000,0.466248,0.0,619900000,0.0,1626000000,685999999.9999998,2239700000,1200000.0,80200000.00000001,765700000,0.263046,671200000,0.230582,0.0,682100000,0.234326,231900000,452400000,0.155416,0.91727,0.91727,493200000,493200000,https://www.sec.gov/Archives/edgar/data/8670/000000867012000004/0000008670-12-000004-index.html,https://www.sec.gov/Archives/edgar/data/8670/000000867012000004/march2010q.htm
0,2011-12-31,ADP,2012-02-07 00:00:00,2012-02-07 16:10:28,Q2,2570700000,1451500000,1119200000,0.435368,0.0,574900000,0.0,1522000000,576300000,2027800000,2100000.0,78199999.99999999,658700000,0.256234,542900000,0.211188,0.0,576200000,0.224141,203400000,375000000,0.145875,0.76158,0.76158,492400000,492400000,https://www.sec.gov/Archives/edgar/data/8670/000000867012000002/0000008670-12-000002-index.html,https://www.sec.gov/Archives/edgar/data/8670/000000867012000002/december2011q.htm
0,2011-09-30,ADP,2011-11-04 00:00:00,2011-11-04 12:01:04,Q1,2510900000,1437600000,1073300000,0.427456,0.0,586900000,0.0,1508200000,649099999.9999999,2086700000,2100000.0,78900000,539000000,0.214664,424200000,0.168943,0.0,455700000,0.181489,155300000,302700000,0.120554,0.61362,0.61362,493300000,493300000,https://www.sec.gov/Archives/edgar/data/8670/000120677411002415/0001206774-11-002415-index.html,https://www.sec.gov/Archives/edgar/data/8670/000120677411002415/adp_10q.htm
0,2011-06-30,ADP,2011-08-24 00:00:00,2011-08-24 13:00:20,Q4,2460600000,1435200000,1025400000,0.416728,0.0,651600000,0.0,1520400000,714499999.9999998,2149700000,1700000.0,75400000.00000003,430300000.00000006,0.174876,310900000,0.126351,0.0,344000000,0.139803,111400000,241800000,0.098269,0.4835,0.4835,500100000,500100000,https://www.sec.gov/Archives/edgar/data/8670/000120677411001935/0001206774-11-001935-index.html,https://www.sec.gov/Archives/edgar/data/8670/000120677411001935/adp_10k.htm
0,2011-03-31,ADP,2011-05-06 00:00:00,2011-05-06 11:32:00,Q3,2737300000,1456100000,1281200000,0.468052,0.0,577300000,0.0,4219700000,628200000.0000004,2084300000.0000002,6900000.0,81000000,740900000,0.270668,653000000,0.238556,0.0,653000000,0.238556,229200000,423800000,0.154824,0.8454,0.8454,501300000,501300000,https://www.sec.gov/Archives/edgar/data/8670/000000867011000010/0000008670-11-000010-index.html,https://www.sec.gov/Archives/edgar/data/8670/000000867011000010/march2011q.htm
0,2010-12-31,ADP,2011-02-09 00:00:00,2011-02-09 11:33:24,Q2,2405700000,1315700000,1090000000,0.453091,0.0,570100000,0.0,604000000,605399999.9999999,1921100000,0.0,82699999.99999999,567300000,0.235815,484600000,0.201438,0.0,484600000,0.201438,174500000,310100000,0.128902,0.62407,0.62407,496900000,496900000,https://www.sec.gov/Archives/edgar/data/8670/000000867011000007/0000008670-11-000007-index.html,https://www.sec.gov/Archives/edgar/data/8670/000000867011000007/decemberq2011.htm
0,2010-09-30,ADP,2010-11-04 00:00:00,2010-11-04 16:26:46,Q1,2229400000,1251600000,977800000,0.438593,0.0,515600000,0.0,601000000,541400000.0000001,1793000000,0.0,75500000,511900000,0.229613,436400000,0.195748,0.0,436400000,0.195748,157900000,278500000,0.124922,0.56274,0.56274,494900000,494900000,https://www.sec.gov/Archives/edgar/data/8670/000000867010000026/0000008670-10-000026-index.html,https://www.sec.gov/Archives/edgar/data/8670/000000867010000026/fy11sept10q.htm
0,2010-06-30,ADP,2010-08-25 00:00:00,2010-08-25 15:19:46,Q4,2190400000,1224200000,966200000,0.441107,0.0,612100000,0.0,1284100000,660599999.9999999,1884800000,1800000.0,76399999.99999999,383900000,0.175265,305600000,0.139518,0.0,305600000,0.139518,97800000,207900000,0.094914,0.41605,0.41605,499700000,499700000,https://www.sec.gov/Archives/edgar/data/8670/000120677410001881/0001206774-10-001881-index.html,https://www.sec.gov/Archives/edgar/data/8670/000120677410001881/adp_10k.htm
0,2010-03-31,ADP,2010-05-06 00:00:00,2010-05-06 16:13:23,Q3,2443200000,1270300000,1172900000,0.480067,0.0,504900000,-38453000,3754200000,539900000.0000001,1810200000,6800000.0,77800000.00000001,719600000,0.294532,633000000,0.259086,0.0,633000000,0.259086,231400000,403600000,0.165193,0.79842,0.79842,505500000,505500000,https://www.sec.gov/Archives/edgar/data/8670/000000867010000012/0000008670-10-000012-index.html,https://www.sec.gov/Archives/edgar/data/8670/000000867010000012/march10q.htm
0,2009-12-31,ADP,2010-02-09 00:00:00,2010-02-09 16:49:02,Q2,2198000000,1167400000,1030600000,0.468881,0.0,518900000,0.0,531000000,551599999.9999999,1719000000,-2000000.0,77400000,555200000,0.252593,479000000,0.217925,0.0,479000000,0.217925,164000000,315800000,0.143676,0.62386,0.62386,506200000,506200000,https://www.sec.gov/Archives/edgar/data/8670/000000867010000005/0000008670-10-000005-index.html,https://www.sec.gov/Archives/edgar/data/8670/000000867010000005/dec10qfy10new.htm
0,2009-09-30,ADP,2009-11-06 00:00:00,2009-11-06 17:04:43,Q1,2096100000,1129200000,966900000,0.461285,0.0,491500000,0.0,514000000,521300000,1650500000,-3000000.0,77600000,521400000,0.248748,445600000,0.212585,0.0,445600000,0.212585,162700000,284100000,0.135537,0.56403,0.56403,503700000,503700000,https://www.sec.gov/Archives/edgar/data/8670/000000867009000037/0000008670-09-000037-index.html,https://www.sec.gov/Archives/edgar/data/8670/000000867009000037/sept10q.htm
0,2009-06-30,ADP,2009-08-28 00:00:00,2009-08-28 11:08:56,Q4,2100800000,1132000000,968800000,0.461158,0.0,574300000,0.0,-600000.0,608000000,1740000000,-4000000.0,79299999.99999999,441500000,0.210158,360800000,0.171744,-600000.0,360800000,0.171744,13400000,352800000,0.167936,0.70167,0.70167,502800000,502800000,https://www.sec.gov/Archives/edgar/data/8670/000120677409001642/0001206774-09-001642-index.html,https://www.sec.gov/Archives/edgar/data/8670/000120677409001642/adp_10k.htm
0,2009-03-31,ADP,2009-05-08 00:00:00,2009-05-08 17:28:46,Q3,2368800000,1155000000,1213800000,0.512411,0.0,518900000,0.0,-600000.0,585300000,1740300000,-2000000.0,77200000.00000001,704100000,0.297239,628500000,0.265324,-600000.0,628500000,0.265324,226600000,402300000,0.169833,0.79948,0.79948,503200000,503200000,https://www.sec.gov/Archives/edgar/data/8670/000000867009000025/0000008670-09-000025-index.html,https://www.sec.gov/Archives/edgar/data/8670/000000867009000025/march09_10q.htm
0,2008-12-31,ADP,2009-02-09 00:00:00,2009-02-09 11:28:25,Q2,2187400000,1121000000,1066400000,0.487519,0.0,570400000,0.0,-600000.0,596900000.0000001,1717900000,-8000000.0,73899999.99999999,538200000,0.246046,469500000,0.214638,-600000.0,469500000,0.214638,171600000,300700000,0.137469,0.58354,0.58354,515300000,515300000,https://www.sec.gov/Archives/edgar/data/8670/000000867009000012/0000008670-09-000012-index.html,https://www.sec.gov/Archives/edgar/data/8670/000000867009000012/dec0810q.htm
0,2008-09-30,ADP,2008-11-07 00:00:00,2008-11-07 17:31:06,Q1,2181400000,1177300000,1004100000,0.460301,0.0,526700000,0.0,-500000.0,562800000,1740100000,-19000000,77300000,498500000,0.228523,441300000,0.202301,-500000.0,441300000,0.202301,163400000,276800000,0.126891,0.53905,0.53905,513500000,513500000,https://www.sec.gov/Archives/edgar/data/8670/000000867008000073/0000008670-08-000073-index.html,https://www.sec.gov/Archives/edgar/data/8670/000000867008000073/sept09q.htm
0,2008-06-30,ADP,2008-08-29 00:00:00,2008-08-29 11:43:36,Q4,2207200000,1134900000,1072300000,0.485819,0.0,697000000,0.0,-600000.0,717899999.9999999,1852800000,-12000000,72100000.00000001,422000000,0.191192,354400000,0.160565,-600000.0,354400000,0.160565,128300000,233600000,0.105835,0.4494,0.4494,519800000,519800000,https://www.sec.gov/Archives/edgar/data/8670/000120677408001519/0001206774-08-001519-index.html,https://www.sec.gov/Archives/edgar/data/8670/000120677408001519/adp_10k.htm
0,2008-03-31,ADP,2008-05-09 00:00:00,2008-05-09 14:46:07,Q3,2427300000,1165400000,1261900000,0.519878,0.0,585300000,0.0,-500000.0,626399999.9999999,1791800000,-8000000.0,78600000,716000000,0.294978,635500000,0.261814,-500000.0,635500000,0.261814,231800000,413600000,0.170395,0.76268,0.76268,542300000,542300000,https://www.sec.gov/Archives/edgar/data/8670/000000867008000043/0000008670-08-000043-index.html,https://www.sec.gov/Archives/edgar/data/8670/000000867008000043/march08q.htm
0,2007-12-31,ADP,2008-02-11,2008-02-11 12:52:56,Q2,2150100000,1108600000,1041500000,0.484396,0.0,554500000,0.0,-600000.0,600900000.0000001,1709500000,-31000000,91800000,501000000,0.233012,440600000,0.204921,-600000.0,440600000,0.204921,149000000,291200000,0.135436,0.54902,0.54902,530400000,530400000,https://www.sec.gov/Archives/edgar/data/8670/000000867008000012/decem0810q.htm,https://www.sec.gov/Archives/edgar/data/8670/000000867008000012/decem0810q.htm
0,2007-09-30,ADP,2007-11-09 00:00:00,2007-11-09 14:58:50,Q1,1992000000,1032600000,959400000,0.481627,0.0,533600000,0.0,-600000.0,577900000.0000001,1610500000,-29000000,75800000,485200000,0.243574,381500000,0.191516,-600000.0,381500000,0.191516,141100000,297300000,0.149247,0.55529,0.55529,535400000,535400000,https://www.sec.gov/Archives/edgar/data/8670/000000867007000251/0000008670-07-000251-index.html,https://www.sec.gov/Archives/edgar/data/8670/000000867007000251/sept10q.htm
0,2007-06-30,ADP,2007-08-29 00:00:00,2007-08-29 16:35:15,Q4,1999800000,1006300000,993500000,0.4968,0.0,649200000,0.0,0.0,686200000,1692500000,-20000000,75800000.00000001,364000000,0.182018,307300000,0.153665,0.0,307300000,0.153665,113500000,194700000,0.09736,0.35285,0.35285,551800000,551800000,https://www.sec.gov/Archives/edgar/data/8670/000120677407002085/0001206774-07-002085-index.html,https://www.sec.gov/Archives/edgar/data/8670/000120677407002085/adp_10-k.htm
0,2007-03-31,ADP,2007-05-09 00:00:00,2007-05-09 17:01:09,Q3,2171100000,1013600000,1157500000,0.53314,0.0,549800000,0.0,0.0,585999999.9999999,1599600000,-74000000,66199999.99999999,592300000,0.272811,571500000,0.263231,0.0,571500000,0.263231,211200000,388900000,0.179126,0.68264,0.68264,569700000,569700000,https://www.sec.gov/Archives/edgar/data/8670/000115752307004891/0001157523-07-004891-index.html,https://www.sec.gov/Archives/edgar/data/8670/000115752307004891/a5398369.htm
0,2006-12-31,ADP,2007-02-09,2007-02-09 13:25:44,Q2,1874300000,941100000,933200000,0.497893,0.0,514600000,0.0,518000000,537699999.9999999,1478800000,0.0,78700000.00000001,523900000,0.279518,395500000,0.211012,0.0,395500000,0.211012,147600000,297600000,0.158779,0.52841,0.52841,563200000,563200000,https://www.sec.gov/Archives/edgar/data/8670/000000867007000103/decq07v3.htm,https://www.sec.gov/Archives/edgar/data/8670/000000867007000103/decq07v3.htm
0,2006-09-30,ADP,2006-11-09,2006-11-09 14:05:56,Q1,1754800000,917400000,837400000,0.477205,0.0,492600000,0.0,583000000,488199999.99999994,1405600000,0.0,68100000,455600000,0.259631,349200000,0.198997,0.0,349200000,0.198997,130000000,257500000,0.14674,0.46023,0.46023,559500000,559500000,https://www.sec.gov/Archives/edgar/data/8670/000120677406001911/adp_10k1.htm,https://www.sec.gov/Archives/edgar/data/8670/000120677406001911/adp_10k1.htm
0,2006-06-30,ADP,2006-08-30,2006-08-30 15:13:49,Q4,1765600000,959700000,805900000,0.456445,0.0,561300000,0.0,-57600000,568000000,1527700000,0.0,32500000,833200000,0.471908,237900000,0.134742,-57600000,237900000,0.134742,97000000,703700000,0.398561,1.22831,1.22831,572900000,572900000,https://www.sec.gov/Archives/edgar/data/8670/000120677406001911/adp_10k1.htm,https://www.sec.gov/Archives/edgar/data/8670/000120677406001911/adp_10k1.htm
0,2006-03-31,ADP,2006-05-10,2006-05-10 16:24:10,Q3,1874900000,881700000,993200000,0.529735,0.0,491300000,0.0,-22600000,513200000,1394900000,0.0,71000000,622300000,0.331911,480000000,0.256014,-22600000,480000000,0.256014,180700000,370600000,0.197664,0.61911,0.61911,598600000,598600000,https://www.sec.gov/Archives/edgar/data/8670/000000867006000104/march10q.htm,https://www.sec.gov/Archives/edgar/data/8670/000000867006000104/march10q.htm
0,2005-12-31,ADP,,,Q2,1288400000,547600000,740800000,0.574977,0.0,406100000,0.0,-53200000,429100000,976700000,0.0,72400000,447900000,0.34764,311700000,0.241928,-53200000,311700000,0.241928,115800000,259700000,0.201568,0.44069,0.44069,589300000,589300000,,
0,2005-09-30,ADP,,,Q1,1906700000,1053800000,852900000,0.447317,0.0,475000000,0.0,-2400000.0,521300000,1575100000,0.0,70100000,415900000,0.218126,331600000,0.173913,-2400000.0,331600000,0.173913,125800000,220000000,0.115383,0.3782,0.3782,581700000,581700000,,
0,2005-06-30,ADP,,,Q4,2167100000,1213400000,953700000,0.440081,0.0,493300000,0.0,0.0,555800000,1769200000,0.0,21400000.000000007,428300000,0.197637,397900000,0.183609,0.0,397900000,0.183609,148200000,258700000,0.119376,0.43952,0.43952,588600000,588600000,,
0,2005-03-31,ADP,,,Q3,2215000000,1152000000,1063000000,0.47991,0.0,485500000,0.0,0.0,553800000,1705800000,0.0,53599999.99999999,582200000,0.262844,509200000,0.229887,0.0,509200000,0.229887,190200000,338400000,0.152777,0.57307,0.57307,590500000,590500000,,
0,2004-12-31,ADP,,,Q2,1768200000,952900000,815300000,0.46109,0.0,410900000,0.0,0.0,461199999.99999994,1414100000,0.0,76199999.99999999,459600000,0.259925,354100000,0.20026,0.0,354100000,0.20026,133300000,250100000,0.141443,0.41851,0.41851,597600000,597600000,,
0,2004-09-30,ADP,,,Q1,1833400000,996900000,836500000,0.456256,0.0,443200000,0.0,0.0,504600000,1501500000,0.0,74400000,405700000,0.221283,331900000,0.18103,0.0,331900000,0.18103,123100000,208200000,0.11356,0.35294,0.35294,589900000,589900000,,
0,2004-06-30,ADP,,,Q4,1610300000,873800000,736500000,0.457368,0.0,416100000,0.0,0.0,457600000.0000001,1331400000.0000002,0.0,51600000.00000002,368300000,0.228715,278900000,0.173198,0.0,278900000,0.173198,104800000,211900000,0.13159,0.34738,0.34738,610000000,610000000,,
0,2004-03-31,ADP,,,Q3,2121400000,1089200000,1032200000,0.486565,0.0,487400000,0.0,-12000000,552599999.9999999,1641800000,0.0,77199999.99999999,556900000,0.262515,479600000,0.226077,-12000000,479600000,0.226077,179400000,300300000,0.141557,0.50092,0.50092,599500000,599500000,,
0,2003-12-31,ADP,,,Q2,1827400000,943400000,884000000,0.483747,0.0,459300000,0.0,0.0,518900000,1462300000,0.0,73600000.00000001,438800000,0.240123,365100000,0.199792,0.0,365100000,0.199792,136600000,228600000,0.125096,0.38253,0.38253,597600000,597600000,,
0,2003-09-30,ADP,,,Q1,1720300000,926000000,794300000,0.461722,0.0,426900000,0.0,0.0,483000000,1409000000,0.0,74700000,386000000,0.224379,311300000,0.180957,0.0,311300000,0.180957,116400000,194900000,0.113294,0.3244,0.3244,600800000,600800000,,
0,2003-06-30,ADP,,,Q4,1911600000,1023500000,888100000,0.464585,0.0,505600000,0.0,0.0,539700000,1563200000,0.0,274700000,623100000,0.325957,348400000,0.182256,0.0,348400000,0.182256,131700000,216700000,0.113361,0.36105,0.36105,600200000,600200000,,
0,2003-03-31,ADP,,,Q3,1905800000,920000000,985800000,0.517263,0.0,402800000,0.0,0.0,452799999.99999994,1372800000,0.0,0.0,533000000,0.279673,533000000,0.279673,0.0,533000000,0.279673,203600000,329400000,0.172841,0.54419,0.54419,605300000,605300000,,
0,2002-12-31,ADP,,,Q2,1683000000,824100000,858900000,0.510339,0.0,402000000,0.0,0.0,435400000,1259500000,0.0,0.0,423500000,0.251634,423500000,0.251634,0.0,423500000,0.251634,161800000,261700000,0.155496,0.43271,0.43271,604800000,604800000,,
0,2002-09-30,ADP,,,Q1,1646700000,828400000,818300000,0.496933,0.0,448000000,0.0,0.0,477900000,1306300000,0.0,0.0,340400000,0.206716,340400000,0.206716,0.0,340400000,0.206716,130000000,210400000,0.127771,0.34351,0.34351,612500000,612500000,,
0,2002-06-30,ADP,,,Q4,1845300000,954900000,890400000,0.482523,0.0,387400000,0.0,0.0,425400000,1380300000,0.0,0.0,465000000,0.251992,465000000,0.251992,0.0,465000000,0.251992,177700000,287300000,0.155693,0.45807,0.45807,627200000,627200000,,
0,2002-03-31,ADP,,,Q3,1870000000,888900000,981200000,0.524706,0.0,369200000,0.0,-33100000,409300000.00000006,1298200000,0.0,0.0,571900000,0.305829,571900000,0.305829,-33100000,571900000,0.305829,219600000,352300000,0.188396,0.55717,0.55717,632300000,632300000,,
0,2001-12-31,ADP,,,Q2,1681000000,809500000,871500000,0.518441,0.0,393600000,0.0,-20400000,441599999.9999999,1251100000,0.0,0.0,429900000,0.255741,429900000,0.255741,-20400000,429900000,0.255741,165300000,264600000,0.157406,0.41987,0.41987,630200000,630200000,,
0,2001-09-30,ADP,2001-11-07 00:00:00,2001-11-07 00:00:00,Q1,1607900000,792200000,815700000,0.507308,0.0,456600000,0.0,-30500000,495500000,1287700000,0.0,0.0,320200000,0.199142,320200000,0.199142,-30500000,320200000,0.199142,123600000,196600000,0.122271,0.31078,0.31078,632600000,632600000,https://www.sec.gov/Archives/edgar/data/8670/000000867001500023/0000008670-01-500023-index.html,https://www.sec.gov/Archives/edgar/data/8670/000000867001500023/septembe.txt
0,2001-06-30,ADP,,,Q4,1815900000,949900000,866000000,0.476899,0.0,401300000,0.0,-36200000,445900000,1395800000,0.0,320900000,741000000,0.408062,420100000,0.231345,-36200000,420100000,0.231345,165100000,255000000,0.140426,0.4,0.4,637500000,637500000,,
0,2001-03-31,ADP,,,Q3,1853800000,880900000,972900000,0.524814,0.0,418100000,0.0,-500000.0,497500000.0000001,1378400000,0.0,0.0,475400000,0.256446,475400000,0.256446,-500000.0,475400000,0.256446,186500000,288900000,0.155842,0.44742,0.44742,645700000,645700000,,
0,2000-12-31,ADP,,,Q2,1639800000,804600000,835200000,0.50933,0.0,410600000,0.0,3200000.0,492300000.00000006,1296900000,0.0,0.0,342900000,0.209111,342900000,0.209111,3200000.0,342900000,0.209111,135500000,207400000,0.126479,0.3182,0.3182,651800000,651800000,,
0,2000-09-30,ADP,2000-11-13 00:00:00,2000-11-13 00:00:00,Q1,1544100000,779000000,765100000,0.495499,0.0,435400000,0.0,-38500000,478500000,1257500000,0.0,0.0,286600000,0.18561,286600000,0.18561,-38500000,286600000,0.18561,113200000,173400000,0.112298,0.26714,0.26714,649100000,649100000,https://www.sec.gov/Archives/edgar/data/8670/000000867000500008/0000008670-00-500008-index.html,https://www.sec.gov/Archives/edgar/data/8670/000000867000500008/september.txt
0,2000-06-30,ADP,2000-09-12 00:00:00,2000-09-12 00:00:00,Q4,1724200000,865300000,858900000,0.498144,0.0,418100000,0.0,0.0,510100000.0000001,1375400000.0000002,0.0,284300000,633100000,0.367185,348800000,0.202297,0.0,348800000,0.202297,125000000,223800000,0.129799,0.34526,0.34526,648200000,648200000,https://www.sec.gov/Archives/edgar/data/8670/000000867000000026/0000008670-00-000026-index.html,https://www.sec.gov/Archives/edgar/data/8670/000000867000000026/0000008670-00-000026-0001.txt
0,2000-03-31,ADP,2000-05-08 00:00:00,2000-05-08 00:00:00,Q3,1719700000,781700000,938000000,0.545444,0.0,425100000,0.0,0.0,522599999.9999999,1304300000,0.0,0.0,415400000,0.241554,415500000,0.241612,0.0,415500000,0.241612,144100000,271300000,0.15776,0.4188,0.4188,647800000,647800000,https://www.sec.gov/Archives/edgar/data/8670/000000867000000009/0000008670-00-000009-index.html,https://www.sec.gov/Archives/edgar/data/8670/0000008670-00-000009.txt
0,1999-12-31,ADP,,,Q2,1492500000,723000000,769500000,0.515578,0.0,394800000,0.0,0.0,466299999.99999994,1189300000,0.0,0.0,303200000,0.203149,303200000,0.203149,0.0,303200000,0.203149,103700000,199500000,0.133668,0.30897,0.30897,645700000,645700000,,
0,1999-09-30,ADP,,,Q1,1351100000,654700000,696400000,0.515432,0.0,405400000,0.0,0.0,474200000.00000006,1128900000,0.0,0.0,222200000,0.164459,222200000,0.164459,0.0,222200000,0.164459,76000000,146200000,0.108208,0.22744,0.22744,642800000,642800000,,
0,1999-06-30,ADP,,,Q4,1470700000,753900000,716800000,0.487387,0.0,351400000,0.0,0.0,424100000,1178000000,0.0,272800000,565500000,0.384511,292700000,0.199021,0.0,292700000,0.199021,100900000,191800000,0.130414,0.29866,0.29866,642200000,642200000,,
0,1999-03-31,ADP,,,Q3,1514100000,713800000,800400000,0.528631,0.0,379500000,0.0,0.0,448700000.00000006,1162500000,0.0,0.0,351700000,0.232283,351600000,0.232217,0.0,351600000,0.232217,126000000,225700000,0.149065,0.35426,0.35426,637100000,637100000,,
0,1998-12-31,ADP,,,Q2,1310200000,666500000,643700000,0.491299,0.0,314800000,0.0,0.0,389299999.99999994,1055800000,0.0,0.0,254500000,0.194245,254400000,0.194169,0.0,254400000,0.194169,100500000,154000000,0.117539,0.24302,0.24302,633700000,633700000,,
0,1998-09-30,ADP,,,Q1,1245100000,654400000,590700000,0.47442,0.0,329600000,0.0,0.0,405000000.0000001,1059400000.0000001,0.0,0.0,185800000,0.149225,185800000,0.149225,0.0,185800000,0.149225,60400000,125400000,0.100715,0.1976,0.1976,634600000,634600000,,
0,1998-06-30,ADP,,,Q4,1336300000,720100000,616300000,0.461199,0.0,303200000,0.0,0.0,375999999.9999999,1096100000,0.0,247600000,487700000,0.364963,240200000,0.17975,0.0,240200000,0.17975,76300000,163800000,0.122577,0.25795,0.25795,635000000,635000000,,
0,1998-03-31,ADP,,,Q3,1341300000,651700000,689500000,0.514054,0.0,341100000,0.0,0.0,408099999.9999999,1059799999.9999999,0.0,0.0,281500000,0.209871,281500000,0.209871,0.0,281500000,0.209871,89500000,192000000,0.143145,0.30385,0.30385,631900000,631900000,,
0,1997-12-31,ADP,,,Q2,1209900000,623400000,586500000,0.484751,0.0,303700000,0.0,0.0,370900000,994300000,0.0,0.0,215600000,0.178197,215600000,0.178197,0.0,215600000,0.178197,68600000,147000000,0.121498,0.23337,0.23337,629900000,629900000,,
0,1997-09-30,ADP,,,Q1,1038500000,530700000,507800000,0.488974,0.0,289400000,0.0,0.0,354400000,885100000,0.0,0.0,153400000,0.147713,153400000,0.147713,0.0,153400000,0.147713,48000000,105400000,0.101493,0.1711,0.1711,616000000,616000000,,
0,1997-06-30,ADP,,,Q4,1079600000,555500000,524000000,0.485365,0.0,257900000,0.0,0.0,349500000,905000000,0.0,224900000,399500000,0.370044,174600000,0.161727,0.0,174600000,0.161727,46900000,127700000,0.118285,0.19716,0.19716,647700000,647700000,,
0,1997-03-31,ADP,,,Q3,1126300000,515200000,611100000,0.542573,0.0,308100000,0.0,0.0,374500000,889700000,0.0,0.0,236600000,0.210068,236600000,0.210068,0.0,236600000,0.210068,71700000,164900000,0.146409,0.26791,0.26791,615500000,615500000,,
0,1996-12-31,ADP,,,Q2,995600000,491100000,504500000,0.50673,0.0,261500000,0.0,0.0,323799999.99999994,814900000,0.0,0.0,180700000,0.181499,180700000,0.181499,0.0,180700000,0.181499,53100000,127600000,0.128164,0.20805,0.20805,613300000,613300000,,
0,1996-09-30,ADP,1996-11-13 00:00:00,1996-11-13 00:00:00,Q1,910700000,457600000,453100000,0.497529,0.0,260800000,0.0,0.0,321000000,778600000,0.0,0.0,132100000,0.145053,132100000,0.145053,0.0,132100000,0.145053,38800000,93300000,0.102449,0.16178,0.16178,576700000,576700000,https://www.sec.gov/Archives/edgar/data/8670/000000867096000006/0000008670-96-000006-index.html,https://www.sec.gov/Archives/edgar/data/8670/0000008670-96-000006.txt
0,1996-06-30,ADP,1996-09-23 00:00:00,1996-09-23 00:00:00,Q4,967900000,501400000,466500000,0.481971,0.0,231700000,0.0,0.0,292400000,793800000,0.0,201600000,375700000,0.38816,174100000,0.179874,0.0,174100000,0.179874,54100000,120000000,0.12398,0.20772,0.20772,577700000,577700000,https://www.sec.gov/Archives/edgar/data/8670/000095011296003416/0000950112-96-003416-index.html,https://www.sec.gov/Archives/edgar/data/8670/0000950112-96-003416.txt
0,1996-03-31,ADP,1996-05-10 00:00:00,1996-05-10 00:00:00,Q3,1031900000,492100000,539700000,0.523016,0.0,276700000,0.0,0.0,339900000,832000000,0.0,0.0,199900000,0.19372,199900000,0.19372,0.0,199900000,0.19372,56000000,143900000,0.139451,0.247,0.247,582600000,582600000,https://www.sec.gov/Archives/edgar/data/8670/000000867096000004/0000008670-96-000004-index.html,https://www.sec.gov/Archives/edgar/data/8670/0000008670-96-000004.txt
0,1995-12-31,ADP,1996-02-13 00:00:00,1996-02-13 00:00:00,Q2,819700000,401600000,418200000,0.510187,0.0,210300000,0.0,0.0,267500000,669100000,0.0,0.0,150600000,0.183726,150600000,0.183726,0.0,150600000,0.183726,41700000,108900000,0.132853,0.18906,0.18906,576000000,576000000,https://www.sec.gov/Archives/edgar/data/8670/000000867096000002/0000008670-96-000002-index.html,https://www.sec.gov/Archives/edgar/data/8670/0000008670-96-000002.txt
0,1995-09-30,ADP,1995-11-14 00:00:00,1995-11-14 00:00:00,Q1,747100000,371000000,376100000,0.503413,0.0,215000000,0.0,0.0,265299999.99999994,636300000,0.0,0.0,110800000,0.148307,110800000,0.148307,0.0,110800000,0.148307,28900000,81900000,0.109624,0.14234,0.14234,575400000,575400000,https://www.sec.gov/Archives/edgar/data/8670/000000867095000015/0000008670-95-000015-index.html,https://www.sec.gov/Archives/edgar/data/8670/0000008670-95-000015.txt
0,1995-06-30,ADP,1995-09-21 00:00:00,1995-09-21 00:00:00,Q4,799900000,401100000,398700000,0.498437,0.0,195200000,0.0,0.0,254299999.99999994,655400000,0.0,172500000,317000000,0.3963,144500000,0.180648,0.0,144500000,0.180648,38600000,105900000,0.132392,0.1836,0.1836,576800000,576800000,https://www.sec.gov/Archives/edgar/data/8670/000091205795007958/0000912057-95-007958-index.html,https://www.sec.gov/Archives/edgar/data/8670/0000912057-95-007958.txt
0,1995-03-31,ADP,1995-05-11 00:00:00,1995-05-11 00:00:00,Q3,799000000,357700000,441300000,0.552315,0.0,224100000,0.0,0.0,272200000,629900000,0.0,0.0,169100000,0.21164,169100000,0.21164,0.0,169100000,0.21164,43800000,125300000,0.156821,0.21822,0.21822,574200000,574200000,https://www.sec.gov/Archives/edgar/data/8670/000000867095000004/0000008670-95-000004-index.html,https://www.sec.gov/Archives/edgar/data/8670/0000008670-95-000004.txt
0,1994-12-31,ADP,1995-02-10 00:00:00,1995-02-10 00:00:00,Q2,672600000,314600000,358000000,0.532263,0.0,183900000,0.0,0.0,229899999.99999997,544500000,0.0,0.0,128100000,0.190455,128100000,0.190455,0.0,128100000,0.190455,33200000,94900000,0.141094,0.1674,0.1674,566900000,566900000,https://www.sec.gov/Archives/edgar/data/8670/000000867095000002/0000008670-95-000002-index.html,https://www.sec.gov/Archives/edgar/data/8670/0000008670-95-000002.txt
0,1994-09-30,ADP,1994-11-09 00:00:00,1994-11-09 00:00:00,Q1,622300000,297100000,325200000,0.522578,0.0,188900000,0.0,0.0,232600000.00000003,529700000,0.0,0.0,92600000,0.148803,92600000,0.148803,0.0,92600000,0.148803,23900000,68700000,0.110397,0.122,0.122,563100000,563100000,https://www.sec.gov/Archives/edgar/data/8670/000000867094000015/0000008670-94-000015-index.html,https://www.sec.gov/Archives/edgar/data/8670/0000008670-94-000015.txt
0,1994-06-30,ADP,1994-09-01 00:00:00,1994-09-01 00:00:00,Q4,664900000,342000000,322900000,0.485637,0.0,157700000,0.0,0.0,202500000,544500000,0.0,148300000,268700000,0.404121,120400000,0.18108,0.0,120400000,0.18108,30000000,90400000,0.13596,0.16083,0.16083,562100000,562100000,https://www.sec.gov/Archives/edgar/data/8670/000091205794002935/0000912057-94-002935-index.html,https://www.sec.gov/Archives/edgar/data/8670/0000912057-94-002935.txt
0,1994-03-31,ADP,1994-05-06 00:00:00,1994-05-06 00:00:00,Q3,674400000,307900000,366500000,0.543446,0.0,184300000,0.0,0.0,226000000,533900000,0.0,0.0,140500000,0.208333,140500000,0.208333,0.0,140500000,0.208333,35500000,105000000,0.155694,0.18532,0.18532,566600000,566600000,https://www.sec.gov/Archives/edgar/data/8670/000000867094000013/0000008670-94-000013-index.html,https://www.sec.gov/Archives/edgar/data/8670/0000008670-94-000013.txt
