,date,symbol,fillingDate,acceptedDate,period,revenue,costOfRevenue,grossProfit,grossProfitRatio,researchAndDevelopmentExpenses,generalAndAdministrativeExpenses,sellingAndMarketingExpenses,otherExpenses,operatingExpenses,costAndExpenses,interestExpense,depreciationAndAmortization,ebitda,ebitdaratio,operatingIncome,operatingIncomeRatio,totalOtherIncomeExpensesNet,incomeBeforeTax,incomeBeforeTaxRatio,incomeTaxExpense,netIncome,netIncomeRatio,eps,epsdiluted,weightedAverageShsOut,weightedAverageShsOutDil,link,finalLink
0,2020-09-30,PRGX,2020-11-06,2020-11-06 16:39:31,Q3,41532000,20813000,20719000,0.49886834248290474,0.0,13751000,0.0,-2000.0,0.0,36689000,216000.0,1295000.0,6966000.0,0.16772609072522393,4843000.0,0.10810940961186555,-137000.0,4490000.0,0.10810940961186555,1456000.0,3034000.0,0.07305210440142541,0.13,0.13,22695000,23018000,https://www.sec.gov/Archives/edgar/data/1007330/000100733020000013/0001007330-20-000013-index.htm,https://www.sec.gov/Archives/edgar/data/1007330/000100733020000013/prgx-20200930.htm
0,2020-06-30,PRGX,2020-08-07,2020-08-07 11:28:56,Q2,39011000,20584000,18427000,0.47235395144959114,0.0,14726000,0.0,-2000.0,0.0,38103000,303000.0,1965000.0,3699000.0,0.09481940991002538,908000.0,0.03645125733767399,817000.0,1422000.0,0.03645125733767399,1004000.0,418000.0,0.010714926559175617,0.02,0.02,22606000,22716000,https://www.sec.gov/Archives/edgar/data/1007330/000100733020000010/0001007330-20-000010-index.htm,https://www.sec.gov/Archives/edgar/data/1007330/000100733020000010/prgx-20200630.htm
0,2020-03-31,PRGX,2020-05-11,2020-05-11 13:31:12,Q1,36839000,22534000,14305000,0.3883113005239013,0.0,13464000,0.0,0.0,0.0,38968000,342000.0,2141000.0,841000.0,0.02282906702136323,-2129000.0,-0.1065989847715736,-1456000.0,-3927000.0,-0.1065989847715736,-44000.0,-3883000.0,-0.10540459838757839,-0.17,-0.17,22488000,22488000,https://www.sec.gov/Archives/edgar/data/1007330/000100733020000006/0001007330-20-000006-index.htm,https://www.sec.gov/Archives/edgar/data/1007330/000100733020000003/a201910kprgx.htm
0,2019-12-31,PRGX,2020-03-12,2020-03-12 09:25:15,Q4,46690000,23090000,23600000,0.5054615549368173,0.0,14390000,0.0,-1000.0,0.0,41096000,0.0,2749000.0,8557000.0,0.18327264938959092,5594000.0,-0.0882415934889698,-9338000.0,-4120000.0,-0.0882415934889698,249000.0,-4403000.0,-0.09430284857571214,-0.19,-0.19,22463000,22463000,https://www.sec.gov/Archives/edgar/data/1007330/000100733020000003/0001007330-20-000003-index.htm,https://www.sec.gov/Archives/edgar/data/1007330/000100733020000003/a201910kprgx.htm
0,2019-09-30,PRGX,2019-11-12,2019-11-12 08:32:15,Q3,42290000,25539000,16751000,0.39609836840860724,0.0,13544000,0.0,-4000.0,0.0,42595000,0.0,2648000.0,3862000.0,0.09132182549065973,-305000.0,-0.031685977772523057,-659000.0,-1340000.0,-0.031685977772523057,202000.0,-642000.0,-0.01518089382832821,-0.03,-0.03,22770000,22770000,https://www.sec.gov/Archives/edgar/data/1007330/000100733019000014/0001007330-19-000014-index.htm,https://www.sec.gov/Archives/edgar/data/1007330/000100733019000014/a2019_q3prgx.htm
0,2019-06-30,PRGX,2019-08-09,2019-08-09 09:44:33,Q2,41974000,26312000,15662000,0.373135750702816,0.0,15748000,0.0,-11000.0,0.0,45313000,0.0,2381000.0,-163000.0,-0.003883356363463096,-3339000.0,-0.09208081193119551,66000.0,-3865000.0,-0.09208081193119551,311000.0,-4279000.0,-0.1019440606089484,-0.18,-0.18,22763000,22763000,https://www.sec.gov/Archives/edgar/data/1007330/000100733019000010/0001007330-19-000010-index.htm,https://www.sec.gov/Archives/edgar/data/1007330/000100733019000010/a2019_q2prgx.htm
0,2019-03-31,PRGX,2019-05-09,2019-05-09 16:31:12,Q1,38804000,25235000,13569000,0.349680445314916,0.0,13917000,0.0,19000.0,0.0,42217000,0.0,2203000.0,-142000.0,-0.0036594165549943304,-3413000.0,-0.10496340583445006,-187000.0,-4073000.0,-0.10496340583445006,168000.0,-4396000.0,-0.11328728997010618,-0.19,-0.19,23136842,23136842,https://www.sec.gov/Archives/edgar/data/1007330/000100733019000007/0001007330-19-000007-index.htm,https://www.sec.gov/Archives/edgar/data/1007330/000100733019000004/a201810kprgx.htm
0,2018-12-31,PRGX,2019-03-18,2019-03-18 14:04:04,Q4,49633000,26493000,23140000,0.46622206999375415,0.0,13862000,0.0,-5000.0,0.0,43300000,0.0,2074000.0,10329000,0.20810750911691817,6333000.0,0.11446013740857897,-289000.0,5681000.0,0.11446013740857897,-252000.0,7859000.0,0.1583422319827534,0.34,0.34,23036000,23619000,https://www.sec.gov/Archives/edgar/data/1007330/000100733019000004/0001007330-19-000004-index.htm,https://www.sec.gov/Archives/edgar/data/1007330/000100733019000004/a201810kprgx.htm
0,2018-09-30,PRGX,2018-11-08,2018-11-08 11:24:53,Q3,43320000,26146000,17174000,0.39644506001846724,0.0,12521000,0.0,1000.0,0.0,41252000,0.0,1713000.0,3083000.0,0.07116805170821791,2068000.0,0.07439981532779316,1571000.0,3223000.0,0.07439981532779316,597000.0,2301000.0,0.05311634349030471,0.1,0.1,23558000,24207000,https://www.sec.gov/Archives/edgar/data/1007330/000100733018000015/0001007330-18-000015-index.htm,https://www.sec.gov/Archives/edgar/data/1007330/000100733018000015/a2018_q3prgx.htm
0,2018-06-30,PRGX,2018-08-09,2018-08-09 16:44:20,Q2,42102000,27389000,14713000,0.3494608332145741,0.0,12809000,0.0,-5000.0,0.0,43422000,0.0,2360000.0,2784000.0,0.06612512469716403,-1320000.0,-0.0639162035057717,-885000.0,-2691000.0,-0.0639162035057717,189000.0,-2906000.0,-0.06902284927081849,-0.13,-0.13,23283000,23283000,https://www.sec.gov/Archives/edgar/data/1007330/000100733018000011/0001007330-18-000011-index.htm,https://www.sec.gov/Archives/edgar/data/1007330/000100733018000011/a2018_q2prgx.htm
0,2018-03-31,PRGX,2018-05-09,2018-05-09 16:07:01,Q1,36721000,24797000,11924000,0.32471882574003974,0.0,11264000,0.0,-12000.0,0.0,38072000,0.0,1223000.0,440000.0,0.01198224449225239,-1351000.0,-0.04196508809672939,208000.0,-1541000.0,-0.04196508809672939,787000.0,-2661000.0,-0.07246534680428093,-0.11,-0.11,22573000,22573000,https://www.sec.gov/Archives/edgar/data/1007330/000100733018000008/0001007330-18-000008-index.htm,https://www.sec.gov/Archives/edgar/data/1007330/000100733018000002/a201710kprgx.htm
0,2017-12-31,PRGX,2018-03-13,2018-03-13 16:28:51,Q4,47074000,26746000,20328000,0.43183073458809534,0.0,12792000,0.0,-17000.0,0.0,42113000,0.0,1107000.0,12152000,0.2581467476738752,4961000.0,0.13124017504354846,2529000.0,6178000.0,0.13124017504354846,526000.0,5309000.0,0.11277987848918723,0.24,0.24,22017000,22303000,https://www.sec.gov/Archives/edgar/data/1007330/000100733018000002/0001007330-18-000002-index.htm,https://www.sec.gov/Archives/edgar/data/1007330/000100733018000002/a201710kprgx.htm
0,2017-09-30,PRGX,2017-11-08,2017-11-08 14:27:56,Q3,42467000,26675000,15792000,0.371865212988909,0.0,12189000,0.0,-17000.0,0.0,40719000,0.0,1133000.0,3185000.0,0.07499941130760356,1748000.0,0.047260225586926316,401000.0,2007000.0,0.047260225586926316,930000.0,733000.0,0.0172604610638849,0.03,0.03,22498000,22761000,https://www.sec.gov/Archives/edgar/data/1007330/000100733017000011/0001007330-17-000011-index.htm,https://www.sec.gov/Archives/edgar/data/1007330/000100733017000011/a2017_q3prgx.htm
0,2017-06-30,PRGX,2017-08-08,2017-08-08 14:08:06,Q2,38510000,25605000,12905000,0.3351077642170865,0.0,11424000,0.0,-5000.0,0.0,38860000,48000.0,1109000.0,526000.0,0.013658789924694884,-350000.0,0.014385873799013243,952000.0,554000.0,0.014385873799013243,879000.0,-674000.0,-0.017501947546091925,-0.03,-0.03,22227000,22227000,https://www.sec.gov/Archives/edgar/data/1007330/000100733017000008/0001007330-17-000008-index.htm,https://www.sec.gov/Archives/edgar/data/1007330/000100733017000008/a2017_q2prgx.htm
0,2017-03-31,PRGX,2017-05-09,2017-05-09 16:07:48,Q1,33569000,23026000,10543000,0.31406952843397185,0.0,10536000,0.0,199000.0,0.0,35504000,37000.0,1220000.0,209000.0,0.006225982305102923,-1935000.0,-0.03634305460395007,751000.0,-1220000.0,-0.03634305460395007,627000.0,-2183000.0,-0.06503023622985493,-0.1,-0.1,21945000,21945000,https://www.sec.gov/Archives/edgar/data/1007330/000100733017000005/0001007330-17-000005-index.htm,https://www.sec.gov/Archives/edgar/data/1007330/000100733017000003/a201610kprgx.htm
0,2016-12-31,PRGX,2017-03-16,2017-03-16 14:30:03,Q4,39183000,23855000,15328000,0.3911900569124365,0.0,11048000,0.0,-19000.0,0.0,36762000,0.0,1209000.0,5640000.0,0.14393997396830258,2421000.0,0.036750631651481507,-1079000.0,1440000.0,0.036750631651481507,1263000.0,-233000.0,-0.00594645637138555,-0.01,-0.01,21857000,21924000,https://www.sec.gov/Archives/edgar/data/1007330/000100733017000003/0001007330-17-000003-index.htm,https://www.sec.gov/Archives/edgar/data/1007330/000100733017000003/a201610kprgx.htm
0,2016-09-30,PRGX,2016-11-08,2016-11-08 16:19:55,Q3,35137000,22367000,12770000,0.36343455616586506,0.0,9883000.0,0.0,168000.0,0.0,34019000,0.0,1376000.0,2726000.0,0.0775820360303953,1118000.0,0.04169394086006204,333000.0,1465000.0,0.04169394086006204,-685000.0,2283000.0,0.0649742436747588,0.11,0.11,21847000,21874000,https://www.sec.gov/Archives/edgar/data/1007330/000100733016000021/0001007330-16-000021-index.htm,https://www.sec.gov/Archives/edgar/data/1007330/000100733016000021/a2016q3prgx.htm
0,2016-06-30,PRGX,2016-08-05,2016-08-05 14:13:10,Q2,35291000,23431000,11860000,0.33606301890000284,0.0,9620000.0,0.0,-18000.0,0.0,34662000,0.0,1216000.0,2439000.0,0.0691111048142586,629000.0,0.01209940211385339,-214000.0,427000.0,0.01209940211385339,460000.0,-592000.0,-0.01677481510866793,-0.03,-0.03,21969000,21969000,https://www.sec.gov/Archives/edgar/data/1007330/000100733016000019/0001007330-16-000019-index.htm,https://www.sec.gov/Archives/edgar/data/1007330/000100733016000019/a2016q2prgx.htm
0,2016-03-31,PRGX,2016-05-06,2016-05-06 14:54:18,Q1,31233000,21646000,9587000.0,0.30695098133384563,0.0,8848000.0,0.0,-10000.0,0.0,32120000,0.0,1232000.0,-264000.0,-0.008452598213428105,-887000.0,0.004450421029039798,997000.0,139000.0,0.004450421029039798,204000.0,-552000.0,-0.017673614446258763,-0.02,-0.02,22438000,22438000,https://www.sec.gov/Archives/edgar/data/1007330/000100733016000016/0001007330-16-000016-index.htm,https://www.sec.gov/Archives/edgar/data/1007330/000100733016000014/a201510kprgx.htm
0,2015-12-31,PRGX,2016-03-15,2016-03-15 15:08:50,Q4,33958000,20084000,13874000,0.4085635196419106,0.0,6241000.0,0.0,421000.0,0.0,28225000,0.0,1459000.0,4808000.0,0.14158666588138288,5733000.0,0.1768655397844396,186000.0,6006000.0,0.1768655397844396,-803000.0,2044000.0,0.06019200188468107,0.08,0.08,25433000,25458000,https://www.sec.gov/Archives/edgar/data/1007330/000100733016000014/0001007330-16-000014-index.htm,https://www.sec.gov/Archives/edgar/data/1007330/000100733016000014/a201510kprgx.htm
0,2015-09-30,PRGX,2015-11-06,2015-11-06 15:19:10,Q3,33923000,24387000,9536000.0,0.2811072133950417,0.0,8487000.0,0.0,-1612000.0,0.0,34653000,0.0,1262000.0,1703000.0,0.05020192789552811,-730000.0,-0.08808183238510744,-2266000.0,-2988000.0,-0.08808183238510744,421000.0,-3409000.0,-0.10049229136574006,-0.14,-0.14,25167000,25167000,https://www.sec.gov/Archives/edgar/data/1007330/000100733015000011/0001007330-15-000011-index.htm,https://www.sec.gov/Archives/edgar/data/1007330/000100733015000011/a2015q3prgx.htm
0,2015-06-30,PRGX,2015-08-07,2015-08-07 16:58:28,Q2,37289000,24920000,12369000,0.331706401351605,0.0,9387000.0,0.0,0.0,0.0,36365000,0.0,1304000.0,2566000.0,0.06881385931507951,924000.0,0.0373568612727614,416000.0,1393000.0,0.0373568612727614,296000.0,1097000.0,0.029418863471801334,0.04,0.04,26497000,26553000,https://www.sec.gov/Archives/edgar/data/1007330/000100733015000007/0001007330-15-000007-index.htm,https://www.sec.gov/Archives/edgar/data/1007330/000100733015000007/a2015q2prgx.htm
0,2015-03-31,PRGX,2015-05-08,2015-05-08 16:54:22,Q1,33132000,23778000,9354000.0,0.2823252444766389,0.0,8169000.0,0.0,0.0,0.0,33985000,0.0,1292000.0,2877000.0,0.08683448026077509,-853000.0,-0.07554629964988531,-1692000.0,-2503000.0,-0.07554629964988531,455000.0,-2958000.0,-0.08927924664976458,-0.11,-0.11,26394000,26394000,https://www.sec.gov/Archives/edgar/data/1007330/000100733015000004/0001007330-15-000004-index.htm,https://www.sec.gov/Archives/edgar/data/1007330/000100733015000002/a201410kprgx.htm
0,2014-12-31,PRGX,2015-03-13,2015-03-13 17:05:23,Q4,41322000,28502000,12820000,0.31024635787231986,0.0,9283000.0,0.0,-57000.0,0.0,40136000,0.0,1520000.0,2835000.0,0.06860752141716277,1186000.0,0.0058806446928996664,-987000.0,243000.0,0.0058806446928996664,2388000.0,-2145000.0,-0.05190939451139829,-0.08,-0.08,27237000,27237000,https://www.sec.gov/Archives/edgar/data/1007330/000100733015000002/0001007330-15-000002-index.htm,https://www.sec.gov/Archives/edgar/data/1007330/000100733015000002/a201410kprgx.htm
0,2014-09-30,PRGX,2014-11-06,2014-11-06 16:30:41,Q3,42988000,28681000,14307000,0.332813808504699,0.0,10492000,0.0,0.0,0.0,41496000,0.0,1428000.0,5036000.0,0.11714897180608543,1492000.0,0.007327626314320276,-1221000.0,315000.0,0.007327626314320276,554000.0,-239000.0,-0.00555969107657951,-0.01,-0.01,27744000,27744000,https://www.sec.gov/Archives/edgar/data/1007330/000100733014000016/0001007330-14-000016-index.htm,https://www.sec.gov/Archives/edgar/data/1007330/000100733014000016/a2014q3prgx.htm
0,2014-06-30,PRGX,2014-08-07,2014-08-07 17:15:32,Q2,41981000,29944000,12037000,0.28672494699983325,0.0,11037000,0.0,0.0,0.0,43469000,0.0,1586000.0,837000.0,0.01993759081489245,-1488000.0,-0.030537624163311974,163000.0,-1282000.0,-0.030537624163311974,186000.0,-1468000.0,-0.03496819989995474,-0.05,-0.05,29733000,29733000,https://www.sec.gov/Archives/edgar/data/1007330/000100733014000014/0001007330-14-000014-index.htm,https://www.sec.gov/Archives/edgar/data/1007330/000100733014000014/a2014q2prgx.htm
0,2014-03-31,PRGX,2014-05-12,2014-05-12 16:44:15,Q1,37901000,27467000,10434000,0.2752961663280652,0.0,11341000,0.0,0.0,0.0,41393000,0.0,1682000.0,-892000.0,-0.023534999076541517,-3492000.0,-0.09395530460937707,-15000.0,-3561000.0,-0.09395530460937707,113000.0,-3674000.0,-0.09693675628611383,-0.12,-0.12,30159000,30159000,https://www.sec.gov/Archives/edgar/data/1007330/000100733014000009/0001007330-14-000009-index.htm,https://www.sec.gov/Archives/edgar/data/1007330/000100733014000006/a201310kprgx.htm
0,2013-12-31,PRGX,2014-03-14,2014-03-14 16:29:15,Q4,46507000,29741000,16766000,0.3605048702345883,0.0,14472000,0.0,0.0,0.0,47560000,0.0,2162000.0,-1644000.0,-0.035349517276969056,-1053000.0,-0.11424086696626315,-4248000.0,-5313000.0,-0.11424086696626315,1084000.0,-6397000.0,-0.13754918614402134,-0.22,-0.22,29447000,29447000,https://www.sec.gov/Archives/edgar/data/1007330/000100733014000006/0001007330-14-000006-index.htm,https://www.sec.gov/Archives/edgar/data/1007330/000100733014000006/a201310kprgx.htm
0,2013-09-30,PRGX,2013-11-05,2013-11-05 16:26:06,Q3,53403000,30876000,22527000,0.42183023425650246,0.0,13944000,0.0,0.0,0.0,48058000,0.0,2034000.0,7947000.0,0.14881186450199427,5345000.0,0.11059303784431586,636000.0,5906000.0,0.11059303784431586,1029000.0,4877000.0,0.09132445742748535,0.17,0.16,29396000,29815000,https://www.sec.gov/Archives/edgar/data/1007330/000100733013000005/0001007330-13-000005-index.htm,https://www.sec.gov/Archives/edgar/data/1007330/000100733013000005/a2013q3prgx.htm
0,2013-06-30,PRGX,2013-08-06,2013-08-06 16:32:50,Q2,50205000,31521000,18684000,0.3721541679115626,0.0,12630000,0.0,0.0,0.0,47510000,0.0,2027000.0,6279000.0,0.12506722438004184,2695000.0,0.04814261527736281,-225000.0,2417000.0,0.04814261527736281,586000.0,1831000.0,0.036470471068618664,0.06,0.06,29053000,29436000,https://www.sec.gov/Archives/edgar/data/1007330/000100733013000002/0001007330-13-000002-index.htm,https://www.sec.gov/Archives/edgar/data/1007330/000100733013000002/a2013q2prgx.htm
0,2013-03-31,PRGX,2013-05-07,2013-05-07 16:11:56,Q1,45101000,30407000,14694000,0.3258020886454846,0.0,11711000,0.0,0.0,0.0,45402000,0.0,2008000.0,3340000.0,0.07405600762732534,-301000.0,-0.009778053701691759,-357000.0,-441000.0,-0.009778053701691759,56000.0,-497000.0,-0.011019711314604998,-0.02,-0.02,28770000,28770000,https://www.sec.gov/Archives/edgar/data/1007330/000119312513204431/0001193125-13-204431-index.htm,https://www.sec.gov/Archives/edgar/data/1007330/000119312513105456/d443691d10k.htm
0,2012-12-31,PRGX,2013-03-13,2013-03-13 17:16:10,Q4,53109000,34399000,18710000,0.35229433805946264,0.0,13952000,0.0,0.0,0.0,52634000,0.0,2276000.0,4718000.0,0.08883616712798208,475000.0,0.023423525202884633,567000.0,1244000.0,0.023423525202884633,-289000.0,1533000.0,0.028865164096480822,0.06,0.06,26150000,26716000,https://www.sec.gov/Archives/edgar/data/1007330/000119312513105456/0001193125-13-105456-index.htm,https://www.sec.gov/Archives/edgar/data/1007330/000119312513105456/d443691d10k.htm
0,2012-09-30,PRGX,2012-11-06,2012-11-06 14:09:04,Q3,52087000,32461000,19626000,0.37679267379576475,0.0,13242000,0.0,0.0,0.0,48850000,515000.0,1716000.0,6732000.0,0.1292453011308004,3237000.0,0.05893985063451533,-348000.0,3070000.0,0.05893985063451533,505000.0,2565000.0,0.049244533184863784,0.1,0.1,25541000,26250000,https://www.sec.gov/Archives/edgar/data/1007330/000119312512454091/0001193125-12-454091-index.htm,https://www.sec.gov/Archives/edgar/data/1007330/000119312512454091/d399006d10q.htm
0,2012-06-30,PRGX,2012-08-06,2012-08-06 15:45:07,Q2,51658000,33312000,18346000,0.355143443416315,0.0,12696000,0.0,0.0,0.0,49046000,529000.0,1579000.0,6147000.0,0.11899415385806651,2612000.0,0.030701924193735724,-497000.0,1586000.0,0.030701924193735724,584000.0,1002000.0,0.01939680204421387,0.04,0.04,25257000,25809000,https://www.sec.gov/Archives/edgar/data/1007330/000119312512337635/0001193125-12-337635-index.htm,https://www.sec.gov/Archives/edgar/data/1007330/000119312512337635/d359731d10q.htm
0,2012-03-31,PRGX,2012-05-04,2012-05-04 15:35:25,Q1,51649000,34218000,17431000,0.33748959321574473,0.0,12637000,0.0,0.0,0.0,50695000,504000.0,1513000.0,5133000.0,0.09938236945536216,954000.0,0.01527619121376987,-339000.0,789000.0,0.01527619121376987,497000.0,292000.0,0.005653546051230421,0.01,0.01,25309000,25765000,https://www.sec.gov/Archives/edgar/data/1007330/000119312512211781/0001193125-12-211781-index.htm,https://www.sec.gov/Archives/edgar/data/1007330/000119312512115254/d313246d10k.htm
0,2011-12-31,PRGX,2012-03-15,2012-03-14 17:40:58,Q4,49944000,34121000,15823000,0.316814832612526,0.0,11958000,0.0,0.0,0.0,49204000,0.0,0.0,3143000.0,0.0629304821399968,740000.0,0.002122377062309787,593000.0,106000.0,0.002122377062309787,-1206000.0,1312000.0,0.026269421752362646,0.0,0.0,0.0,0.0,https://www.sec.gov/Archives/edgar/data/1007330/000119312512115254/0001193125-12-115254-index.htm,https://www.sec.gov/Archives/edgar/data/1007330/000119312512115254/d313246d10k.htm
0,2011-09-30,PRGX,2011-11-07,2011-11-07 17:07:06,Q3,51751000,34244000,17507000,0.3382929798458001,0.0,12417000,0.0,0.0,0.0,49283000,0.0,0.0,6145000.0,0.11874166682769415,2468000.0,0.019613147572027593,-1055000.0,1015000.0,0.019613147572027593,593000.0,422000.0,0.008154431798419353,0.02,0.02,24744000,25213000,https://www.sec.gov/Archives/edgar/data/1007330/000119312511300001/0001193125-11-300001-index.htm,https://www.sec.gov/Archives/edgar/data/1007330/000119312511300001/d251437d10q.htm
0,2011-06-30,PRGX,2011-08-09,2011-08-09 13:26:47,Q2,50704000,34523000,16181000,0.3191266961186494,0.0,12297000,0.0,0.0,0.0,49163000,478000.0,0.0,3453000.0,0.06810113600504891,1541000.0,0.02946513095613758,431000.0,1494000.0,0.02946513095613758,784000.0,710000.0,0.014002840012622279,0.03,0.03,24522000,24949000,https://www.sec.gov/Archives/edgar/data/1007330/000095012311074911/0000950123-11-074911-index.htm,https://www.sec.gov/Archives/edgar/data/1007330/000095012311074911/g25303e10vq.htm
0,2011-03-31,PRGX,2011-05-09,2011-05-09 17:11:41,Q1,50718000,34594000,16124000,0.31791474427225047,0.0,12430000,0.0,0.0,0.0,49326000,0.0,0.0,3246000.0,0.06400094640955874,1392000.0,0.029437280649867895,448000.0,1493000.0,0.029437280649867895,1121000.0,372000.0,0.00733467408020821,0.02,0.02,24258000,24533000,https://www.sec.gov/Archives/edgar/data/1007330/000095012311047508/0000950123-11-047508-index.htm,https://www.sec.gov/Archives/edgar/data/1007330/000095012311025938/g26477e10vk.htm
0,2010-12-31,PRGX,2011-03-16,2011-03-16 16:05:53,Q4,50345000,34016000,16329000,0.3243420399245208,0.0,12261000,0.0,0.0,0.0,46277000,0.0,0.0,6520000.0,0.12950640579998013,4068000.0,0.07414837620419108,0.0,3733000.0,0.07414837620419108,-359000.0,4092000.0,0.08127917370145993,0.0,0.0,0.0,0.0,https://www.sec.gov/Archives/edgar/data/1007330/000095012311025938/0000950123-11-025938-index.htm,https://www.sec.gov/Archives/edgar/data/1007330/000095012311025938/g26477e10vk.htm
0,2010-09-30,PRGX,2010-11-15,2010-11-15 16:57:39,Q3,46900000,31952000,14948000,0.31872068230277184,0.0,10895000,0.0,0.0,0.0,42847000,0.0,0.0,6343000.0,0.1352452025586354,4053000.0,0.07970149253731343,0.0,3738000.0,0.07970149253731343,1177000.0,2561000.0,0.05460554371002132,0.11,0.11,24218000,24388000,https://www.sec.gov/Archives/edgar/data/1007330/000095012310105793/0000950123-10-105793-index.htm,https://www.sec.gov/Archives/edgar/data/1007330/000095012310105793/g25280e10vq.htm
0,2010-06-30,PRGX,2010-08-13,2010-08-13 16:26:41,Q2,45507000,31363000,14144000,0.3108093260377524,0.0,13211000,0.0,0.0,0.0,44574000,0.0,0.0,3135000.0,0.06889050036258158,933000.0,0.014547212516755665,0.0,662000.0,0.014547212516755665,627000.0,35000.0,0.0007691124442393477,0.0,0.0,23624000,23806000,https://www.sec.gov/Archives/edgar/data/1007330/000095012310077340/0000950123-10-077340-index.htm,https://www.sec.gov/Archives/edgar/data/1007330/000095012310077340/g24358e10vq.htm
0,2010-03-31,PRGX,2010-05-17,2010-05-17 16:26:56,Q1,41329000,29908000,11421000,0.2763434876237025,0.0,12655000,0.0,0.0,0.0,42563000,1795000.0,0.0,876000.0,0.021195770524329163,-1234000.0,-0.07256405913523192,0.0,-2999000.0,-0.07256405913523192,436000.0,-3435000.0,-0.08311355222724963,-0.15,-0.15,23527000,23527000,https://www.sec.gov/Archives/edgar/data/1007330/000095012310050414/0000950123-10-050414-index.htm,https://www.sec.gov/Archives/edgar/data/1007330/000095012310029515/g22652e10vk.htm
0,2009-12-31,PRGX,2010-03-29,2010-03-29 17:22:16,Q4,49539000,34017000,15522000,0.31332889238781564,0.0,10962000,0.0,0.0,0.0,44979000,0.0,0.0,9350000.0,0.18874018450110014,4560000.0,0.06639213548921052,-400000.0,3289000.0,0.06639213548921052,1261000.0,2028000.0,0.04093744322654878,0.0,0.0,0.0,0.0,https://www.sec.gov/Archives/edgar/data/1007330/000095012310029515/0000950123-10-029515-index.htm,https://www.sec.gov/Archives/edgar/data/1007330/000095012310029515/g22652e10vk.htm
0,2009-09-30,PRGX,2009-11-09,2009-11-09 16:17:12,Q3,45321000,28482000,16839000,0.37154961276229564,0.0,11893000,0.0,0.0,0.0,40375000,728000.0,0.0,3792000.0,0.08366982193685046,4946000.0,0.15458617417974008,2788000.0,7006000.0,0.15458617417974008,605000.0,6401000.0,0.14123695417135546,0.27,0.27,23404000,23833000,https://www.sec.gov/Archives/edgar/data/1007330/000095012309060163/0000950123-09-060163-index.htm,https://www.sec.gov/Archives/edgar/data/1007330/000095012309060163/g21150e10vq.htm
0,2009-06-30,PRGX,2009-08-10,2009-08-10 14:38:59,Q2,45471000,28052000,17419000,0.3830793252842471,0.0,11049000,0.0,0.0,0.0,39101000,0.0,0.0,7787000.0,0.171252006773548,6370000.0,0.12410107541070133,0.0,5643000.0,0.12410107541070133,618000.0,5025000.0,0.11050999538167183,0.22,0.21,22641000,23382000,https://www.sec.gov/Archives/edgar/data/1007330/000095012309032766/0000950123-09-032766-index.htm,https://www.sec.gov/Archives/edgar/data/1007330/000095012309032766/g20150e10vq.htm
0,2009-03-31,PRGX,2009-05-07,2009-05-06 18:07:11,Q1,39252000,26167000,13085000,0.33335880974217874,0.0,9969000.0,0.0,0.0,0.0,36136000,0.0,0.0,4407000.0,0.11227453378171813,3116000.0,0.06157648017935392,0.0,2417000.0,0.06157648017935392,544000.0,1873000.0,0.04771731376745134,0.08,0.08,22146000,23136000,https://www.sec.gov/Archives/edgar/data/1007330/000095014409003976/0000950144-09-003976-index.htm,https://www.sec.gov/Archives/edgar/data/1007330/000095014409002248/g18060e10vk.htm
0,2008-12-31,PRGX,2009-03-16,2009-03-16 15:30:49,Q4,48613000,31539000,17074000,0.35122292390924237,0.0,8022000.0,0.0,0.0,0.0,39561000,0.0,0.0,9761000.0,0.20078991216341308,9052000.0,0.17180589554234463,0.0,8352000.0,0.17180589554234463,1630000.0,6722000.0,0.1382757698557999,0.0,0.0,0.0,0.0,https://www.sec.gov/Archives/edgar/data/1007330/000095014409002248/0000950144-09-002248-index.htm,https://www.sec.gov/Archives/edgar/data/1007330/000095014409002248/g18060e10vk.htm
0,2008-09-30,PRGX,2008-11-07,2008-11-07 13:49:35,Q3,49182000,31169000,18013000,0.3662518807693872,0.0,12139000,0.0,0.0,0.0,43308000,0.0,0.0,7253000.0,0.14747265259647838,5874000.0,0.10339148468952056,0.0,5085000.0,0.10339148468952056,879000.0,4206000.0,0.08551909235086007,0.19,0.18,21919000,23002000,https://www.sec.gov/Archives/edgar/data/1007330/000095014408008289/0000950144-08-008289-index.htm,https://www.sec.gov/Archives/edgar/data/1007330/000095014408008289/g16507e10vq.htm
0,2008-06-30,PRGX,2008-08-06,2008-08-06 17:01:03,Q2,49648000,32941000,16707000,0.33650902352562034,0.0,11024000,0.0,0.0,0.0,43965000,0.0,0.0,7194000.0,0.14490009668063164,5683000.0,0.09905736384144376,0.0,4918000.0,0.09905736384144376,400000.0,4518000.0,0.0910006445375443,0.21,0.2,21734000,22942000,https://www.sec.gov/Archives/edgar/data/1007330/000095014408006099/0000950144-08-006099-index.htm,https://www.sec.gov/Archives/edgar/data/1007330/000095014408006099/g14576e10vq.htm
0,2008-03-31,PRGX,2008-05-12,2008-05-12 16:56:06,Q1,48263000,30252000,18011000,0.37318442699376336,0.0,12843000,0.0,0.0,0.0,43095000,0.0,0.0,6763000.0,0.14012804840146698,5168000.0,0.08654662992354392,0.0,4177000.0,0.08654662992354392,593000.0,3584000.0,0.07425978492841306,0.17,0.16,21524000,22843000,https://www.sec.gov/Archives/edgar/data/1007330/000114554908000839/0001145549-08-000839-index.htm,https://www.sec.gov/Archives/edgar/data/1007330/000095014408001839/g12226e10vk.htm
0,2007-12-31,PRGX,2008-03-12,2008-03-12 12:56:37,Q4,63817000,35253000,28564000,0.4475923343309776,0.0,21333000,0.0,0.0,0.0,56586000,0.0,0.0,18940000,0.29678612281993827,7231000.0,-0.062021091558675585,-9397000.0,-3958000.0,-0.062021091558675585,446000.0,-3953000.0,-0.06194274252942006,0.0,0.0,0.0,0.0,https://www.sec.gov/Archives/edgar/data/1007330/000095014408001839/0000950144-08-001839-index.htm,https://www.sec.gov/Archives/edgar/data/1007330/000095014408001839/g12226e10vk.htm
0,2007-09-30,PRGX,2007-11-14,2007-11-14 12:36:08,Q3,53207000,33511000,19696000,0.3701768564286654,0.0,17562000,0.0,0.0,0.0,51073000,0.0,0.0,5925000.0,0.11135752814479298,2134000.0,-0.04967391508636082,-1644000.0,-2643000.0,-0.04967391508636082,337000.0,-2991000.0,-0.05621440787866258,-0.31,-0.31,10275000,10275000,https://www.sec.gov/Archives/edgar/data/1007330/000095014407010425/0000950144-07-010425-index.htm,https://www.sec.gov/Archives/edgar/data/1007330/000095014407010425/g10596e10vq.htm
0,2007-06-30,PRGX,2007-08-14,2007-08-14 10:40:41,Q2,53315000,34872000,18443000,0.34592516177435995,0.0,14486000,0.0,0.0,0.0,49358000,0.0,0.0,6821000.0,0.12793772859420427,3957000.0,-0.014855106442839727,0.0,-792000.0,-0.014855106442839727,344000.0,18551000,0.34795085810747445,2.02,2.02,9093000.0,9093000.0,https://www.sec.gov/Archives/edgar/data/1007330/000095014407007807/0000950144-07-007807-index.htm,https://www.sec.gov/Archives/edgar/data/1007330/000095014407007807/g08975e10vq.htm
0,2007-03-31,PRGX,2007-05-15,2007-05-15 15:19:53,Q1,66908000,45464000,21444000,0.320499790757458,0.0,14740000,0.0,0.0,0.0,60204000,0.0,0.0,9407000.0,0.14059604232677705,6704000.0,0.03869492437376696,0.0,2589000.0,0.03869492437376696,1055000.0,1523000.0,0.022762599390207448,0.16,0.13,8373000.0,12164000,https://www.sec.gov/Archives/edgar/data/1007330/000095014407004871/0000950144-07-004871-index.htm,https://www.sec.gov/Archives/edgar/data/1007330/000095014407002562/g06205e10vk.htm
0,2006-12-31,PRGX,2007-03-23,2007-03-22 18:38:14,Q4,70516000,56007000,14509000,0.2057547223325203,0.0,11079000,0.0,0.0,0.0,57039000,0.0,0.0,18691000,0.2650604118214306,13477000,-0.014067729309660219,-1989000.0,-992000.0,-0.014067729309660219,305000.0,-2926000.0,-0.04149412899200181,0.0,0.0,0.0,0.0,https://www.sec.gov/Archives/edgar/data/1007330/000095014407002562/0000950144-07-002562-index.htm,https://www.sec.gov/Archives/edgar/data/1007330/000095014407002562/g06205e10vk.htm
0,2006-09-30,PRGX,2006-11-08,2006-11-08 16:33:09,Q3,64733000,44194000,20539000,0.3172879366011154,0.0,18535000,0.0,0.0,0.0,62729000,0.0,0.0,4455000.0,0.06882115767846385,2004000.0,-0.05139573324270465,-71000.0,-3327000.0,-0.05139573324270465,726000.0,-4234000.0,-0.06540713391933017,-0.69,-0.69,6575000.0,6575000.0,https://www.sec.gov/Archives/edgar/data/1007330/000095014406010496/0000950144-06-010496-index.htm,https://www.sec.gov/Archives/edgar/data/1007330/000095014406002647/g00141e10vk.htm
0,2006-06-30,PRGX,,Not found...,Q2,65308000,47267000,18041000,0.27624487045997426,0.0,14713000,0.0,0.0,0.0,61980000,0.0,0.0,8476000.0,0.12978501868071293,3328000.0,-0.03860170270104735,-1580000.0,-2521000.0,-0.03860170270104735,338000.0,-3645000.0,-0.05581245789183561,-0.6,-0.6,6387900.0,6387900.0,,
0,2006-03-31,PRGX,,,Q1,65538000,46279000,19259000,0.29386005065763376,0.0,15872000,0.0,0.0,408000.0,62559000,0.0,0.0,16984000,0.25914736488754614,2979000.0,-0.14789892886569625,-10537000,-9693000.0,-0.14789892886569625,650000.0,-10294000,-0.15706918123836552,-1.7,-1.7,6211300.0,6211300.0,,
0,2005-12-31,PRGX,2006-03-23,2006-03-23 16:07:02,Q4,67359000,41686000,25673000,0.3811368933624312,0.0,23282000,0.0,0.0,0.0,235343000,0.0,0.0,9855000.0,0.14630561617601212,-167984000,-2.5838121112249293,-174003000,-174043000,-2.5838121112249293,-993000.0,-175754000,-2.6092133196751734,0.0,0.0,0.0,0.0,https://www.sec.gov/Archives/edgar/data/1007330/000095014406002647/0000950144-06-002647-index.htm,https://www.sec.gov/Archives/edgar/data/1007330/000095014406002647/g00141e10vk.htm
0,2005-09-30,PRGX,2005-11-09,2005-11-09 16:53:23,Q3,67708000,50096000,17612000,0.26011697288355884,0.0,27944000,0.0,0.0,0.0,78040000,0.0,0.0,1538000.0,0.02271518875169847,-10332000,-0.30045194068647724,-7922000.0,-20343000,-0.30045194068647724,715000.0,-20798000,-0.307171973769717,-3.4,-3.4,6202900.0,6202900.0,https://www.sec.gov/Archives/edgar/data/1007330/000095014405011534/0000950144-05-011534-index.htm,https://www.sec.gov/Archives/edgar/data/1007330/000095014405011534/g98093e10vq.htm
0,2005-06-30,PRGX,2005-08-09,2005-08-09 15:56:11,Q2,80563000,52955000,27608000,0.34268833087149186,0.0,31427000,0.0,0.0,0.0,84382000,0.0,0.0,204000.0,0.0025321797847647183,-3819000.0,-0.07298635850204188,0.0,-5880000.0,-0.07298635850204188,412000.0,-6292000.0,-0.07810036865558631,-1.0,-1.0,6199700.0,6199700.0,https://www.sec.gov/Archives/edgar/data/1007330/000095014405008471/0000950144-05-008471-index.htm,https://www.sec.gov/Archives/edgar/data/1007330/000095014405008471/g96545e10vq.htm
0,2005-03-31,PRGX,2005-05-10,2005-05-10 13:14:42,Q1,76522000,50354000,26168000,0.3419670160215363,0.0,28786000,0.0,0.0,0.0,79140000,0.0,0.0,1609000.0,0.0210266328637516,-2618000.0,-0.057865711821436974,0.0,-4428000.0,-0.057865711821436974,687000.0,-4896000.0,-0.06398160006272706,-0.8,-0.8,6197600.0,6197600.0,https://www.sec.gov/Archives/edgar/data/1007330/000095014405005213/0000950144-05-005213-index.htm,https://www.sec.gov/Archives/edgar/data/1007330/000095014405002669/g93606e10vk.htm
0,2004-12-31,PRGX,2005-03-16,2005-03-16 17:26:33,Q4,93681000,56155000,37526000,0.40057215443900046,0.0,30238000,0.0,0.0,0.0,86393000,0.0,0.0,12008000,0.12817967357308313,7288000.0,0.054610860259817894,0.0,5116000.0,0.054610860259817894,77789000,-74845000,-0.7989346825930551,0.0,0.0,0.0,0.0,https://www.sec.gov/Archives/edgar/data/1007330/000095014405002669/0000950144-05-002669-index.htm,https://www.sec.gov/Archives/edgar/data/1007330/000095014405002669/g93606e10vk.htm
0,2004-09-30,PRGX,2004-11-05,2004-11-05 16:51:17,Q3,85137000,54249000,30888000,0.36280348144754926,0.0,28425000,0.0,0.0,0.0,82674000,0.0,0.0,7050000.0,0.082807709926354,2463000.0,0.003876105571020825,0.0,330000.0,0.003876105571020825,125000.0,465000.0,0.005461785122802072,0.1,0.1,6180800.0,6210800.0,https://www.sec.gov/Archives/edgar/data/1007330/000095014404010560/0000950144-04-010560-index.htm,https://www.sec.gov/Archives/edgar/data/1007330/000095014404010560/g91420e10vq.htm
0,2004-06-30,PRGX,2004-08-03,2004-08-03 11:45:20,Q2,90406000,56494000,33912000,0.3751078468243258,0.0,33244000,0.0,0.0,0.0,89738000,0.0,0.0,5024000.0,0.055571532862863086,668000.0,-0.01637059487202177,0.0,-1480000.0,-0.01637059487202177,-563000.0,-1950000.0,-0.021569364865163816,-0.3,-0.3,6170000.0,6170000.0,https://www.sec.gov/Archives/edgar/data/1007330/000095014404007604/0000950144-04-007604-index.htm,https://www.sec.gov/Archives/edgar/data/1007330/000095014404007604/g90136e10vq.htm
0,2004-03-31,PRGX,2004-05-07,2004-05-07 15:10:02,Q1,87649000,57629000,30020000,0.342502481488665,0.0,33206000,0.0,0.0,0.0,90835000,0.0,0.0,1245000.0,0.01420438339285103,-3186000.0,-0.06026309484420815,0.0,-5282000.0,-0.06026309484420815,-2007000.0,4847000.0,0.05530011751417586,0.8,0.8,6169300.0,6169300.0,https://www.sec.gov/Archives/edgar/data/1007330/000095014404005044/0000950144-04-005044-index.htm,https://www.sec.gov/Archives/edgar/data/1007330/000095014404002033/g86921e10vk.htm
0,2003-12-31,PRGX,2004-03-05,2004-03-05 13:57:13,Q4,83212000,51024000,32188000,0.38681920876796616,0.0,31886000,0.0,0.0,0.0,289833000,0.0,0.0,-202766000,-2.4367398932846225,-206621000,-2.510515310291785,0.0,-208905000,-2.510515310291785,-39536000,-168102000,-2.020165360765274,0.0,0.0,0.0,0.0,https://www.sec.gov/Archives/edgar/data/1007330/000095014404002033/0000950144-04-002033-index.htm,https://www.sec.gov/Archives/edgar/data/1007330/000095014404002033/g86921e10vk.htm
0,2003-09-30,PRGX,2003-11-12,2003-11-12 14:20:12,Q3,92576000,60104000,32472000,0.35076045627376423,0.0,33301000,0.0,0.0,0.0,93405000,0.0,0.0,3941000.0,0.04257042862080885,-829000.0,-0.033086329070169375,0.0,-3063000.0,-0.033086329070169375,-1149000.0,-1708000.0,-0.01844970618734877,-0.3,-0.3,6145000.0,6145000.0,https://www.sec.gov/Archives/edgar/data/1007330/000095014403012651/0000950144-03-012651-index.htm,https://www.sec.gov/Archives/edgar/data/1007330/000095014403012651/g85474e10vq.htm
0,2003-06-30,PRGX,2003-08-12,2003-08-12 09:53:13,Q2,99268000,60631000,38637000,0.38921908369263003,0.0,29502000,0.0,0.0,0.0,90133000,0.0,0.0,13816000,0.13917878873352943,9135000.0,0.0696800580247411,0.0,6917000.0,0.0696800580247411,2594000.0,4323000.0,0.043548777047991295,0.7,0.7,6165800.0,7805400.0,https://www.sec.gov/Archives/edgar/data/1007330/000095014403009712/0000950144-03-009712-index.htm,https://www.sec.gov/Archives/edgar/data/1007330/000095014403009712/g83933e10vq.htm
0,2003-03-31,PRGX,2003-05-13,2003-05-13 13:15:29,Q1,100645000,61930000,38715000,0.38466888568731683,0.0,29551000,0.0,0.0,0.0,91481000,0.0,0.0,13685000,0.13597297431566396,9164000.0,0.06907446967062447,0.0,6952000.0,0.06907446967062447,2607000.0,4669000.0,0.046390779472403,0.7,0.7,6238200.0,7891000.0,https://www.sec.gov/Archives/edgar/data/1007330/000095014403006523/0000950144-03-006523-index.htm,https://www.sec.gov/Archives/edgar/data/1007330/000095014403003198/g80664e10vk.htm
0,2002-12-31,PRGX,2003-03-17,2003-03-17 14:33:33,Q4,118598000,68793000,49805000,0.41994805983237493,0.0,39537000,0.0,0.0,0.0,108330000,0.0,0.0,15745000,0.13275940572353664,10268000,0.0681883336987133,0.0,8087000.0,0.0681883336987133,2992000.0,5095000.0,0.04296025228081418,0.0,0.0,0.0,0.0,https://www.sec.gov/Archives/edgar/data/1007330/000095014403003198/0000950144-03-003198-index.htm,https://www.sec.gov/Archives/edgar/data/1007330/000095014403003198/g80664e10vk.htm
0,2002-09-30,PRGX,2002-11-13,2002-11-13 11:20:47,Q3,116116000,64758000,51358000,0.4422990802301147,0.0,34097000,0.0,0.0,0.0,98855000,0.0,0.0,21942000,0.18896620620758553,17261000,0.12726067036411864,0.0,14777000,0.12726067036411864,5468000.0,9715000.0,0.08366633366633366,1.5,1.3,6436200.0,8186100.0,https://www.sec.gov/Archives/edgar/data/1007330/000095014402011599/0000950144-02-011599-index.htm,https://www.sec.gov/Archives/edgar/data/1007330/000095014402011599/g78801e10vq.htm
0,2002-06-30,PRGX,2002-08-09,2002-08-09 16:16:39,Q2,118297000,68689000,49608000,0.41935129377752606,0.0,34949000,0.0,0.0,0.0,103638000,0.0,0.0,18882000,0.1596152057955823,14659000,0.10338385588814594,0.0,12230000,0.10338385588814594,4439000.0,7791000.0,0.06585965831762429,1.2,1.1,6395500.0,8182500.0,https://www.sec.gov/Archives/edgar/data/1007330/000095014402008137/0000950144-02-008137-index.htm,https://www.sec.gov/Archives/edgar/data/1007330/000095014402008137/g77452e10vq.htm
0,2002-03-31,PRGX,2002-05-14 00:00:00,2002-05-14 11:41:07,Q1,110286000,63248000,47038000,0.42650925774803694,0.0,36141000,0.0,0.0,0.0,99389000,0.0,0.0,16373000,0.14845945994958562,10897000,0.07845057396224363,0.0,8652000.0,0.07845057396224363,3287000.0,7675000.0,0.06959178862230928,1.3,1.1,5953100.0,7661200.0,https://www.sec.gov/Archives/edgar/data/1007330/000095014402005301/0000950144-02-005301-index.html,https://www.sec.gov/Archives/edgar/data/1007330/000095014402005301/g76057e10-q.htm
0,2001-12-31,PRGX,,,Q4,45394000,29013000,16381000,0.3608626690752082,0.0,11617000,0.0,0.0,0.0,40630000,0.0,0.0,6809000.0,0.1499977970656915,4764000.0,0.12741772040357757,0.0,5784000.0,0.12741772040357757,2751000.0,-55797000,-1.2291712561131427,0.0,0.0,0.0,0.0,,
0,2001-09-30,PRGX,2001-11-13 00:00:00,2001-11-13 00:00:00,Q3,71559000,37640000,33919000,0.4740004751324082,0.0,28607000,0.0,0.0,0.0,66247000,0.0,0.0,11287000,0.15772998504730362,5312000.0,0.04350256431755614,0.0,3113000.0,0.04350256431755614,1245000.0,-29132000,-0.40710462695118715,-6.0,-6.0,4841400.0,4933800.0,https://www.sec.gov/Archives/edgar/data/1007330/000095014401508842/0000950144-01-508842-index.html,https://www.sec.gov/Archives/edgar/data/1007330/000095014401508842/g72466e10-q.txt
0,2001-06-30,PRGX,2001-08-09 00:00:00,2001-08-09 00:00:00,Q2,76784000,39790000,36994000,0.4817930818920608,0.0,30697000,0.0,0.0,0.0,70487000,0.0,0.0,12149000,0.1582230673056887,6297000.0,0.05882735986663888,0.0,4517000.0,0.05882735986663888,1807000.0,2710000.0,0.035293811210668886,0.6,0.6,4810700.0,4848600.0,https://www.sec.gov/Archives/edgar/data/1007330/000095014401505297/0000950144-01-505297-index.html,https://www.sec.gov/Archives/edgar/data/1007330/000095014401505297/g70738e10-q.txt
0,2001-03-31,PRGX,2001-05-10 00:00:00,2001-05-10 00:00:00,Q1,65527000,24470000,41057000,0.6265661483052788,0.0,30994000,0.0,0.0,0.0,65993000,0.0,0.0,10063000,0.15357028400506662,-466000.0,-0.03795382056251621,0.0,-2487000.0,-0.03795382056251621,-995000.0,-1492000.0,-0.022769240160544508,-0.3,-0.3,4802500.0,4802500.0,https://www.sec.gov/Archives/edgar/data/1007330/000095014401501843/0000950144-01-501843-index.html,https://www.sec.gov/Archives/edgar/data/1007330/000095014401501843/g69093e10-q.txt
0,2000-12-31,PRGX,2001-03-27 00:00:00,2001-03-27 00:00:00,Q4,7536000.0,-5420000.0,12956000,1.7192144373673035,0.0,24161000,0.0,0.0,0.0,25023000,0.0,0.0,-11205000,-1.4868630573248407,-17487000,-2.516587048832272,0.0,-18965000,-2.516587048832272,-6463000.0,-58966000,-7.824575371549894,0.0,0.0,0.0,0.0,https://www.sec.gov/Archives/edgar/data/1007330/000095014401004007/0000950144-01-004007-index.html,https://www.sec.gov/Archives/edgar/data/1007330/000095014401004007/g67612e10-k.txt
0,2000-09-30,PRGX,2000-11-13 00:00:00,2000-11-13 00:00:00,Q3,101973000,49063000,52910000,0.5188628362409657,0.0,35072000,0.0,0.0,0.0,91613000,0.0,0.0,17838000,0.17492865758583154,10360000,0.07565728182950389,0.0,7715000.0,0.07565728182950389,2874000.0,4841000.0,0.047473350788934325,1.0,1.0,4893600.0,4939500.0,https://www.sec.gov/Archives/edgar/data/1007330/000095014400013360/0000950144-00-013360-index.html,https://www.sec.gov/Archives/edgar/data/1007330/000095014400013360/g65010e10-q.htm
0,2000-06-30,PRGX,2000-08-10 00:00:00,2000-08-10 00:00:00,Q2,105751000,45575000,60176000,0.5690348081814829,0.0,29264000,0.0,0.0,0.0,82531000,0.0,0.0,30912000,0.2923092925835217,23220000,0.19517545933371788,0.0,20640000,0.19517545933371788,7688000.0,12952000,0.1224763832020501,2.6,2.6,4962000.0,5045900.0,https://www.sec.gov/Archives/edgar/data/1007330/000095014400009798/0000950144-00-009798-index.html,https://www.sec.gov/Archives/edgar/data/1007330/000095014400009798/e10-q.txt
0,2000-03-31,PRGX,2000-05-12 00:00:00,2000-05-12 00:00:00,Q1,81829000,38310000,43519000,0.5318285693336103,0.0,31282000,0.0,0.0,0.0,77020000,0.0,0.0,12237000,0.14954356035146463,4809000.0,0.03982695621356732,0.0,3259000.0,0.03982695621356732,1214000.0,2045000.0,0.024991140060369794,0.4,0.4,4943300.0,5094200.0,https://www.sec.gov/Archives/edgar/data/1007330/000095014400006527/0000950144-00-006527-index.html,https://www.sec.gov/Archives/edgar/data/1007330/0000950144-00-006527.txt
0,1999-12-31,PRGX,2000-03-30 00:00:00,2000-03-30 00:00:00,Q4,103500000,46300000,57200000,0.5526570048309178,0.0,13800000,0.0,0.0,0.0,65500000,0.0,0.0,43400000,0.41932367149758454,38000000,0.22608695652173913,0.0,23400000,0.22608695652173913,8500000.0,14900000,0.14396135265700483,0.0,0.0,0.0,0.0,https://www.sec.gov/Archives/edgar/data/1007330/000095014400004202/0000950144-00-004202-index.html,https://www.sec.gov/Archives/edgar/data/1007330/0000950144-00-004202.txt
0,1999-09-30,PRGX,1999-11-15 00:00:00,1999-11-15 00:00:00,Q3,91300000,43400000,47900000,0.524644030668127,0.0,37900000,0.0,0.0,0.0,81300000,0.0,0.0,16000000,0.17524644030668127,10000000,0.09419496166484119,0.0,8600000.0,0.09419496166484119,5500000.0,3100000.0,0.033953997809419496,6.0,6.0,4860500.0,4860500.0,https://www.sec.gov/Archives/edgar/data/1007330/000095014499013219/0000950144-99-013219-index.html,https://www.sec.gov/Archives/edgar/data/1007330/0000950144-99-013219.txt
0,1999-06-30,PRGX,1999-08-12 00:00:00,1999-08-12 00:00:00,Q2,71700000,30500000,41200000,0.5746164574616457,0.0,23100000,0.0,0.0,0.0,59000000,0.0,0.0,18100000,0.2524407252440725,12700000,0.16317991631799164,0.0,11700000,0.16317991631799164,4600000.0,7100000.0,0.09902370990237098,11.333333,11.333333,4125400.0,4125400.0,https://www.sec.gov/Archives/edgar/data/1007330/000095014499009977/0000950144-99-009977-index.html,https://www.sec.gov/Archives/edgar/data/1007330/0000950144-99-009977.txt
0,1999-03-31,PRGX,1999-05-14 00:00:00,1999-05-14 00:00:00,Q1,58000000,27200000,30800000,0.5310344827586206,0.0,20600000,0.0,0.0,0.0,53100000,0.0,0.0,10200000,0.17586206896551723,4900000.0,0.0706896551724138,0.0,4100000.0,0.0706896551724138,1600000.0,2500000.0,0.04310344827586207,4.0,4.0,4044700.0,4044700.0,https://www.sec.gov/Archives/edgar/data/1007330/000095014499005958/0000950144-99-005958-index.html,https://www.sec.gov/Archives/edgar/data/1007330/0000950144-99-005958.txt
0,1998-12-31,PRGX,,,Q4,68900000,29600000,39300000,0.5703918722786647,0.0,21200000,0.0,0.0,0.0,54800000,0.0,0.0,18100000,0.262699564586357,14100000,0.17706821480406387,0.0,12200000,0.17706821480406387,4800000.0,7400000.0,0.10740203193033382,0.0,0.0,0.0,0.0,,
0,1998-09-30,PRGX,1998-11-12 00:00:00,1998-11-12 00:00:00,Q3,61800000,26700000,35100000,0.5679611650485437,0.0,19300000,0.0,0.0,0.0,49400000,0.0,0.0,15800000,0.255663430420712,12400000,0.1779935275080906,0.0,11000000,0.1779935275080906,4300000.0,6700000.0,0.10841423948220065,12.666667,12.666667,3469900.0,3469900.0,https://www.sec.gov/Archives/edgar/data/1007330/000095014498012323/0000950144-98-012323-index.html,https://www.sec.gov/Archives/edgar/data/1007330/0000950144-98-012323.txt
0,1998-06-30,PRGX,1998-08-13 00:00:00,1998-08-13 00:00:00,Q2,38900000,18200000,20700000,0.532133676092545,0.0,14000000,0.0,0.0,0.0,34300000,0.0,0.0,6500000.0,0.16709511568123395,4600000.0,0.12339331619537275,200000.0,4800000.0,0.12339331619537275,1900000.0,2900000.0,0.07455012853470437,6.0,6.0,3298999.0,3298999.0,https://www.sec.gov/Archives/edgar/data/1007330/000095014498009566/0000950144-98-009566-index.html,https://www.sec.gov/Archives/edgar/data/1007330/0000950144-98-009566.txt
0,1998-03-31,PRGX,1998-05-15 00:00:00,1998-05-15 00:00:00,Q1,33100000,16100000,17000000,0.513595166163142,0.0,13000000,0.0,0.0,0.0,31000000,0.0,0.0,4000000.0,0.12084592145015106,2100000.0,0.054380664652567974,0.0,1800000.0,0.054380664652567974,700000.0,1100000.0,0.03323262839879154,2.666667,2.666667,3255600.0,3255600.0,https://www.sec.gov/Archives/edgar/data/1007330/000095014498006455/0000950144-98-006455-index.html,https://www.sec.gov/Archives/edgar/data/1007330/0000950144-98-006455.txt
0,1997-12-31,PRGX,1998-02-13 00:00:00,1998-02-13 00:00:00,Q4,36000000,16400000,19600000,0.5444444444444444,0.0,12800000,0.0,0.0,0.0,31000000,0.0,0.0,6800000.0,0.18888888888888888,5000000.0,0.12222222222222222,0.0,4400000.0,0.12222222222222222,1700000.0,2700000.0,0.075,0.0,0.0,0.0,0.0,https://www.sec.gov/Archives/edgar/data/1007330/000095014498001389/0000950144-98-001389-index.html,https://www.sec.gov/Archives/edgar/data/1007330/0000950144-98-001389.txt
0,1997-09-30,PRGX,1997-11-07 00:00:00,1997-11-07 00:00:00,Q3,29600000,13700000,15900000,0.5371621621621622,0.0,8800000.0,0.0,0.0,0.0,23500000,0.0,0.0,7100000.0,0.23986486486486486,6100000.0,0.20945945945945946,0.0,6200000.0,0.20945945945945946,2400000.0,3800000.0,0.12837837837837837,8.666667,8.666667,2736000.0,2736000.0,https://www.sec.gov/Archives/edgar/data/1007330/000095014497011630/0000950144-97-011630-index.html,https://www.sec.gov/Archives/edgar/data/1007330/0000950144-97-011630.txt
0,1997-06-30,PRGX,1997-08-04 00:00:00,1997-08-04 00:00:00,Q2,25900000,12300000,13600000,0.525096525096525,0.0,8700000.0,0.0,0.0,0.0,22000000,0.0,0.0,4800000.0,0.18532818532818532,3900000.0,0.15057915057915058,100000.0,3900000.0,0.15057915057915058,1500000.0,2400000.0,0.09266409266409266,6.0,6.0,2733100.0,2733100.0,https://www.sec.gov/Archives/edgar/data/1007330/000095014497008481/0000950144-97-008481-index.html,https://www.sec.gov/Archives/edgar/data/1007330/0000950144-97-008481.txt
0,1997-03-31,PRGX,1997-05-12 00:00:00,1997-05-12 00:00:00,Q1,21000000,10500000,10500000,0.5,0.0,8200000.0,0.0,0.0,0.0,19700000,0.0,0.0,2200000.0,0.10476190476190476,1300000.0,0.06190476190476191,100000.0,1300000.0,0.06190476190476191,500000.0,800000.0,0.0380952380952381,2.0,2.0,2721900.0,2721900.0,https://www.sec.gov/Archives/edgar/data/1007330/000095014497005484/0000950144-97-005484-index.html,https://www.sec.gov/Archives/edgar/data/1007330/0000950144-97-005484.txt
0,1996-12-31,PRGX,1997-03-27 00:00:00,1997-03-27 00:00:00,Q4,21800000,10600000,11200000,0.5137614678899083,0.0,7300000.0,0.0,0.0,0.0,18500000,0.0,0.0,3900000.0,0.17889908256880735,3300000.0,0.1559633027522936,0.0,3400000.0,0.1559633027522936,1300000.0,2100000.0,0.0963302752293578,0.0,0.0,0.0,0.0,https://www.sec.gov/Archives/edgar/data/1007330/000095014497003037/0000950144-97-003037-index.html,https://www.sec.gov/Archives/edgar/data/1007330/0000950144-97-003037.txt
0,1996-09-30,PRGX,1996-11-12 00:00:00,1996-11-12 00:00:00,Q3,22000000,10200000,11800000,0.5363636363636364,0.0,6600000.0,0.0,0.0,0.0,17600000,0.0,0.0,5000000.0,0.22727272727272727,4400000.0,0.20454545454545456,200000.0,4500000.0,0.20454545454545456,1800000.0,2700000.0,0.12272727272727273,6.666667,6.666667,2641800.0,2641800.0,https://www.sec.gov/Archives/edgar/data/1007330/000095014496007938/0000950144-96-007938-index.html,https://www.sec.gov/Archives/edgar/data/1007330/0000950144-96-007938.txt
