,date,symbol,fillingDate,acceptedDate,period,revenue,costOfRevenue,grossProfit,grossProfitRatio,researchAndDevelopmentExpenses,generalAndAdministrativeExpenses,sellingAndMarketingExpenses,otherExpenses,operatingExpenses,costAndExpenses,interestExpense,depreciationAndAmortization,ebitda,ebitdaratio,operatingIncome,operatingIncomeRatio,totalOtherIncomeExpensesNet,incomeBeforeTax,incomeBeforeTaxRatio,incomeTaxExpense,netIncome,netIncomeRatio,eps,epsdiluted,weightedAverageShsOut,weightedAverageShsOutDil,link,finalLink
0,2019-09-31,THEP.PA,,2019-09-31,Q3,92209000,58648250,33560750,2.7475250106150786,0.0,8345000.0,0.0,0.0,1344000.0,80253750,59500.0,1379250.0,13346750,6.908723097383258,11955250,7.7128458208736745,0.0,11895750,7.751423827837673,3801250.0,8093250.0,11.393321595156458,0.8875,0.8875,9109752.0,9109752.0,https://www.infogreffe.com/recherche-entreprise-dirigeants/resultats-entreprise-dirigeants.html?ga_cat=globale&ga_q=T.H.E.P#phrase=T.H.E.P,https://www.infogreffe.com/recherche-entreprise-dirigeants/resultats-entreprise-dirigeants.html?ga_cat=globale&ga_q=T.H.E.P#phrase=T.H.E.P
0,2019-06-31,THEP.PA,,2019-06-31,Q2,92209000,58648250,33560750,2.7475250106150786,0.0,8345000.0,0.0,0.0,1344000.0,80253750,59500.0,1379250.0,13346750,6.908723097383258,11955250,7.7128458208736745,0.0,11895750,7.751423827837673,3801250.0,8093250.0,11.393321595156458,0.8875,0.8875,9109752.0,9109752.0,https://www.infogreffe.com/recherche-entreprise-dirigeants/resultats-entreprise-dirigeants.html?ga_cat=globale&ga_q=T.H.E.P#phrase=T.H.E.P,https://www.infogreffe.com/recherche-entreprise-dirigeants/resultats-entreprise-dirigeants.html?ga_cat=globale&ga_q=T.H.E.P#phrase=T.H.E.P
0,2019-03-31,THEP.PA,,2019-03-31,Q1,92209000,58648250,33560750,2.7475250106150786,0.0,8345000.0,0.0,0.0,1344000.0,80253750,59500.0,1379250.0,13346750,6.908723097383258,11955250,7.7128458208736745,0.0,11895750,7.751423827837673,3801250.0,8093250.0,11.393321595156458,0.8875,0.8875,9109752.0,9109752.0,https://www.infogreffe.com/recherche-entreprise-dirigeants/resultats-entreprise-dirigeants.html?ga_cat=globale&ga_q=T.H.E.P#phrase=T.H.E.P,https://www.infogreffe.com/recherche-entreprise-dirigeants/resultats-entreprise-dirigeants.html?ga_cat=globale&ga_q=T.H.E.P#phrase=T.H.E.P
0,2019-01-31,THEP.PA,,2019-01-31,Q1,92209000,58648250,33560750,2.7475250106150786,0.0,8345000.0,0.0,0.0,1344000.0,80253750,59500.0,1379250.0,13346750,6.908723097383258,11955250,7.7128458208736745,0.0,11895750,7.751423827837673,3801250.0,8093250.0,11.393321595156458,0.8875,0.8875,9109752.0,9109752.0,https://www.infogreffe.com/recherche-entreprise-dirigeants/resultats-entreprise-dirigeants.html?ga_cat=globale&ga_q=T.H.E.P#phrase=T.H.E.P,https://www.infogreffe.com/recherche-entreprise-dirigeants/resultats-entreprise-dirigeants.html?ga_cat=globale&ga_q=T.H.E.P#phrase=T.H.E.P
0,2018-09-31,THEP.PA,,2018-09-31,Q3,77797500,49146750,28650750,2.715373943090495,0.0,7160750.0,0.0,0.0,981500.0,66784500,32250.0,1015500.0,12029000,6.4674952198852775,11013000,7.064151457368564,0.0,10981250,7.084575981787137,3692750.0,7285500.0,10.678402305950176,0.8,0.7575,9109752.0,9609752.0,https://www.infogreffe.com/recherche-entreprise-dirigeants/resultats-entreprise-dirigeants.html?ga_cat=globale&ga_q=T.H.E.P#phrase=T.H.E.P,https://www.infogreffe.com/recherche-entreprise-dirigeants/resultats-entreprise-dirigeants.html?ga_cat=globale&ga_q=T.H.E.P#phrase=T.H.E.P
0,2018-06-31,THEP.PA,,2018-06-31,Q2,77797500,49146750,28650750,2.715373943090495,0.0,7160750.0,0.0,0.0,981500.0,66784500,32250.0,1015500.0,12029000,6.4674952198852775,11013000,7.064151457368564,0.0,10981250,7.084575981787137,3692750.0,7285500.0,10.678402305950176,0.8,0.7575,9109752.0,9609752.0,https://www.infogreffe.com/recherche-entreprise-dirigeants/resultats-entreprise-dirigeants.html?ga_cat=globale&ga_q=T.H.E.P#phrase=T.H.E.P,https://www.infogreffe.com/recherche-entreprise-dirigeants/resultats-entreprise-dirigeants.html?ga_cat=globale&ga_q=T.H.E.P#phrase=T.H.E.P
0,2018-03-31,THEP.PA,,2018-03-31,Q1,77797500,49146750,28650750,2.715373943090495,0.0,7160750.0,0.0,0.0,981500.0,66784500,32250.0,1015500.0,12029000,6.4674952198852775,11013000,7.064151457368564,0.0,10981250,7.084575981787137,3692750.0,7285500.0,10.678402305950176,0.8,0.7575,9109752.0,9609752.0,https://www.infogreffe.com/recherche-entreprise-dirigeants/resultats-entreprise-dirigeants.html?ga_cat=globale&ga_q=T.H.E.P#phrase=T.H.E.P,https://www.infogreffe.com/recherche-entreprise-dirigeants/resultats-entreprise-dirigeants.html?ga_cat=globale&ga_q=T.H.E.P#phrase=T.H.E.P
0,2018-01-31,THEP.PA,,2018-01-31,Q1,77797500,49146750,28650750,2.715373943090495,0.0,7160750.0,0.0,0.0,981500.0,66784500,32250.0,1015500.0,12029000,6.4674952198852775,11013000,7.064151457368564,0.0,10981250,7.084575981787137,3692750.0,7285500.0,10.678402305950176,0.8,0.7575,9109752.0,9609752.0,https://www.infogreffe.com/recherche-entreprise-dirigeants/resultats-entreprise-dirigeants.html?ga_cat=globale&ga_q=T.H.E.P#phrase=T.H.E.P,https://www.infogreffe.com/recherche-entreprise-dirigeants/resultats-entreprise-dirigeants.html?ga_cat=globale&ga_q=T.H.E.P#phrase=T.H.E.P
0,2017-09-31,THEP.PA,,2017-09-31,Q3,67892750,42662500,25230250,2.6909265663241544,0.0,6885250.0,0.0,0.0,970750.0,58481750,13750.0,952750.0,10420000,6.515619001919386,9411000.0,7.2141908405057915,0.0,9437750.0,7.193743212100341,2878250.0,6560000.0,10.349504573170732,0.72,0.51,9109752.0,12859752,https://www.infogreffe.com/recherche-entreprise-dirigeants/resultats-entreprise-dirigeants.html?ga_cat=globale&ga_q=T.H.E.P#phrase=T.H.E.P,https://www.infogreffe.com/recherche-entreprise-dirigeants/resultats-entreprise-dirigeants.html?ga_cat=globale&ga_q=T.H.E.P#phrase=T.H.E.P
0,2017-06-31,THEP.PA,,2017-06-31,Q2,67892750,42662500,25230250,2.6909265663241544,0.0,6885250.0,0.0,0.0,970750.0,58481750,13750.0,952750.0,10420000,6.515619001919386,9411000.0,7.2141908405057915,0.0,9437750.0,7.193743212100341,2878250.0,6560000.0,10.349504573170732,0.72,0.51,9109752.0,12859752,https://www.infogreffe.com/recherche-entreprise-dirigeants/resultats-entreprise-dirigeants.html?ga_cat=globale&ga_q=T.H.E.P#phrase=T.H.E.P,https://www.infogreffe.com/recherche-entreprise-dirigeants/resultats-entreprise-dirigeants.html?ga_cat=globale&ga_q=T.H.E.P#phrase=T.H.E.P
0,2017-03-31,THEP.PA,,2017-03-31,Q1,67892750,42662500,25230250,2.6909265663241544,0.0,6885250.0,0.0,0.0,970750.0,58481750,13750.0,952750.0,10420000,6.515619001919386,9411000.0,7.2141908405057915,0.0,9437750.0,7.193743212100341,2878250.0,6560000.0,10.349504573170732,0.72,0.51,9109752.0,12859752,https://www.infogreffe.com/recherche-entreprise-dirigeants/resultats-entreprise-dirigeants.html?ga_cat=globale&ga_q=T.H.E.P#phrase=T.H.E.P,https://www.infogreffe.com/recherche-entreprise-dirigeants/resultats-entreprise-dirigeants.html?ga_cat=globale&ga_q=T.H.E.P#phrase=T.H.E.P
0,2017-01-31,THEP.PA,,2017-01-31,Q1,67892750,42662500,25230250,2.6909265663241544,0.0,6885250.0,0.0,0.0,970750.0,58481750,13750.0,952750.0,10420000,6.515619001919386,9411000.0,7.2141908405057915,0.0,9437750.0,7.193743212100341,2878250.0,6560000.0,10.349504573170732,0.72,0.51,9109752.0,12859752,https://www.infogreffe.com/recherche-entreprise-dirigeants/resultats-entreprise-dirigeants.html?ga_cat=globale&ga_q=T.H.E.P#phrase=T.H.E.P,https://www.infogreffe.com/recherche-entreprise-dirigeants/resultats-entreprise-dirigeants.html?ga_cat=globale&ga_q=T.H.E.P#phrase=T.H.E.P
0,2016-09-31,THEP.PA,,2016-09-31,Q3,57849000,36581750,21267250,2.72009780295995,0.0,5551000.0,0.0,0.0,649750.0,49921750,0.0,876000.0,8892750.0,6.505186809479632,7927250.0,7.297486518023274,0.0,7841750.0,7.377052316128415,2685250.0,5154000.0,11.224097788125727,0.5725,0.40375,8998534.0,12748534,https://www.infogreffe.com/recherche-entreprise-dirigeants/resultats-entreprise-dirigeants.html?ga_cat=globale&ga_q=T.H.E.P#phrase=T.H.E.P,https://www.infogreffe.com/recherche-entreprise-dirigeants/resultats-entreprise-dirigeants.html?ga_cat=globale&ga_q=T.H.E.P#phrase=T.H.E.P
0,2016-06-31,THEP.PA,,2016-06-31,Q2,57849000,36581750,21267250,2.72009780295995,0.0,5551000.0,0.0,0.0,649750.0,49921750,0.0,876000.0,8892750.0,6.505186809479632,7927250.0,7.297486518023274,0.0,7841750.0,7.377052316128415,2685250.0,5154000.0,11.224097788125727,0.5725,0.40375,8998534.0,12748534,https://www.infogreffe.com/recherche-entreprise-dirigeants/resultats-entreprise-dirigeants.html?ga_cat=globale&ga_q=T.H.E.P#phrase=T.H.E.P,https://www.infogreffe.com/recherche-entreprise-dirigeants/resultats-entreprise-dirigeants.html?ga_cat=globale&ga_q=T.H.E.P#phrase=T.H.E.P
0,2016-03-31,THEP.PA,,2016-03-31,Q1,57849000,36581750,21267250,2.72009780295995,0.0,5551000.0,0.0,0.0,649750.0,49921750,0.0,876000.0,8892750.0,6.505186809479632,7927250.0,7.297486518023274,0.0,7841750.0,7.377052316128415,2685250.0,5154000.0,11.224097788125727,0.5725,0.40375,8998534.0,12748534,https://www.infogreffe.com/recherche-entreprise-dirigeants/resultats-entreprise-dirigeants.html?ga_cat=globale&ga_q=T.H.E.P#phrase=T.H.E.P,https://www.infogreffe.com/recherche-entreprise-dirigeants/resultats-entreprise-dirigeants.html?ga_cat=globale&ga_q=T.H.E.P#phrase=T.H.E.P
0,2016-01-31,THEP.PA,,2016-01-31,Q1,57849000,36581750,21267250,2.72009780295995,0.0,5551000.0,0.0,0.0,649750.0,49921750,0.0,876000.0,8892750.0,6.505186809479632,7927250.0,7.297486518023274,0.0,7841750.0,7.377052316128415,2685250.0,5154000.0,11.224097788125727,0.5725,0.40375,8998534.0,12748534,https://www.infogreffe.com/recherche-entreprise-dirigeants/resultats-entreprise-dirigeants.html?ga_cat=globale&ga_q=T.H.E.P#phrase=T.H.E.P,https://www.infogreffe.com/recherche-entreprise-dirigeants/resultats-entreprise-dirigeants.html?ga_cat=globale&ga_q=T.H.E.P#phrase=T.H.E.P
0,2015-09-31,THEP.PA,,2015-09-31,Q3,55061250,34592750,20468500,2.690048122725163,0.0,5165500.0,0.0,0.0,1040500.0,47314250,500.0,808500.0,8630250.0,6.38002954723212,7747000.0,7.107428682070479,0.0,7988250.0,6.892780020655337,2940750.0,5046500.0,10.910779748340435,0.56875,0.4,8880620.0,12630620,https://www.infogreffe.com/recherche-entreprise-dirigeants/resultats-entreprise-dirigeants.html?ga_cat=globale&ga_q=T.H.E.P#phrase=T.H.E.P,https://www.infogreffe.com/recherche-entreprise-dirigeants/resultats-entreprise-dirigeants.html?ga_cat=globale&ga_q=T.H.E.P#phrase=T.H.E.P
0,2015-06-31,THEP.PA,,2015-06-31,Q2,55061250,34592750,20468500,2.690048122725163,0.0,5165500.0,0.0,0.0,1040500.0,47314250,500.0,808500.0,8630250.0,6.38002954723212,7747000.0,7.107428682070479,0.0,7988250.0,6.892780020655337,2940750.0,5046500.0,10.910779748340435,0.56875,0.4,8880620.0,12630620,https://www.infogreffe.com/recherche-entreprise-dirigeants/resultats-entreprise-dirigeants.html?ga_cat=globale&ga_q=T.H.E.P#phrase=T.H.E.P,https://www.infogreffe.com/recherche-entreprise-dirigeants/resultats-entreprise-dirigeants.html?ga_cat=globale&ga_q=T.H.E.P#phrase=T.H.E.P
0,2015-03-31,THEP.PA,,2015-03-31,Q1,55061250,34592750,20468500,2.690048122725163,0.0,5165500.0,0.0,0.0,1040500.0,47314250,500.0,808500.0,8630250.0,6.38002954723212,7747000.0,7.107428682070479,0.0,7988250.0,6.892780020655337,2940750.0,5046500.0,10.910779748340435,0.56875,0.4,8880620.0,12630620,https://www.infogreffe.com/recherche-entreprise-dirigeants/resultats-entreprise-dirigeants.html?ga_cat=globale&ga_q=T.H.E.P#phrase=T.H.E.P,https://www.infogreffe.com/recherche-entreprise-dirigeants/resultats-entreprise-dirigeants.html?ga_cat=globale&ga_q=T.H.E.P#phrase=T.H.E.P
0,2015-01-31,THEP.PA,,2015-01-31,Q1,55061250,34592750,20468500,2.690048122725163,0.0,5165500.0,0.0,0.0,1040500.0,47314250,500.0,808500.0,8630250.0,6.38002954723212,7747000.0,7.107428682070479,0.0,7988250.0,6.892780020655337,2940750.0,5046500.0,10.910779748340435,0.56875,0.4,8880620.0,12630620,https://www.infogreffe.com/recherche-entreprise-dirigeants/resultats-entreprise-dirigeants.html?ga_cat=globale&ga_q=T.H.E.P#phrase=T.H.E.P,https://www.infogreffe.com/recherche-entreprise-dirigeants/resultats-entreprise-dirigeants.html?ga_cat=globale&ga_q=T.H.E.P#phrase=T.H.E.P
0,2014-09-31,THEP.PA,,2014-09-31,Q3,51397000,31784500,19612500,2.6206246016571066,0.0,4610000.0,0.0,0.0,1005250.0,43604500,250.0,694750.0,8545000.0,6.014862492685781,7792500.0,6.595700994546037,0.0,7822750.0,6.570195902975296,2857500.0,4963750.0,10.354469906824477,0.57375,0.4,8647466.0,12397466,https://www.infogreffe.com/recherche-entreprise-dirigeants/resultats-entreprise-dirigeants.html?ga_cat=globale&ga_q=T.H.E.P#phrase=T.H.E.P,https://www.infogreffe.com/recherche-entreprise-dirigeants/resultats-entreprise-dirigeants.html?ga_cat=globale&ga_q=T.H.E.P#phrase=T.H.E.P
0,2014-06-31,THEP.PA,,2014-06-31,Q2,51397000,31784500,19612500,2.6206246016571066,0.0,4610000.0,0.0,0.0,1005250.0,43604500,250.0,694750.0,8545000.0,6.014862492685781,7792500.0,6.595700994546037,0.0,7822750.0,6.570195902975296,2857500.0,4963750.0,10.354469906824477,0.57375,0.4,8647466.0,12397466,https://www.infogreffe.com/recherche-entreprise-dirigeants/resultats-entreprise-dirigeants.html?ga_cat=globale&ga_q=T.H.E.P#phrase=T.H.E.P,https://www.infogreffe.com/recherche-entreprise-dirigeants/resultats-entreprise-dirigeants.html?ga_cat=globale&ga_q=T.H.E.P#phrase=T.H.E.P
0,2014-03-31,THEP.PA,,2014-03-31,Q1,51397000,31784500,19612500,2.6206246016571066,0.0,4610000.0,0.0,0.0,1005250.0,43604500,250.0,694750.0,8545000.0,6.014862492685781,7792500.0,6.595700994546037,0.0,7822750.0,6.570195902975296,2857500.0,4963750.0,10.354469906824477,0.57375,0.4,8647466.0,12397466,https://www.infogreffe.com/recherche-entreprise-dirigeants/resultats-entreprise-dirigeants.html?ga_cat=globale&ga_q=T.H.E.P#phrase=T.H.E.P,https://www.infogreffe.com/recherche-entreprise-dirigeants/resultats-entreprise-dirigeants.html?ga_cat=globale&ga_q=T.H.E.P#phrase=T.H.E.P
0,2014-01-31,THEP.PA,,2014-01-31,Q1,51397000,31784500,19612500,2.6206246016571066,0.0,4610000.0,0.0,0.0,1005250.0,43604500,250.0,694750.0,8545000.0,6.014862492685781,7792500.0,6.595700994546037,0.0,7822750.0,6.570195902975296,2857500.0,4963750.0,10.354469906824477,0.57375,0.4,8647466.0,12397466,https://www.infogreffe.com/recherche-entreprise-dirigeants/resultats-entreprise-dirigeants.html?ga_cat=globale&ga_q=T.H.E.P#phrase=T.H.E.P,https://www.infogreffe.com/recherche-entreprise-dirigeants/resultats-entreprise-dirigeants.html?ga_cat=globale&ga_q=T.H.E.P#phrase=T.H.E.P
0,2013-09-31,THEP.PA,,2013-09-31,Q3,51413000,32017250,19395750,2.650735341505227,0.0,4463500.0,0.0,0.0,998750.0,43496750,250.0,686750.0,8684750.0,5.9199170960591845,7916250.0,6.494615506079267,0.0,7939250.0,6.475800610888938,2943250.0,4994500.0,10.293923315647213,0.585,0.585,8530200.0,8530200.0,https://www.infogreffe.com/recherche-entreprise-dirigeants/resultats-entreprise-dirigeants.html?ga_cat=globale&ga_q=T.H.E.P#phrase=T.H.E.P,https://www.infogreffe.com/recherche-entreprise-dirigeants/resultats-entreprise-dirigeants.html?ga_cat=globale&ga_q=T.H.E.P#phrase=T.H.E.P
0,2013-06-31,THEP.PA,,2013-06-31,Q2,51413000,32017250,19395750,2.650735341505227,0.0,4463500.0,0.0,0.0,998750.0,43496750,250.0,686750.0,8684750.0,5.9199170960591845,7916250.0,6.494615506079267,0.0,7939250.0,6.475800610888938,2943250.0,4994500.0,10.293923315647213,0.585,0.585,8530200.0,8530200.0,https://www.infogreffe.com/recherche-entreprise-dirigeants/resultats-entreprise-dirigeants.html?ga_cat=globale&ga_q=T.H.E.P#phrase=T.H.E.P,https://www.infogreffe.com/recherche-entreprise-dirigeants/resultats-entreprise-dirigeants.html?ga_cat=globale&ga_q=T.H.E.P#phrase=T.H.E.P
0,2013-03-31,THEP.PA,,2013-03-31,Q1,51413000,32017250,19395750,2.650735341505227,0.0,4463500.0,0.0,0.0,998750.0,43496750,250.0,686750.0,8684750.0,5.9199170960591845,7916250.0,6.494615506079267,0.0,7939250.0,6.475800610888938,2943250.0,4994500.0,10.293923315647213,0.585,0.585,8530200.0,8530200.0,https://www.infogreffe.com/recherche-entreprise-dirigeants/resultats-entreprise-dirigeants.html?ga_cat=globale&ga_q=T.H.E.P#phrase=T.H.E.P,https://www.infogreffe.com/recherche-entreprise-dirigeants/resultats-entreprise-dirigeants.html?ga_cat=globale&ga_q=T.H.E.P#phrase=T.H.E.P
0,2013-01-31,THEP.PA,,2013-01-31,Q1,51413000,32017250,19395750,2.650735341505227,0.0,4463500.0,0.0,0.0,998750.0,43496750,250.0,686750.0,8684750.0,5.9199170960591845,7916250.0,6.494615506079267,0.0,7939250.0,6.475800610888938,2943250.0,4994500.0,10.293923315647213,0.585,0.585,8530200.0,8530200.0,https://www.infogreffe.com/recherche-entreprise-dirigeants/resultats-entreprise-dirigeants.html?ga_cat=globale&ga_q=T.H.E.P#phrase=T.H.E.P,https://www.infogreffe.com/recherche-entreprise-dirigeants/resultats-entreprise-dirigeants.html?ga_cat=globale&ga_q=T.H.E.P#phrase=T.H.E.P
0,2012-09-31,THEP.PA,,2012-09-31,Q3,52627250,32991750,19635500,2.680209314761529,0.0,4675750.0,0.0,0.0,919500.0,44379750,750.0,671000.0,9020000.0,5.834506651884701,8247500.0,6.3809942406789935,0.0,8288500.0,6.349429933039754,2979250.0,5305250.0,9.919843551199284,0.6225,0.6225,8530200.0,8530200.0,https://www.infogreffe.com/recherche-entreprise-dirigeants/resultats-entreprise-dirigeants.html?ga_cat=globale&ga_q=T.H.E.P#phrase=T.H.E.P,https://www.infogreffe.com/recherche-entreprise-dirigeants/resultats-entreprise-dirigeants.html?ga_cat=globale&ga_q=T.H.E.P#phrase=T.H.E.P
0,2012-06-31,THEP.PA,,2012-06-31,Q2,52627250,32991750,19635500,2.680209314761529,0.0,4675750.0,0.0,0.0,919500.0,44379750,750.0,671000.0,9020000.0,5.834506651884701,8247500.0,6.3809942406789935,0.0,8288500.0,6.349429933039754,2979250.0,5305250.0,9.919843551199284,0.6225,0.6225,8530200.0,8530200.0,https://www.infogreffe.com/recherche-entreprise-dirigeants/resultats-entreprise-dirigeants.html?ga_cat=globale&ga_q=T.H.E.P#phrase=T.H.E.P,https://www.infogreffe.com/recherche-entreprise-dirigeants/resultats-entreprise-dirigeants.html?ga_cat=globale&ga_q=T.H.E.P#phrase=T.H.E.P
0,2012-03-31,THEP.PA,,2012-03-31,Q1,52627250,32991750,19635500,2.680209314761529,0.0,4675750.0,0.0,0.0,919500.0,44379750,750.0,671000.0,9020000.0,5.834506651884701,8247500.0,6.3809942406789935,0.0,8288500.0,6.349429933039754,2979250.0,5305250.0,9.919843551199284,0.6225,0.6225,8530200.0,8530200.0,https://www.infogreffe.com/recherche-entreprise-dirigeants/resultats-entreprise-dirigeants.html?ga_cat=globale&ga_q=T.H.E.P#phrase=T.H.E.P,https://www.infogreffe.com/recherche-entreprise-dirigeants/resultats-entreprise-dirigeants.html?ga_cat=globale&ga_q=T.H.E.P#phrase=T.H.E.P
0,2012-01-31,THEP.PA,,2012-01-31,Q1,52627250,32991750,19635500,2.680209314761529,0.0,4675750.0,0.0,0.0,919500.0,44379750,750.0,671000.0,9020000.0,5.834506651884701,8247500.0,6.3809942406789935,0.0,8288500.0,6.349429933039754,2979250.0,5305250.0,9.919843551199284,0.6225,0.6225,8530200.0,8530200.0,https://www.infogreffe.com/recherche-entreprise-dirigeants/resultats-entreprise-dirigeants.html?ga_cat=globale&ga_q=T.H.E.P#phrase=T.H.E.P,https://www.infogreffe.com/recherche-entreprise-dirigeants/resultats-entreprise-dirigeants.html?ga_cat=globale&ga_q=T.H.E.P#phrase=T.H.E.P
0,2011-09-31,THEP.PA,,2011-09-31,Q3,48500250,34217750,14282500,3.395781550848941,0.0,0.0,0.0,37500.0,744000.0,40528500,750.0,607250.0,8623750.0,5.6240324684736915,7971750.0,6.08401542948537,0.0,7895500.0,6.142771198784118,2747500.0,5148000.0,9.421182983682984,0.603125,0.603125,8530200.0,8530200.0,https://www.infogreffe.com/recherche-entreprise-dirigeants/resultats-entreprise-dirigeants.html?ga_cat=globale&ga_q=T.H.E.P#phrase=T.H.E.P,https://www.infogreffe.com/recherche-entreprise-dirigeants/resultats-entreprise-dirigeants.html?ga_cat=globale&ga_q=T.H.E.P#phrase=T.H.E.P
0,2011-06-31,THEP.PA,,2011-06-31,Q2,48500250,34217750,14282500,3.395781550848941,0.0,0.0,0.0,37500.0,744000.0,40528500,750.0,607250.0,8623750.0,5.6240324684736915,7971750.0,6.08401542948537,0.0,7895500.0,6.142771198784118,2747500.0,5148000.0,9.421182983682984,0.603125,0.603125,8530200.0,8530200.0,https://www.infogreffe.com/recherche-entreprise-dirigeants/resultats-entreprise-dirigeants.html?ga_cat=globale&ga_q=T.H.E.P#phrase=T.H.E.P,https://www.infogreffe.com/recherche-entreprise-dirigeants/resultats-entreprise-dirigeants.html?ga_cat=globale&ga_q=T.H.E.P#phrase=T.H.E.P
0,2011-03-31,THEP.PA,,2011-03-31,Q1,48500250,34217750,14282500,3.395781550848941,0.0,0.0,0.0,37500.0,744000.0,40528500,750.0,607250.0,8623750.0,5.6240324684736915,7971750.0,6.08401542948537,0.0,7895500.0,6.142771198784118,2747500.0,5148000.0,9.421182983682984,0.603125,0.603125,8530200.0,8530200.0,https://www.infogreffe.com/recherche-entreprise-dirigeants/resultats-entreprise-dirigeants.html?ga_cat=globale&ga_q=T.H.E.P#phrase=T.H.E.P,https://www.infogreffe.com/recherche-entreprise-dirigeants/resultats-entreprise-dirigeants.html?ga_cat=globale&ga_q=T.H.E.P#phrase=T.H.E.P
0,2011-01-31,THEP.PA,,2011-01-31,Q1,48500250,34217750,14282500,3.395781550848941,0.0,0.0,0.0,37500.0,744000.0,40528500,750.0,607250.0,8623750.0,5.6240324684736915,7971750.0,6.08401542948537,0.0,7895500.0,6.142771198784118,2747500.0,5148000.0,9.421182983682984,0.603125,0.603125,8530200.0,8530200.0,https://www.infogreffe.com/recherche-entreprise-dirigeants/resultats-entreprise-dirigeants.html?ga_cat=globale&ga_q=T.H.E.P#phrase=T.H.E.P,https://www.infogreffe.com/recherche-entreprise-dirigeants/resultats-entreprise-dirigeants.html?ga_cat=globale&ga_q=T.H.E.P#phrase=T.H.E.P
0,2010-09-31,THEP.PA,,2010-09-31,Q3,44321750,27548500,16773250,2.642406808459899,0.0,4204250.0,0.0,-259250.0,625000.0,37378000,0.0,471250.0,7168750.0,6.182632955536182,6943750.0,6.382970297029703,0.0,6673750.0,6.641206218392957,2423250.0,4250500.0,10.427420303493706,0.58125,0.58125,7311600.0,7311600.0,https://www.infogreffe.com/recherche-entreprise-dirigeants/resultats-entreprise-dirigeants.html?ga_cat=globale&ga_q=T.H.E.P#phrase=T.H.E.P,https://www.infogreffe.com/recherche-entreprise-dirigeants/resultats-entreprise-dirigeants.html?ga_cat=globale&ga_q=T.H.E.P#phrase=T.H.E.P
0,2010-06-31,THEP.PA,,2010-06-31,Q2,44321750,27548500,16773250,2.642406808459899,0.0,4204250.0,0.0,-259250.0,625000.0,37378000,0.0,471250.0,7168750.0,6.182632955536182,6943750.0,6.382970297029703,0.0,6673750.0,6.641206218392957,2423250.0,4250500.0,10.427420303493706,0.58125,0.58125,7311600.0,7311600.0,https://www.infogreffe.com/recherche-entreprise-dirigeants/resultats-entreprise-dirigeants.html?ga_cat=globale&ga_q=T.H.E.P#phrase=T.H.E.P,https://www.infogreffe.com/recherche-entreprise-dirigeants/resultats-entreprise-dirigeants.html?ga_cat=globale&ga_q=T.H.E.P#phrase=T.H.E.P
0,2010-03-31,THEP.PA,,2010-03-31,Q1,44321750,27548500,16773250,2.642406808459899,0.0,4204250.0,0.0,-259250.0,625000.0,37378000,0.0,471250.0,7168750.0,6.182632955536182,6943750.0,6.382970297029703,0.0,6673750.0,6.641206218392957,2423250.0,4250500.0,10.427420303493706,0.58125,0.58125,7311600.0,7311600.0,https://www.infogreffe.com/recherche-entreprise-dirigeants/resultats-entreprise-dirigeants.html?ga_cat=globale&ga_q=T.H.E.P#phrase=T.H.E.P,https://www.infogreffe.com/recherche-entreprise-dirigeants/resultats-entreprise-dirigeants.html?ga_cat=globale&ga_q=T.H.E.P#phrase=T.H.E.P
0,2010-01-31,THEP.PA,,2010-01-31,Q1,44321750,27548500,16773250,2.642406808459899,0.0,4204250.0,0.0,-259250.0,625000.0,37378000,0.0,471250.0,7168750.0,6.182632955536182,6943750.0,6.382970297029703,0.0,6673750.0,6.641206218392957,2423250.0,4250500.0,10.427420303493706,0.58125,0.58125,7311600.0,7311600.0,https://www.infogreffe.com/recherche-entreprise-dirigeants/resultats-entreprise-dirigeants.html?ga_cat=globale&ga_q=T.H.E.P#phrase=T.H.E.P,https://www.infogreffe.com/recherche-entreprise-dirigeants/resultats-entreprise-dirigeants.html?ga_cat=globale&ga_q=T.H.E.P#phrase=T.H.E.P
0,2009-09-31,THEP.PA,,2009-09-31,Q3,43243000,26864000,16379000,2.640148971243666,0.0,8217500.0,0.0,9750.0,1331500.0,36846500,0.0,433500.0,6859000.0,6.304563347426739,6396500.0,6.760415852419292,0.0,6406250.0,6.750126829268293,2443000.0,3963250.0,10.910994764397905,0.56875,0.541875,6963600.0,7308420.0,https://www.infogreffe.com/recherche-entreprise-dirigeants/resultats-entreprise-dirigeants.html?ga_cat=globale&ga_q=T.H.E.P#phrase=T.H.E.P,https://www.infogreffe.com/recherche-entreprise-dirigeants/resultats-entreprise-dirigeants.html?ga_cat=globale&ga_q=T.H.E.P#phrase=T.H.E.P
0,2009-06-31,THEP.PA,,2009-06-31,Q2,43243000,26864000,16379000,2.640148971243666,0.0,8217500.0,0.0,9750.0,1331500.0,36846500,0.0,433500.0,6859000.0,6.304563347426739,6396500.0,6.760415852419292,0.0,6406250.0,6.750126829268293,2443000.0,3963250.0,10.910994764397905,0.56875,0.541875,6963600.0,7308420.0,https://www.infogreffe.com/recherche-entreprise-dirigeants/resultats-entreprise-dirigeants.html?ga_cat=globale&ga_q=T.H.E.P#phrase=T.H.E.P,https://www.infogreffe.com/recherche-entreprise-dirigeants/resultats-entreprise-dirigeants.html?ga_cat=globale&ga_q=T.H.E.P#phrase=T.H.E.P
0,2009-03-31,THEP.PA,,2009-03-31,Q1,43243000,26864000,16379000,2.640148971243666,0.0,8217500.0,0.0,9750.0,1331500.0,36846500,0.0,433500.0,6859000.0,6.304563347426739,6396500.0,6.760415852419292,0.0,6406250.0,6.750126829268293,2443000.0,3963250.0,10.910994764397905,0.56875,0.541875,6963600.0,7308420.0,https://www.infogreffe.com/recherche-entreprise-dirigeants/resultats-entreprise-dirigeants.html?ga_cat=globale&ga_q=T.H.E.P#phrase=T.H.E.P,https://www.infogreffe.com/recherche-entreprise-dirigeants/resultats-entreprise-dirigeants.html?ga_cat=globale&ga_q=T.H.E.P#phrase=T.H.E.P
0,2009-01-31,THEP.PA,,2009-01-31,Q1,43243000,26864000,16379000,2.640148971243666,0.0,8217500.0,0.0,9750.0,1331500.0,36846500,0.0,433500.0,6859000.0,6.304563347426739,6396500.0,6.760415852419292,0.0,6406250.0,6.750126829268293,2443000.0,3963250.0,10.910994764397905,0.56875,0.541875,6963600.0,7308420.0,https://www.infogreffe.com/recherche-entreprise-dirigeants/resultats-entreprise-dirigeants.html?ga_cat=globale&ga_q=T.H.E.P#phrase=T.H.E.P,https://www.infogreffe.com/recherche-entreprise-dirigeants/resultats-entreprise-dirigeants.html?ga_cat=globale&ga_q=T.H.E.P#phrase=T.H.E.P
0,2008-09-31,THEP.PA,,2008-09-31,Q3,45738750,28274250,17464500,2.6189555956368635,0.0,0.0,0.0,0.0,4795250.0,37880250,0.0,310500.0,8169000.0,5.59906353286816,7858500.0,5.820290131704524,0.0,7897000.0,5.791914651133342,2857750.0,5041500.0,9.072448675989289,0.72375,0.689375,6963600.0,7309882.0,https://www.infogreffe.com/recherche-entreprise-dirigeants/resultats-entreprise-dirigeants.html?ga_cat=globale&ga_q=T.H.E.P#phrase=T.H.E.P,https://www.infogreffe.com/recherche-entreprise-dirigeants/resultats-entreprise-dirigeants.html?ga_cat=globale&ga_q=T.H.E.P#phrase=T.H.E.P
0,2008-06-31,THEP.PA,,2008-06-31,Q2,45738750,28274250,17464500,2.6189555956368635,0.0,0.0,0.0,0.0,4795250.0,37880250,0.0,310500.0,8169000.0,5.59906353286816,7858500.0,5.820290131704524,0.0,7897000.0,5.791914651133342,2857750.0,5041500.0,9.072448675989289,0.72375,0.689375,6963600.0,7309882.0,https://www.infogreffe.com/recherche-entreprise-dirigeants/resultats-entreprise-dirigeants.html?ga_cat=globale&ga_q=T.H.E.P#phrase=T.H.E.P,https://www.infogreffe.com/recherche-entreprise-dirigeants/resultats-entreprise-dirigeants.html?ga_cat=globale&ga_q=T.H.E.P#phrase=T.H.E.P
0,2008-03-31,THEP.PA,,2008-03-31,Q1,45738750,28274250,17464500,2.6189555956368635,0.0,0.0,0.0,0.0,4795250.0,37880250,0.0,310500.0,8169000.0,5.59906353286816,7858500.0,5.820290131704524,0.0,7897000.0,5.791914651133342,2857750.0,5041500.0,9.072448675989289,0.72375,0.689375,6963600.0,7309882.0,https://www.infogreffe.com/recherche-entreprise-dirigeants/resultats-entreprise-dirigeants.html?ga_cat=globale&ga_q=T.H.E.P#phrase=T.H.E.P,https://www.infogreffe.com/recherche-entreprise-dirigeants/resultats-entreprise-dirigeants.html?ga_cat=globale&ga_q=T.H.E.P#phrase=T.H.E.P
0,2008-01-31,THEP.PA,,2008-01-31,Q1,45738750,28274250,17464500,2.6189555956368635,0.0,0.0,0.0,0.0,4795250.0,37880250,0.0,310500.0,8169000.0,5.59906353286816,7858500.0,5.820290131704524,0.0,7897000.0,5.791914651133342,2857750.0,5041500.0,9.072448675989289,0.72375,0.689375,6963600.0,7309882.0,https://www.infogreffe.com/recherche-entreprise-dirigeants/resultats-entreprise-dirigeants.html?ga_cat=globale&ga_q=T.H.E.P#phrase=T.H.E.P,https://www.infogreffe.com/recherche-entreprise-dirigeants/resultats-entreprise-dirigeants.html?ga_cat=globale&ga_q=T.H.E.P#phrase=T.H.E.P
0,2007-09-31,THEP.PA,,2007-09-31,Q3,41000000,25122250,15877750,2.5822298499472534,0.0,0.0,0.0,0.0,0.0,25122250,0.0,0.0,15877750,2.5822298499472534,15877750,2.5822298499472534,0.0,7537250.0,5.439649739626522,2623250.0,4917750.0,8.33714605256469,0.705625,0.705625,6964039.0,6964039.0,https://www.infogreffe.com/recherche-entreprise-dirigeants/resultats-entreprise-dirigeants.html?ga_cat=globale&ga_q=T.H.E.P#phrase=T.H.E.P,https://www.infogreffe.com/recherche-entreprise-dirigeants/resultats-entreprise-dirigeants.html?ga_cat=globale&ga_q=T.H.E.P#phrase=T.H.E.P
0,2007-06-31,THEP.PA,,2007-06-31,Q2,41000000,25122250,15877750,2.5822298499472534,0.0,0.0,0.0,0.0,0.0,25122250,0.0,0.0,15877750,2.5822298499472534,15877750,2.5822298499472534,0.0,7537250.0,5.439649739626522,2623250.0,4917750.0,8.33714605256469,0.705625,0.705625,6964039.0,6964039.0,https://www.infogreffe.com/recherche-entreprise-dirigeants/resultats-entreprise-dirigeants.html?ga_cat=globale&ga_q=T.H.E.P#phrase=T.H.E.P,https://www.infogreffe.com/recherche-entreprise-dirigeants/resultats-entreprise-dirigeants.html?ga_cat=globale&ga_q=T.H.E.P#phrase=T.H.E.P
0,2007-03-31,THEP.PA,,2007-03-31,Q1,41000000,25122250,15877750,2.5822298499472534,0.0,0.0,0.0,0.0,0.0,25122250,0.0,0.0,15877750,2.5822298499472534,15877750,2.5822298499472534,0.0,7537250.0,5.439649739626522,2623250.0,4917750.0,8.33714605256469,0.705625,0.705625,6964039.0,6964039.0,https://www.infogreffe.com/recherche-entreprise-dirigeants/resultats-entreprise-dirigeants.html?ga_cat=globale&ga_q=T.H.E.P#phrase=T.H.E.P,https://www.infogreffe.com/recherche-entreprise-dirigeants/resultats-entreprise-dirigeants.html?ga_cat=globale&ga_q=T.H.E.P#phrase=T.H.E.P
0,2007-01-31,THEP.PA,,2007-01-31,Q1,41000000,25122250,15877750,2.5822298499472534,0.0,0.0,0.0,0.0,0.0,25122250,0.0,0.0,15877750,2.5822298499472534,15877750,2.5822298499472534,0.0,7537250.0,5.439649739626522,2623250.0,4917750.0,8.33714605256469,0.705625,0.705625,6964039.0,6964039.0,https://www.infogreffe.com/recherche-entreprise-dirigeants/resultats-entreprise-dirigeants.html?ga_cat=globale&ga_q=T.H.E.P#phrase=T.H.E.P,https://www.infogreffe.com/recherche-entreprise-dirigeants/resultats-entreprise-dirigeants.html?ga_cat=globale&ga_q=T.H.E.P#phrase=T.H.E.P
0,2006-09-31,THEP.PA,,2006-09-31,Q3,36029750,22431250,13598500,2.6495385520461814,0.0,23250.0,0.0,0.0,3497750.0,29936500,3500.0,327000.0,6520250.0,5.525823396342164,6093250.0,5.9130595330898945,0.0,6141000.0,5.86708190848396,2115500.0,4021750.0,8.958724435879903,57.75,57.75,6963600.0,6963600.0,https://www.infogreffe.com/recherche-entreprise-dirigeants/resultats-entreprise-dirigeants.html?ga_cat=globale&ga_q=T.H.E.P#phrase=T.H.E.P,https://www.infogreffe.com/recherche-entreprise-dirigeants/resultats-entreprise-dirigeants.html?ga_cat=globale&ga_q=T.H.E.P#phrase=T.H.E.P
0,2006-06-31,THEP.PA,,2006-06-31,Q2,36029750,22431250,13598500,2.6495385520461814,0.0,23250.0,0.0,0.0,3497750.0,29936500,3500.0,327000.0,6520250.0,5.525823396342164,6093250.0,5.9130595330898945,0.0,6141000.0,5.86708190848396,2115500.0,4021750.0,8.958724435879903,57.75,57.75,6963600.0,6963600.0,https://www.infogreffe.com/recherche-entreprise-dirigeants/resultats-entreprise-dirigeants.html?ga_cat=globale&ga_q=T.H.E.P#phrase=T.H.E.P,https://www.infogreffe.com/recherche-entreprise-dirigeants/resultats-entreprise-dirigeants.html?ga_cat=globale&ga_q=T.H.E.P#phrase=T.H.E.P
0,2006-03-31,THEP.PA,,2006-03-31,Q1,36029750,22431250,13598500,2.6495385520461814,0.0,23250.0,0.0,0.0,3497750.0,29936500,3500.0,327000.0,6520250.0,5.525823396342164,6093250.0,5.9130595330898945,0.0,6141000.0,5.86708190848396,2115500.0,4021750.0,8.958724435879903,57.75,57.75,6963600.0,6963600.0,https://www.infogreffe.com/recherche-entreprise-dirigeants/resultats-entreprise-dirigeants.html?ga_cat=globale&ga_q=T.H.E.P#phrase=T.H.E.P,https://www.infogreffe.com/recherche-entreprise-dirigeants/resultats-entreprise-dirigeants.html?ga_cat=globale&ga_q=T.H.E.P#phrase=T.H.E.P
0,2006-01-31,THEP.PA,,2006-01-31,Q1,36029750,22431250,13598500,2.6495385520461814,0.0,23250.0,0.0,0.0,3497750.0,29936500,3500.0,327000.0,6520250.0,5.525823396342164,6093250.0,5.9130595330898945,0.0,6141000.0,5.86708190848396,2115500.0,4021750.0,8.958724435879903,57.75,57.75,6963600.0,6963600.0,https://www.infogreffe.com/recherche-entreprise-dirigeants/resultats-entreprise-dirigeants.html?ga_cat=globale&ga_q=T.H.E.P#phrase=T.H.E.P,https://www.infogreffe.com/recherche-entreprise-dirigeants/resultats-entreprise-dirigeants.html?ga_cat=globale&ga_q=T.H.E.P#phrase=T.H.E.P
0,2005-09-31,THEP.PA,,2005-09-31,Q3,31117250,19689750,11427500,2.723014657624152,0.0,0.0,0.0,0.0,3016500.0,26330500,1000.0,357750.0,5209000.0,5.973747360337876,4786750.0,6.500705071290541,0.0,4823250.0,6.451510910692997,1670000.0,3150500.0,9.876924297730518,45.25,45.25,6963600.0,6963600.0,https://www.infogreffe.com/recherche-entreprise-dirigeants/resultats-entreprise-dirigeants.html?ga_cat=globale&ga_q=T.H.E.P#phrase=T.H.E.P,https://www.infogreffe.com/recherche-entreprise-dirigeants/resultats-entreprise-dirigeants.html?ga_cat=globale&ga_q=T.H.E.P#phrase=T.H.E.P
0,2005-06-31,THEP.PA,,2005-06-31,Q2,31117250,19689750,11427500,2.723014657624152,0.0,0.0,0.0,0.0,3016500.0,26330500,1000.0,357750.0,5209000.0,5.973747360337876,4786750.0,6.500705071290541,0.0,4823250.0,6.451510910692997,1670000.0,3150500.0,9.876924297730518,45.25,45.25,6963600.0,6963600.0,https://www.infogreffe.com/recherche-entreprise-dirigeants/resultats-entreprise-dirigeants.html?ga_cat=globale&ga_q=T.H.E.P#phrase=T.H.E.P,https://www.infogreffe.com/recherche-entreprise-dirigeants/resultats-entreprise-dirigeants.html?ga_cat=globale&ga_q=T.H.E.P#phrase=T.H.E.P
0,2005-03-31,THEP.PA,,2005-03-31,Q1,31117250,19689750,11427500,2.723014657624152,0.0,0.0,0.0,0.0,3016500.0,26330500,1000.0,357750.0,5209000.0,5.973747360337876,4786750.0,6.500705071290541,0.0,4823250.0,6.451510910692997,1670000.0,3150500.0,9.876924297730518,45.25,45.25,6963600.0,6963600.0,https://www.infogreffe.com/recherche-entreprise-dirigeants/resultats-entreprise-dirigeants.html?ga_cat=globale&ga_q=T.H.E.P#phrase=T.H.E.P,https://www.infogreffe.com/recherche-entreprise-dirigeants/resultats-entreprise-dirigeants.html?ga_cat=globale&ga_q=T.H.E.P#phrase=T.H.E.P
0,2005-01-31,THEP.PA,,2005-01-31,Q1,31117250,19689750,11427500,2.723014657624152,0.0,0.0,0.0,0.0,3016500.0,26330500,1000.0,357750.0,5209000.0,5.973747360337876,4786750.0,6.500705071290541,0.0,4823250.0,6.451510910692997,1670000.0,3150500.0,9.876924297730518,45.25,45.25,6963600.0,6963600.0,https://www.infogreffe.com/recherche-entreprise-dirigeants/resultats-entreprise-dirigeants.html?ga_cat=globale&ga_q=T.H.E.P#phrase=T.H.E.P,https://www.infogreffe.com/recherche-entreprise-dirigeants/resultats-entreprise-dirigeants.html?ga_cat=globale&ga_q=T.H.E.P#phrase=T.H.E.P
0,2004-09-31,THEP.PA,,2004-09-31,Q3,29432000,18975000,10457000,2.8145739695897487,0.0,0.0,0.0,0.0,2939750.0,25291000,0.0,347250.0,4597750.0,6.401391985210157,4141000.0,7.107461965708766,0.0,4250000.0,6.9251764705882355,1508000.0,2739250.0,10.744546865017798,39.375,39.375,6963600.0,6963600.0,https://www.infogreffe.com/recherche-entreprise-dirigeants/resultats-entreprise-dirigeants.html?ga_cat=globale&ga_q=T.H.E.P#phrase=T.H.E.P,https://www.infogreffe.com/recherche-entreprise-dirigeants/resultats-entreprise-dirigeants.html?ga_cat=globale&ga_q=T.H.E.P#phrase=T.H.E.P
0,2004-06-31,THEP.PA,,2004-06-31,Q2,29432000,18975000,10457000,2.8145739695897487,0.0,0.0,0.0,0.0,2939750.0,25291000,0.0,347250.0,4597750.0,6.401391985210157,4141000.0,7.107461965708766,0.0,4250000.0,6.9251764705882355,1508000.0,2739250.0,10.744546865017798,39.375,39.375,6963600.0,6963600.0,https://www.infogreffe.com/recherche-entreprise-dirigeants/resultats-entreprise-dirigeants.html?ga_cat=globale&ga_q=T.H.E.P#phrase=T.H.E.P,https://www.infogreffe.com/recherche-entreprise-dirigeants/resultats-entreprise-dirigeants.html?ga_cat=globale&ga_q=T.H.E.P#phrase=T.H.E.P
0,2004-03-31,THEP.PA,,2004-03-31,Q1,29432000,18975000,10457000,2.8145739695897487,0.0,0.0,0.0,0.0,2939750.0,25291000,0.0,347250.0,4597750.0,6.401391985210157,4141000.0,7.107461965708766,0.0,4250000.0,6.9251764705882355,1508000.0,2739250.0,10.744546865017798,39.375,39.375,6963600.0,6963600.0,https://www.infogreffe.com/recherche-entreprise-dirigeants/resultats-entreprise-dirigeants.html?ga_cat=globale&ga_q=T.H.E.P#phrase=T.H.E.P,https://www.infogreffe.com/recherche-entreprise-dirigeants/resultats-entreprise-dirigeants.html?ga_cat=globale&ga_q=T.H.E.P#phrase=T.H.E.P
0,2004-01-31,THEP.PA,,2004-01-31,Q1,29432000,18975000,10457000,2.8145739695897487,0.0,0.0,0.0,0.0,2939750.0,25291000,0.0,347250.0,4597750.0,6.401391985210157,4141000.0,7.107461965708766,0.0,4250000.0,6.9251764705882355,1508000.0,2739250.0,10.744546865017798,39.375,39.375,6963600.0,6963600.0,https://www.infogreffe.com/recherche-entreprise-dirigeants/resultats-entreprise-dirigeants.html?ga_cat=globale&ga_q=T.H.E.P#phrase=T.H.E.P,https://www.infogreffe.com/recherche-entreprise-dirigeants/resultats-entreprise-dirigeants.html?ga_cat=globale&ga_q=T.H.E.P#phrase=T.H.E.P
