,date,symbol,fillingDate,acceptedDate,period,revenue,costOfRevenue,grossProfit,grossProfitRatio,researchAndDevelopmentExpenses,generalAndAdministrativeExpenses,sellingAndMarketingExpenses,otherExpenses,operatingExpenses,costAndExpenses,interestExpense,depreciationAndAmortization,ebitda,ebitdaratio,operatingIncome,operatingIncomeRatio,totalOtherIncomeExpensesNet,incomeBeforeTax,incomeBeforeTaxRatio,incomeTaxExpense,netIncome,netIncomeRatio,eps,epsdiluted,weightedAverageShsOut,weightedAverageShsOutDil,link,finalLink
0,2019-09-31,AURE.PA,,2019-09-31,Q3,46213000,36577000,9636000.0,4.795869655458697,0.0,0.0,0.0,0.0,555500.0,45997750,327250.0,2165000.0,2401500.0,19.243389548199044,215250.0,214.6945412311266,0.0,-349000.0,-132.41547277936962,2000.0,-354250.0,-130.4530698659139,-0.0375,-0.0375,9246150.0,9317250.0,https://www.infogreffe.com/recherche-entreprise-dirigeants/resultats-entreprise-dirigeants.html?ga_cat=globale&ga_q=A.U.R.E#phrase=A.U.R.E,https://www.infogreffe.com/recherche-entreprise-dirigeants/resultats-entreprise-dirigeants.html?ga_cat=globale&ga_q=A.U.R.E#phrase=A.U.R.E
0,2019-06-31,AURE.PA,,2019-06-31,Q2,46213000,36577000,9636000.0,4.795869655458697,0.0,0.0,0.0,0.0,555500.0,45997750,327250.0,2165000.0,2401500.0,19.243389548199044,215250.0,214.6945412311266,0.0,-349000.0,-132.41547277936962,2000.0,-354250.0,-130.4530698659139,-0.0375,-0.0375,9246150.0,9317250.0,https://www.infogreffe.com/recherche-entreprise-dirigeants/resultats-entreprise-dirigeants.html?ga_cat=globale&ga_q=A.U.R.E#phrase=A.U.R.E,https://www.infogreffe.com/recherche-entreprise-dirigeants/resultats-entreprise-dirigeants.html?ga_cat=globale&ga_q=A.U.R.E#phrase=A.U.R.E
0,2019-03-31,AURE.PA,,2019-03-31,Q1,46213000,36577000,9636000.0,4.795869655458697,0.0,0.0,0.0,0.0,555500.0,45997750,327250.0,2165000.0,2401500.0,19.243389548199044,215250.0,214.6945412311266,0.0,-349000.0,-132.41547277936962,2000.0,-354250.0,-130.4530698659139,-0.0375,-0.0375,9246150.0,9317250.0,https://www.infogreffe.com/recherche-entreprise-dirigeants/resultats-entreprise-dirigeants.html?ga_cat=globale&ga_q=A.U.R.E#phrase=A.U.R.E,https://www.infogreffe.com/recherche-entreprise-dirigeants/resultats-entreprise-dirigeants.html?ga_cat=globale&ga_q=A.U.R.E#phrase=A.U.R.E
0,2019-01-31,AURE.PA,,2019-01-31,Q1,46213000,36577000,9636000.0,4.795869655458697,0.0,0.0,0.0,0.0,555500.0,45997750,327250.0,2165000.0,2401500.0,19.243389548199044,215250.0,214.6945412311266,0.0,-349000.0,-132.41547277936962,2000.0,-354250.0,-130.4530698659139,-0.0375,-0.0375,9246150.0,9317250.0,https://www.infogreffe.com/recherche-entreprise-dirigeants/resultats-entreprise-dirigeants.html?ga_cat=globale&ga_q=A.U.R.E#phrase=A.U.R.E,https://www.infogreffe.com/recherche-entreprise-dirigeants/resultats-entreprise-dirigeants.html?ga_cat=globale&ga_q=A.U.R.E#phrase=A.U.R.E
0,2018-09-31,AURE.PA,,2018-09-31,Q3,54284000,44049250,10234750,5.303891155133247,0.0,0.0,0.0,-93500.0,712500.0,53063000,225500.0,1765500.0,3055000.0,17.768903436988545,1221000.0,44.45864045864046,0.0,877250.0,61.87973781704189,184500.0,690250.0,78.6439695762405,0.06,0.06,11714120,11735220,https://www.infogreffe.com/recherche-entreprise-dirigeants/resultats-entreprise-dirigeants.html?ga_cat=globale&ga_q=A.U.R.E#phrase=A.U.R.E,https://www.infogreffe.com/recherche-entreprise-dirigeants/resultats-entreprise-dirigeants.html?ga_cat=globale&ga_q=A.U.R.E#phrase=A.U.R.E
0,2018-06-31,AURE.PA,,2018-06-31,Q2,54284000,44049250,10234750,5.303891155133247,0.0,0.0,0.0,-93500.0,712500.0,53063000,225500.0,1765500.0,3055000.0,17.768903436988545,1221000.0,44.45864045864046,0.0,877250.0,61.87973781704189,184500.0,690250.0,78.6439695762405,0.06,0.06,11714120,11735220,https://www.infogreffe.com/recherche-entreprise-dirigeants/resultats-entreprise-dirigeants.html?ga_cat=globale&ga_q=A.U.R.E#phrase=A.U.R.E,https://www.infogreffe.com/recherche-entreprise-dirigeants/resultats-entreprise-dirigeants.html?ga_cat=globale&ga_q=A.U.R.E#phrase=A.U.R.E
0,2018-03-31,AURE.PA,,2018-03-31,Q1,54284000,44049250,10234750,5.303891155133247,0.0,0.0,0.0,-93500.0,712500.0,53063000,225500.0,1765500.0,3055000.0,17.768903436988545,1221000.0,44.45864045864046,0.0,877250.0,61.87973781704189,184500.0,690250.0,78.6439695762405,0.06,0.06,11714120,11735220,https://www.infogreffe.com/recherche-entreprise-dirigeants/resultats-entreprise-dirigeants.html?ga_cat=globale&ga_q=A.U.R.E#phrase=A.U.R.E,https://www.infogreffe.com/recherche-entreprise-dirigeants/resultats-entreprise-dirigeants.html?ga_cat=globale&ga_q=A.U.R.E#phrase=A.U.R.E
0,2018-01-31,AURE.PA,,2018-01-31,Q1,54284000,44049250,10234750,5.303891155133247,0.0,0.0,0.0,-93500.0,712500.0,53063000,225500.0,1765500.0,3055000.0,17.768903436988545,1221000.0,44.45864045864046,0.0,877250.0,61.87973781704189,184500.0,690250.0,78.6439695762405,0.06,0.06,11714120,11735220,https://www.infogreffe.com/recherche-entreprise-dirigeants/resultats-entreprise-dirigeants.html?ga_cat=globale&ga_q=A.U.R.E#phrase=A.U.R.E,https://www.infogreffe.com/recherche-entreprise-dirigeants/resultats-entreprise-dirigeants.html?ga_cat=globale&ga_q=A.U.R.E#phrase=A.U.R.E
0,2017-09-31,AURE.PA,,2017-09-31,Q3,50872500,41003250,9869250.0,5.154647009651189,0.0,0.0,0.0,-38000.0,623000.0,49594750,277000.0,1654000.0,2955000.0,17.215736040609137,1277750.0,39.814126394052046,0.0,942500.0,53.97612732095491,-102500.0,1040500.0,48.89235944257568,0.09,0.09,11640271,11651364,https://www.infogreffe.com/recherche-entreprise-dirigeants/resultats-entreprise-dirigeants.html?ga_cat=globale&ga_q=A.U.R.E#phrase=A.U.R.E,https://www.infogreffe.com/recherche-entreprise-dirigeants/resultats-entreprise-dirigeants.html?ga_cat=globale&ga_q=A.U.R.E#phrase=A.U.R.E
0,2017-06-31,AURE.PA,,2017-06-31,Q2,50872500,41003250,9869250.0,5.154647009651189,0.0,0.0,0.0,-38000.0,623000.0,49594750,277000.0,1654000.0,2955000.0,17.215736040609137,1277750.0,39.814126394052046,0.0,942500.0,53.97612732095491,-102500.0,1040500.0,48.89235944257568,0.09,0.09,11640271,11651364,https://www.infogreffe.com/recherche-entreprise-dirigeants/resultats-entreprise-dirigeants.html?ga_cat=globale&ga_q=A.U.R.E#phrase=A.U.R.E,https://www.infogreffe.com/recherche-entreprise-dirigeants/resultats-entreprise-dirigeants.html?ga_cat=globale&ga_q=A.U.R.E#phrase=A.U.R.E
0,2017-03-31,AURE.PA,,2017-03-31,Q1,50872500,41003250,9869250.0,5.154647009651189,0.0,0.0,0.0,-38000.0,623000.0,49594750,277000.0,1654000.0,2955000.0,17.215736040609137,1277750.0,39.814126394052046,0.0,942500.0,53.97612732095491,-102500.0,1040500.0,48.89235944257568,0.09,0.09,11640271,11651364,https://www.infogreffe.com/recherche-entreprise-dirigeants/resultats-entreprise-dirigeants.html?ga_cat=globale&ga_q=A.U.R.E#phrase=A.U.R.E,https://www.infogreffe.com/recherche-entreprise-dirigeants/resultats-entreprise-dirigeants.html?ga_cat=globale&ga_q=A.U.R.E#phrase=A.U.R.E
0,2017-01-31,AURE.PA,,2017-01-31,Q1,50872500,41003250,9869250.0,5.154647009651189,0.0,0.0,0.0,-38000.0,623000.0,49594750,277000.0,1654000.0,2955000.0,17.215736040609137,1277750.0,39.814126394052046,0.0,942500.0,53.97612732095491,-102500.0,1040500.0,48.89235944257568,0.09,0.09,11640271,11651364,https://www.infogreffe.com/recherche-entreprise-dirigeants/resultats-entreprise-dirigeants.html?ga_cat=globale&ga_q=A.U.R.E#phrase=A.U.R.E,https://www.infogreffe.com/recherche-entreprise-dirigeants/resultats-entreprise-dirigeants.html?ga_cat=globale&ga_q=A.U.R.E#phrase=A.U.R.E
0,2016-09-31,AURE.PA,,2016-09-31,Q3,40110000,32155250,7954750.0,5.042270341619787,0.0,0.0,0.0,-151750.0,368500.0,39949750,251750.0,1541250.0,1901000.0,21.099421357180432,160250.0,250.29641185647426,0.0,89750.0,446.908077994429,-57250.0,143250.0,280.0,0.0125,0.0125,11431138,11467362,https://www.infogreffe.com/recherche-entreprise-dirigeants/resultats-entreprise-dirigeants.html?ga_cat=globale&ga_q=A.U.R.E#phrase=A.U.R.E,https://www.infogreffe.com/recherche-entreprise-dirigeants/resultats-entreprise-dirigeants.html?ga_cat=globale&ga_q=A.U.R.E#phrase=A.U.R.E
0,2016-06-31,AURE.PA,,2016-06-31,Q2,40110000,32155250,7954750.0,5.042270341619787,0.0,0.0,0.0,-151750.0,368500.0,39949750,251750.0,1541250.0,1901000.0,21.099421357180432,160250.0,250.29641185647426,0.0,89750.0,446.908077994429,-57250.0,143250.0,280.0,0.0125,0.0125,11431138,11467362,https://www.infogreffe.com/recherche-entreprise-dirigeants/resultats-entreprise-dirigeants.html?ga_cat=globale&ga_q=A.U.R.E#phrase=A.U.R.E,https://www.infogreffe.com/recherche-entreprise-dirigeants/resultats-entreprise-dirigeants.html?ga_cat=globale&ga_q=A.U.R.E#phrase=A.U.R.E
0,2016-03-31,AURE.PA,,2016-03-31,Q1,40110000,32155250,7954750.0,5.042270341619787,0.0,0.0,0.0,-151750.0,368500.0,39949750,251750.0,1541250.0,1901000.0,21.099421357180432,160250.0,250.29641185647426,0.0,89750.0,446.908077994429,-57250.0,143250.0,280.0,0.0125,0.0125,11431138,11467362,https://www.infogreffe.com/recherche-entreprise-dirigeants/resultats-entreprise-dirigeants.html?ga_cat=globale&ga_q=A.U.R.E#phrase=A.U.R.E,https://www.infogreffe.com/recherche-entreprise-dirigeants/resultats-entreprise-dirigeants.html?ga_cat=globale&ga_q=A.U.R.E#phrase=A.U.R.E
0,2016-01-31,AURE.PA,,2016-01-31,Q1,40110000,32155250,7954750.0,5.042270341619787,0.0,0.0,0.0,-151750.0,368500.0,39949750,251750.0,1541250.0,1901000.0,21.099421357180432,160250.0,250.29641185647426,0.0,89750.0,446.908077994429,-57250.0,143250.0,280.0,0.0125,0.0125,11431138,11467362,https://www.infogreffe.com/recherche-entreprise-dirigeants/resultats-entreprise-dirigeants.html?ga_cat=globale&ga_q=A.U.R.E#phrase=A.U.R.E,https://www.infogreffe.com/recherche-entreprise-dirigeants/resultats-entreprise-dirigeants.html?ga_cat=globale&ga_q=A.U.R.E#phrase=A.U.R.E
0,2015-09-31,AURE.PA,,2015-09-31,Q3,43995000,35768750,8226250.0,5.3481233855037225,0.0,0.0,0.0,-2750.0,-19250.0,43185500,297250.0,1498000.0,2664250.0,16.513089987801447,809500.0,54.348363187152565,0.0,579000.0,75.98445595854922,-22000.0,370000.0,118.9054054054054,0.0525,0.0525,11346045,11361145,https://www.infogreffe.com/recherche-entreprise-dirigeants/resultats-entreprise-dirigeants.html?ga_cat=globale&ga_q=A.U.R.E#phrase=A.U.R.E,https://www.infogreffe.com/recherche-entreprise-dirigeants/resultats-entreprise-dirigeants.html?ga_cat=globale&ga_q=A.U.R.E#phrase=A.U.R.E
0,2015-06-31,AURE.PA,,2015-06-31,Q2,43995000,35768750,8226250.0,5.3481233855037225,0.0,0.0,0.0,-2750.0,-19250.0,43185500,297250.0,1498000.0,2664250.0,16.513089987801447,809500.0,54.348363187152565,0.0,579000.0,75.98445595854922,-22000.0,370000.0,118.9054054054054,0.0525,0.0525,11346045,11361145,https://www.infogreffe.com/recherche-entreprise-dirigeants/resultats-entreprise-dirigeants.html?ga_cat=globale&ga_q=A.U.R.E#phrase=A.U.R.E,https://www.infogreffe.com/recherche-entreprise-dirigeants/resultats-entreprise-dirigeants.html?ga_cat=globale&ga_q=A.U.R.E#phrase=A.U.R.E
0,2015-03-31,AURE.PA,,2015-03-31,Q1,43995000,35768750,8226250.0,5.3481233855037225,0.0,0.0,0.0,-2750.0,-19250.0,43185500,297250.0,1498000.0,2664250.0,16.513089987801447,809500.0,54.348363187152565,0.0,579000.0,75.98445595854922,-22000.0,370000.0,118.9054054054054,0.0525,0.0525,11346045,11361145,https://www.infogreffe.com/recherche-entreprise-dirigeants/resultats-entreprise-dirigeants.html?ga_cat=globale&ga_q=A.U.R.E#phrase=A.U.R.E,https://www.infogreffe.com/recherche-entreprise-dirigeants/resultats-entreprise-dirigeants.html?ga_cat=globale&ga_q=A.U.R.E#phrase=A.U.R.E
0,2015-01-31,AURE.PA,,2015-01-31,Q1,43995000,35768750,8226250.0,5.3481233855037225,0.0,0.0,0.0,-2750.0,-19250.0,43185500,297250.0,1498000.0,2664250.0,16.513089987801447,809500.0,54.348363187152565,0.0,579000.0,75.98445595854922,-22000.0,370000.0,118.9054054054054,0.0525,0.0525,11346045,11361145,https://www.infogreffe.com/recherche-entreprise-dirigeants/resultats-entreprise-dirigeants.html?ga_cat=globale&ga_q=A.U.R.E#phrase=A.U.R.E,https://www.infogreffe.com/recherche-entreprise-dirigeants/resultats-entreprise-dirigeants.html?ga_cat=globale&ga_q=A.U.R.E#phrase=A.U.R.E
0,2014-09-31,AURE.PA,,2014-09-31,Q3,42160500,34796500,7364000.0,5.725217273221076,0.0,0.0,0.0,-85000.0,174250.0,41544500,258750.0,1362250.0,3676000.0,11.469124047878129,616000.0,68.44237012987013,0.0,1518500.0,27.7645702996378,-46250.0,1200000.0,35.13375,0.1075,0.1075,11283352,11312152,https://www.infogreffe.com/recherche-entreprise-dirigeants/resultats-entreprise-dirigeants.html?ga_cat=globale&ga_q=A.U.R.E#phrase=A.U.R.E,https://www.infogreffe.com/recherche-entreprise-dirigeants/resultats-entreprise-dirigeants.html?ga_cat=globale&ga_q=A.U.R.E#phrase=A.U.R.E
0,2014-06-31,AURE.PA,,2014-06-31,Q2,42160500,34796500,7364000.0,5.725217273221076,0.0,0.0,0.0,-85000.0,174250.0,41544500,258750.0,1362250.0,3676000.0,11.469124047878129,616000.0,68.44237012987013,0.0,1518500.0,27.7645702996378,-46250.0,1200000.0,35.13375,0.1075,0.1075,11283352,11312152,https://www.infogreffe.com/recherche-entreprise-dirigeants/resultats-entreprise-dirigeants.html?ga_cat=globale&ga_q=A.U.R.E#phrase=A.U.R.E,https://www.infogreffe.com/recherche-entreprise-dirigeants/resultats-entreprise-dirigeants.html?ga_cat=globale&ga_q=A.U.R.E#phrase=A.U.R.E
0,2014-03-31,AURE.PA,,2014-03-31,Q1,42160500,34796500,7364000.0,5.725217273221076,0.0,0.0,0.0,-85000.0,174250.0,41544500,258750.0,1362250.0,3676000.0,11.469124047878129,616000.0,68.44237012987013,0.0,1518500.0,27.7645702996378,-46250.0,1200000.0,35.13375,0.1075,0.1075,11283352,11312152,https://www.infogreffe.com/recherche-entreprise-dirigeants/resultats-entreprise-dirigeants.html?ga_cat=globale&ga_q=A.U.R.E#phrase=A.U.R.E,https://www.infogreffe.com/recherche-entreprise-dirigeants/resultats-entreprise-dirigeants.html?ga_cat=globale&ga_q=A.U.R.E#phrase=A.U.R.E
0,2014-01-31,AURE.PA,,2014-01-31,Q1,42160500,34796500,7364000.0,5.725217273221076,0.0,0.0,0.0,-85000.0,174250.0,41544500,258750.0,1362250.0,3676000.0,11.469124047878129,616000.0,68.44237012987013,0.0,1518500.0,27.7645702996378,-46250.0,1200000.0,35.13375,0.1075,0.1075,11283352,11312152,https://www.infogreffe.com/recherche-entreprise-dirigeants/resultats-entreprise-dirigeants.html?ga_cat=globale&ga_q=A.U.R.E#phrase=A.U.R.E,https://www.infogreffe.com/recherche-entreprise-dirigeants/resultats-entreprise-dirigeants.html?ga_cat=globale&ga_q=A.U.R.E#phrase=A.U.R.E
0,2013-09-31,AURE.PA,,2013-09-31,Q3,39145250,31901000,7244250.0,5.403630465541636,0.0,0.0,0.0,-53500.0,502250.0,38495000,258250.0,1229500.0,2004000.0,19.533557884231538,650250.0,60.20030757401,0.0,847250.0,46.20271466509295,92500.0,362500.0,107.98689655172414,0.0325,0.0325,11771127,11784827,https://www.infogreffe.com/recherche-entreprise-dirigeants/resultats-entreprise-dirigeants.html?ga_cat=globale&ga_q=A.U.R.E#phrase=A.U.R.E,https://www.infogreffe.com/recherche-entreprise-dirigeants/resultats-entreprise-dirigeants.html?ga_cat=globale&ga_q=A.U.R.E#phrase=A.U.R.E
0,2013-06-31,AURE.PA,,2013-06-31,Q2,39145250,31901000,7244250.0,5.403630465541636,0.0,0.0,0.0,-53500.0,502250.0,38495000,258250.0,1229500.0,2004000.0,19.533557884231538,650250.0,60.20030757401,0.0,847250.0,46.20271466509295,92500.0,362500.0,107.98689655172414,0.0325,0.0325,11771127,11784827,https://www.infogreffe.com/recherche-entreprise-dirigeants/resultats-entreprise-dirigeants.html?ga_cat=globale&ga_q=A.U.R.E#phrase=A.U.R.E,https://www.infogreffe.com/recherche-entreprise-dirigeants/resultats-entreprise-dirigeants.html?ga_cat=globale&ga_q=A.U.R.E#phrase=A.U.R.E
0,2013-03-31,AURE.PA,,2013-03-31,Q1,39145250,31901000,7244250.0,5.403630465541636,0.0,0.0,0.0,-53500.0,502250.0,38495000,258250.0,1229500.0,2004000.0,19.533557884231538,650250.0,60.20030757401,0.0,847250.0,46.20271466509295,92500.0,362500.0,107.98689655172414,0.0325,0.0325,11771127,11784827,https://www.infogreffe.com/recherche-entreprise-dirigeants/resultats-entreprise-dirigeants.html?ga_cat=globale&ga_q=A.U.R.E#phrase=A.U.R.E,https://www.infogreffe.com/recherche-entreprise-dirigeants/resultats-entreprise-dirigeants.html?ga_cat=globale&ga_q=A.U.R.E#phrase=A.U.R.E
0,2013-01-31,AURE.PA,,2013-01-31,Q1,39145250,31901000,7244250.0,5.403630465541636,0.0,0.0,0.0,-53500.0,502250.0,38495000,258250.0,1229500.0,2004000.0,19.533557884231538,650250.0,60.20030757401,0.0,847250.0,46.20271466509295,92500.0,362500.0,107.98689655172414,0.0325,0.0325,11771127,11784827,https://www.infogreffe.com/recherche-entreprise-dirigeants/resultats-entreprise-dirigeants.html?ga_cat=globale&ga_q=A.U.R.E#phrase=A.U.R.E,https://www.infogreffe.com/recherche-entreprise-dirigeants/resultats-entreprise-dirigeants.html?ga_cat=globale&ga_q=A.U.R.E#phrase=A.U.R.E
0,2012-09-31,AURE.PA,,2012-09-31,Q3,43478750,34704500,8774250.0,4.955266831922956,0.0,0.0,0.0,-147250.0,627750.0,41993750,523250.0,1406750.0,2986000.0,14.560867381111855,1485000.0,29.27861952861953,0.0,941750.0,46.168038226705605,455000.0,486000.0,89.46244855967078,0.0425,0.0425,11301609,11325209,https://www.infogreffe.com/recherche-entreprise-dirigeants/resultats-entreprise-dirigeants.html?ga_cat=globale&ga_q=A.U.R.E#phrase=A.U.R.E,https://www.infogreffe.com/recherche-entreprise-dirigeants/resultats-entreprise-dirigeants.html?ga_cat=globale&ga_q=A.U.R.E#phrase=A.U.R.E
0,2012-06-31,AURE.PA,,2012-06-31,Q2,43478750,34704500,8774250.0,4.955266831922956,0.0,0.0,0.0,-147250.0,627750.0,41993750,523250.0,1406750.0,2986000.0,14.560867381111855,1485000.0,29.27861952861953,0.0,941750.0,46.168038226705605,455000.0,486000.0,89.46244855967078,0.0425,0.0425,11301609,11325209,https://www.infogreffe.com/recherche-entreprise-dirigeants/resultats-entreprise-dirigeants.html?ga_cat=globale&ga_q=A.U.R.E#phrase=A.U.R.E,https://www.infogreffe.com/recherche-entreprise-dirigeants/resultats-entreprise-dirigeants.html?ga_cat=globale&ga_q=A.U.R.E#phrase=A.U.R.E
0,2012-03-31,AURE.PA,,2012-03-31,Q1,43478750,34704500,8774250.0,4.955266831922956,0.0,0.0,0.0,-147250.0,627750.0,41993750,523250.0,1406750.0,2986000.0,14.560867381111855,1485000.0,29.27861952861953,0.0,941750.0,46.168038226705605,455000.0,486000.0,89.46244855967078,0.0425,0.0425,11301609,11325209,https://www.infogreffe.com/recherche-entreprise-dirigeants/resultats-entreprise-dirigeants.html?ga_cat=globale&ga_q=A.U.R.E#phrase=A.U.R.E,https://www.infogreffe.com/recherche-entreprise-dirigeants/resultats-entreprise-dirigeants.html?ga_cat=globale&ga_q=A.U.R.E#phrase=A.U.R.E
0,2012-01-31,AURE.PA,,2012-01-31,Q1,43478750,34704500,8774250.0,4.955266831922956,0.0,0.0,0.0,-147250.0,627750.0,41993750,523250.0,1406750.0,2986000.0,14.560867381111855,1485000.0,29.27861952861953,0.0,941750.0,46.168038226705605,455000.0,486000.0,89.46244855967078,0.0425,0.0425,11301609,11325209,https://www.infogreffe.com/recherche-entreprise-dirigeants/resultats-entreprise-dirigeants.html?ga_cat=globale&ga_q=A.U.R.E#phrase=A.U.R.E,https://www.infogreffe.com/recherche-entreprise-dirigeants/resultats-entreprise-dirigeants.html?ga_cat=globale&ga_q=A.U.R.E#phrase=A.U.R.E
0,2011-09-31,AURE.PA,,2011-09-31,Q3,40597500,34602500,5995000.0,6.771893244370308,0.0,229750.0,0.0,0.0,-1308750.0,39531250,508750.0,1295500.0,3899750.0,10.410282710430156,1066250.0,38.075029308323565,0.0,1548000.0,26.225775193798448,63500.0,1484750.0,27.342987034854353,0.135,0.135,12811310,12811310,https://www.infogreffe.com/recherche-entreprise-dirigeants/resultats-entreprise-dirigeants.html?ga_cat=globale&ga_q=A.U.R.E#phrase=A.U.R.E,https://www.infogreffe.com/recherche-entreprise-dirigeants/resultats-entreprise-dirigeants.html?ga_cat=globale&ga_q=A.U.R.E#phrase=A.U.R.E
0,2011-06-31,AURE.PA,,2011-06-31,Q2,40597500,34602500,5995000.0,6.771893244370308,0.0,229750.0,0.0,0.0,-1308750.0,39531250,508750.0,1295500.0,3899750.0,10.410282710430156,1066250.0,38.075029308323565,0.0,1548000.0,26.225775193798448,63500.0,1484750.0,27.342987034854353,0.135,0.135,12811310,12811310,https://www.infogreffe.com/recherche-entreprise-dirigeants/resultats-entreprise-dirigeants.html?ga_cat=globale&ga_q=A.U.R.E#phrase=A.U.R.E,https://www.infogreffe.com/recherche-entreprise-dirigeants/resultats-entreprise-dirigeants.html?ga_cat=globale&ga_q=A.U.R.E#phrase=A.U.R.E
0,2011-03-31,AURE.PA,,2011-03-31,Q1,40597500,34602500,5995000.0,6.771893244370308,0.0,229750.0,0.0,0.0,-1308750.0,39531250,508750.0,1295500.0,3899750.0,10.410282710430156,1066250.0,38.075029308323565,0.0,1548000.0,26.225775193798448,63500.0,1484750.0,27.342987034854353,0.135,0.135,12811310,12811310,https://www.infogreffe.com/recherche-entreprise-dirigeants/resultats-entreprise-dirigeants.html?ga_cat=globale&ga_q=A.U.R.E#phrase=A.U.R.E,https://www.infogreffe.com/recherche-entreprise-dirigeants/resultats-entreprise-dirigeants.html?ga_cat=globale&ga_q=A.U.R.E#phrase=A.U.R.E
0,2011-01-31,AURE.PA,,2011-01-31,Q1,40597500,34602500,5995000.0,6.771893244370308,0.0,229750.0,0.0,0.0,-1308750.0,39531250,508750.0,1295500.0,3899750.0,10.410282710430156,1066250.0,38.075029308323565,0.0,1548000.0,26.225775193798448,63500.0,1484750.0,27.342987034854353,0.135,0.135,12811310,12811310,https://www.infogreffe.com/recherche-entreprise-dirigeants/resultats-entreprise-dirigeants.html?ga_cat=globale&ga_q=A.U.R.E#phrase=A.U.R.E,https://www.infogreffe.com/recherche-entreprise-dirigeants/resultats-entreprise-dirigeants.html?ga_cat=globale&ga_q=A.U.R.E#phrase=A.U.R.E
0,2010-09-31,AURE.PA,,2010-09-31,Q3,29406000,22699750,6706250.0,4.3848648648648645,0.0,0.0,0.0,0.0,736500.0,27498000,0.0,1009250.0,2917250.0,10.080041134630218,1908000.0,15.41194968553459,0.0,1786250.0,16.462421273617913,579000.0,1207250.0,24.3578380617105,0.0925,0.0925,11352332,12666692,https://www.infogreffe.com/recherche-entreprise-dirigeants/resultats-entreprise-dirigeants.html?ga_cat=globale&ga_q=A.U.R.E#phrase=A.U.R.E,https://www.infogreffe.com/recherche-entreprise-dirigeants/resultats-entreprise-dirigeants.html?ga_cat=globale&ga_q=A.U.R.E#phrase=A.U.R.E
0,2010-06-31,AURE.PA,,2010-06-31,Q2,29406000,22699750,6706250.0,4.3848648648648645,0.0,0.0,0.0,0.0,736500.0,27498000,0.0,1009250.0,2917250.0,10.080041134630218,1908000.0,15.41194968553459,0.0,1786250.0,16.462421273617913,579000.0,1207250.0,24.3578380617105,0.0925,0.0925,11352332,12666692,https://www.infogreffe.com/recherche-entreprise-dirigeants/resultats-entreprise-dirigeants.html?ga_cat=globale&ga_q=A.U.R.E#phrase=A.U.R.E,https://www.infogreffe.com/recherche-entreprise-dirigeants/resultats-entreprise-dirigeants.html?ga_cat=globale&ga_q=A.U.R.E#phrase=A.U.R.E
0,2010-03-31,AURE.PA,,2010-03-31,Q1,29406000,22699750,6706250.0,4.3848648648648645,0.0,0.0,0.0,0.0,736500.0,27498000,0.0,1009250.0,2917250.0,10.080041134630218,1908000.0,15.41194968553459,0.0,1786250.0,16.462421273617913,579000.0,1207250.0,24.3578380617105,0.0925,0.0925,11352332,12666692,https://www.infogreffe.com/recherche-entreprise-dirigeants/resultats-entreprise-dirigeants.html?ga_cat=globale&ga_q=A.U.R.E#phrase=A.U.R.E,https://www.infogreffe.com/recherche-entreprise-dirigeants/resultats-entreprise-dirigeants.html?ga_cat=globale&ga_q=A.U.R.E#phrase=A.U.R.E
0,2010-01-31,AURE.PA,,2010-01-31,Q1,29406000,22699750,6706250.0,4.3848648648648645,0.0,0.0,0.0,0.0,736500.0,27498000,0.0,1009250.0,2917250.0,10.080041134630218,1908000.0,15.41194968553459,0.0,1786250.0,16.462421273617913,579000.0,1207250.0,24.3578380617105,0.0925,0.0925,11352332,12666692,https://www.infogreffe.com/recherche-entreprise-dirigeants/resultats-entreprise-dirigeants.html?ga_cat=globale&ga_q=A.U.R.E#phrase=A.U.R.E,https://www.infogreffe.com/recherche-entreprise-dirigeants/resultats-entreprise-dirigeants.html?ga_cat=globale&ga_q=A.U.R.E#phrase=A.U.R.E
0,2009-09-31,AURE.PA,,2009-09-31,Q3,16039250,11085250,4954000.0,3.237636253532499,0.0,0.0,0.0,0.0,308000.0,14247750,0.0,1137500.0,3367250.0,4.763308337664266,1791500.0,8.952972369522746,0.0,1473250.0,10.886984557950111,-49250.0,1522500.0,10.534811165845648,0.1375,0.1375,11324240,12623600,https://www.infogreffe.com/recherche-entreprise-dirigeants/resultats-entreprise-dirigeants.html?ga_cat=globale&ga_q=A.U.R.E#phrase=A.U.R.E,https://www.infogreffe.com/recherche-entreprise-dirigeants/resultats-entreprise-dirigeants.html?ga_cat=globale&ga_q=A.U.R.E#phrase=A.U.R.E
0,2009-06-31,AURE.PA,,2009-06-31,Q2,16039250,11085250,4954000.0,3.237636253532499,0.0,0.0,0.0,0.0,308000.0,14247750,0.0,1137500.0,3367250.0,4.763308337664266,1791500.0,8.952972369522746,0.0,1473250.0,10.886984557950111,-49250.0,1522500.0,10.534811165845648,0.1375,0.1375,11324240,12623600,https://www.infogreffe.com/recherche-entreprise-dirigeants/resultats-entreprise-dirigeants.html?ga_cat=globale&ga_q=A.U.R.E#phrase=A.U.R.E,https://www.infogreffe.com/recherche-entreprise-dirigeants/resultats-entreprise-dirigeants.html?ga_cat=globale&ga_q=A.U.R.E#phrase=A.U.R.E
0,2009-03-31,AURE.PA,,2009-03-31,Q1,16039250,11085250,4954000.0,3.237636253532499,0.0,0.0,0.0,0.0,308000.0,14247750,0.0,1137500.0,3367250.0,4.763308337664266,1791500.0,8.952972369522746,0.0,1473250.0,10.886984557950111,-49250.0,1522500.0,10.534811165845648,0.1375,0.1375,11324240,12623600,https://www.infogreffe.com/recherche-entreprise-dirigeants/resultats-entreprise-dirigeants.html?ga_cat=globale&ga_q=A.U.R.E#phrase=A.U.R.E,https://www.infogreffe.com/recherche-entreprise-dirigeants/resultats-entreprise-dirigeants.html?ga_cat=globale&ga_q=A.U.R.E#phrase=A.U.R.E
0,2009-01-31,AURE.PA,,2009-01-31,Q1,16039250,11085250,4954000.0,3.237636253532499,0.0,0.0,0.0,0.0,308000.0,14247750,0.0,1137500.0,3367250.0,4.763308337664266,1791500.0,8.952972369522746,0.0,1473250.0,10.886984557950111,-49250.0,1522500.0,10.534811165845648,0.1375,0.1375,11324240,12623600,https://www.infogreffe.com/recherche-entreprise-dirigeants/resultats-entreprise-dirigeants.html?ga_cat=globale&ga_q=A.U.R.E#phrase=A.U.R.E,https://www.infogreffe.com/recherche-entreprise-dirigeants/resultats-entreprise-dirigeants.html?ga_cat=globale&ga_q=A.U.R.E#phrase=A.U.R.E
0,2008-09-31,AURE.PA,,2008-09-31,Q3,17952750,11173750,6779000.0,2.6482888331612333,0.0,0.0,0.0,0.0,336500.0,15165250,0.0,930500.0,3718000.0,4.828604088219473,2787500.0,6.440448430493274,0.0,3105500.0,5.780953147641282,1026250.0,2079250.0,8.634243116508356,0.1775,0.17,11790011,13508217,https://www.infogreffe.com/recherche-entreprise-dirigeants/resultats-entreprise-dirigeants.html?ga_cat=globale&ga_q=A.U.R.E#phrase=A.U.R.E,https://www.infogreffe.com/recherche-entreprise-dirigeants/resultats-entreprise-dirigeants.html?ga_cat=globale&ga_q=A.U.R.E#phrase=A.U.R.E
0,2008-06-31,AURE.PA,,2008-06-31,Q2,17952750,11173750,6779000.0,2.6482888331612333,0.0,0.0,0.0,0.0,336500.0,15165250,0.0,930500.0,3718000.0,4.828604088219473,2787500.0,6.440448430493274,0.0,3105500.0,5.780953147641282,1026250.0,2079250.0,8.634243116508356,0.1775,0.17,11790011,13508217,https://www.infogreffe.com/recherche-entreprise-dirigeants/resultats-entreprise-dirigeants.html?ga_cat=globale&ga_q=A.U.R.E#phrase=A.U.R.E,https://www.infogreffe.com/recherche-entreprise-dirigeants/resultats-entreprise-dirigeants.html?ga_cat=globale&ga_q=A.U.R.E#phrase=A.U.R.E
0,2008-03-31,AURE.PA,,2008-03-31,Q1,17952750,11173750,6779000.0,2.6482888331612333,0.0,0.0,0.0,0.0,336500.0,15165250,0.0,930500.0,3718000.0,4.828604088219473,2787500.0,6.440448430493274,0.0,3105500.0,5.780953147641282,1026250.0,2079250.0,8.634243116508356,0.1775,0.17,11790011,13508217,https://www.infogreffe.com/recherche-entreprise-dirigeants/resultats-entreprise-dirigeants.html?ga_cat=globale&ga_q=A.U.R.E#phrase=A.U.R.E,https://www.infogreffe.com/recherche-entreprise-dirigeants/resultats-entreprise-dirigeants.html?ga_cat=globale&ga_q=A.U.R.E#phrase=A.U.R.E
0,2008-01-31,AURE.PA,,2008-01-31,Q1,17952750,11173750,6779000.0,2.6482888331612333,0.0,0.0,0.0,0.0,336500.0,15165250,0.0,930500.0,3718000.0,4.828604088219473,2787500.0,6.440448430493274,0.0,3105500.0,5.780953147641282,1026250.0,2079250.0,8.634243116508356,0.1775,0.17,11790011,13508217,https://www.infogreffe.com/recherche-entreprise-dirigeants/resultats-entreprise-dirigeants.html?ga_cat=globale&ga_q=A.U.R.E#phrase=A.U.R.E,https://www.infogreffe.com/recherche-entreprise-dirigeants/resultats-entreprise-dirigeants.html?ga_cat=globale&ga_q=A.U.R.E#phrase=A.U.R.E
