,date,symbol,fillingDate,acceptedDate,period,revenue,costOfRevenue,grossProfit,grossProfitRatio,researchAndDevelopmentExpenses,generalAndAdministrativeExpenses,sellingAndMarketingExpenses,otherExpenses,operatingExpenses,costAndExpenses,interestExpense,depreciationAndAmortization,ebitda,ebitdaratio,operatingIncome,operatingIncomeRatio,totalOtherIncomeExpensesNet,incomeBeforeTax,incomeBeforeTaxRatio,incomeTaxExpense,netIncome,netIncomeRatio,eps,epsdiluted,weightedAverageShsOut,weightedAverageShsOutDil,link,finalLink
0,2020-07-31,ABM,2020-09-09 00:00:00,2020-09-09 16:10:26,Q3,1394100000,0.0,0.0,0.0,0.0,113700000,0.0,0.0,1174900000,1300400000,13800000,0.0,117900000,0.08457069076823757,93700000,0.057384692633240086,200000.0,80000000,0.057384692633240086,24000000,56000000,0.04016928484326806,0.84,0.83,66900000,67200000,https://www.sec.gov/Archives/edgar/data/771497/000077149720000012/0000771497-20-000012-index.htm,https://www.sec.gov/Archives/edgar/data/771497/000077149720000012/abm-20200731.htm
0,2020-04-30,ABM,2020-06-18,2020-06-18 17:26:05,Q2,1496000000,0.0,0.0,0.0,0.0,119400000,0.0,0.0,1306100000,1438000000,10500000,0.0,83600000,0.05588235294117647,58000000,-0.08435828877005348,-173700000,-126200000,-0.08435828877005348,10600000,-136800000,-0.09144385026737968,-2.05,-2.05,66900000,66900000,https://www.sec.gov/Archives/edgar/data/771497/000162828020009677/abm-20200430.htm,https://www.sec.gov/Archives/edgar/data/771497/000162828020009677/abm-20200430.htm
0,2020-01-31,ABM,2020-03-05 00:00:00,2020-03-05 15:19:00,Q1,1612900000,1433700000,179200000,0.11110422220844442,0.0,117600000,0.0,0.0,1433700000,1563900000,10200000,0.0,74200000,0.04600409200818402,49000000,0.02263004526009052,-2200000.0,36500000,0.02263004526009052,8600000.0,28000000,0.01736003472006944,0.42,0.42,66900000,67200000,https://www.sec.gov/Archives/edgar/data/771497/000162828020003032/0001628280-20-003032-index.html,https://www.sec.gov/Archives/edgar/data/771497/000162828020003032/abm-20200131.htm
0,2019-10-31,ABM,2019-12-20 00:00:00,2019-12-20 15:28:08,Q4,1648000000,1453300000,194700000,0.11814320388349514,0.0,112000000,0.0,0.0,1453300000,1578900000,11900000,0.0,95500000,0.057949029126213594,69100000,0.03331310679611651,-2100000.0,54900000,0.03331310679611651,6900000.0,48000000,0.02912621359223301,0.72,0.71,66800000,67200000,https://www.sec.gov/Archives/edgar/data/771497/000162828019015259/0001628280-19-015259-index.html,https://www.sec.gov/Archives/edgar/data/771497/000162828019015259/abm10312019-10k.htm
0,2019-07-31,ABM,2019-09-06 00:00:00,2019-09-06 14:31:04,Q3,1647900000,1454100000,193800000,0.1176042235572547,0.0,119800000,0.0,0.0,1454100000,1588800000,12900000,0.0,87400000,0.053037198859154075,59100000,0.027307482250136537,-1300000.0,45000000,0.027307482250136537,8500000.0,36800000,0.02233145215122277,0.55,0.55,66600000,67000000,https://www.sec.gov/Archives/edgar/data/771497/000162828019011477/0001628280-19-011477-index.html,https://www.sec.gov/Archives/edgar/data/771497/000162828019011477/abm731201910q.htm
0,2019-04-30,ABM,2019-06-06 00:00:00,2019-06-06 15:16:37,Q2,1594700000,1414200000,180500000,0.11318743337304822,0.0,108400000,0.0,0.0,1414200000,1537400000,12800000,0.0,85200000,0.05342697686085157,57300000,0.026650780711105538,-1900000.0,42500000,0.026650780711105538,12600000,29700000,0.01862419263811375,0.45,0.45,66500000,66800000,https://www.sec.gov/Archives/edgar/data/771497/000162828019007662/0001628280-19-007662-index.html,https://www.sec.gov/Archives/edgar/data/771497/000162828019007662/abm430201910q.htm
0,2019-01-31,ABM,2019-03-07 00:00:00,2019-03-07 14:35:19,Q1,1607900000,1446000000,161900000,0.10069034143914422,0.0,112700000,0.0,0.0,1446000000,1573900000,13500000,0.0,61800000,0.03843522607127309,34000000,0.011070340195285777,-2900000.0,17800000,0.011070340195285777,4700000.0,13000000,0.008085079917905342,0.2,0.19,66400000,66700000,https://www.sec.gov/Archives/edgar/data/771497/000162828019002600/0001628280-19-002600-index.html,https://www.sec.gov/Archives/edgar/data/771497/000162828019002600/abm131201910q.htm
0,2018-10-31,ABM,2018-12-21 00:00:00,2018-12-21 17:28:13,Q4,1648700000,1465600000,183100000,0.11105719657912294,0.0,111200000,0.0,0.0,1465600000,1593300000,13100000,0.0,82500000,0.05003942500151635,55400000,0.008066961848729301,-29000000,13300000,0.008066961848729301,4500000.0,9700000.0,0.005883423303208589,0.15,0.15,66300000,66600000,https://www.sec.gov/Archives/edgar/data/771497/000162828018015372/0001628280-18-015372-index.html,https://www.sec.gov/Archives/edgar/data/771497/000162828018015372/abm10312018-10k.htm
0,2018-07-31,ABM,2018-09-07 00:00:00,2018-09-07 12:40:36,Q3,1624300000,1446700000,177600000,0.10933940774487472,0.0,110000000,0.0,0.0,1446700000,1573300000,12900000,0.0,80500000,0.04955981037985594,51000000,0.02222495844363726,-1900000.0,36100000,0.02222495844363726,2400000.0,33600000,0.020685833897679,0.51,0.51,66100000,66300000,https://www.sec.gov/Archives/edgar/data/771497/000162828018011684/0001628280-18-011684-index.html,https://www.sec.gov/Archives/edgar/data/771497/000162828018011684/abm731201810q.htm
0,2018-04-30,ABM,2018-06-07 00:00:00,2018-06-07 15:45:30,Q2,1580800000,1405800000,175000000,0.11070344129554656,0.0,107800000,0.0,0.0,1405800000,1530300000,13800000,0.0,80100000,0.050670546558704455,50500000,0.02055921052631579,-4300000.0,32500000,0.02055921052631579,7100000.0,26600000,0.016826923076923076,0.4,0.4,66000000,66200000,https://www.sec.gov/Archives/edgar/data/771497/000162828018007703/0001628280-18-007703-index.html,https://www.sec.gov/Archives/edgar/data/771497/000162828018007703/abm430201810q.htm
0,2018-01-31,ABM,2018-03-07 00:00:00,2018-03-07 15:10:46,Q1,1588300000,1429300000,159000000,0.10010703267644651,0.0,109000000,0.0,0.0,1429300000,1554500000,14300000,0.0,63400000,0.039916892274759176,33800000,0.0036517030787634576,-13800000,5800000.0,0.0036517030787634576,-22200000,27800000,0.01750299061890071,0.42,0.42,65900000,66300000,https://www.sec.gov/Archives/edgar/data/771497/000162828018002860/0001628280-18-002860-index.html,https://www.sec.gov/Archives/edgar/data/771497/000162828018002860/abm131201810q.htm
0,2017-10-31,ABM,2017-12-22 00:00:00,2017-12-22 11:24:17,Q4,1498000000,1337100000,160900000,0.10740987983978638,0.0,137400000,0.0,0.0,1337100000,1488700000,10100000,0.0,36700000,0.024499332443257676,9300000.0,-0.0033377837116154874,-4300000.0,-5000000.0,-0.0033377837116154874,-2500000.0,-3600000.0,-0.002403204272363151,-0.06,-0.06,62800000,62800000,https://www.sec.gov/Archives/edgar/data/771497/000162828017012508/0001628280-17-012508-index.html,https://www.sec.gov/Archives/edgar/data/771497/000162828017012508/abm10312017-10k.htm
0,2017-07-31,ABM,2017-09-07 00:00:00,2017-09-07 17:05:50,Q3,1318400000,1184500000,133900000,0.1015625,0.0,101300000,0.0,0.0,1184500000,1291900000,2800000.0,0.0,42800000,0.03246359223300971,26500000,0.015928398058252427,-2900000.0,21000000,0.015928398058252427,-11900000,32900000,0.024954490291262135,0.59,0.58,56100000,56600000,https://www.sec.gov/Archives/edgar/data/771497/000162828017009141/0001628280-17-009141-index.html,https://www.sec.gov/Archives/edgar/data/771497/000162828017009141/abm731201710q.htm
0,2017-04-30,ABM,2017-06-08 00:00:00,2017-06-08 14:24:29,Q2,1310500000,1164600000,145900000,0.11133155284242656,0.0,100700000,0.0,0.0,1164600000,1271100000,3000000.0,0.0,54800000,0.04181610072491416,39400000,0.03731400228920259,12500000,48900000,0.03731400228920259,17300000,31300000,0.023884013735215568,0.56,0.55,56000000,56500000,https://www.sec.gov/Archives/edgar/data/771497/000162828017006316/0001628280-17-006316-index.html,https://www.sec.gov/Archives/edgar/data/771497/000162828017006316/abm430201710q.htm
0,2017-01-31,ABM,2017-03-08 00:00:00,2017-03-08 16:59:03,Q1,1326700000,1195100000,131600000,0.09919348760081405,0.0,97300000,0.0,0.0,1195100000,1297900000,3200000.0,0.0,44200000,0.03331574583553177,28800000,0.01658249792718776,-3600000.0,22000000,0.01658249792718776,5900000.0,-56800000,-0.042812994648375666,-1.01,-1.01,56000000,56600000,https://www.sec.gov/Archives/edgar/data/771497/000162828017002368/0001628280-17-002368-index.html,https://www.sec.gov/Archives/edgar/data/771497/000162828017002368/abm131201710q.htm
0,2016-10-31,ABM,2016-12-21 00:00:00,2016-12-21 17:01:53,Q4,1322300000,1178200000,144100000,0.10897678287831808,0.0,95000000,0.0,0.0,1178200000,1279400000,2700000.0,0.0,59600000,0.045072978900400816,42900000,0.007789457762988732,-29900000,10300000,0.007789457762988732,1300000.0,7800000.0,0.0058988126748846705,0.14,0.14,56200000,56900000,https://www.sec.gov/Archives/edgar/data/771497/000162828016022122/0001628280-16-022122-index.html,https://www.sec.gov/Archives/edgar/data/771497/000162828016022122/abm10312016-10k.htm
0,2016-07-31,ABM,2016-09-08,2016-09-08 17:26:50,Q3,1296900000,1166500000,130400000,0.10054745932608528,0.0,102800000,0.0,0.0,1166500000,1275100000,2600000.0,0.0,37800000,0.02914642609299098,21800000,0.013879250520471894,-1200000.0,18000000,0.013879250520471894,-14900000,31100000,0.023980260621481994,0.55,0.55,56200000,56800000,https://www.sec.gov/Archives/edgar/data/771497/000162828016019455/abm731201610q.htm,https://www.sec.gov/Archives/edgar/data/771497/000162828016019455/abm731201610q.htm
0,2016-04-30,ABM,2016-06-09 00:00:00,2016-06-09 16:21:03,Q2,1257100000,1132400000,124700000,0.09919656351921088,0.0,97500000,0.0,0.0,1132400000,1236500000,2400000.0,0.0,36400000,0.028955532574974147,20600000,0.008193461140720707,-7900000.0,10300000,0.008193461140720707,3500000.0,4400000.0,0.0035001193222496223,0.08,0.08,56400000,56900000,https://www.sec.gov/Archives/edgar/data/771497/000162828016017052/0001628280-16-017052-index.html,https://www.sec.gov/Archives/edgar/data/771497/000162828016017052/abm430201610q.htm
0,2016-01-31,ABM,2016-03-09 00:00:00,2016-03-09 16:25:09,Q1,1268400000,1146400000,122000000,0.09618416903185115,0.0,94800000,0.0,0.0,1146400000,1247600000,2700000.0,0.0,37500000,0.02956480605487228,20800000,0.010485651214128035,-4800000.0,13300000,0.010485651214128035,-300000.0,14000000,0.011037527593818985,0.25,0.24,56600000,57100000,https://www.sec.gov/Archives/edgar/data/771497/000162828016012475/0001628280-16-012475-index.html,https://www.sec.gov/Archives/edgar/data/771497/000162828016012475/abm131201610q.htm
0,2015-10-31,ABM,2015-12-17 00:00:00,2015-12-17 17:23:25,Q4,989500000,858600000,130900000,0.13228903486609397,0.0,94300000,0.0,0.0,858600000,958600000,2600000.0,0.0,47500000,0.048004042445679636,30900000,0.031328954017180395,2700000.0,31000000,0.031328954017180395,14400000,38800000,0.039211723092470945,0.68,0.68,56800000,57500000,https://www.sec.gov/Archives/edgar/data/771497/000162828015009602/0001628280-15-009602-index.html,https://www.sec.gov/Archives/edgar/data/771497/000162828015009602/abm10312015-10k.htm
0,2015-07-31,ABM,2015-09-03 00:00:00,2015-09-03 16:36:44,Q3,1348800000,1251000000,97800000,0.07250889679715303,0.0,98800000,0.0,0.0,1251000000,1356100000,2400000.0,0.0,10100000,0.007488137603795967,-7300000.0,-0.005263938315539739,2600000.0,-7100000.0,-0.005263938315539739,-8600000.0,1500000.0,0.001112099644128114,0.03,0.03,56800000,57500000,https://www.sec.gov/Archives/edgar/data/771497/000162828015006954/0001628280-15-006954-index.html,https://www.sec.gov/Archives/edgar/data/771497/000162828015006954/abm7312015-10q.htm
0,2015-04-30,ABM,2015-06-03 00:00:00,2015-06-03 16:31:34,Q2,1270100000,1139200000,130900000,0.10306275096449098,0.0,94100000,0.0,0.0,1139200000,1239300000,2500000.0,0.0,47300000,0.03724116211321943,30800000,0.02401385717660027,2200000.0,30500000,0.02401385717660027,12200000,18300000,0.01440831430596016,0.32,0.32,56800000,57600000,https://www.sec.gov/Archives/edgar/data/771497/000162828015004719/0001628280-15-004719-index.html,https://www.sec.gov/Archives/edgar/data/771497/000162828015004719/abm4302015-10q.htm
0,2015-01-31,ABM,2015-03-04,2015-03-04 16:13:01,Q1,1289400000,1161200000,128200000,0.09942608965410268,0.0,102800000,0.0,0.0,1161200000,1270200000,2700000.0,0.0,34700000,0.02691174189545525,19200000,0.013959981386691484,1500000.0,18000000,0.013959981386691484,300000.0,17700000,0.013727315030246627,0.31,0.31,56400000,57200000,https://www.sec.gov/Archives/edgar/data/771497/000144530514005592/abm10312014-10k.htm,https://www.sec.gov/Archives/edgar/data/771497/000144530514005592/abm10312014-10k.htm
0,2014-10-31,ABM,2014-12-17 00:00:00,2014-12-17 14:55:37,Q4,1298900000,1156900000,142000000,0.10932327353914852,0.0,92000000,0.0,0.0,1156900000,1255800000,2600000.0,0.0,60200000,0.04634690892293479,43100000,0.03287397028254677,2200000.0,42700000,0.03287397028254677,14800000,27900000,0.021479713603818614,0.5,0.49,56400000,57200000,https://www.sec.gov/Archives/edgar/data/771497/000144530514005592/0001445305-14-005592-index.html,https://www.sec.gov/Archives/edgar/data/771497/000144530514005592/abm10312014-10k.htm
0,2014-07-31,ABM,2014-09-04 00:00:00,2014-09-04 13:04:45,Q3,1276100000,1144700000,131400000,0.10296998667816001,0.0,91200000,0.0,0.0,1144700000,1242400000,2700000.0,0.0,49300000,0.03863333594545882,33700000,0.025546587258051878,1600000.0,32600000,0.025546587258051878,13200000,19400000,0.015202570331478725,0.34,0.34,56200000,57000000,https://www.sec.gov/Archives/edgar/data/771497/000144530514003838/0001445305-14-003838-index.html,https://www.sec.gov/Archives/edgar/data/771497/000144530514003838/abm7312014-10q.htm
0,2014-04-30,ABM,2014-06-04 00:00:00,2014-06-04 12:30:22,Q2,1231300000,1103400000,127900000,0.10387395435718347,0.0,93300000,0.0,0.0,1103400000,1203400000,2700000.0,0.0,43163000,0.035054820108828065,27900000,0.021440753674977667,1200000.0,26400000,0.021440753674977667,11200000,15200000,0.012344676358320475,0.27,0.27,56100000,57000000,https://www.sec.gov/Archives/edgar/data/771497/000144530514002512/0001445305-14-002512-index.html,https://www.sec.gov/Archives/edgar/data/771497/000144530514002512/abm4302014-10q.htm
0,2014-01-31,ABM,2014-03-05,2014-03-05 11:44:28,Q1,1226471000,1108420000,118051000,0.0962525815938575,0.0,87419000,0.0,0.0,1108420000,1202539000,2707000.0,0.0,39762000,0.0324198452307474,23932000,0.018523063325590252,1493000.0,22718000,0.018523063325590252,9649000.0,13069000,0.010655775799020115,0.23,0.23,55662000,57065000,https://www.sec.gov/Archives/edgar/data/771497/000119312513477634/d599535d10k.htm,https://www.sec.gov/Archives/edgar/data/771497/000119312513477634/d599535d10k.htm
0,2013-10-31,ABM,2013-12-18 00:00:00,2013-12-18 16:13:04,Q4,1236773000,1101571000,135202000,0.10931836319195196,0.0,90714000,0.0,0.0,1101571000,1199369000,3214000.0,0.0,53431000,0.043201945708711297,37404000,0.029581014462637847,2395000.0,36585000,0.029581014462637847,12417000,24168000,0.01954117691767204,0.44,0.43,55329000,56686000,https://www.sec.gov/Archives/edgar/data/771497/000119312513477634/0001193125-13-477634-index.html,https://www.sec.gov/Archives/edgar/data/771497/000119312513477634/d599535d10k.htm
0,2013-07-31,ABM,2013-09-05 00:00:00,2013-09-05 13:53:58,Q3,1216768000,1095766000,121002000,0.09944541605301914,0.0,85329000,0.0,0.0,1095766000,1188070000,3335000.0,0.0,45402000,0.037313604565537555,28698000,0.022156236850410266,1596000.0,26959000,0.022156236850410266,10883000,16076000,0.013212050284031138,0.29,0.29,54950000,56281000,https://www.sec.gov/Archives/edgar/data/771497/000119312513358181/0001193125-13-358181-index.html,https://www.sec.gov/Archives/edgar/data/771497/000119312513358181/d563799d10q.htm
0,2013-04-30,ABM,2013-06-05 00:00:00,2013-06-05 10:25:03,Q2,1173617000,1048213000,125404000,0.10685257626636288,0.0,84482000,0.0,0.0,1048213000,1140000000,3033000.0,0.0,50511000,0.0430387426221672,33617000,0.02702500048993837,1133000.0,31717000,0.02702500048993837,12443000,19274000,0.016422734162848698,0.35,0.35,54705000,55804000,https://www.sec.gov/Archives/edgar/data/771497/000119312513247977/0001193125-13-247977-index.html,https://www.sec.gov/Archives/edgar/data/771497/000119312513247977/d519063d10q.htm
0,2013-01-31,ABM,2013-03-07 00:00:00,2013-03-07 12:13:49,Q1,1182123000,1067879000,114244000,0.09664307352111413,0.0,87749000,0.0,0.0,1067879000,1162817000,3310000.0,0.0,36390000,0.030783598661053038,19306000,0.014542479928061632,1195000.0,17191000,0.014542479928061632,3809000.0,13382000,0.011320310999785978,0.25,0.24,54525000,55497000,https://www.sec.gov/Archives/edgar/data/771497/000119312513095385/0001193125-13-095385-index.html,https://www.sec.gov/Archives/edgar/data/771497/000119312513095385/d468248d10q.htm
0,2012-10-31,ABM,2012-12-20 00:00:00,2012-12-20 13:30:17,Q4,1090001000,968416000,121585000,0.11154576922406494,0.0,79571000,0.0,0.0,968416000,1053267000,2317000.0,0.0,50087000,0.04595133398960184,36734000,0.032506392195970464,1015000.0,35432000,0.032506392195970464,7727000.0,27663000,0.025378875799196513,0.51,0.5,54362000,55200000,https://www.sec.gov/Archives/edgar/data/771497/000119312512509900/0001193125-12-509900-index.html,https://www.sec.gov/Archives/edgar/data/771497/000119312512509900/d435349d10k.htm
0,2012-07-31,ABM,2012-09-06 00:00:00,2012-09-06 13:13:03,Q3,1079235000,971628000,107607000,0.09970673671628515,0.0,79100000,0.0,0.0,0.0,1056062000,2407000.0,0.0,36676000,0.033983330785232135,23173000,0.019933564052314834,747000.0,21513000,0.019933564052314834,8887000.0,12577000,0.011653625021427215,0.23,0.23,54145000,55000000,https://www.sec.gov/Archives/edgar/data/771497/000119312512382523/0001193125-12-382523-index.html,https://www.sec.gov/Archives/edgar/data/771497/000119312512382523/d383898d10q.htm
0,2012-04-30,ABM,2012-06-07,2012-06-07 11:35:58,Q2,1057244000,947916000,109328000,0.10340848470173394,0.0,85164000,0.0,0.0,0.0,1038381000,2441000.0,0.0,33193000,0.03139577997132166,18863000,0.01665651448483037,1188000.0,17610000,0.01665651448483037,5863000.0,11712000,0.011077859037270488,0.42,0.41,53721000,54728000,https://www.sec.gov/Archives/edgar/data/771497/000119312512262954/d348003d10q.htm,https://www.sec.gov/Archives/edgar/data/771497/000119312512262954/d348003d10q.htm
0,2012-01-31,ABM,2012-03-06 00:00:00,2012-03-06 15:04:03,Q1,1073785000,966420000,107365000,0.0999874276507867,0.0,84020000,0.0,0.0,0.0,1055989000,2834000.0,0.0,33902000,0.03157242837253268,17796000,0.016850673086325475,3132000.0,18094000,0.016850673086325475,7454000.0,10630000,0.009899560899062661,0.2,0.2,53499000,54493000,https://www.sec.gov/Archives/edgar/data/771497/000119312512098834/0001193125-12-098834-index.html,https://www.sec.gov/Archives/edgar/data/771497/000119312512098834/d282235d10q.htm
0,2011-10-31,ABM,2011-12-23 00:00:00,2011-12-23 11:21:43,Q4,1081343000,959592000,121751000,0.11259239667709506,0.0,82356000,0.0,0.0,0.0,1047923000,3328000.0,0.0,48198000,0.04457235123360488,33420000,0.028873354707988123,1130000.0,31222000,0.028873354707988123,13040000,18048000,0.016690356343916777,0.0,0.0,0.0,0.0,https://www.sec.gov/Archives/edgar/data/771497/000119312511351704/0001193125-11-351704-index.html,https://www.sec.gov/Archives/edgar/data/771497/000119312511351704/d234293d10k.htm
0,2011-07-31,ABM,2011-09-09 00:00:00,2011-09-09 10:11:49,Q3,1076247000,952844000,123403000,0.11466048221272626,0.0,76356000,0.0,0.0,0.0,1035514000,4114000.0,0.0,55003000,0.05110629808956494,40733000,0.035108111799614775,1166000.0,37785000,0.035108111799614775,9874000.0,27875000,0.025900188339665522,0.52,0.51,53207000,54201000,https://www.sec.gov/Archives/edgar/data/771497/000119312511244075/0001193125-11-244075-index.html,https://www.sec.gov/Archives/edgar/data/771497/000119312511244075/d153486d10q.htm
0,2011-04-30,ABM,2011-06-09 00:00:00,2011-06-09 11:49:35,Q2,1060083000,949594000,110489000,0.10422674450962802,0.0,78324000,0.0,0.0,0.0,1033584000,4317000.0,0.0,40563000,0.03826398498985457,26499000,0.021709620850442844,832000.0,23014000,0.021709620850442844,8814000.0,14192000,0.013387630968518503,0.27,0.26,53106000,54159000,https://www.sec.gov/Archives/edgar/data/771497/000095012311057758/0000950123-11-057758-index.html,https://www.sec.gov/Archives/edgar/data/771497/000095012311057758/c18001e10vq.htm
0,2011-01-31,ABM,2011-03-10,2011-03-10 12:27:24,Q1,1029169000,927760000,101409000,0.09853483732992346,0.0,79200000,0.0,0.0,0.0,1012253000,4046000.0,0.0,30377000,0.0295160464413522,16916000,0.01326992942850008,787000.0,13657000,0.01326992942850008,5252000.0,8390000.0,0.00815220823790845,0.16,0.16,52839000,53893000,https://www.sec.gov/Archives/edgar/data/771497/000095012310116105/y87222e10vk.htm,https://www.sec.gov/Archives/edgar/data/771497/000095012310116105/y87222e10vk.htm
0,2010-10-31,ABM,2010-12-23 00:00:00,2010-12-23 11:25:54,Q4,901373000,803719000,97654000,0.10833916702630321,0.0,58783000,0.0,0.0,0.0,865615000,1098000.0,0.0,46001000,0.05103436646094347,35758000,0.03845244976275083,0.0,34660000,0.03845244976275083,13222000,21806000,0.024191982675318652,0.0,0.0,0.0,0.0,https://www.sec.gov/Archives/edgar/data/771497/000095012310116105/0000950123-10-116105-index.html,https://www.sec.gov/Archives/edgar/data/771497/000095012310116105/y87222e10vk.htm
0,2010-07-31,ABM,2010-09-03 00:00:00,2010-09-03 10:41:29,Q3,869029000,776224000,92805000,0.10679160304201586,0.0,54697000,0.0,0.0,0.0,833703000,1149000.0,0.0,44354000,0.05103857293600098,35326000,0.03932780148878806,0.0,34177000,0.03932780148878806,13204000,20963000,0.024122325031730816,0.4,0.4,52149000,52996000,https://www.sec.gov/Archives/edgar/data/771497/000095012310083677/0000950123-10-083677-index.html,https://www.sec.gov/Archives/edgar/data/771497/000095012310083677/c05399e10vq.htm
0,2010-04-30,ABM,2010-06-04 00:00:00,2010-06-04 16:16:14,Q2,855461000,771974000,83487000,0.09759299371917597,0.0,65244000,0.0,0.0,0.0,839912000,1177000.0,0.0,24100000,0.028171944717526574,15549000,0.01665184035274548,-127000.0,14245000,0.01665184035274548,5622000.0,8577000.0,0.01002617302249898,0.16,0.16,52007000,52719000,https://www.sec.gov/Archives/edgar/data/771497/000095012310055999/0000950123-10-055999-index.html,https://www.sec.gov/Archives/edgar/data/771497/000095012310055999/c00586e10vq.htm
0,2010-01-31,ABM,2010-03-04 00:00:00,2010-03-04 17:20:34,Q1,869884000,782101000,87783000,0.10091345512735031,0.0,62802000,0.0,0.0,0.0,847678000,1215000.0,0.0,30699000,0.03529091235153193,22206000,0.02413080364738287,0.0,20991000,0.02413080364738287,8155000.0,12775000,0.014685866161465206,0.25,0.24,51821000,52548000,https://www.sec.gov/Archives/edgar/data/771497/000095012310021081/0000950123-10-021081-index.html,https://www.sec.gov/Archives/edgar/data/771497/000095012310021081/c97187e10vq.htm
0,2009-10-31,ABM,2009-12-22 00:00:00,2009-12-22 17:27:42,Q4,868005000,778834000,89171000,0.10273097505198703,0.0,63245000,0.0,0.0,0.0,845008000,1428000.0,0.0,32451000,0.03738572934487704,22997000,0.024848935201986163,0.0,21569000,0.024848935201986163,6283000.0,15023000,0.01730750398903232,0.0,0.0,0.0,0.0,https://www.sec.gov/Archives/edgar/data/771497/000095012309072792/0000950123-09-072792-index.html,https://www.sec.gov/Archives/edgar/data/771497/000095012309072792/y81068e10vk.htm
0,2009-07-31,ABM,2009-09-03 00:00:00,2009-09-03 16:15:23,Q3,870635000,782449000,88186000,0.10128928885238934,0.0,64736000,0.0,0.0,0.0,850137000,1472000.0,0.0,29132000,0.03346063505372515,20498000,0.020054328162777742,-1566000.0,17460000,0.020054328162777742,5060000.0,12276000,0.014100053409293217,0.24,0.24,51471000,51937000,https://www.sec.gov/Archives/edgar/data/771497/000095012309040845/0000950123-09-040845-index.html,https://www.sec.gov/Archives/edgar/data/771497/000095012309040845/c89911e10vq.htm
0,2009-04-30,ABM,2009-06-05 00:00:00,2009-06-05 15:07:03,Q2,855711000,766148000,89563000,0.10466500956514524,0.0,64265000,0.0,0.0,0.0,833093000,1313000.0,0.0,30549000,0.03570013707899045,22618000,0.024897424480928725,0.0,21305000,0.024897424480928725,8256000.0,12777000,0.014931442975490558,0.25,0.25,51301000,51553000,https://www.sec.gov/Archives/edgar/data/771497/000095012309011806/0000950123-09-011806-index.html,https://www.sec.gov/Archives/edgar/data/771497/000095012309011806/y77629e10vq.htm
0,2009-01-31,ABM,2009-03-06 00:00:00,2009-03-06 14:34:53,Q1,887472000,787268000,100204000,0.1129094777074657,0.0,71387000,0.0,0.0,787268000,861478000,1668000.0,0.0,33300000,0.03752231056303748,25994000,0.02741044224493843,0.0,24326000,0.02741044224493843,9571000.0,14217000,0.016019660338579697,0.28,0.28,51110000,51470000,https://www.sec.gov/Archives/edgar/data/771497/000095012309004194/0000950123-09-004194-index.html,https://www.sec.gov/Archives/edgar/data/771497/000095012309004194/y74962e10vq.htm
0,2008-10-31,ABM,2008-12-22 00:00:00,2008-12-22 17:11:07,Q4,886880000,776805000,110075000,0.12411487461663359,0.0,79956000,0.0,0.0,0.0,861053000,0.0,0.0,35802000,0.0403684827710626,25827000,0.02543974382103554,0.0,22562000,0.02543974382103554,7746000.0,11584000,0.013061519033014612,0.0,0.0,0.0,0.0,https://www.sec.gov/Archives/edgar/data/771497/000095012308018152/0000950123-08-018152-index.html,https://www.sec.gov/Archives/edgar/data/771497/000095012308018152/y73442e10vk.htm
0,2008-07-31,ABM,2008-09-08 00:00:00,2008-09-08 17:29:16,Q3,930635000,825855000,104780000,0.11258979084173709,0.0,72317000,0.0,0.0,0.0,900690000,0.0,0.0,35206000,0.037830083760013324,29945000,0.028590156183681034,0.0,26607000,0.028590156183681034,10263000,16412000,0.017635270541082163,0.32,0.32,50653000,51650000,https://www.sec.gov/Archives/edgar/data/771497/000095012308010739/0000950123-08-010739-index.html,https://www.sec.gov/Archives/edgar/data/771497/000095012308010739/y71046e10vq.htm
0,2008-04-30,ABM,2008-06-06 00:00:00,2008-06-06 13:51:25,Q2,938534000,833317000,105217000,0.11210781921592611,0.0,74441000,0.0,0.0,4500000.0,914802000,0.0,0.0,34735000,0.037009847272448305,23732000,0.021175578082413635,-4500000.0,19874000,0.021175578082413635,8802000.0,11072000,0.011797121894358649,0.22,0.22,50424000,51299000,https://www.sec.gov/Archives/edgar/data/771497/000095013408010894/0000950134-08-010894-index.html,https://www.sec.gov/Archives/edgar/data/771497/000095013408010894/f41356e10vq.htm
0,2008-01-31,ABM,2008-03-10,2008-03-10 15:50:07,Q1,922636000,832922000,89714000,0.09723661335564622,0.0,72000000,0.0,0.0,0.0,907303000,0.0,0.0,21669000,0.023485968464269768,15333000,0.011489905011293728,0.0,10601000,0.011489905011293728,4237000.0,6364000.0,0.0068976281003559365,0.13,0.13,50113000,50911000,https://www.sec.gov/Archives/edgar/data/771497/000095013407026080/f36581e10vk.htm,https://www.sec.gov/Archives/edgar/data/771497/000095013407026080/f36581e10vk.htm
0,2007-10-31,ABM,2007-12-21 00:00:00,2007-12-21 17:18:31,Q4,723862000,643587000,80275000,0.11089820987978372,0.0,54422000,0.0,0.0,0.0,699468000,0.0,0.0,28862000,0.03987224084148636,24394000,0.03353401615225002,0.0,24274000,0.03353401615225002,9259000.0,15015000,0.020742904034194362,0.0,0.0,0.0,0.0,https://www.sec.gov/Archives/edgar/data/771497/000095013407026080/0000950134-07-026080-index.html,https://www.sec.gov/Archives/edgar/data/771497/000095013407026080/f36581e10vk.htm
0,2007-07-31,ABM,2007-09-10 00:00:00,2007-09-10 17:07:12,Q3,717549000,647137000,70412000,0.09812849017976473,0.0,52214000,0.0,0.0,0.0,700786000,0.0,0.0,21149000,0.029473945333350057,16763000,0.02321513931452765,0.0,16658000,0.02321513931452765,4659000.0,11999000,0.016722202943631723,0.24,0.23,49845000,51134000,https://www.sec.gov/Archives/edgar/data/771497/000095013407019787/0000950134-07-019787-index.html,https://www.sec.gov/Archives/edgar/data/771497/000095013407019787/f33604e10vq.htm
0,2007-04-30,ABM,2007-06-08 00:00:00,2007-06-08 15:38:46,Q2,697851000,619313000,78538000,0.11254264878892485,0.0,51601000,0.0,0.0,0.0,672245000,0.0,0.0,30613000,0.04386753046137356,25606000,0.036536452623840907,0.0,25497000,0.036536452623840907,8775000.0,16722000,0.023962135183585035,0.34,0.33,49385000,50754000,https://www.sec.gov/Archives/edgar/data/771497/000095013407013145/0000950134-07-013145-index.html,https://www.sec.gov/Archives/edgar/data/771497/000095013407013145/f31000e10vq.htm
0,2007-01-31,ABM,2007-03-09,2007-03-08 21:34:09,Q1,703549000,630105000,73444000,0.10439073895350573,0.0,58613000,0.0,0.0,0.0,690058000,0.0,0.0,18382000,0.026127533405633438,13491000,0.01898659510567139,0.0,13358000,0.01898659510567139,4654000.0,8704000.0,0.012371561895475653,0.18,0.18,48766000,49736000,https://www.sec.gov/Archives/edgar/data/771497/000095013406023656/f25881e10vk.htm,https://www.sec.gov/Archives/edgar/data/771497/000095013406023656/f25881e10vk.htm
0,2006-10-31,ABM,2006-12-22,2006-12-22 16:53:59,Q4,776684000,610620000,166064000,0.21381153725324584,0.0,56265000,0.0,0.0,0.0,668221000,0.0,0.0,113436000,0.14605167609993253,108463000,0.1394827239907092,0.0,108334000,0.1394827239907092,46763000,61571000,0.07927419645570141,0.0,0.0,0.0,0.0,https://www.sec.gov/Archives/edgar/data/771497/000095013406023656/f25881e10vk.htm,https://www.sec.gov/Archives/edgar/data/771497/000095013406023656/f25881e10vk.htm
0,2006-07-31,ABM,2006-09-08,2006-09-08 17:15:49,Q3,689275000,612434000,76841000,0.11148090384824634,0.0,48428000,0.0,0.0,0.0,662219000,0.0,0.0,32340000,0.04691886402379312,27056000,0.039075840557107104,0.0,26934000,0.039075840557107104,9682000.0,17252000,0.02502919734503645,0.35,0.35,48846000,49306000,https://www.sec.gov/Archives/edgar/data/771497/000095013406017513/f23539e10vq.htm,https://www.sec.gov/Archives/edgar/data/771497/000095013406017513/f23539e10vq.htm
0,2006-04-30,ABM,2006-06-12,2006-06-12 15:02:51,Q2,660108000,592322000,67786000,0.10268925690947542,0.0,49530000,0.0,0.0,0.0,643345000,0.0,0.0,22124000,0.033515727729401854,16763000,0.02521102607452114,0.0,16642000,0.02521102607452114,6250000.0,10392000,0.01574287843807377,0.21,0.21,49226000,49812000,https://www.sec.gov/Archives/edgar/data/771497/000095013406011441/f21248e10vq.htm,https://www.sec.gov/Archives/edgar/data/771497/000095013406011441/f21248e10vq.htm
0,2006-01-31,ABM,2006-04-07,2006-04-07 16:31:04,Q1,666601000,606176000,60425000,0.09064642867322431,0.0,52893000,0.0,0.0,0.0,660647000,0.0,0.0,11081000,0.016623137379031833,5954000.0,0.00874736161511909,0.0,5831000.0,0.00874736161511909,1841000.0,3990000.0,0.005985589580573687,0.08,0.08,49185000,50087000,https://www.sec.gov/Archives/edgar/data/771497/000095013406006158/f16287e10vk.htm,https://www.sec.gov/Archives/edgar/data/771497/000095013406006158/f16287e10vk.htm
0,2005-10-31,ABM,2006-03-29,2006-03-29 16:53:20,Q4,658706000,586145000,72561000,0.11015688334401083,0.0,64676000,0.0,0.0,0.0,652230000,0.0,0.0,11397000,0.01730210442898653,6476000.0,0.009571796825898048,0.0,6305000.0,0.009571796825898048,2630000.0,3608000.0,0.005477405701481389,0.0,0.0,0.0,0.0,https://www.sec.gov/Archives/edgar/data/771497/000095013406006158/f16287e10vk.htm,https://www.sec.gov/Archives/edgar/data/771497/000095013406006158/f16287e10vk.htm
0,2005-07-31,ABM,2005-09-09,2005-09-09 16:42:57,Q3,650140000,570959000,79181000,0.12179069123573384,0.0,44417000,0.0,0.0,0.0,616806000,0.0,0.0,38241000,0.05881963884701757,33334000,0.05093364506106377,0.0,33114000,0.05093364506106377,11422000,35898000,0.055215799673916384,0.73,0.72,49487000,50462000,https://www.sec.gov/Archives/edgar/data/771497/000095013405017467/f12274e10vq.htm,https://www.sec.gov/Archives/edgar/data/771497/000095013405017467/f12274e10vq.htm
0,2005-04-30,ABM,2005-06-09,2005-06-09 06:07:32,Q2,639555000,576726000,62829000,0.0982386190398011,0.0,50331000,0.0,0.0,0.0,628535000,0.0,0.0,14782000,0.02311294572007099,11020000,0.018722392913822893,1195000.0,11974000,0.018722392913822893,1850000.0,10511000,0.01643486486697782,0.21,0.2,49730000,50702000,https://www.sec.gov/Archives/edgar/data/771497/000095013405011608/f09812e10vq.htm,https://www.sec.gov/Archives/edgar/data/771497/000095013405011608/f09812e10vq.htm
0,2005-01-31,ABM,2005-03-10,2005-03-10 15:32:31,Q1,647363000,585929000,61434000,0.09489884346185988,0.0,47062000,0.0,0.0,0.0,634347000,0.0,0.0,17822000,0.027530149236209053,13016000,0.01971691307658918,0.0,12764000,0.01971691307658918,4840000.0,7924000.0,0.012240427704394598,0.16,0.16,49192000,50402000,https://www.sec.gov/Archives/edgar/data/771497/000095013405000777/f04468e10vk.htm,https://www.sec.gov/Archives/edgar/data/771497/000095013405000777/f04468e10vk.htm
0,2004-10-31,ABM,2005-01-14,2005-01-14 17:12:33,Q4,631282000,582352000,48930000,0.07750894212095387,0.0,44428000,0.0,0.0,0.0,627161000,0.0,0.0,7990000.0,0.012656784131339084,4121000.0,0.006100284817244908,0.0,3851000.0,0.006100284817244908,712000.0,3139000.0,0.004972421200034216,0.0,0.0,0.0,0.0,https://www.sec.gov/Archives/edgar/data/771497/000095013405000777/f04468e10vk.htm,https://www.sec.gov/Archives/edgar/data/771497/000095013405000777/f04468e10vk.htm
0,2004-07-31,ABM,2004-09-09 00:00:00,2004-09-09 17:05:19,Q3,623773000,555348000,68425000,0.10969535391881341,0.0,46045000,0.0,0.0,0.0,602687000,0.0,0.0,25662000,0.04113996598121432,21086000,0.03339516138082283,0.0,20831000,0.03339516138082283,7437000.0,13394000,0.021472554919818587,0.27,0.27,48748000,50226000,https://www.sec.gov/Archives/edgar/data/771497/000095013404013411/0000950134-04-013411-index.html,https://www.sec.gov/Archives/edgar/data/771497/000095013404013411/f01742e10vq.htm
0,2004-04-30,ABM,2004-06-09,2004-06-09 09:55:58,Q2,590345000,533124000,57221000,0.0969280674859616,0.0,43936000,0.0,0.0,0.0,579605000,0.0,0.0,16487000,0.02792773717063751,10740000,0.017784515833961498,0.0,10499000,0.017784515833961498,3715000.0,6784000.0,0.011491585428859396,0.14,0.14,48713000,50145000,https://www.sec.gov/Archives/edgar/data/771497/000095014904001105/f99573e10vq.htm,https://www.sec.gov/Archives/edgar/data/771497/000095014904001105/f99573e10vq.htm
0,2004-01-31,ABM,2004-03-11,2004-03-11 17:26:38,Q1,570823000,516835000,53988000,0.09457923033935213,0.0,42557000,0.0,0.0,0.0,559392000,0.0,0.0,14906000,0.026113173435548323,11431000,0.019587507861456178,0.0,11181000,0.019587507861456178,4025000.0,7156000.0,0.012536285328376747,0.15,0.14,48512000,49785000,https://www.sec.gov/Archives/edgar/data/771497/000095014904000137/f95384e10vk.htm,https://www.sec.gov/Archives/edgar/data/771497/000095014904000137/f95384e10vk.htm
0,2003-10-31,ABM,2004-01-14,2004-01-14 14:16:45,Q4,578402000,514751000,63651000,0.11004629997821584,0.0,44108000,0.0,0.0,0.0,558859000,0.0,0.0,23287000,0.040260925792096156,19543000,0.03334704928406195,0.0,19288000,0.03334704928406195,6444000.0,64490000,0.11149684821283468,0.0,0.0,0.0,0.0,https://www.sec.gov/Archives/edgar/data/771497/000095014904000137/f95384e10vk.htm,https://www.sec.gov/Archives/edgar/data/771497/000095014904000137/f95384e10vk.htm
0,2003-07-31,ABM,2003-09-11,2003-09-11 06:02:07,Q3,569093000,511720000,57373000,0.10081480531301562,0.0,41689000,0.0,0.0,0.0,553409000,0.0,0.0,19329000,0.0339645716956631,15684000,0.02718009183033353,0.0,15468000,0.02718009183033353,4912000.0,11738000,0.020625802812545578,0.24,0.23,49269000,50244000,https://www.sec.gov/Archives/edgar/data/771497/000095014903002117/f92999e10vq.htm,https://www.sec.gov/Archives/edgar/data/771497/000095014903002117/f92999e10vq.htm
0,2003-04-30,ABM,2003-06-11,2003-06-11 16:48:48,Q2,589829000,526613000,63216000,0.10717682582579019,0.0,47460000,0.0,0.0,0.0,574073000,0.0,0.0,19576000,0.03318928028292946,15756000,0.026411044556981768,0.0,15578000,0.026411044556981768,5686000.0,9892000.0,0.01677096243148438,0.2,0.2,48994000,49877000,https://www.sec.gov/Archives/edgar/data/771497/000095014903001337/f90778e10vq.htm,https://www.sec.gov/Archives/edgar/data/771497/000095014903001337/f90778e10vq.htm
0,2003-01-31,ABM,2003-03-12,2003-03-12 16:48:25,Q1,580626000,526383000,54243000,0.09342158291223611,0.0,47606000,0.0,0.0,0.0,573989000,0.0,0.0,10257000,0.01766541629207097,6637000.0,0.011215481221991437,0.0,6512000.0,0.011215481221991437,2174000.0,4338000.0,0.007471246551136188,0.09,0.09,49053000,49972000,https://www.sec.gov/Archives/edgar/data/771497/000095014902002436/f86502e10vk.htm,https://www.sec.gov/Archives/edgar/data/771497/000095014902002436/f86502e10vk.htm
0,2002-10-31,ABM,2002-12-17,2002-12-17 17:23:46,Q4,584778000,519109000,65669000,0.11229731624650723,0.0,47193000,0.0,0.0,0.0,566302000,0.0,0.0,22205000,0.03797167472100524,18476000,0.031037419328360506,0.0,18150000,0.031037419328360506,6036000.0,12114000,0.020715553594697476,0.0,0.0,0.0,0.0,https://www.sec.gov/Archives/edgar/data/771497/000095014902002436/f86502e10vk.htm,https://www.sec.gov/Archives/edgar/data/771497/000095014902002436/f86502e10vk.htm
0,2002-07-31,ABM,2002-09-12 00:00:00,2002-09-12 17:26:06,Q3,549477000,484295000,65182000,0.11862552936701627,0.0,49227000,0.0,0.0,0.0,533522000,0.0,0.0,14041000,0.025553389859812148,15955000,0.02861994223598076,5725000.0,15726000,0.02861994223598076,3092000.0,12634000,0.022992773127901624,0.26,0.25,49059000,51179000,https://www.sec.gov/Archives/edgar/data/771497/000095014902001923/0000950149-02-001923-index.html,https://www.sec.gov/Archives/edgar/data/771497/000095014902001923/f84375e10vq.htm
0,2002-04-30,ABM,2002-06-14 00:00:00,2002-06-14 16:45:09,Q2,476861000,419574000,57287000,0.12013353996237898,0.0,38791000,0.0,0.0,0.0,458365000,0.0,0.0,18004000,0.03775523685099012,18496000,0.0473177718454644,4300000.0,22564000,0.0473177718454644,8575000.0,13989000,0.029335592552127348,0.28,0.27,49256000,51494000,https://www.sec.gov/Archives/edgar/data/771497/000095014902001226/0000950149-02-001226-index.html,https://www.sec.gov/Archives/edgar/data/771497/000095014902001226/f82262e10vq.htm
0,2002-01-31,ABM,,,Q1,475976000,423207000,52769000,0.11086483352101786,0.0,39616000,0.0,0.0,0.0,462823000,0.0,0.0,16987000,0.03568877422391045,13153000,0.027076995478763636,0.0,12888000,0.027076995478763636,4897000.0,7991000.0,0.01678866161319058,0.165,0.16,48966000,50678000,,
0,2001-10-31,ABM,,,Q4,496671000,453420000,43251000,0.08708179056155886,0.0,44274000,0.0,0.0,0.0,497694000,0.0,0.0,6010000.0,0.012100565565535334,-1023000.0,-0.0028087003267756724,0.0,-1395000.0,-0.0028087003267756724,-530000.0,-865000.0,-0.0017415955431261338,0.0,0.0,0.0,0.0,,
0,2001-07-31,ABM,2001-09-14 00:00:00,2001-09-14 00:00:00,Q3,492454000,429775000,62679000,0.12727889305397053,0.0,41356000,0.0,0.0,0.0,471131000,0.0,0.0,27670000,0.05618798913197984,21323000,0.04224150885158817,0.0,20802000,0.04224150885158817,7569000.0,13233000,0.026871545362612548,0.275,0.26,48012000,50676000,https://www.sec.gov/Archives/edgar/data/771497/000095014901501384/0000950149-01-501384-index.html,https://www.sec.gov/Archives/edgar/data/771497/000095014901501384/f75739e10-q.htm
0,2001-04-30,ABM,2001-06-14 00:00:00,2001-06-14 00:00:00,Q2,490494000,426058000,64436000,0.13136959881262564,0.0,43880000,0.0,0.0,0.0,469938000,0.0,0.0,27076000,0.05520149074198665,20556000,0.04028591583179407,0.0,19760000,0.04028591583179407,7706000.0,12054000,0.024575224161763446,0.25,0.24,47472000,49826000,https://www.sec.gov/Archives/edgar/data/771497/000095014901500908/0000950149-01-500908-index.html,https://www.sec.gov/Archives/edgar/data/771497/000095014901500908/f73433e10-q.txt
0,2001-01-31,ABM,2001-03-16 00:00:00,2001-03-16 00:00:00,Q1,470419000,413081000,57338000,0.12188708364245492,0.0,42647000,0.0,0.0,0.0,455728000,0.0,0.0,21119000,0.0448940200119468,14691000,0.029288782978578672,0.0,13778000,0.029288782978578672,5374000.0,8404000.0,0.01786492467353572,0.18,0.17,46284000,48916000,https://www.sec.gov/Archives/edgar/data/771497/000095014901000363/0000950149-01-000363-index.html,https://www.sec.gov/Archives/edgar/data/771497/000095014901000363/f70563e10-q.txt
0,2000-10-31,ABM,,,Q4,477098000,413242000,63856000,0.1338425229198194,0.0,40055000,0.0,0.0,0.0,453297000,0.0,0.0,30056000,0.06299753928962185,23801000,0.04808236462948912,0.0,22940000,0.04808236462948912,8449000.0,14491000,0.030373214727372574,0.0,0.0,0.0,0.0,,
0,2000-07-31,ABM,2000-09-13 00:00:00,2000-09-13 00:00:00,Q3,461890000,401754000,60136000,0.13019550109333392,0.0,38438000,0.0,0.0,0.0,440192000,0.0,0.0,27793000,0.060172335404533546,21698000,0.04490679599038732,0.0,20742000,0.04490679599038732,8297000.0,12445000,0.026943644590703413,0.27,0.26,45246000,47664000,https://www.sec.gov/Archives/edgar/data/771497/000095014900002016/0000950149-00-002016-index.html,https://www.sec.gov/Archives/edgar/data/771497/000095014900002016/f65565e10-q.txt
0,2000-04-30,ABM,2000-06-15 00:00:00,2000-06-15 00:00:00,Q2,439988000,383304000,56684000,0.12883078629417166,0.0,39568000,0.0,0.0,0.0,422872000,0.0,0.0,22752000,0.051710501195487146,17116000,0.036941916597725395,0.0,16254000,0.036941916597725395,6374000.0,9880000.0,0.022455157867941854,0.215,0.205,44884000,47320000,https://www.sec.gov/Archives/edgar/data/771497/000095014900001325/0000950149-00-001325-index.html,https://www.sec.gov/Archives/edgar/data/771497/000095014900001325/0000950149-00-001325-0001.txt
0,2000-01-31,ABM,,,Q1,428581000,375698000,52883000,0.12339091093632243,0.0,39485000,0.0,0.0,0.0,415183000,0.0,0.0,18936000,0.0441830132460375,13398000,0.02976566856673534,0.0,12757000,0.02976566856673534,5230000.0,7527000.0,0.017562607768426504,0.165,0.16,44522000,46418000,,
0,1999-10-31,ABM,,,Q4,426905000,367697000,59208000,0.13869127791897495,0.0,36399000,0.0,0.0,0.0,404096000,0.0,0.0,28186000,0.06602405687448028,22809000,0.0524168140452794,0.0,22377000,0.0524168140452794,9174000.0,13203000,0.03092725547838512,0.0,0.0,0.0,0.0,,
0,1999-07-31,ABM,,,Q3,412689000,356105000,56584000,0.13711051178974967,0.0,37214000,0.0,0.0,0.0,393319000,0.0,0.0,24642000,0.05971082340454919,19370000,0.04570754248356511,0.0,18863000,0.04570754248356511,7734000.0,11129000,0.02696703813283126,0.25,0.23,44366000,47732000,,
0,1999-04-30,ABM,,,Q2,398291000,348063000,50228000,0.1261087998473478,0.0,35582000,0.0,0.0,0.0,383645000,0.0,0.0,19709000,0.04948392004840682,14646000,0.035602110015039254,0.0,14180000,0.035602110015039254,5814000.0,8366000.0,0.02100474276345687,0.185,0.175,43926000,47402000,,
0,1999-01-31,ABM,,,Q1,391831000,341676000,50155000,0.1280016129402727,0.0,37789000,0.0,0.0,0.0,379465000,0.0,0.0,17352000,0.04428439812061833,12366000,0.030145649527474856,0.0,11812000,0.030145649527474856,4843000.0,6969000.0,0.01778572905155539,0.16,0.145,43434000,47464000,,
0,1998-10-31,ABM,,,Q4,393010000,336657000,56353000,0.14338820895142618,0.0,36262000,0.0,0.0,0.0,372919000,0.0,0.0,25289000,0.06434696318159844,20091000,0.04904709803821786,0.0,19276000,0.04904709803821786,7712000.0,11564000,0.029424187679702805,0.0,0.0,0.0,0.0,,
0,1998-07-31,ABM,1998-09-14 00:00:00,1998-09-14 00:00:00,Q3,381036000,328744000,52292000,0.13723637661533294,0.0,35198000,0.0,0.0,0.0,363942000,0.0,0.0,21962000,0.057637598547118904,17094000,0.042733494997847975,0.0,16283000,0.042733494997847975,6757000.0,9526000.0,0.025000262442393895,0.22,0.2,42608000,46474000,https://www.sec.gov/Archives/edgar/data/771497/000104746998034487/0001047469-98-034487-index.html,https://www.sec.gov/Archives/edgar/data/771497/0001047469-98-034487.txt
0,1998-04-30,ABM,,,Q2,369034000,320528000,48506000,0.13144046348032973,0.0,35344000,0.0,0.0,0.0,355872000,0.0,0.0,17896000,0.04849417668832682,13162000,0.032912956529750646,0.0,12146000,0.032912956529750646,5041000.0,7105000.0,0.019252968561162386,0.165,0.15,41992000,41992000,,
0,1998-01-31,ABM,,,Q1,358747000,312494000,46253000,0.1289293011509504,0.0,35627000,0.0,0.0,0.0,348121000,0.0,0.0,15419000,0.04298015035665804,10626000,0.027325664047364855,0.0,9803000.0,0.027325664047364855,4068000.0,5735000.0,0.015986196400248644,0.135,0.125,41282000,45766000,,
0,1997-10-31,ABM,,,Q4,358072000,305334000,52738000,0.14728322795415447,0.0,37084000,0.0,0.0,0.0,342418000,0.0,0.0,20287000,0.05665620322169843,15654000,0.04364485354900691,0.0,15628000,0.04364485354900691,6564000.0,9064000.0,0.025313344802162692,0.0,0.0,0.0,0.0,,
0,1997-07-31,ABM,1997-09-15 00:00:00,1997-09-15 00:00:00,Q3,308471000,264738000,43733000,0.1417734568241423,0.0,29853000,0.0,0.0,0.0,294591000,0.0,0.0,17751000,0.057545117693397436,13880000,0.04183861692022913,0.0,12906000,0.04183861692022913,5420000.0,7486000.0,0.02426808354756201,0.18,0.17,43716000,43716000,https://www.sec.gov/Archives/edgar/data/771497/000091205797030705/0000912057-97-030705-index.html,https://www.sec.gov/Archives/edgar/data/771497/0000912057-97-030705.txt
0,1997-04-30,ABM,1997-06-13 00:00:00,1997-06-13 00:00:00,Q2,294309000,253255000,41054000,0.13949284595442205,0.0,30173000,0.0,0.0,0.0,283428000,0.0,0.0,14712000,0.04998827762657615,10881000,0.03426670608102369,0.0,10085000,0.03426670608102369,4236000.0,5849000.0,0.01987367019017427,0.145,0.13,43196000,43196000,https://www.sec.gov/Archives/edgar/data/771497/000091205797020293/0000912057-97-020293-index.html,https://www.sec.gov/Archives/edgar/data/771497/0000912057-97-020293.txt
0,1997-01-31,ABM,,,Q1,291638000,252751000,38887000,0.13333996255631983,0.0,29645000,0.0,0.0,0.0,282396000,0.0,0.0,13025000,0.04466153244776058,9242000.0,0.028614240942538352,0.0,8345000.0,0.028614240942538352,3505000.0,4840000.0,0.016595916855828115,0.12,0.11,42832000,42832000,,
0,1996-10-31,ABM,,,Q4,288544000,248459000,40085000,0.138921620272818,0.0,26986000,0.0,0.0,0.0,275445000,0.0,0.0,16995000,0.05889916269269158,13099000,0.04217381058001553,0.0,12169000,0.04217381058001553,5233000.0,6936000.0,0.024037928357546857,0.0,0.0,0.0,0.0,,
0,1996-07-31,ABM,1996-09-13 00:00:00,1996-09-13 00:00:00,Q3,281911000,244601000,37310000,0.13234673354356516,0.0,25717000,0.0,0.0,0.0,270318000,0.0,0.0,14740000,0.05228600515765614,11593000,0.037561499905998705,0.0,10589000,0.037561499905998705,4553000.0,6036000.0,0.021411012695496095,0.145,0.145,40956000,40956000,https://www.sec.gov/Archives/edgar/data/771497/000091205796020332/0000912057-96-020332-index.html,https://www.sec.gov/Archives/edgar/data/771497/0000912057-96-020332.txt
0,1996-04-30,ABM,1996-06-13 00:00:00,1996-06-13 00:00:00,Q2,262069000,226779000,35290000,0.13465919280800095,0.0,26197000,0.0,0.0,0.0,252976000,0.0,0.0,12609000,0.04811328314298906,9093000.0,0.031461180070897356,0.0,8245000.0,0.031461180070897356,3545000.0,4700000.0,0.017934208166551557,0.115,0.115,20116000,20116000,https://www.sec.gov/Archives/edgar/data/771497/000091205796012291/0000912057-96-012291-index.html,https://www.sec.gov/Archives/edgar/data/771497/0000912057-96-012291.txt
0,1996-01-31,ABM,1996-03-15 00:00:00,1996-03-15 00:00:00,Q1,254401000,220458000,33943000,0.13342321767603116,0.0,25992000,0.0,0.0,0.0,246450000,0.0,0.0,11043000,0.043407848239590256,7951000.0,0.027916556931773067,0.0,7102000.0,0.027916556931773067,3054000.0,4048000.0,0.015911887138808416,0.1,0.1,19796000,19796000,https://www.sec.gov/Archives/edgar/data/771497/000091205796004607/0000912057-96-004607-index.html,https://www.sec.gov/Archives/edgar/data/771497/0000912057-96-004607.txt
0,1995-10-31,ABM,,,Q4,253131000,217370000,35761000,0.14127467595829826,0.0,24830000,0.0,0.0,0.0,242200000,0.0,0.0,14127000,0.0558090474892447,10931000,0.04004250763438694,0.0,10136000,0.04004250763438694,4257000.0,5879000.0,0.023225128490781455,0.0,0.0,0.0,0.0,,
0,1995-07-31,ABM,1995-09-14 00:00:00,1995-09-14 00:00:00,Q3,245792000,212467000,33325000,0.13558211821377425,0.0,23817000,0.0,0.0,0.0,236284000,0.0,0.0,12352000,0.05025387319359458,9508000.0,0.03514353599791694,0.0,8638000.0,0.03514353599791694,3628000.0,5010000.0,0.020383088139565162,0.13,0.13,19254000,19254000,https://www.sec.gov/Archives/edgar/data/771497/000091205795007789/0000912057-95-007789-index.html,https://www.sec.gov/Archives/edgar/data/771497/0000912057-95-007789.txt
0,1995-04-30,ABM,1995-06-13 00:00:00,1995-06-13 00:00:00,Q2,234396000,200989000,33407000,0.14252376320415025,0.0,25316000,0.0,0.0,0.0,226305000,0.0,0.0,10929000,0.04662622229048277,8091000.0,0.029002201402754314,0.0,6798000.0,0.029002201402754314,2855000.0,3943000.0,0.016821959419102715,0.1,0.1,19040000,19040000,https://www.sec.gov/Archives/edgar/data/771497/000091205795004581/0000912057-95-004581-index.html,https://www.sec.gov/Archives/edgar/data/771497/0000912057-95-004581.txt
0,1995-01-31,ABM,1995-03-17 00:00:00,1995-03-17 00:00:00,Q1,232062000,199923000,32139000,0.13849316131033948,0.0,25558000,0.0,0.0,0.0,225481000,0.0,0.0,9230000.0,0.039773853539140404,6581000.0,0.02516568847980281,0.0,5840000.0,0.02516568847980281,2453000.0,3387000.0,0.014595237479639062,0.09,0.09,18806000,18806000,https://www.sec.gov/Archives/edgar/data/771497/000091205795001444/0000912057-95-001444-index.html,https://www.sec.gov/Archives/edgar/data/771497/0000912057-95-001444.txt
0,1994-10-31,ABM,,,Q4,232957000,199539000,33418000,0.14345136656121088,0.0,24857000,0.0,0.0,0.0,224396000,0.0,0.0,11348000,0.04871285258652885,8561000.0,0.03376159548757925,0.0,7865000.0,0.03376159548757925,2987000.0,4878000.0,0.020939486686384182,0.0,0.0,0.0,0.0,,
0,1994-07-31,ABM,1994-09-13 00:00:00,1994-09-13 00:00:00,Q3,224965000,194403000,30562000,0.13585224368235058,0.0,22660000,0.0,0.0,0.0,217063000,0.0,0.0,10077000,0.044793634565376834,7902000.0,0.029333451870290933,0.0,6599000.0,0.029333451870290933,2453000.0,4146000.0,0.018429533482986243,0.115,0.115,17884000,17884000,https://www.sec.gov/Archives/edgar/data/771497/000077149794000015/0000771497-94-000015-index.html,https://www.sec.gov/Archives/edgar/data/771497/0000771497-94-000015.txt
0,1994-04-30,ABM,1994-06-14 00:00:00,1994-06-14 00:00:00,Q2,215872000,184638000,31234000,0.1446875926474948,0.0,24770000,0.0,0.0,0.0,209408000,0.0,0.0,8722000.0,0.04040357248739994,6464000.0,0.02650181589089831,0.0,5721000.0,0.02650181589089831,2403000.0,3318000.0,0.015370219389267714,0.09,0.09,17744000,17744000,https://www.sec.gov/Archives/edgar/data/771497/000077149794000012/0000771497-94-000012-index.html,https://www.sec.gov/Archives/edgar/data/771497/0000771497-94-000012.txt
