,date,symbol,fillingDate,acceptedDate,period,revenue,costOfRevenue,grossProfit,grossProfitRatio,researchAndDevelopmentExpenses,generalAndAdministrativeExpenses,sellingAndMarketingExpenses,otherExpenses,operatingExpenses,costAndExpenses,interestExpense,depreciationAndAmortization,ebitda,ebitdaratio,operatingIncome,operatingIncomeRatio,totalOtherIncomeExpensesNet,incomeBeforeTax,incomeBeforeTaxRatio,incomeTaxExpense,netIncome,netIncomeRatio,eps,epsdiluted,weightedAverageShsOut,weightedAverageShsOutDil,link,finalLink
0,2020-09-30,ITW,2020-10-30,2020-10-29 18:30:18,Q3,3307000000,1910000000,1397000000,0.42243725430904144,560000000,0.0,560000000,2000000.0,1120000000,3030000000,52000000,70000000,740000000,0.22376776534623527,670000000,0.20260054429996976,2000000.0,739000000,0.22346537647414574,0.0,582000000,0.17599032355609315,4.63,4.61,316846652,318221258,https://www.sec.gov/Archives/edgar/data/49826/000004982620000106/0000049826-20-000106-index.htm,https://www.sec.gov/Archives/edgar/data/49826/000004982620000106/itw-20200930.htm
0,2020-06-30,ITW,2020-08-06,2020-08-06 17:25:17,Q2,2564000000,1594000000,970000000,0.3783151326053042,486000000,486000000,486000000,8000000.0,521000000,2115000000,102000000,100000000,608000000,0.237129,449000000,0.175117,8000000.0,406000000,0.158346,87000000,319000000,0.124415,1.00504,1.00504,317400000,317400000,https://www.sec.gov/Archives/edgar/data/49826/000004982620000099/0000049826-20-000099-index.htm,https://www.sec.gov/Archives/edgar/data/49826/000004982620000099/itw-20200630.htm
0,2020-03-31,ITW,2020-05-08 00:00:00,2020-05-07 17:40:00,Q1,3228000000,1871000000,1357000000,0.420384,0.0,560000000,560000000,25000000,596000000,2467000000,-221000000,104000000,618000000,0.19145,761000000,0.23575,25000000,735000000,0.227695,169000000,566000000,0.175341,1.77041,1.77041,319700000,319700000,https://www.sec.gov/Archives/edgar/data/49826/000004982620000052/0000049826-20-000052-index.html,https://www.sec.gov/Archives/edgar/data/49826/000004982620000052/itw-20200331x10q.htm
0,2019-12-31,ITW,2020-02-14 00:00:00,2020-02-14 15:16:14,Q4,3469000000,2022000000,1447000000,0.417123,0.0,586000000,586000000,58000000,623000000,2645000000,51000000,105000000,987000000,0.28452,824000000,0.237532,58000000,831000000,0.23955,190000000,641000000,0.184779,1.98698,1.98698,322600000,322600000,https://www.sec.gov/Archives/edgar/data/49826/000004982620000020/0000049826-20-000020-index.html,https://www.sec.gov/Archives/edgar/data/49826/000004982620000020/itw-20191231x10k.htm
0,2019-09-30,ITW,2019-10-28 00:00:00,2019-10-28 11:35:07,Q3,3479000000,2007000000,1472000000,0.42311,0.0,566000000,566000000,26000000,604000000,2611000000,52000000,104000000,998000000,0.286864,868000000,0.249497,26000000,842000000,0.242024,182000000,660000000,0.18971,2.03704,2.03704,324000000,324000000,https://www.sec.gov/Archives/edgar/data/49826/000004982619000103/0000049826-19-000103-index.html,https://www.sec.gov/Archives/edgar/data/49826/000004982619000103/itw-20190930x10q.htm
0,2019-06-30,ITW,2019-08-02 00:00:00,2019-08-01 17:50:38,Q2,3609000000,2099000000,1510000000,0.418398,0.0,598000000,598000000,9000000.0,639000000,2738000000,55000000,107000000,987000000,0.273483,871000000,0.241341,9000000.0,825000000,0.228595,202000000,623000000,0.172624,1.90753,1.90753,326600000,326600000,https://www.sec.gov/Archives/edgar/data/49826/000004982619000088/0000049826-19-000088-index.html,https://www.sec.gov/Archives/edgar/data/49826/000004982619000088/itw-20190630x10q.htm
0,2019-03-31,ITW,2019-05-03 00:00:00,2019-05-02 19:43:01,Q1,3552000000,2059000000,1493000000,0.420327,0.0,611000000,611000000,14000000,654000000,2713000000,63000000,110000000,963000000,0.271115,839000000,0.236205,14000000,790000000,0.22241,193000000,597000000,0.168074,1.81129,1.81129,329600000,329600000,https://www.sec.gov/Archives/edgar/data/49826/000004982619000055/0000049826-19-000055-index.html,https://www.sec.gov/Archives/edgar/data/49826/000004982619000055/itw-20190331x10q.htm
0,2018-12-31,ITW,2019-02-15 00:00:00,2019-02-15 15:56:45,Q4,3580000000,2096000000,1484000000,0.414525,0.0,578000000,578000000,19000000,624000000,2720000000,63000000,115000000,994000000,0.277654,860000000,0.240223,19000000,816000000,0.227933,209000000,607000000,0.169553,1.83162,1.83162,331400000,331400000,https://www.sec.gov/Archives/edgar/data/49826/000004982619000021/0000049826-19-000021-index.html,https://www.sec.gov/Archives/edgar/data/49826/000004982619000021/itw-20181231x10k.htm
0,2018-09-30,ITW,2018-11-01 00:00:00,2018-11-01 10:36:07,Q3,3613000000,2096000000,1517000000,0.419873,0.0,581000000,581000000,10000000,628000000,2724000000,64000000,115000000,1014000000,0.280653,889000000,0.246056,10000000,835000000,0.23111,197000000,638000000,0.176585,1.90277,1.90277,335300000,335300000,https://www.sec.gov/Archives/edgar/data/49826/000004982618000106/0000049826-18-000106-index.html,https://www.sec.gov/Archives/edgar/data/49826/000004982618000106/itw-20180930x10q.htm
0,2018-06-30,ITW,2018-08-03 00:00:00,2018-08-02 18:38:55,Q2,3831000000,2231000000,1600000000,0.417646,0.0,620000000,620000000,26000000,668000000,2899000000,130000000,116000000,1140000000,0.297572,932000000,0.243279,26000000,894000000,0.233359,228000000,666000000,0.173845,1.96518,1.96518,338900000,338900000,https://www.sec.gov/Archives/edgar/data/49826/000004982618000089/0000049826-18-000089-index.html,https://www.sec.gov/Archives/edgar/data/49826/000004982618000089/itw-20180630x10q.htm
0,2018-03-31,ITW,2018-05-04 00:00:00,2018-05-04 15:50:09,Q1,3744000000,2181000000,1563000000,0.417468,0.0,612000000,0.0,0.0,660000000,2841000000,-66000000,115000000,898000000,0.23985,903000000,0.241186,12000000,849000000,0.226763,197000000,652000000,0.174145,1.90198,1.90198,342800000,342800000,https://www.sec.gov/Archives/edgar/data/49826/000004982618000053/0000049826-18-000053-index.html,https://www.sec.gov/Archives/edgar/data/49826/000004982618000053/itw-20180331x10q.htm
0,2018-03-30,ITW,2018-05-04 00:00:00,2018-05-04 15:50:09,Q1,3744000000,2181000000,1563000000,0.41746794871794873,612000000,0.0,612000000,12000000,1224000000,3405000000,0.0,67000000,719000000,0.192041,903000000,0.24118589743589744,12000000,849000000,0.2267628205128205,0.0,652000000,0.17414529914529914,1.9,1.9,339583333,343157894,https://www.sec.gov/Archives/edgar/data/49826/000004982618000053/0000049826-18-000053-index.html,https://www.sec.gov/Archives/edgar/data/49826/000004982618000053/itw-20180331x10q.htm
0,2017-12-31,ITW,2018-02-15 00:00:00,2018-02-15 11:12:45,Q4,3629000000,2124000000,1505000000,0.414715,0.0,609000000,605000000,12000000,659000000,2783000000,66000000,118000000,322000000,0.08873,846000000,0.233122,16000000,796000000,0.219344,214000000,-76000000,-0.020942,-0.22203,-0.22203,342300000,342300000,https://www.sec.gov/Archives/edgar/data/49826/000004982618000017/0000049826-18-000017-index.html,https://www.sec.gov/Archives/edgar/data/49826/000004982618000017/itw-20171231x10k.htm
0,2017-09-30,ITW,2017-10-27 00:00:00,2017-10-27 10:26:05,Q3,3615000000,2092000000,1523000000,0.4213,0.0,592000000,604000000,10000000,563000000,2655000000,65000000,116000000,1087000000,0.300692,960000000,0.26556,11000000,906000000,0.250622,266000000,640000000,0.17704,1.84971,1.84971,346000000,346000000,https://www.sec.gov/Archives/edgar/data/49826/000004982617000144/0000049826-17-000144-index.html,https://www.sec.gov/Archives/edgar/data/49826/000004982617000144/itw-20170930x10q.htm
0,2017-06-30,ITW,2017-08-04 00:00:00,2017-08-03 17:51:46,Q2,3599000000,2087000000,1512000000,0.420117,0.0,603000000,586000000,0.0,640000000,2727000000,65000000,114000000,998000000,0.277299,872000000,0.24229,12000000,819000000,0.227563,232000000,587000000,0.163101,1.68872,1.68872,347600000,347600000,https://www.sec.gov/Archives/edgar/data/49826/000004982617000123/0000049826-17-000123-index.html,https://www.sec.gov/Archives/edgar/data/49826/000004982617000123/itw-20170630x10q.htm
0,2017-03-31,ITW,2017-05-05 00:00:00,2017-05-05 16:03:30,Q1,3471000000,2004000000,1467000000,0.422645,0.0,605000000,605000000,4000000.0,658000000,2662000000,64000000,114000000,927000000,0.26707,809000000,0.233074,4000000.0,749000000,0.215788,213000000,536000000,0.154422,1.53582,1.53582,349000000,349000000,https://www.sec.gov/Archives/edgar/data/49826/000004982617000088/0000049826-17-000088-index.html,https://www.sec.gov/Archives/edgar/data/49826/000004982617000088/itw-20170331x10q.htm
0,2016-12-31,ITW,2017-02-10 00:00:00,2017-02-10 13:52:48,Q4,3399000000,2006000000,1393000000,0.409826,0.0,597000000,597000000,47000000,651000000,2657000000,63000000,118000000,907000000,0.266843,742000000,0.218299,47000000,726000000,0.213592,219000000,507000000,0.149162,1.4465,1.4465,350500000,350500000,https://www.sec.gov/Archives/edgar/data/49826/000004982617000022/0000049826-17-000022-index.html,https://www.sec.gov/Archives/edgar/data/49826/000004982617000022/itw-20161231x10k.htm
0,2016-09-30,ITW,2016-10-28 00:00:00,2016-10-27 17:44:19,Q3,3495000000,2027000000,1468000000,0.420029,0.0,604000000,604000000,13000000,660000000,2687000000,58000000,120000000,941000000,0.269242,808000000,0.231187,13000000,763000000,0.218312,228000000,535000000,0.153076,1.50492,1.50492,355500000,355500000,https://www.sec.gov/Archives/edgar/data/49826/000004982616000259/0000049826-16-000259-index.html,https://www.sec.gov/Archives/edgar/data/49826/000004982616000259/itw-20160930x10q.htm
0,2016-06-30,ITW,2016-08-04 00:00:00,2016-08-04 16:20:53,Q2,3431000000,1967000000,1464000000,0.426698,0.0,617000000,617000000,17000000,672000000,2639000000,58000000,115000000,924000000,0.269309,792000000,0.230836,17000000,751000000,0.218887,226000000,525000000,0.153017,1.46444,1.46444,358500000,358500000,https://www.sec.gov/Archives/edgar/data/49826/000004982616000240/0000049826-16-000240-index.html,https://www.sec.gov/Archives/edgar/data/49826/000004982616000240/itw-20160630x10q.htm
0,2016-03-31,ITW,2016-05-06 00:00:00,2016-05-05 18:12:14,Q1,3274000000,1896000000,1378000000,0.420892,0.0,597000000,597000000,4000000.0,656000000,2552000000,58000000,117000000,843000000,0.257483,722000000,0.220525,4000000.0,668000000,0.204032,200000000,468000000,0.142944,1.28607,1.28607,363900000,363900000,https://www.sec.gov/Archives/edgar/data/49826/000004982616000182/0000049826-16-000182-index.html,https://www.sec.gov/Archives/edgar/data/49826/000004982616000182/itw-20160331x10q.htm
0,2015-12-31,ITW,2016-02-12 00:00:00,2016-02-11 18:14:40,Q4,3275000000,1941000000,1334000000,0.407328,0.0,598000000,598000000,13000000,655000000,2596000000,58000000,121000000,813000000,0.248244,679000000,0.207328,13000000,634000000,0.193588,184000000,450000000,0.137405,1.22984,1.22984,365900000,365900000,https://www.sec.gov/Archives/edgar/data/49826/000004982616000151/0000049826-16-000151-index.html,https://www.sec.gov/Archives/edgar/data/49826/000004982616000151/itw-20151231x10k.htm
0,2015-09-30,ITW,2015-10-30 00:00:00,2015-10-29 18:28:58,Q3,3354000000,1953000000,1401000000,0.41771,0.0,581000000,581000000,23000000,640000000,2593000000,59000000,120000000,904000000,0.269529,761000000,0.226893,23000000,725000000,0.21616,214000000,511000000,0.152355,1.39199,1.39199,367100000,367100000,https://www.sec.gov/Archives/edgar/data/49826/000004982615000115/0000049826-15-000115-index.html,https://www.sec.gov/Archives/edgar/data/49826/000004982615000115/itw-20150930x10q.htm
0,2015-06-30,ITW,2015-08-07 00:00:00,2015-08-07 10:08:50,Q2,3434000000,2024000000,1410000000,0.4106,0.0,622000000,622000000,21000000,680000000,2704000000,55000000,118000000,869000000,0.253058,730000000,0.21258,21000000,696000000,0.202679,216000000,480000000,0.139779,1.30293,1.30293,368400000,368400000,https://www.sec.gov/Archives/edgar/data/49826/000004982615000101/0000049826-15-000101-index.html,https://www.sec.gov/Archives/edgar/data/49826/000004982615000101/itw-20150630x10q.htm
0,2015-03-31,ITW,2015-05-07 00:00:00,2015-05-07 15:55:16,Q1,3342000000,1970000000,1372000000,0.410533,0.0,616000000,616000000,21000000,675000000,2645000000,54000000,118000000,836000000,0.25015,697000000,0.208558,21000000,664000000,0.198683,206000000,458000000,0.137044,1.20781,1.20781,379200000,379200000,https://www.sec.gov/Archives/edgar/data/49826/000004982615000055/0000049826-15-000055-index.html,https://www.sec.gov/Archives/edgar/data/49826/000004982615000055/itw-20150331x10q.htm
0,2014-12-31,ITW,2015-02-13,2015-02-13 13:36:31,Q4,3504000000,2114000000,1390000000,0.396689,0.0,644000000,644000000,25000000,710000000,2824000000,54000000,120000000,820000000,0.234018,680000000,0.194064,23000000,657000000,0.1875,196000000,450000000,0.128425,1.15592,1.15592,389300000,389300000,https://www.sec.gov/Archives/edgar/data/49826/000004982615000016/itw-20141231x10k.htm,https://www.sec.gov/Archives/edgar/data/49826/000004982615000016/itw-20141231x10k.htm
0,2014-09-30,ITW,2014-10-31 00:00:00,2014-10-31 10:16:13,Q3,3692000000,2182000000,1510000000,0.408992,0.0,675000000,675000000,20000000,738000000,2920000000,68000000,128000000,944000000,0.255688,772000000,0.209101,20000000,724000000,0.1961,217000000,531000000,0.143824,1.33821,1.33821,396800000,396800000,https://www.sec.gov/Archives/edgar/data/49826/000004982614000148/0000049826-14-000148-index.html,https://www.sec.gov/Archives/edgar/data/49826/000004982614000148/itw-20140930x10q.htm
0,2014-06-30,ITW,2014-08-08 00:00:00,2014-08-08 10:47:14,Q2,3719000000,2219000000,1500000000,0.403334,0.0,677000000,677000000,7000000.0,737000000,2956000000,64000000,129000000,1897000000,0.510083,763000000,0.205163,7000000.0,706000000,0.189836,212000000,1492000000,0.401183,3.66045,3.66045,407600000,407600000,https://www.sec.gov/Archives/edgar/data/49826/000004982614000130/0000049826-14-000130-index.html,https://www.sec.gov/Archives/edgar/data/49826/000004982614000130/itw-20140630x10q.htm
0,2014-03-31,ITW,2014-05-02 00:00:00,2014-05-01 18:37:00,Q1,3569000000,2158000000,1411000000,0.395349,0.0,682000000,682000000,9000000.0,744000000,2902000000,64000000,130000000,851000000,0.238442,667000000,0.186887,9000000.0,612000000,0.171477,184000000,473000000,0.13253,1.11294,1.11294,425000000,425000000,https://www.sec.gov/Archives/edgar/data/49826/000004982614000070/0000049826-14-000070-index.html,https://www.sec.gov/Archives/edgar/data/49826/000004982614000070/itw-20140331x10q.htm
0,2013-12-31,ITW,2014-02-14,2014-02-14 10:54:39,Q4,3554000000,2173000000,1381000000,0.388576,0.0,689000000,689000000,5000000.0,758000000,2931000000,60000000,134000000,768000000,0.216095,623000000,0.175295,15000000,573000000,0.161227,166000000,408000000,0.1148,0.92538,0.92538,440900000,440900000,https://www.sec.gov/Archives/edgar/data/49826/000004982614000022/itw-20131231x10k.htm,https://www.sec.gov/Archives/edgar/data/49826/000004982614000022/itw-20131231x10k.htm
0,2013-09-30,ITW,2013-11-01 00:00:00,2013-11-01 10:00:12,Q3,3568000000,2148000000,1420000000,0.397982,0.0,676000000,514000000,10000000,742000000,2890000000,60000000,192000000,926000000,0.259529,678000000,0.190022,10000000,628000000,0.176009,222000000,452000000,0.126682,1.00691,1.00691,448900000,448900000,https://www.sec.gov/Archives/edgar/data/49826/000004982613000068/0000049826-13-000068-index.html,https://www.sec.gov/Archives/edgar/data/49826/000004982613000068/itw-2013930x10q.htm
0,2013-06-30,ITW,2013-08-02 00:00:00,2013-08-02 10:50:23,Q2,3593000000,2155000000,1438000000,0.400223,0.0,747000000,833000000,11000000,808000000,2963000000,59000000,143000000,832000000,0.231561,630000000,0.175341,10000000,581000000,0.161703,165000000,465000000,0.129418,1.02762,1.02762,452500000,452500000,https://www.sec.gov/Archives/edgar/data/49826/000004982613000045/0000049826-13-000045-index.html,https://www.sec.gov/Archives/edgar/data/49826/000004982613000045/itw-2013630x10q.htm
0,2013-03-31,ITW,2013-05-03 00:00:00,2013-05-02 18:25:03,Q1,3420000000,2078000000,1342000000,0.392398,0.0,703000000,779000000,46000000,764000000,2842000000,60000000,144000000,722000000,0.211111,578000000,0.169006,47000000,565000000,0.165205,164000000,354000000,0.103509,0.77836,0.77836,454800000,454800000,https://www.sec.gov/Archives/edgar/data/49826/000004982613000024/0000049826-13-000024-index.html,https://www.sec.gov/Archives/edgar/data/49826/000004982613000024/itw-2013331x10q.htm
0,2012-12-31,ITW,2013-02-19 00:00:00,2013-02-19 12:06:38,Q4,3484000000,2177000000,1307000000,0.375144,0.0,721000000,3332000000,-23000000,785000000,2962000000,61000000,152000000,1647000000,0.472732,522000000,0.149828,-8000000.0,1376000000,0.394948,455000000,979000000,0.280999,2.11447,2.11447,463000000,463000000,https://www.sec.gov/Archives/edgar/data/49826/000004982613000007/0000049826-13-000007-index.html,https://www.sec.gov/Archives/edgar/data/49826/000004982613000007/itw-20121231x10k.htm
0,2012-09-30,ITW,2012-10-26 00:00:00,2012-10-26 09:59:50,Q3,3733000000,2289000000,1444000000,0.38682,0.0,713000000,0.0,29000000,777000000,3066000000,153000000,152000000,1000000000,0.267881,667000000,0.178677,1000000.0,616000000,0.165015,171000000,524000000,0.14037,1.11942,1.11942,468100000,468100000,https://www.sec.gov/Archives/edgar/data/49826/000004982612000096/0000049826-12-000096-index.html,https://www.sec.gov/Archives/edgar/data/49826/000004982612000096/itw-2012930x10q.htm
0,2012-08-03,ITW,2012-10-26 00:00:00,2012-10-26 09:59:50,Q2,4655000000,2964000000,1691000000,0.363265306122449,0.0,0.0,0.0,23000000,0.0,2964000000,0.0,81000000,962000000,0.20666,770000000,0.16541353383458646,23000000,743000000,0.15961331901181525,0.0,881000000,0.18925886143931256,1.83031,1.83031,477972027,481338028,https://www.sec.gov/Archives/edgar/data/49826/000004982612000096/0000049826-12-000096-index.html,https://www.sec.gov/Archives/edgar/data/49826/000004982612000096/itw-2012930x10q.htm
0,2012-06-30,ITW,2012-08-03 00:00:00,2012-08-03 09:10:02,Q2,3216000000,1905000000,1311000000,0.407649,0.0,662000000,0.0,0.0,721000000,2626000000,-50000000,156000000,1146000000,0.356343,590000000,0.183458,22000000,562000000,0.174751,159000000,881000000,0.273943,1.89748,1.89748,464300000,464300000,https://www.sec.gov/Archives/edgar/data/49826/000004982612000065/0000049826-12-000065-index.html,https://www.sec.gov/Archives/edgar/data/49826/000004982612000065/itw10q2012.htm
0,2012-05-03,ITW,2012-05-04 00:00:00,2012-05-03 17:39:55,Q1,4547000000,2911000000,1636000000,0.3597976687926105,0.0,0.0,0.0,8000000.0,0.0,2911000000,0.0,81000000,567000000,0.124698,705000000,0.15504728392346603,8000000.0,663000000,0.14581042445568507,0.0,486000000,0.10688365955575105,0.00096,0.00096,505215609756,507692156862,https://www.sec.gov/Archives/edgar/data/49826/000004982612000037/0000049826-12-000037-index.html,https://www.sec.gov/Archives/edgar/data/49826/000004982612000037/itw10q1q12.htm
0,2012-03-31,ITW,2012-05-04 00:00:00,2012-05-03 17:39:55,Q1,4358000000,2763000000,1595000000,0.365994,0.0,832000000,0.0,0.0,901000000,3664000000,-50000000,153000000,777000000,0.178293,694000000,0.159247,8000000.0,652000000,0.14961,188000000,486000000,0.111519,1.00082,1.00082,485600000,485600000,https://www.sec.gov/Archives/edgar/data/49826/000004982612000037/0000049826-12-000037-index.html,https://www.sec.gov/Archives/edgar/data/49826/000004982612000037/itw10q1q12.htm
0,2011-12-31,ITW,2012-02-17 00:00:00,2012-02-17 13:18:59,Q4,932000000,304800000,627200000,0.672961,0.0,342500000,3282352000,7905000.0,372099999.99999994,676900000,-56000000,152600000,567700000,0.60912,255100000,0.273712,8400000.0,207500000,0.222639,29300000,441800000,0.474034,0.91074,0.91074,485100000,485100000,https://www.sec.gov/Archives/edgar/data/49826/000119312512067004/0001193125-12-067004-index.html,https://www.sec.gov/Archives/edgar/data/49826/000119312512067004/d259927d10k.htm
0,2011-10-28,ITW,2011-10-28,2011-10-28 09:59:28,Q3,4580516000,2961497000,1619019000,0.3534577763727929,0.0,0.0,0.0,24682000,0.0,2961497000,0.0,86104000,593721000,0.129619,714284000,0.15593963649510229,24682000,690383000,0.1507216654193545,0.0,507617000,0.11082092061243755,1.00929,1.00929,498475555,502946188,https://www.sec.gov/Archives/edgar/data/49826/000004982611000066/0000049826-11-000066-index.htm,https://www.sec.gov/Archives/edgar/data/49826/000004982611000066/itw10q3q11.htm
0,2011-09-30,ITW,2011-10-28 00:00:00,2011-10-28 09:59:28,Q3,4580500000,2961500000,1619000000,0.353455,0.0,836400000,0.0,0.0,904699999.9999998,3866200000,-48600000,154400000,813700000,0.177644,714300000,0.155944,24700000,690400000,0.150726,200300000,507600000,0.110818,1.03846,1.03846,488800000,488800000,https://www.sec.gov/Archives/edgar/data/49826/000004982611000066/0000049826-11-000066-index.html,https://www.sec.gov/Archives/edgar/data/49826/000004982611000066/itw10q3q11.htm
0,2011-08-05,ITW,2011-10-28 00:00:00,2011-10-28 09:59:28,Q2,4499180000,2931331000,1567849000,0.3484743886663792,-821912000,0.0,-821912000,21252000,-1643824000,1287507000,0.0,84029000,582459000,0.129459,687034000,0.15270204792873368,15695000,657376000,0.1461101800772585,0.0,498430000,0.11078240923901689,0.99184,0.99184,498512000,502532258,https://www.sec.gov/Archives/edgar/data/49826/000004982611000066/0000049826-11-000066-index.html,https://www.sec.gov/Archives/edgar/data/49826/000004982611000066/itw10q3q11.htm
0,2011-06-30,ITW,2011-08-05 00:00:00,2011-08-05 08:50:00,Q2,4614900000,2996000000,1618900000,0.350799,0.0,845100000,0.0,0.0,907900000.0000001,3903900000,-45400000,147700000,798200000,0.172961,711100000,0.154088,15400000,681000000,0.147565,197500000,498400000,0.107998,0.99303,0.99303,501900000,501900000,https://www.sec.gov/Archives/edgar/data/49826/000004982611000049/0000049826-11-000049-index.html,https://www.sec.gov/Archives/edgar/data/49826/000004982611000049/itw10q2q11.htm
0,2011-05-05,ITW,2011-05-06 00:00:00,2011-05-05 17:56:50,Q1,4387579000,2826692000,1560887000,0.35575131524697334,821912000,0.0,821912000,0.0,1643824000,4470516000,0.0,82881000,706021000,0.160914,682608000,0.1555773696610363,5557000.0,644140000,0.14680989219795246,0.0,623140000,0.1420236535911946,1.24,1.24,498512000,502532258,https://www.sec.gov/Archives/edgar/data/49826/000004982611000030/0000049826-11-000030-index.html,https://www.sec.gov/Archives/edgar/data/49826/000004982611000030/itw10q1q11.htm
0,2011-03-31,ITW,2011-05-06 00:00:00,2011-05-05 17:56:50,Q1,4272000000,2762000000,1510000000,0.353464,0.0,796000000,0.0,0.0,851000000,3613000000,-44000000,139300000,733300000,0.171653,659000000,0.15426,6000000.0,621000000,0.145365,15000000,623000000,0.145833,1.23931,1.23931,502700000,502700000,https://www.sec.gov/Archives/edgar/data/49826/000004982611000030/0000049826-11-000030-index.html,https://www.sec.gov/Archives/edgar/data/49826/000004982611000030/itw10q1q11.htm
0,2010-12-31,ITW,2011-02-28,2011-02-28 14:40:22,Q4,3914100000,2606500000,1307600000,0.334074,0.0,772700000,797123000,3132000.0,825000000,3431500000,-22900000,139700000,566200000,0.144656,482600000,0.123298,-18000000,441600000,0.112823,113700000,335700000,0.085767,0.67261,0.67261,499100000,499100000,https://www.sec.gov/Archives/edgar/data/49826/000095012311019620/c61393e10vk.htm,https://www.sec.gov/Archives/edgar/data/49826/000095012311019620/c61393e10vk.htm
0,2010-10-29,ITW,2010-10-29,2010-10-29 12:44:49,Q3,4018466000,2584901000,1433565000,0.35674433975551867,2262237000,0.0,2262237000,15920000,4524474000,7109375000,0.0,81420000,500696000,0.124599,640522000,0.1593946545771446,15920000,613276000,0.15261445536679918,0.0,419276000,0.10433732673114567,0.82668,0.82668,503607746,507179432,https://www.sec.gov/Archives/edgar/data/49826/000004982610000052/0000049826-10-000052-index.htm,https://www.sec.gov/Archives/edgar/data/49826/000004982610000052/itw10q3q10.htm
0,2010-09-30,ITW,2010-10-29 00:00:00,2010-10-29 12:44:49,Q3,3941100000,2548500000,1392700000,0.353378,0.0,720800000,0.0,0.0,772900000.0000001,3321400000,-43500000,136600000.00000003,689200000,0.174875,619700000,0.15724,1000000.0,577200000,0.146457,174100000,422000000,0.107077,0.8388,0.8388,503100000,503100000,https://www.sec.gov/Archives/edgar/data/49826/000004982610000052/0000049826-10-000052-index.html,https://www.sec.gov/Archives/edgar/data/49826/000004982610000052/itw10q3q10.htm
0,2010-08-06,ITW,2010-10-29 00:00:00,2010-10-29 12:44:49,Q2,4076252000,2595954000,1480298000,0.36315173841067727,-748604000,0.0,-748604000,5741000.0,-1497208000,1098746000,0.0,83630000,504422000,0.123747,652738000,0.16013190548572562,5741000.0,614792000,0.15082286374836493,0.0,420792000,0.10323012414345335,0.8292,0.8292,498866101,507467241,https://www.sec.gov/Archives/edgar/data/49826/000004982610000052/0000049826-10-000052-index.html,https://www.sec.gov/Archives/edgar/data/49826/000004982610000052/itw10q3q10.htm
0,2010-06-30,ITW,2010-08-06 00:00:00,2010-08-06 10:28:46,Q2,3928100000,2514200000,1413800000,0.35992,0.0,735800000,0.0,0.0,787800000.0000002,3302000000,-43300000,136400000,689800000,0.175607,626000000,0.159365,2200000.0,585000000,0.148927,185200000,411500000,0.104758,0.81276,0.81276,506300000,506300000,https://www.sec.gov/Archives/edgar/data/49826/000004982610000040/0000049826-10-000040-index.html,https://www.sec.gov/Archives/edgar/data/49826/000004982610000040/itw10q2q10.htm
0,2010-03-31,ITW,2010-05-07 00:00:00,2010-05-06 18:08:45,Q1,3632800000,2327900000,1304900000,0.3592,0.0,727600000,748604000,5978000.0,779199999.9999998,3107100000,-44300000,136300000,589800000,0.162354,525700000,0.144709,3900000.0,485300000,0.133588,164000000,333800000,0.091885,0.66138,0.66138,504700000,504700000,https://www.sec.gov/Archives/edgar/data/49826/000004982610000017/0000049826-10-000017-index.html,https://www.sec.gov/Archives/edgar/data/49826/000004982610000017/itw10q10.htm
0,2009-12-31,ITW,2010-02-26 00:00:00,2010-02-26 12:51:03,Q4,3757400000,2428600000,1328800000,0.353649,0.0,797800000,3037439000,5691000.0,852599999.9999999,3281200000,43847000,158400000,652147000,0.173563,476300000,0.126763,5700000.0,438100000,0.116597,-57500000,507400000,0.13504,1.00495,1.00495,504900000,504900000,https://www.sec.gov/Archives/edgar/data/49826/000095012310017817/0000950123-10-017817-index.html,https://www.sec.gov/Archives/edgar/data/49826/000095012310017817/c55376e10vk.htm
0,2009-09-30,ITW,2009-10-30 00:00:00,2009-10-30 13:08:42,Q3,3580400000,2315200000,1265200000,0.353368,0.0,720000000,0.0,11139000,781600000.0000004,3096800000.0000005,45670000,151300000,645470000,0.180279,483600000,0.135069,0.0,449100000,0.125433,146100000,302400000,0.08446,0.60215,0.60215,502200000,502200000,https://www.sec.gov/Archives/edgar/data/49826/000004982609000091/0000049826-09-000091-index.html,https://www.sec.gov/Archives/edgar/data/49826/000004982609000091/itw10q3q09.htm
0,2009-06-30,ITW,2009-08-07 00:00:00,2009-08-07 16:54:18,Q2,3392900000,2248300000,1144700000,0.337381,0.0,757900000,-732739000,-20488000,809799999.9999996,3058099999.9999995,44024000,153000000,465824000,0.137294,334800000,0.098677,0.0,271100000,0.079902,92200000,176600000,0.05205,0.35257,0.35257,500900000,500900000,https://www.sec.gov/Archives/edgar/data/49826/000004982609000066/0000049826-09-000066-index.html,https://www.sec.gov/Archives/edgar/data/49826/000004982609000066/itw10q2q09.htm
0,2009-03-31,ITW,2009-05-08 00:00:00,2009-05-08 11:03:42,Q1,3146400000,2152800000,993600000,0.315789,0.0,761700000,732739000,-3692000.0,902299999.9999996,3055099999.9999995,31298000,222100000,277498000,0.088195,91300000,0.029017,0.0,55500000,0.017639,63500000,-39400000,-0.012522,-0.07893,-0.07893,499200000,499200000,https://www.sec.gov/Archives/edgar/data/49826/000004982609000028/0000049826-09-000028-index.html,https://www.sec.gov/Archives/edgar/data/49826/000004982609000028/itw10q1q09.htm
0,2008-12-31,ITW,2009-02-27 00:00:00,2009-02-27 16:52:27,Q4,3954000000,2616300000,1337700000,0.338316,0.0,831600000,0.0,0.0,883199999.9999998,3499500000,-42200000,134500000,420800000,0.106424,454500000,0.114947,-15200000,397100000,0.10043,94700000,233800000,0.05913,0.45825,0.45825,510200000,510200000,https://www.sec.gov/Archives/edgar/data/49826/000095013709001368/0000950137-09-001368-index.html,https://www.sec.gov/Archives/edgar/data/49826/000095013709001368/c48856e10vk.htm
0,2008-09-30,ITW,2008-11-05 00:00:00,2008-11-05 17:14:29,Q3,4464600000,2936600000,1528000000,0.342248,0.0,806500000,0.0,0.0,857000000,3793600000,38063000,182000000.00000003,858463000,0.192282,671000000,0.150293,16800000,649500000,0.145478,184900000,453500000,0.101577,0.87027,0.87027,521100000,521100000,https://www.sec.gov/Archives/edgar/data/49826/000004982608000071/0000049826-08-000071-index.html,https://www.sec.gov/Archives/edgar/data/49826/000004982608000071/itw10q3q08.htm
0,2008-06-30,ITW,2008-08-08 00:00:00,2008-08-08 13:34:33,Q2,4555900000,2941500000,1614400000,0.354354,0.0,815000000,-780460000,21398000,857199999.9999998,3798700000,36575000,143800000,924675000,0.202962,757200000,0.166202,24300000,744900000,0.163502,216200000,528100000,0.115916,1.00552,1.00552,525200000,525200000,https://www.sec.gov/Archives/edgar/data/49826/000004982608000050/0000049826-08-000050-index.html,https://www.sec.gov/Archives/edgar/data/49826/000004982608000050/itw10q2q08.htm
0,2008-03-31,ITW,2008-05-02 00:00:00,2008-05-02 12:23:55,Q1,4125800000,2692500000,1433300000,0.347399,0.0,773100000,780460000,-21398000,814699999.9999998,3507200000,37488000,231600000,737388000,0.178726,618600000,0.149935,-21100000,560000000,0.135731,164700000,303600000,0.073586,0.57315,0.57315,529700000,529700000,https://www.sec.gov/Archives/edgar/data/49826/000004982608000025/0000049826-08-000025-index.html,https://www.sec.gov/Archives/edgar/data/49826/000004982608000025/itw10q1q08.htm
0,2007-12-31,ITW,2008-02-28,2008-02-28 17:03:51,Q4,3908400000,2519000000,1389500000,0.355516,0.0,731900000,2930628000,0.0,770699999.9999998,3289700000,26260000,141900000,791960000,0.20263,618700000,0.1583,4200000.0,596700000,0.152671,153100000,470700000,0.120433,0.86685,0.86685,543000000,543000000,https://www.sec.gov/Archives/edgar/data/49826/000095013708002954/c23108e10vk.htm,https://www.sec.gov/Archives/edgar/data/49826/000095013708002954/c23108e10vk.htm
0,2007-09-30,ITW,2007-10-29 00:00:00,2007-10-29 13:09:40,Q3,3744400000,2389500000,1354900000,0.361847,0.0,669600000,0.0,0.0,705300000.0000002,3094800000,75832000,127999999.99999997,877632000,0.234385,649600000,0.173486,23000000,646800000,0.172738,182700000,491100000,0.131156,0.88598,0.88598,554300000,554300000,https://www.sec.gov/Archives/edgar/data/49826/000004982607000049/0000049826-07-000049-index.html,https://www.sec.gov/Archives/edgar/data/49826/000004982607000049/itw10q3q07.htm
0,2007-06-30,ITW,2007-08-03 00:00:00,2007-08-03 11:17:23,Q2,3501600000,2211400000,1290200000,0.36846,0.0,645900000,-701185000,0.0,678099999.9999999,2889500000,25606000,129600000.00000001,843606000,0.24092,612100000,0.174806,15500000,602100000,0.17195,182800000,505600000,0.144391,0.29736,0.29736,1700300000,1700300000,https://www.sec.gov/Archives/edgar/data/49826/000004982607000032/0000049826-07-000032-index.html,https://www.sec.gov/Archives/edgar/data/49826/000004982607000032/itw10q2q07.htm
0,2007-03-31,ITW,2007-05-04 00:00:00,2007-05-04 14:04:27,Q1,3716600000,2413000000,1303600000,0.350751,0.0,695000000,701185000,0.0,735199999.9999998,3148200000,24402000,125200000,726102000,0.195367,568500000,0.152962,15100000,559200000,0.15046,174100000,402400000,0.108271,0.71436,0.71436,563300000,563300000,https://www.sec.gov/Archives/edgar/data/49826/000004982607000011/0000049826-07-000011-index.html,https://www.sec.gov/Archives/edgar/data/49826/000004982607000011/itw10q1q07.htm
0,2006-12-31,ITW,2007-02-26,2007-02-23 19:32:26,Q4,3570400000,2321800000,1248600000,0.349709,0.0,627500000,2432248000,-6932000.0,666199999.9999998,2988000000,26897000,125999999.99999997,748797000,0.209724,582500000,0.163147,17800000,573400000,0.160598,156600000,439300000,0.123039,0.77314,0.77314,568200000,568200000,https://www.sec.gov/Archives/edgar/data/49826/000095013707002694/c12075e10vk.htm,https://www.sec.gov/Archives/edgar/data/49826/000095013707002694/c12075e10vk.htm
0,2006-09-30,ITW,2006-10-30,2006-10-30 16:58:00,Q3,3352000000,2152600000,1199400000,0.357816,0.0,571000000,0.0,7633000.0,596300000.0000002,2748900000,20804000,106400000,761804000,0.227268,603200000,0.179952,73800000,619900000,0.184934,188500000,446100000,0.133085,0.77408,0.77408,576300000,576300000,https://www.sec.gov/Archives/edgar/data/49826/000004982606000044/itw10q3q06.htm,https://www.sec.gov/Archives/edgar/data/49826/000004982606000044/itw10q3q06.htm
0,2006-06-30,ITW,2006-08-04,2006-08-04 13:04:59,Q2,3579500000,2292800000,1286600000,0.359436,0.0,602200000,-601421000,-668000.0,626899999.9999996,2919699999.9999995,19009000,101700000.00000001,787209000,0.219921,659800000,0.184327,-700000.0,666500000,0.186199,200600000,465900000,0.130158,0.81451,0.81451,572000000,572000000,https://www.sec.gov/Archives/edgar/data/49826/000004982606000033/itw10q2q06.htm,https://www.sec.gov/Archives/edgar/data/49826/000004982606000033/itw10q2q06.htm
0,2006-03-31,ITW,2006-05-08,2006-05-08 15:36:05,Q1,3297000000,2119700000,1177400000,0.357113,0.0,601400000,601421000,-33000.0,637400000.0000001,2757100000,18897000,109800000,659897000,0.200151,540000000,0.163785,0.0,531200000,0.161116,164700000,366500000,0.111162,0.64559,0.64559,567700000,567700000,https://www.sec.gov/Archives/edgar/data/49826/000095013706002224/c02489e10vk.htm,https://www.sec.gov/Archives/edgar/data/49826/000095013706002224/c02489e10vk.htm
0,2005-12-31,ITW,2006-02-24,2006-02-24 17:34:24,Q4,3252200000,2099700000,1152500000,0.354375,0.0,568500000,2214865000,-9549000.0,595400000.0000001,2695100000,22676000,100599999.99999999,695676000,0.213909,557100000,0.171299,-300000.0,572400000,0.176004,171800000,400600000,0.123178,0.70915,0.70915,564900000,564900000,https://www.sec.gov/Archives/edgar/data/49826/000095013706002224/c02489e10vk.htm,https://www.sec.gov/Archives/edgar/data/49826/000095013706002224/c02489e10vk.htm
0,2005-09-30,ITW,2005-10-28,2005-10-28 16:51:14,Q3,3200200000,2077800000,1122400000,0.350728,0.0,541400000,0.0,9549000.0,557099999.9999999,2634900000,18243000,94000000.00000001,712443000,0.222625,565200000,0.176614,-800000.0,600200000,0.187551,192000000,408200000,0.127555,0.71614,0.71614,570000000,570000000,https://www.sec.gov/Archives/edgar/data/49826/000004982605000031/itw10q3q05.htm,https://www.sec.gov/Archives/edgar/data/49826/000004982605000031/itw10q3q05.htm
0,2005-06-30,ITW,2005-08-05,2005-08-05 12:26:37,Q2,3286100000,2153900000,1132200000,0.344542,0.0,557100000,0.0,0.0,572299999.9999996,2726199999.9999995,46079000,89800000,682279000,0.207626,559900000,0.170384,6800000.0,546400000,0.166276,172600000,373800000,0.113752,0.64448,0.64448,580000000,580000000,https://www.sec.gov/Archives/edgar/data/49826/000095013705002667/c92475e10vk.htm,https://www.sec.gov/Archives/edgar/data/49826/000095013705002667/c92475e10vk.htm
0,2005-03-31,ITW,,,Q1,3051900000,2019000000,1032900000,0.338445,0.0,548100000,0.0,0.0,574099999.9999999,2593100000,600000.0,98600000,561800000,0.184082,458700000,0.1503,3200000.0,462600000,0.151578,150300000,312300000,0.10233,0.53185,0.53185,587200000,587200000,,
0,2004-12-31,ITW,2005-03-04,2005-03-04 14:44:12,Q4,3051600000,1976300000,1075400000,0.352405,0.0,528700000,2024445000,12026000,540100000.0000001,2516400000,69234000,89400000,671434000,0.220027,535200000,0.175383,-5500000.0,513900000,0.168403,154700000,358100000,0.117348,0.60286,0.60286,594000000,594000000,https://www.sec.gov/Archives/edgar/data/49826/000095013704001633/c83293e10vk.htm,https://www.sec.gov/Archives/edgar/data/49826/000095013704001633/c83293e10vk.htm
0,2004-09-30,ITW,,,Q3,2967200000,1934800000,1032300000,0.347904,0.0,509500000,0.0,0.0,520100000.0000001,2454900000,-18500000,82199999.99999999,563800000,0.190011,512200000,0.172621,6300000.0,500100000,0.168543,170000000,330100000,0.11125,0.54302,0.54302,607900000,607900000,,
0,2004-06-30,ITW,,,Q2,3002300000,1929800000,1072500000,0.357226,0.0,502900000,0.0,0.0,510899999.9999999,2440700000,-19000000,81699999.99999999,608800000,0.202778,561500000,0.187023,3500000.0,546100000,0.181894,185700000,360400000,0.120041,0.58007,0.58007,621300000,621300000,,
0,2004-03-31,ITW,,,Q1,2710300000,1750300000,960000000,0.354204,0.0,483300000,0.0,0.0,512399999.9999999,2262700000,-15900000,100000000,523700000,0.193226,447600000,0.165148,7700000.0,439400000,0.162122,149400000,290200000,0.107073,0.46746,0.46746,620800000,620800000,,
0,2003-12-31,ITW,2004-03-09,2004-03-09 14:50:42,Q4,2626000000,1720400000,905500000,0.344821,0.0,468500000,0.0,0.0,473799999.9999997,2194199999.9999995,-18000000,79300000,474900000,0.180845,431700000,0.164395,3500000.0,417200000,0.158873,130300000,283300000,0.107883,0.45708,0.45708,619800000,619800000,https://www.sec.gov/Archives/edgar/data/49826/000095013703001256/c75093e10vk.htm,https://www.sec.gov/Archives/edgar/data/49826/000095013703001256/c75093e10vk.htm
0,2003-09-30,ITW,,,Q3,2531900000,1634100000,897800000,0.354595,0.0,466300000,0.0,0.0,471099999.9999999,2105200000,-16100000,74400000.00000001,472500000,0.186619,426700000,0.16853,4500000.0,415100000,0.163948,145300000,268900000,0.106205,0.43511,0.43511,618000000,618000000,,
0,2003-06-30,ITW,,,Q2,2564000000,1659400000,904600000,0.352808,0.0,445700000,0.0,0.0,450500000,2109900000,-19100000,75699999.99999999,485600000,0.189392,454100000,0.177106,2000000.0,436900000,0.170398,152900000,276100000,0.107683,0.44792,0.44792,616400000,616400000,,
0,2003-03-31,ITW,,,Q1,2313800000,1513800000,800000000,0.345752,0.0,469700000,0.0,0.0,479000000,1992800000,-17400000,77200000,362600000,0.156712,321000000,0.138733,3300000.0,306900000,0.132639,107400000,195400000,0.08445,0.31747,0.31747,615500000,615500000,,
0,2002-12-31,ITW,2003-03-04,2003-03-04 09:01:24,Q4,2427400000,1601100000,826300000,0.340405,0.0,443600000,0.0,0.0,456400000.0000001,2057500000,-17900000,77600000.00000001,405500000,0.167051,369900000,0.152385,-1400000.0,350700000,0.144476,122800000,223000000,0.091868,0.36213,0.36213,615800000,615800000,https://www.sec.gov/Archives/edgar/data/49826/000095013702001470/c67784e10-k405.htm,https://www.sec.gov/Archives/edgar/data/49826/000095013702001470/c67784e10-k405.htm
0,2002-09-30,ITW,,,Q3,2401000000,1561500000,839500000,0.349646,0.0,437500000,0.0,0.0,442599999.9999999,2004100000,-14700000,77000000,439300000,0.182965,396900000,0.165306,-6500000.0,375800000,0.156518,131500000,245500000,0.102249,0.39867,0.39867,615800000,615800000,,
0,2002-06-30,ITW,2002-08-12 00:00:00,2002-08-12 16:19:39,Q2,2434600000,1576000000,858600000,0.352666,0.0,424400000,0.0,0.0,429599999.9999999,2005600000,-18400000,74700000,471200000,0.193543,429000000,0.17621,2100000.0,412600000,0.169473,147400000,267500000,0.109874,0.43362,0.43362,616900000,616900000,https://www.sec.gov/Archives/edgar/data/49826/000004982602000014/0000049826-02-000014-index.html,https://www.sec.gov/Archives/edgar/data/49826/000004982602000014/itw10q2q02.htm
0,2002-03-31,ITW,2002-05-02 00:00:00,2002-05-02 12:03:44,Q1,2204700000,1475100000,729500000,0.330884,0.0,414800000,0.0,0.0,419700000.00000006,1894800000,-17500000,76400000,135600000,0.061505,309900000,0.140563,2100000.0,294500000,0.133578,100100000,-23400000,-0.010614,-0.03799,-0.03799,616000000,616000000,https://www.sec.gov/Archives/edgar/data/49826/000004982602000002/0000049826-02-000002-index.html,https://www.sec.gov/Archives/edgar/data/49826/000004982602000002/itw10q1q02.htm
0,2001-12-31,ITW,2002-03-22,2002-03-22 00:00:00,Q4,2278300000,1530800000,747500000,0.328096,0.0,414800000,1690850000,-7203000.0,442200000.00000006,1973000000,68051000,91500000,448751000,0.196967,305300000,0.134003,-4700000.0,285800000,0.125444,98100000,191100000,0.083878,0.31164,0.31164,613200000,613200000,https://www.sec.gov/Archives/edgar/data/49826/000095013702001470/c67784e10-k405.htm,https://www.sec.gov/Archives/edgar/data/49826/000095013702001470/c67784e10-k405.htm
0,2001-09-30,ITW,2001-11-14 00:00:00,2001-11-14 00:00:00,Q3,2301200000,1527900000,773300000,0.336042,0.0,420800000,0.0,0.0,448599999.9999999,1976500000,-17800000,97300000.00000001,384700000,0.167174,324600000,0.141057,-2900000.0,303900000,0.132062,106100000,199100000,0.08652,0.32485,0.32485,612900000,612900000,https://www.sec.gov/Archives/edgar/data/49826/000004982601500014/0000049826-01-500014-index.html,https://www.sec.gov/Archives/edgar/data/49826/000004982601500014/itw10q3q01.htm
0,2001-06-30,ITW,2001-08-08 00:00:00,2001-08-08 00:00:00,Q2,2417500000,1595300000,822300000,0.340145,0.0,416900000,0.0,0.0,442299999.99999994,2037600000,-17300000,100100000,441800000,0.182751,379900000,0.157146,-1900000.0,360700000,0.149204,126200000,232800000,0.096298,0.37977,0.37977,613000000,613000000,https://www.sec.gov/Archives/edgar/data/49826/000004982601500012/0000049826-01-500012-index.html,https://www.sec.gov/Archives/edgar/data/49826/000004982601500012/itw10q2q01.htm
0,2001-03-31,ITW,2001-05-11 00:00:00,2001-05-11 00:00:00,Q1,2295800000,1537400000,758500000,0.330386,0.0,438300000,0.0,0.0,462199999.9999998,1999599999.9999998,-18200000,97400000,360000000,0.156808,296300000,0.129062,2300000.0,280400000,0.122136,98000000,182800000,0.079624,0.29894,0.29894,611500000,611500000,https://www.sec.gov/Archives/edgar/data/49826/000004982601500004/0000049826-01-500004-index.html,https://www.sec.gov/Archives/edgar/data/49826/000004982601500004/itw10q01.html
0,2000-12-31,ITW,,,Q4,2528800000,1663400000,865500000,0.342257,0.0,486400000,0.0,0.0,541099999.9999999,2204500000,-20000000,106300000.00000001,382500000,0.151258,324400000,0.128282,-8200000.0,296200000,0.117131,94700000,201500000,0.079682,0.33065,0.33065,609400000,609400000,,
0,2000-09-30,ITW,2000-11-13 00:00:00,2000-11-13 00:00:00,Q3,2472300000,1597700000,874700000,0.3538,0.0,416900000,0.0,0.0,440399999.9999999,2038099999.9999998,-18600000,97100000.00000001,491100000,0.198641,434300000,0.175666,-3100000.0,412600000,0.166889,148500000,264100000,0.106824,0.43366,0.43366,609000000,609000000,https://www.sec.gov/Archives/edgar/data/49826/000004982600500006/0000049826-00-500006-index.html,https://www.sec.gov/Archives/edgar/data/49826/000004982600500006/0000049826-00-500006-0001.htm
0,2000-06-30,ITW,2000-08-10 00:00:00,2000-08-10 00:00:00,Q2,2577400000,1652300000,925200000,0.358966,0.0,455900000,0.0,0.0,478600000.0000001,2130900000.0000002,-17700000,98999999.99999999,508300000,0.197214,446500000,0.173237,-1800000.0,427000000,0.165671,153700000,273300000,0.106037,0.44877,0.44877,609000000,609000000,https://www.sec.gov/Archives/edgar/data/49826/000095013700003570/0000950137-00-003570-index.html,https://www.sec.gov/Archives/edgar/data/49826/000095013700003570/e10-q.htm
0,2000-03-31,ITW,2000-05-12 00:00:00,2000-05-12 00:00:00,Q1,2405000000,1571900000,833000000,0.346362,0.0,454200000,0.0,0.0,474799999.99999994,2046700000,-16100000,89200000,415500000,0.172765,358300000,0.148981,200000.0,342400000,0.14237,123300000,219100000,0.091102,0.36036,0.36036,608000000,608000000,https://www.sec.gov/Archives/edgar/data/49826/000095013700002321/0000950137-00-002321-index.html,https://www.sec.gov/Archives/edgar/data/49826/0000950137-00-002321.txt
0,1999-12-31,ITW,,,Q4,2487300000,1601100000,886200000,0.35629,0.0,461100000,0.0,0.0,561500000,2162600000,-17400000,62599999.99999996,356099999.99999994,0.143167,324700000,0.130543,3600000.0,310900000,0.124995,130900000,180000000,0.072368,0.29557,0.29557,609000000,609000000,,
0,1999-09-30,ITW,1999-11-15 00:00:00,1999-11-15 00:00:00,Q3,2325700000,1511400000,814300000,0.350131,0.0,413000000,0.0,0.0,432299999.99999994,1943700000,-18000000,88300000.00000001,434500000,0.186825,382100000,0.164295,200000.0,364200000,0.156598,131300000,232900000,0.100142,0.38199,0.38199,609700000,609700000,https://www.sec.gov/Archives/edgar/data/49826/000095013799004139/0000950137-99-004139-index.html,https://www.sec.gov/Archives/edgar/data/49826/0000950137-99-004139.txt
0,1999-06-30,ITW,1999-08-11 00:00:00,1999-08-11 00:00:00,Q2,2363500000,1518400000,845000000,0.357521,0.0,432200000,0.0,0.0,451000000,1969400000,-17800000,87400000,449400000,0.190142,394100000,0.166744,3600000.0,379800000,0.160694,140100000,239700000,0.101417,0.39334,0.39334,609400000,609400000,https://www.sec.gov/Archives/edgar/data/49826/000004982699000005/0000049826-99-000005-index.html,https://www.sec.gov/Archives/edgar/data/49826/0000049826-99-000005.txt
0,1999-03-31,ITW,1999-05-17 00:00:00,1999-05-17 00:00:00,Q1,2156700000,1411600000,745100000,0.345482,0.0,423800000,0.0,0.0,440600000.0000001,1852200000.0000002,-14300000,83400000,366800000,0.170075,304500000,0.141188,7500000.0,297700000,0.138035,109300000,188400000,0.087356,0.30931,0.30931,609100000,609100000,https://www.sec.gov/Archives/edgar/data/49826/000004982699000002/0000049826-99-000002-index.html,https://www.sec.gov/Archives/edgar/data/49826/0000049826-99-000002.txt
0,1998-12-31,ITW,,,Q4,1509200000,952500000,556700000,0.368871,0.0,244800000,0.0,0.0,260000000,1212500000,-5300000.0,137400000.00000003,422400000.00000006,0.279883,296700000,0.196594,-1100000.0,290300000,0.192354,106000000,184300000,0.122118,0.36502,0.36502,504900000,504900000,,
0,1998-09-30,ITW,1998-11-16 00:00:00,1998-11-16 00:00:00,Q3,1377200000,888700000,488500000,0.354705,0.0,211000000,0.0,0.0,224000000,1112700000,-3700000.0,51799999.99999998,306200000,0.222335,264600000,0.192129,-2800000.0,258100000,0.187409,94200000,163900000,0.11901,0.32488,0.32488,504500000,504500000,https://www.sec.gov/Archives/edgar/data/49826/000004982698000004/0000049826-98-000004-index.html,https://www.sec.gov/Archives/edgar/data/49826/0000049826-98-000004.txt
0,1998-06-30,ITW,1998-08-14 00:00:00,1998-08-14 00:00:00,Q2,1420500000,910900000,509600000,0.358747,0.0,213700000,0.0,0.0,225899999.99999997,1136800000,-2300000.0,53900000.00000001,328700000,0.231397,283700000,0.199718,-4300000.0,277100000,0.195072,101100000,176000000,0.1239,0.34824,0.34824,505400000,505400000,https://www.sec.gov/Archives/edgar/data/49826/000004982698000003/0000049826-98-000003-index.html,https://www.sec.gov/Archives/edgar/data/49826/0000049826-98-000003.txt
0,1998-03-31,ITW,1998-05-15 00:00:00,1998-05-15 00:00:00,Q1,1341000000,874000000,467000000,0.348248,0.0,221100000,0.0,0.0,232599999.9999999,1106600000,-2900000.0,53500000,284800000,0.212379,234400000,0.174795,2800000.0,234200000,0.174646,85500000,148700000,0.110887,0.29463,0.29463,504700000,504700000,https://www.sec.gov/Archives/edgar/data/49826/000004982698000001/0000049826-98-000001-index.html,https://www.sec.gov/Archives/edgar/data/49826/0000049826-98-000001.txt
0,1997-12-31,ITW,,,Q4,1348900000,859600000,489300000,0.36274,0.0,228100000,0.0,0.0,240100000.00000003,1099700000,-3500000.0,111500000.00000003,360200000.00000006,0.267032,249200000,0.184743,6400000.0,252200000,0.186967,92000000,160200000,0.118763,0.32104,0.32104,499000000,499000000,,
0,1997-09-30,ITW,1997-11-14 00:00:00,1997-11-14 00:00:00,Q3,1315400000,857500000,457900000,0.348107,0.0,210700000,0.0,0.0,222099999.9999999,1079600000,-4300000.0,49300000,279800000,0.212711,235800000,0.179261,3400000.0,234800000,0.178501,85700000,149100000,0.11335,0.29595,0.29595,503800000,503800000,https://www.sec.gov/Archives/edgar/data/49826/000004982697000011/0000049826-97-000011-index.html,https://www.sec.gov/Archives/edgar/data/49826/0000049826-97-000011.txt
0,1997-06-30,ITW,1997-08-14 00:00:00,1997-08-14 00:00:00,Q2,1326300000,854400000,472000000,0.355877,0.0,215900000,0.0,0.0,226100000.00000003,1080500000,-5600000.0,48099999.99999999,285800000,0.215487,245800000,0.185328,3100000.0,243300000,0.183443,88900000,154400000,0.116414,0.30671,0.30671,503400000,503400000,https://www.sec.gov/Archives/edgar/data/49826/000004982697000010/0000049826-97-000010-index.html,https://www.sec.gov/Archives/edgar/data/49826/0000049826-97-000010.txt
0,1997-03-31,ITW,1997-05-15 00:00:00,1997-05-15 00:00:00,Q1,1229800000,807300000,422500000,0.343552,0.0,215700000,0.0,0.0,226100000.00000015,1033400000.0000001,-6000000.0,49200000,237300000,0.192958,196400000,0.159701,3600000.0,194100000,0.157831,70800000,123300000,0.10026,0.24528,0.24528,502700000,502700000,https://www.sec.gov/Archives/edgar/data/49826/000004982697000008/0000049826-97-000008-index.html,https://www.sec.gov/Archives/edgar/data/49826/0000049826-97-000008.txt
0,1996-12-31,ITW,1997-03-27 00:00:00,1997-03-27 00:00:00,Q4,1296700000,837200000,459500000,0.354361,0.0,222400000,0.0,0.0,234099999.9999999,1071299999.9999999,-7600000.0,43000000,246900000,0.190406,225400000,0.173826,-6300000.0,211500000,0.163106,77200000,134300000,0.103571,0.26822,0.26822,500700000,500700000,https://www.sec.gov/Archives/edgar/data/49826/000095013797001181/0000950137-97-001181-index.html,https://www.sec.gov/Archives/edgar/data/49826/0000950137-97-001181.txt
0,1996-09-30,ITW,1996-11-14 00:00:00,1996-11-14 00:00:00,Q3,1238300000,817700000,420600000,0.339659,0.0,212500000,0.0,0.0,221799999.99999994,1039500000,-5400000.0,44399999.99999999,234000000,0.188969,198700000,0.160462,1700000.0,195000000,0.157474,72200000,122800000,0.099168,0.24798,0.24798,495200000,495200000,https://www.sec.gov/Archives/edgar/data/49826/000004982696000013/0000049826-96-000013-index.html,https://www.sec.gov/Archives/edgar/data/49826/0000049826-96-000013.txt
0,1996-06-30,ITW,1996-08-14 00:00:00,1996-08-14 00:00:00,Q2,1324800000,871200000,453600000,0.342391,0.0,229400000,0.0,0.0,238599999.9999999,1109800000,-8100000.0,47000000,245900000,0.185613,215000000,0.162289,100000.0,207000000,0.15625,76600000,130400000,0.09843,0.26338,0.26338,495100000,495100000,https://www.sec.gov/Archives/edgar/data/49826/000004982696000011/0000049826-96-000011-index.html,https://www.sec.gov/Archives/edgar/data/49826/0000049826-96-000011.txt
0,1996-03-31,ITW,1996-05-15 00:00:00,1996-05-15 00:00:00,Q1,1136900000,755500000,381400000,0.335474,0.0,211100000,0.0,0.0,220000000,975500000,-6800000.0,43800000,193800000,0.170464,161400000,0.141965,2100000.0,156800000,0.137919,58000000,98800000,0.086903,0.20184,0.20184,489500000,489500000,https://www.sec.gov/Archives/edgar/data/49826/000004982696000006/0000049826-96-000006-index.html,https://www.sec.gov/Archives/edgar/data/49826/0000049826-96-000006.txt
0,1995-12-31,ITW,1996-03-29 00:00:00,1996-03-29 00:00:00,Q4,1093800000,707600000,386100000,0.35299,0.0,202400000,0.0,0.0,210899999.99999997,918500000,-7800000.0,39200000,201500000,0.18422,175200000,0.160176,2700000.0,170100000,0.155513,63800000,106300000,0.097184,0.22497,0.22497,472500000,472500000,https://www.sec.gov/Archives/edgar/data/49826/000095013196001325/0000950131-96-001325-index.html,https://www.sec.gov/Archives/edgar/data/49826/0000950131-96-001325.txt
0,1995-09-30,ITW,1995-11-09 00:00:00,1995-11-09 00:00:00,Q3,1050100000,690600000,359500000,0.342348,0.0,183600000,0.0,0.0,191399999.99999997,882000000,-8200000.0,33800000,186900000,0.177983,168100000,0.16008,1300000.0,161300000,0.153604,61300000,100000000,0.095229,0.21277,0.21277,470000000,470000000,https://www.sec.gov/Archives/edgar/data/49826/000004982695000015/0000049826-95-000015-index.html,https://www.sec.gov/Archives/edgar/data/49826/0000049826-95-000015.txt
0,1995-06-30,ITW,1995-08-14 00:00:00,1995-08-14 00:00:00,Q2,1095700000,707100000,388600000,0.354659,0.0,204800000,0.0,0.0,212600000.00000003,919700000,-7800000.0,40500000.00000001,204000000,0.186182,176000000,0.160628,3200000.0,171300000,0.156338,65100000,106200000,0.096924,0.22649,0.22649,468900000,468900000,https://www.sec.gov/Archives/edgar/data/49826/000004982695000011/0000049826-95-000011-index.html,https://www.sec.gov/Archives/edgar/data/49826/0000049826-95-000011.txt
0,1995-03-31,ITW,1995-05-15 00:00:00,1995-05-15 00:00:00,Q1,938500000,618700000,319900000,0.340863,0.0,185300000,0.0,0.0,193199999.99999994,811899999.9999999,-6200000.0,38400000,153200000,0.163239,126700000,0.135003,500000.0,121000000,0.128929,46000000,75000000,0.079915,0.16444,0.16444,456100000,456100000,https://www.sec.gov/Archives/edgar/data/49826/000004982695000002/0000049826-95-000002-index.html,https://www.sec.gov/Archives/edgar/data/49826/0000049826-95-000002.txt
0,1994-12-31,ITW,1995-03-29 00:00:00,1995-03-29 00:00:00,Q4,937900000,606000000,331900000,0.353876,0.0,176000000,0.0,0.0,181899999.99999997,787900000,-5800000.0,29000000,159600000,0.170167,150000000,0.159932,-7700000.0,136400000,0.145431,51700000,84700000,0.090308,0.18607,0.18607,455200000,455200000,https://www.sec.gov/Archives/edgar/data/49826/000091205795001849/0000912057-95-001849-index.html,https://www.sec.gov/Archives/edgar/data/49826/0000912057-95-001849.txt
0,1994-09-30,ITW,1994-11-03 00:00:00,1994-11-03 00:00:00,Q3,870900000,579900000,291000000,0.334137,0.0,159100000,0.0,0.0,164700000.00000006,744600000,-6500000.0,32899999.99999999,142500000,0.163624,126300000,0.145022,-3800000.0,116100000,0.13331,44700000,71400000,0.081984,0.15755,0.15755,453200000,453200000,https://www.sec.gov/Archives/edgar/data/49826/000004982694000009/0000049826-94-000009-index.html,https://www.sec.gov/Archives/edgar/data/49826/0000049826-94-000009.txt
0,1994-06-30,ITW,1994-08-12 00:00:00,1994-08-12 00:00:00,Q2,881000000,583900000,297100000,0.33723,0.0,160500000,0.0,0.0,166000000,749900000,-7100000.0,36500000,144300000,0.163791,131100000,0.148808,-9000000.0,115000000,0.130533,44200000,70700000,0.08025,0.15607,0.15607,453000000,453000000,https://www.sec.gov/Archives/edgar/data/49826/000004982694000006/0000049826-94-000006-index.html,https://www.sec.gov/Archives/edgar/data/49826/0000049826-94-000006.txt
0,1994-03-31,ITW,1994-05-16 00:00:00,1994-05-16 00:00:00,Q1,771400000,520300000,251200000,0.325642,0.0,154400000,0.0,0.0,159800000.00000006,680100000.0000001,-7500000.0,33700000,109000000,0.141302,91300000,0.118356,-1000000.0,82800000,0.107337,31900000,50900000,0.065984,0.11241,0.11241,452800000,452800000,https://www.sec.gov/Archives/edgar/data/49826/000004982694000004/0000049826-94-000004-index.html,https://www.sec.gov/Archives/edgar/data/49826/0000049826-94-000004.txt
