,date,symbol,fillingDate,acceptedDate,period,revenue,costOfRevenue,grossProfit,grossProfitRatio,researchAndDevelopmentExpenses,generalAndAdministrativeExpenses,sellingAndMarketingExpenses,otherExpenses,operatingExpenses,costAndExpenses,interestExpense,depreciationAndAmortization,ebitda,ebitdaratio,operatingIncome,operatingIncomeRatio,totalOtherIncomeExpensesNet,incomeBeforeTax,incomeBeforeTaxRatio,incomeTaxExpense,netIncome,netIncomeRatio,eps,epsdiluted,weightedAverageShsOut,weightedAverageShsOutDil,link,finalLink
0,2020-09-27,GD,2020-10-28,0,Q3,5454000000,0.0,0.0,0.0,0.0,0.0,0.0,0.0,-24578000,-24578000,0.0,122000.0,2675000.0,0.0,2553000.0,0.0,0.0,2553000.0,0.0,-388000.0,2941000.0,0.0,2.91,2.91,286933000,286933000,https://www.sec.gov/Archives/edgar/data/40533/000004053320000063/0000040533-20-000063-index.htm,https://www.sec.gov/Archives/edgar/data/40533/000004053320000063/gd-2020092710q.htm
0,2020-06-28,GD,2020-07-29,2020-07-29 11:36:45,Q2,9264000000,7849000000,1415000000,0.15274179620034542,0.0,574000000,0.0,-132000000,574000000,8423000000,-132000000,219000000,814000000,0.087867,841000000,0.090782,18000000,727000000,0.078476,102000000,625000000,0.067465,2.17821,2.17821,286933000,286933000,https://www.sec.gov/Archives/edgar/data/40533/000004053320000057/0000040533-20-000057-index.htm,https://www.sec.gov/Archives/edgar/data/40533/000004053320000057/gd-2020062810q.htm
0,2020-03-29,GD,2020-04-29 00:00:00,2020-04-29 11:51:18,Q1,8749000000,7261000000,1488000000,0.170077,0.0,547000000,0.0,-107000000,547000000,7808000000,-107000000,212000000,953000000,0.108927,941000000,0.107555,14000000,848000000,0.096925,142000000,706000000,0.080695,2.43496,2.43496,289943000,289943000,https://www.sec.gov/Archives/edgar/data/40533/000004053320000029/0000040533-20-000029-index.html,https://www.sec.gov/Archives/edgar/data/40533/000004053320000029/gd-2020032910q.htm
0,2019-12-31,GD,2020-02-10 00:00:00,2020-02-10 16:10:04,Q4,10773000000,8816000000,1957000000,0.181658,0.0,629000000,0.0,-576000000,629000000,9445000000,472000000,204000000,1890000000,0.175439,1328000000,0.123271,-4000000.0,1214000000,0.112689,194000000,1020000000,0.094681,3.50706,3.50706,290842000,290842000,https://www.sec.gov/Archives/edgar/data/40533/000004053320000015/0000040533-20-000015-index.html,https://www.sec.gov/Archives/edgar/data/40533/000004053320000015/gd-2019123110k.htm
0,2019-09-29,GD,2019-10-23 00:00:00,2019-10-23 11:21:41,Q3,9761000000,7973000000,1788000000,0.183178,0.0,572000000,0.0,-114000000,572000000,8545000000,-114000000,210000000,1186000000,0.121504,1216000000,0.124577,-12000000,1090000000,0.111669,177000000,913000000,0.093535,3.13862,3.13862,290892000,290892000,https://www.sec.gov/Archives/edgar/data/40533/000004053319000056/0000040533-19-000056-index.html,https://www.sec.gov/Archives/edgar/data/40533/000004053319000056/gd-2019092910q.htm
0,2019-06-30,GD,2019-07-24,2019-07-24 11:07:09,Q2,9555000000,7869000000,1686000000,0.176452,0.0,596000000,0.0,-119000000,596000000,8465000000,-119000000,210000000,1074000000,0.112402,1090000000,0.114076,12000000,983000000,0.102878,177000000,806000000,0.084354,2.77152,2.77152,290815000,290815000,https://www.sec.gov/Archives/edgar/data/40533/000004053319000048/gd-2019063010q.htm,https://www.sec.gov/Archives/edgar/data/40533/000004053319000048/gd-2019063010q.htm
0,2019-03-31,GD,2019-04-24 00:00:00,2019-04-24 15:15:08,Q1,9261000000,7633000000,1628000000,0.175791,0.0,614000000,0.0,-117000000,614000000,8247000000,-117000000,205000000,1003000000,0.108304,1014000000,0.109491,18000000,915000000,0.098801,170000000,745000000,0.080445,2.5611,2.5611,290891000,290891000,https://www.sec.gov/Archives/edgar/data/40533/000004053319000021/0000040533-19-000021-index.html,https://www.sec.gov/Archives/edgar/data/40533/000004053319000021/gd-2019033110q.htm
0,2018-12-31,GD,2019-02-13 00:00:00,2019-02-13 11:25:10,Q4,10378000000,8595000000,1783000000,0.171806,0.0,557000000,0.0,-614000000,557000000,9152000000,374000000,-49000000,1457000000,0.140393,1226000000,0.118135,18000000,1132000000,0.109077,223000000,909000000,0.087589,3.06674,3.06674,296406000,296406000,https://www.sec.gov/Archives/edgar/data/40533/000004053319000010/0000040533-19-000010-index.html,https://www.sec.gov/Archives/edgar/data/40533/000004053319000010/gd-2018123110k.htm
0,2018-09-30,GD,2018-10-24 00:00:00,2018-10-24 11:39:05,Q3,9094000000,7407000000,1687000000,0.185507,0.0,552000000,0.0,-114000000,552000000,7959000000,-114000000,215000000,1111000000,0.122168,1135000000,0.124808,2000000.0,1023000000,0.112492,159000000,851000000,0.093578,2.84615,2.84615,299000000,299000000,https://www.sec.gov/Archives/edgar/data/40533/000004053318000060/0000040533-18-000060-index.html,https://www.sec.gov/Archives/edgar/data/40533/000004053318000060/gd-2018093010q.htm
0,2018-07-01,GD,2018-07-25 00:00:00,2018-07-25 10:53:42,Q2,9186000000,7509000000,1677000000,0.18256,0.0,589000000,0.0,-103000000,589000000,8098000000,-103000000,218000000,1085000000,0.118115,1088000000,0.118441,-15000000,970000000,0.105595,184000000,786000000,0.085565,2.62,2.62,300000000,300000000,https://www.sec.gov/Archives/edgar/data/40533/000004053318000043/0000040533-18-000043-index.html,https://www.sec.gov/Archives/edgar/data/40533/000004053318000043/gd-2018070110q.htm
0,2018-04-01,GD,2018-04-25 00:00:00,2018-04-25 10:34:24,Q1,7535000000,5990000000,1545000000,0.205043,0.0,537000000,0.0,-27000000,537000000,6527000000,-27000000,109000000,1042000000,0.138288,1008000000,0.133776,-21000000,960000000,0.127405,161000000,799000000,0.106038,2.65449,2.65449,301000000,301000000,https://www.sec.gov/Archives/edgar/data/40533/000004053318000018/0000040533-18-000018-index.html,https://www.sec.gov/Archives/edgar/data/40533/000004053318000018/gd-2018040110q.htm
0,2017-12-31,GD,2018-02-12 00:00:00,2018-02-12 10:10:40,Q4,8277000000,6680000000,1597000000,0.192944,0.0,537000000,0.0,24786000000,537000000,7217000000,117000000,115000000,1121000000,0.135436,1060000000,0.128066,-25000000,1008000000,0.121783,253000000,636000000,0.076839,2.10596,2.10596,302000000,302000000,https://www.sec.gov/Archives/edgar/data/40533/000004053318000008/0000040533-18-000008-index.html,https://www.sec.gov/Archives/edgar/data/40533/000004053318000008/gd-2017123110k.htm
0,2017-10-01,GD,2017-10-25 00:00:00,2017-10-25 10:38:45,Q3,7580000000,6014000000,1566000000,0.206596,0.0,503000000,0.0,19553000000,503000000,6517000000,-27000000,106000000,1106000000,0.14591,1063000000,0.140237,-9000000.0,1027000000,0.135488,263000000,764000000,0.100792,2.51316,2.51316,304000000,304000000,https://www.sec.gov/Archives/edgar/data/40533/000004053317000043/0000040533-17-000043-index.html,https://www.sec.gov/Archives/edgar/data/40533/000004053317000043/gd-2017100110q.htm
0,2017-07-02,GD,2017-07-26 00:00:00,2017-07-26 10:10:32,Q2,7675000000,6114000000,1561000000,0.203388,0.0,494000000,0.0,13025000000,494000000,6608000000,-24000000,109000000,1117000000,0.145537,1067000000,0.139023,-11000000,1032000000,0.134463,283000000,749000000,0.09759,2.45574,2.45574,305000000,305000000,https://www.sec.gov/Archives/edgar/data/40533/000004053317000033/0000040533-17-000033-index.html,https://www.sec.gov/Archives/edgar/data/40533/000004053317000033/gd-2017070210q.htm
0,2017-04-02,GD,2017-04-26 00:00:00,2017-04-26 10:24:57,Q1,7441000000,5923000000,1518000000,0.204005,0.0,472000000,0.0,-25000000,472000000,6395000000,-25000000,111000000,1096000000,0.147292,1046000000,0.140573,-11000000,1010000000,0.135734,247000000,763000000,0.10254,2.48534,2.48534,307000000,307000000,https://www.sec.gov/Archives/edgar/data/40533/000004053317000014/0000040533-17-000014-index.html,https://www.sec.gov/Archives/edgar/data/40533/000004053317000014/gd-2017040210q.htm
0,2016-12-31,GD,2017-02-06 00:00:00,2017-02-06 09:42:26,Q4,7654000000,6372000000,1282000000,0.167494,0.0,504000000,0.0,-441000000,504000000,6876000000,99000000,113000000,947000000,0.123726,778000000,0.101646,-10000000,745000000,0.097335,165000000,570000000,0.074471,1.85065,1.85065,308000000,308000000,https://www.sec.gov/Archives/edgar/data/40533/000004053317000006/0000040533-17-000006-index.html,https://www.sec.gov/Archives/edgar/data/40533/000004053317000006/gd-2016123110k.htm
0,2016-10-02,GD,2016-10-26 00:00:00,2016-10-26 10:41:02,Q3,7657000000,6171000000,1486000000,0.194071,0.0,471000000,0.0,19928000000,471000000,6642000000,-23000000,109000000,996000000,0.130077,1015000000,0.132558,2000000.0,994000000,0.129816,263000000,647000000,0.084498,2.0871,2.0871,310000000,310000000,https://www.sec.gov/Archives/edgar/data/40533/000004053316000090/0000040533-16-000090-index.html,https://www.sec.gov/Archives/edgar/data/40533/000004053316000090/gd-2016100210q.htm
0,2016-07-03,GD,2016-07-27,2016-07-27 10:07:14,Q2,7774000000,6262000000,1512000000,0.194494,0.0,485000000,0.0,13266000000,485000000,6747000000,-23000000,115000000,1097000000,0.141111,1027000000,0.132107,1000000.0,1005000000,0.129277,291000000,714000000,0.091845,2.30323,2.30323,310000000,310000000,https://www.sec.gov/Archives/edgar/data/40533/000004053316000081/gd-2016070310q.htm,https://www.sec.gov/Archives/edgar/data/40533/000004053316000081/gd-2016070310q.htm
0,2016-04-03,GD,2016-04-27 00:00:00,2016-04-27 10:09:09,Q1,7476000000,6091000000,1385000000,0.185259,0.0,461000000,0.0,-22000000,461000000,6552000000,-22000000,116000000,993000000,0.132825,924000000,0.123596,10000000,912000000,0.12199,258000000,641000000,0.085741,2.04792,2.04792,313000000,313000000,https://www.sec.gov/Archives/edgar/data/40533/000004053316000065/0000040533-16-000065-index.html,https://www.sec.gov/Archives/edgar/data/40533/000004053316000065/gd-2016040310q.htm
0,2015-12-31,GD,2016-02-08 00:00:00,2016-02-08 11:26:07,Q4,8121000000,6477000000,1644000000,0.202438,0.0,491000000,0.0,-414000000,491000000,6968000000,98000000,121000000,1355000000,0.166851,1153000000,0.141978,2000000.0,1136000000,0.139884,301000000,835000000,0.10282,2.62579,2.62579,318000000,318000000,https://www.sec.gov/Archives/edgar/data/40533/000004053316000056/0000040533-16-000056-index.html,https://www.sec.gov/Archives/edgar/data/40533/000004053316000056/gd-2015123110k.htm
0,2015-10-04,GD,2015-10-28 00:00:00,2015-10-28 10:15:21,Q3,7994000000,6484000000,1510000000,0.188892,0.0,476000000,0.0,20518000000,476000000,6960000000,-23000000,117000000,1107000000,0.138479,1034000000,0.129347,2000000.0,1013000000,0.12672,280000000,733000000,0.091694,2.2764,2.2764,322000000,322000000,https://www.sec.gov/Archives/edgar/data/40533/000004053315000046/0000040533-15-000046-index.html,https://www.sec.gov/Archives/edgar/data/40533/000004053315000046/gd-2015100410q.htm
0,2015-07-05,GD,2015-07-29 00:00:00,2015-07-29 10:08:00,Q2,7882000000,6334000000,1548000000,0.196397,0.0,467000000,0.0,13558000000,467000000,6801000000,-20000000,119000000,1160000000,0.147171,1081000000,0.137148,0.0,1061000000,0.134611,309000000,752000000,0.095407,2.2719,2.2719,331000000,331000000,https://www.sec.gov/Archives/edgar/data/40533/000004053315000038/0000040533-15-000038-index.html,https://www.sec.gov/Archives/edgar/data/40533/000004053315000038/gd-2015070510q.htm
0,2015-04-05,GD,2015-04-29 00:00:00,2015-04-29 10:57:54,Q1,7784000000,6254000000,1530000000,0.196557,0.0,503000000,0.0,-21000000,503000000,6757000000,-21000000,124000000,1112000000,0.142857,1027000000,0.131937,3000000.0,1009000000,0.129625,293000000,716000000,0.091984,2.13731,2.13731,335000000,335000000,https://www.sec.gov/Archives/edgar/data/40533/000004053315000016/0000040533-15-000016-index.html,https://www.sec.gov/Archives/edgar/data/40533/000004053315000016/gd-2015040510q.htm
0,2014-12-31,GD,2015-02-09,2015-02-09 12:08:20,Q4,8362000000,6766000000,1596000000,0.190863,0.0,529000000,0.0,-19668000000,529000000,7295000000,103000000,120000000,1232000000,0.147333,1067000000,0.127601,-3000000.0,1045000000,0.12497,308000000,701000000,0.083832,2.08631,2.08631,336000000,336000000,https://www.sec.gov/Archives/edgar/data/40533/000004053315000009/gd-2014123110k.htm,https://www.sec.gov/Archives/edgar/data/40533/000004053315000009/gd-2014123110k.htm
0,2014-09-28,GD,2014-10-22 00:00:00,2014-10-22 10:10:00,Q3,7751000000,6274000000,1477000000,0.190556,0.0,478000000,0.0,6752000000,478000000,6752000000,-21000000,124000000,1084000000,0.139853,999000000,0.128887,1000000.0,979000000,0.126306,285000000,696000000,0.089795,2.05917,2.05917,338000000,338000000,https://www.sec.gov/Archives/edgar/data/40533/000004053314000025/0000040533-14-000025-index.html,https://www.sec.gov/Archives/edgar/data/40533/000004053314000025/gd-2014092810q.htm
0,2014-06-29,GD,2014-07-23 00:00:00,2014-07-23 10:13:50,Q2,7474000000,6039000000,1435000000,0.191999,0.0,486000000,0.0,12916000000,486000000,6525000000,-24000000,127000000,923000000,0.123495,949000000,0.126974,0.0,925000000,0.123762,279000000,541000000,0.072384,1.57726,1.57726,343000000,343000000,https://www.sec.gov/Archives/edgar/data/40533/000004053314000015/0000040533-14-000015-index.html,https://www.sec.gov/Archives/edgar/data/40533/000004053314000015/gd-2014062910q.htm
0,2014-03-30,GD,2014-04-23 00:00:00,2014-04-23 10:28:08,Q1,7265000000,5900000000,1365000000,0.187887,0.0,491000000,0.0,-22000000,491000000,6391000000,-22000000,125000000,955000000,0.131452,874000000,0.120303,1000000.0,853000000,0.117412,257000000,595000000,0.0819,1.7147,1.7147,347000000,347000000,https://www.sec.gov/Archives/edgar/data/40533/000004053314000010/0000040533-14-000010-index.html,https://www.sec.gov/Archives/edgar/data/40533/000004053314000010/gd-2014033010q.htm
0,2013-12-31,GD,2014-02-07,2014-02-07 09:05:33,Q4,8047000000,6590000000,1457000000,0.181061,0.0,533000000,0.0,-20347000000,533000000,7123000000,103000000,133000000,1012000000,0.125761,924000000,0.114825,4000000.0,905000000,0.112464,281000000,495000000,0.061514,1.39437,1.39437,355000000,355000000,https://www.sec.gov/Archives/edgar/data/40533/000004053314000002/gd-2013123110k.htm,https://www.sec.gov/Archives/edgar/data/40533/000004053314000002/gd-2013123110k.htm
0,2013-09-29,GD,2013-10-23 00:00:00,2013-10-23 10:55:51,Q3,7735000000,6277000000,1458000000,0.188494,0.0,497000000,0.0,6839000000,497000000,6774000000,-22000000,127000000,1047000000,0.135359,961000000,0.12424,4000000.0,943000000,0.121913,291000000,651000000,0.084163,1.84419,1.84419,353000000,353000000,https://www.sec.gov/Archives/edgar/data/40533/000004053313000019/0000040533-13-000019-index.html,https://www.sec.gov/Archives/edgar/data/40533/000004053313000019/gd-2013092910q.htm
0,2013-06-30,GD,2013-07-24 00:00:00,2013-07-24 10:37:55,Q2,7834000000,6359000000,1475000000,0.188282,0.0,514000000,0.0,13508000000,514000000,6873000000,-23000000,123000000,1043000000,0.133138,961000000,0.12267,0.0,943000000,0.120373,303000000,640000000,0.081695,1.81303,1.81303,353000000,353000000,https://www.sec.gov/Archives/edgar/data/40533/000004053313000013/0000040533-13-000013-index.html,https://www.sec.gov/Archives/edgar/data/40533/000004053313000013/gd-2013063010q.htm
0,2013-03-31,GD,2013-04-30 00:00:00,2013-04-30 17:00:35,Q1,7314000000,5976000000,1338000000,0.182937,0.0,495000000,0.0,-23000000,495000000,6471000000,23000000,142000000,986000000,0.13481,843000000,0.115258,0.0,820000000,0.112114,250000000,571000000,0.078069,1.61756,1.61756,353000000,353000000,https://www.sec.gov/Archives/edgar/data/40533/000004053313000009/0000040533-13-000009-index.html,https://www.sec.gov/Archives/edgar/data/40533/000004053313000009/gd-2013033110q.htm
0,2012-12-31,GD,2013-02-08 00:00:00,2013-02-08 09:16:17,Q4,7557000000,6882000000,675000000,0.089321,0.0,651000000,0.0,-1648000000,2645000000,9527000000,44000000,132000000,-1914000000,-0.253275,-1970000000,-0.260685,-128000000,-2139000000,-0.283049,40000000,-2130000000,-0.281858,-6.06838,-6.06838,351000000,351000000,https://www.sec.gov/Archives/edgar/data/40533/000004053313000005/0000040533-13-000005-index.html,https://www.sec.gov/Archives/edgar/data/40533/000004053313000005/gd-2012123110k.htm
0,2012-09-30,GD,2012-10-30 00:00:00,2012-10-30 15:16:16,Q3,7934000000,6519000000,1415000000,0.178346,0.0,510000000,0.0,-39000000,510000000,7029000000,40000000,154000000,1057000000,0.133224,905000000,0.114066,-3000000.0,863000000,0.108772,263000000,600000000,0.075624,1.69972,1.69972,353000000,353000000,https://www.sec.gov/Archives/edgar/data/40533/000004053312000007/0000040533-12-000007-index.html,https://www.sec.gov/Archives/edgar/data/40533/000004053312000007/gd-2012093010q.htm
0,2012-07-01,GD,2012-08-01 00:00:00,2012-08-01 10:54:59,Q2,7922000000,6427000000,1495000000,0.188715,0.0,525000000,0.0,-37000000,525000000,6952000000,42000000,150000000,1120000000,0.141378,970000000,0.122444,-5000000.0,928000000,0.117142,294000000,634000000,0.08003,1.77591,1.77591,357000000,357000000,https://www.sec.gov/Archives/edgar/data/40533/000119312512327606/0001193125-12-327606-index.html,https://www.sec.gov/Archives/edgar/data/40533/000119312512327606/d359017d10q.htm
0,2012-04-01,GD,2012-05-01,2012-05-01 17:19:15,Q1,7579000000,6184000000,1395000000,0.184061,0.0,535000000,0.0,-39000000,535000000,6719000000,42000000,154000000,1017000000,0.134187,860000000,0.113471,0.0,821000000,0.108326,257000000,564000000,0.074416,1.57103,1.57103,359000000,359000000,https://www.sec.gov/Archives/edgar/data/40533/000119312512066385/d271667d10k.htm,https://www.sec.gov/Archives/edgar/data/40533/000119312512066385/d271667d10k.htm
0,2011-12-31,GD,2012-02-17 00:00:00,2012-02-17 08:32:43,Q4,9147000000,7673000000,1474000000,0.161146,0.0,524000000,0.0,-1250000000,524000000,8197000000,40000000,157000000,1108000000,0.121133,950000000,0.103859,37000000,911000000,0.099595,308000000,603000000,0.065923,1.67967,1.67967,359000000,359000000,https://www.sec.gov/Archives/edgar/data/40533/000119312512066385/0001193125-12-066385-index.html,https://www.sec.gov/Archives/edgar/data/40533/000119312512066385/d271667d10k.htm
0,2011-10-02,GD,2011-11-01 00:00:00,2011-11-01 15:37:48,Q3,7853000000,6363000000,1490000000,0.189736,0.0,492000000,0.0,-38000000,492000000,6855000000,41000000,147000000,1127000000,0.143512,998000000,0.127085,-8000000.0,952000000,0.121228,287000000,652000000,0.083026,1.79614,1.79614,363000000,363000000,https://www.sec.gov/Archives/edgar/data/40533/000119312511290604/0001193125-11-290604-index.html,https://www.sec.gov/Archives/edgar/data/40533/000119312511290604/d226987d10q.htm
0,2011-07-03,GD,2011-08-03 00:00:00,2011-08-03 11:19:47,Q2,7879000000,6425000000,1454000000,0.184541,0.0,505000000,0.0,-31000000,505000000,6930000000,38000000,145000000,1129000000,0.143292,949000000,0.120447,3000000.0,959000000,0.121716,293000000,653000000,0.082879,1.76011,1.76011,371000000,371000000,https://www.sec.gov/Archives/edgar/data/40533/000119312511207592/0001193125-11-207592-index.html,https://www.sec.gov/Archives/edgar/data/40533/000119312511207592/d10q.htm
0,2011-04-03,GD,2011-05-03 00:00:00,2011-05-03 16:57:09,Q1,7798000000,6360000000,1438000000,0.184406,0.0,509000000,0.0,-34000000,509000000,6869000000,36000000,143000000,1075000000,0.137856,929000000,0.119133,1000000.0,896000000,0.114901,278000000,618000000,0.079251,1.64362,1.64362,376000000,376000000,https://www.sec.gov/Archives/edgar/data/40533/000119312511124091/0001193125-11-124091-index.html,https://www.sec.gov/Archives/edgar/data/40533/000119312511124091/d10q.htm
0,2010-12-31,GD,2011-02-18,2011-02-18 08:19:26,Q4,8601000000,7006000000,1595000000,0.185444,0.0,519000000,0.0,-1089000000,519000000,7525000000,36000000,145000000,1224000000,0.142309,1076000000,0.125102,0.0,1043000000,0.121265,314000000,729000000,0.084758,1.91339,1.91339,381000000,381000000,https://www.sec.gov/Archives/edgar/data/40533/000119312511039769/d10k.htm,https://www.sec.gov/Archives/edgar/data/40533/000119312511039769/d10k.htm
0,2010-10-03,GD,2010-11-02 00:00:00,2010-11-02 15:31:10,Q3,8011000000,6564000000,1447000000,0.180627,0.0,481000000,0.0,-38000000,481000000,7045000000,39000000,141000000,1109000000,0.138435,966000000,0.120584,0.0,928000000,0.115841,279000000,650000000,0.081138,1.69713,1.69713,383000000,383000000,https://www.sec.gov/Archives/edgar/data/40533/000119312510244217/0001193125-10-244217-index.html,https://www.sec.gov/Archives/edgar/data/40533/000119312510244217/d10q.htm
0,2010-07-04,GD,2010-08-03 00:00:00,2010-08-03 16:20:22,Q2,8104000000,6641000000,1463000000,0.180528,0.0,478000000,0.0,-42000000,478000000,7119000000,92000000,140000000,1174000000,0.144867,985000000,0.121545,2000000.0,945000000,0.116609,294000000,648000000,0.079961,1.66581,1.66581,389000000,389000000,https://www.sec.gov/Archives/edgar/data/40533/000119312510175291/0001193125-10-175291-index.html,https://www.sec.gov/Archives/edgar/data/40533/000119312510175291/d10q.htm
0,2010-04-04,GD,2010-05-04 00:00:00,2010-05-04 16:29:27,Q1,7750000000,6346000000,1404000000,0.181161,0.0,486000000,0.0,-44000000,486000000,6832000000,-44000000,143000000,971000000,0.12529,918000000,0.118452,0.0,874000000,0.112774,275000000,597000000,0.077032,1.5347,1.5347,389000000,389000000,https://www.sec.gov/Archives/edgar/data/40533/000119312510106589/0001193125-10-106589-index.html,https://www.sec.gov/Archives/edgar/data/40533/000119312510106589/d10q.htm
0,2009-12-31,GD,2010-02-19 00:00:00,2010-02-19 11:25:11,Q4,7898000000,6464000000,1434000000,0.181565,0.0,483000000,0.0,0.0,483000000,6947000000,121000000,144000000,1170000000,0.148139,951000000,0.12041,1000000.0,909000000,0.115092,291000000,614000000,0.077741,1.57436,1.57436,390000000,390000000,https://www.sec.gov/Archives/edgar/data/40533/000119312510034883/0001193125-10-034883-index.html,https://www.sec.gov/Archives/edgar/data/40533/000119312510034883/d10k.htm
0,2009-10-04,GD,2009-11-03 00:00:00,2009-11-03 16:00:25,Q3,7719000000,6393000000,1326000000,0.171784,0.0,452000000,0.0,0.0,452000000,6845000000,42000000,139000000,1006000000,0.130328,874000000,0.113227,-6000000.0,828000000,0.107268,253000000,572000000,0.074103,1.47423,1.47423,388000000,388000000,https://www.sec.gov/Archives/edgar/data/40533/000119312509222060/0001193125-09-222060-index.html,https://www.sec.gov/Archives/edgar/data/40533/000119312509222060/d10q.htm
0,2009-07-05,GD,2009-08-04 00:00:00,2009-08-04 16:12:52,Q2,8100000000,6646000000,1454000000,0.179506,0.0,509000000,0.0,0.0,509000000,7155000000,39000000,140000000,1083000000,0.133704,945000000,0.116667,0.0,907000000,0.111975,286000000,618000000,0.076296,1.5969,1.5969,387000000,387000000,https://www.sec.gov/Archives/edgar/data/40533/000119312509163762/0001193125-09-163762-index.html,https://www.sec.gov/Archives/edgar/data/40533/000119312509163762/d10q.htm
0,2009-04-05,GD,2009-05-05 00:00:00,2009-05-05 17:08:25,Q1,8264000000,6849000000,1415000000,0.171225,0.0,510000000,0.0,0.0,510000000,7359000000,39000000,139000000,1044000000,0.126331,905000000,0.109511,3000000.0,869000000,0.105155,276000000,590000000,0.071394,1.52455,1.52455,387000000,387000000,https://www.sec.gov/Archives/edgar/data/40533/000119312509100091/0001193125-09-100091-index.html,https://www.sec.gov/Archives/edgar/data/40533/000119312509100091/d10q.htm
0,2008-12-31,GD,2009-02-20 00:00:00,2009-02-20 06:38:09,Q4,7852000000,6509000000,1343000000,0.171039,0.0,405000000,0.0,0.0,405000000,6914000000,118000000,121000000,1149000000,0.146332,938000000,0.11946,14000000,928000000,0.118186,298000000,612000000,0.077942,1.56923,1.56923,390000000,390000000,https://www.sec.gov/Archives/edgar/data/40533/000119312509033556/0001193125-09-033556-index.html,https://www.sec.gov/Archives/edgar/data/40533/000119312509033556/d10k.htm
0,2008-09-28,GD,2008-11-04 00:00:00,2008-11-04 16:10:23,Q3,7140000000,5793000000,1347000000,0.188655,0.0,414000000,0.0,0.0,414000000,6207000000,23000000,113000000,1058000000,0.148179,933000000,0.130672,0.0,922000000,0.129132,288000000,634000000,0.088796,1.585,1.585,400000000,400000000,https://www.sec.gov/Archives/edgar/data/40533/000119312508224299/0001193125-08-224299-index.html,https://www.sec.gov/Archives/edgar/data/40533/000119312508224299/d10q.htm
0,2008-06-29,GD,2008-08-05 00:00:00,2008-08-05 17:14:45,Q2,7303000000,5931000000,1372000000,0.187868,0.0,451000000,0.0,0.0,451000000,6382000000,28000000,111000000,1048000000,0.143503,921000000,0.126113,0.0,909000000,0.124469,268000000,641000000,0.087772,1.59453,1.59453,402000000,402000000,https://www.sec.gov/Archives/edgar/data/40533/000119312508166642/0001193125-08-166642-index.html,https://www.sec.gov/Archives/edgar/data/40533/000119312508166642/d10q.htm
0,2008-03-30,GD,2008-05-06 00:00:00,2008-05-06 16:59:10,Q1,7005000000,5714000000,1291000000,0.184297,0.0,430000000,0.0,0.0,430000000,6144000000,27000000,102000000,973000000,0.138901,861000000,0.122912,3000000.0,845000000,0.120628,272000000,572000000,0.081656,1.41584,1.41584,404000000,404000000,https://www.sec.gov/Archives/edgar/data/40533/000119312508104222/0001193125-08-104222-index.html,https://www.sec.gov/Archives/edgar/data/40533/000119312508104222/d10q.htm
0,2007-12-31,GD,2008-02-22,2008-02-22 08:38:05,Q4,7515000000,6261000000,1254000000,0.166866,0.0,383000000,0.0,0.0,383000000,6644000000,113000000,111000000,1085000000,0.144378,871000000,0.115902,0.0,860000000,0.114438,282000000,579000000,0.077046,1.4226,1.4226,407000000,407000000,https://www.sec.gov/Archives/edgar/data/40533/000119312508035841/d10k.htm,https://www.sec.gov/Archives/edgar/data/40533/000119312508035841/d10k.htm
0,2007-09-30,GD,2007-10-31 00:00:00,2007-10-31 14:37:27,Q3,6834000000,5626000000,1208000000,0.176763,0.0,407000000,0.0,0.0,407000000,6033000000,28000000,105000000,926000000,0.135499,801000000,0.117208,2000000.0,791000000,0.115745,247000000,546000000,0.079895,1.34152,1.34152,407000000,407000000,https://www.sec.gov/Archives/edgar/data/40533/000119312507230927/0001193125-07-230927-index.html,https://www.sec.gov/Archives/edgar/data/40533/000119312507230927/d10q.htm
0,2007-07-01,GD,2007-08-01 00:00:00,2007-08-01 16:07:48,Q2,6591000000,5414000000,1177000000,0.178577,0.0,417000000,0.0,0.0,417000000,5831000000,-29000000,106000000,812000000,0.123198,760000000,0.115309,1000000.0,740000000,0.112274,222000000,513000000,0.077833,1.25428,1.25428,409000000,409000000,https://www.sec.gov/Archives/edgar/data/40533/000119312507168077/0001193125-07-168077-index.html,https://www.sec.gov/Archives/edgar/data/40533/000119312507168077/d10q.htm
0,2007-04-01,GD,2007-05-02 00:00:00,2007-05-02 16:04:26,Q1,6300000000,5226000000,1074000000,0.170476,0.0,393000000,0.0,0.0,393000000,5619000000,27000000,101000000,778000000,0.123492,681000000,0.108095,1000000.0,656000000,0.104127,216000000,434000000,0.068889,1.06112,1.06112,409000000,409000000,https://www.sec.gov/Archives/edgar/data/40533/000119312507099496/0001193125-07-099496-index.html,https://www.sec.gov/Archives/edgar/data/40533/000119312507099496/d10q.htm
0,2006-12-31,GD,2007-02-23,2007-02-23 09:41:41,Q4,6514000000,5811000000,703000000,0.107921,0.0,0.0,0.0,0.0,0.0,5811000000,142000000,110000000,873000000,0.134019,703000000,0.107921,0.0,676000000,0.103776,213000000,408000000,0.062634,0.99756,0.99756,409000000,409000000,https://www.sec.gov/Archives/edgar/data/40533/000119312507037776/d10k.htm,https://www.sec.gov/Archives/edgar/data/40533/000119312507037776/d10k.htm
0,2006-10-01,GD,2006-11-02,2006-11-02 10:25:26,Q3,6069000000,5392000000,677000000,0.111551,0.0,0.0,0.0,0.0,0.0,5392000000,40000000,97000000,779000000,0.128357,677000000,0.111551,1000000.0,644000000,0.106113,204000000,438000000,0.07217,1.07617,1.07617,407000000,407000000,https://www.sec.gov/Archives/edgar/data/40533/000119312506221593/d10q.htm,https://www.sec.gov/Archives/edgar/data/40533/000119312506221593/d10q.htm
0,2006-07-02,GD,2006-08-03,2006-08-03 11:45:35,Q2,5934000000,5285000000,649000000,0.10937,0.0,0.0,0.0,0.0,0.0,5285000000,37000000,94000000,975000000,0.164307,649000000,0.10937,2000000.0,628000000,0.105831,208000000,636000000,0.107179,1.56265,1.56265,407000000,407000000,https://www.sec.gov/Archives/edgar/data/40533/000119312506160527/d10q.htm,https://www.sec.gov/Archives/edgar/data/40533/000119312506160527/d10q.htm
0,2006-04-02,GD,2006-05-04,2006-05-04 13:43:19,Q1,5546000000,4950000000,596000000,0.107465,0.0,0.0,0.0,3000000.0,0.0,4950000000,31000000,83000000,680000000,0.122611,596000000,0.107465,0.0,579000000,0.1044,192000000,374000000,0.067436,0.92346,0.92346,405000000,405000000,https://www.sec.gov/Archives/edgar/data/40533/000119312506044567/d10k.htm,https://www.sec.gov/Archives/edgar/data/40533/000119312506044567/d10k.htm
0,2005-12-31,GD,2006-03-03,2006-03-03 09:46:41,Q4,5764000000,0.0,0.0,1.0,0.0,0.0,0.0,5152000000,5152000000,5152000000,25000000,83000000,715000000,0.124046,612000000,0.106176,12000000,599000000,0.103921,201000000,406000000,0.070437,1.00247,1.00247,405000000,405000000,https://www.sec.gov/Archives/edgar/data/40533/000119312506044567/d10k.htm,https://www.sec.gov/Archives/edgar/data/40533/000119312506044567/d10k.htm
0,2005-10-02,GD,2005-11-02,2005-11-02 16:24:25,Q3,5302000000,0.0,0.0,1.0,0.0,0.0,0.0,4727000000,4727000000,4727000000,30000000,81000000,662000000,0.124859,575000000,0.10845,-4000000.0,541000000,0.102037,177000000,374000000,0.070539,0.92118,0.92118,406000000,406000000,https://www.sec.gov/Archives/edgar/data/40533/000119312505214365/d10q.htm,https://www.sec.gov/Archives/edgar/data/40533/000119312505214365/d10q.htm
0,2005-07-03,GD,2005-08-04 00:00:00,2005-08-04 09:59:51,Q2,5137000000,4598000000,539000000,0.104925,0.0,0.0,0.0,8399000000,0.0,4598000000,32000000,79000000,629000000,0.122445,539000000,0.104925,1000000.0,511000000,0.099474,173000000,345000000,0.06716,0.85396,0.85396,404000000,404000000,https://www.sec.gov/Archives/edgar/data/40533/000119312505157195/0001193125-05-157195-index.html,https://www.sec.gov/Archives/edgar/data/40533/000119312505157195/d10q.htm
0,2005-04-03,GD,2005-05-05,2005-05-05 10:37:09,Q1,4772000000,4319000000,453000000,0.094929,0.0,0.0,0.0,3000000.0,0.0,4319000000,31000000,84000000,521000000,0.109179,453000000,0.094929,-1000000.0,418000000,0.087594,70000000,336000000,0.070411,0.83168,0.83168,404000000,404000000,https://www.sec.gov/Archives/edgar/data/40533/000119312505042255/d10k.htm,https://www.sec.gov/Archives/edgar/data/40533/000119312505042255/d10k.htm
0,2004-12-31,GD,2005-03-04,2005-03-04 10:30:26,Q4,5174000000,4316000000,858000000,0.165829,0.0,328000000,0.0,-29000000,328000000,4644000000,134000000,68000000,702000000,0.135678,530000000,0.102435,1000000.0,494000000,0.095477,164000000,336000000,0.06494,0.82963,0.82963,405000000,405000000,https://www.sec.gov/Archives/edgar/data/40533/000119312505042255/d10k.htm,https://www.sec.gov/Archives/edgar/data/40533/000119312505042255/d10k.htm
0,2004-10-03,GD,2004-11-05,2004-11-05 12:16:52,Q3,4647000000,3871000000,776000000,0.166989,0.0,283000000,0.0,3958000000,283000000,4154000000,33000000,80000000,578000000,0.124381,493000000,0.10609,3000000.0,463000000,0.099634,143000000,322000000,0.069292,0.79703,0.79703,404000000,404000000,https://www.sec.gov/Archives/edgar/data/40533/000095013304004088/w68291e10vq.htm,https://www.sec.gov/Archives/edgar/data/40533/000095013304004088/w68291e10vq.htm
0,2004-07-04,GD,2004-08-06,2004-08-06 09:12:41,Q2,4652000000,3894000000,758000000,0.162941,0.0,273000000,0.0,8007000000,273000000,4167000000,43000000,83000000,570000000,0.122528,485000000,0.104256,-12000000,434000000,0.093293,144000000,300000000,0.064488,0.74627,0.74627,402000000,402000000,https://www.sec.gov/Archives/edgar/data/40533/000095013304003060/w99657e10vq.htm,https://www.sec.gov/Archives/edgar/data/40533/000095013304003060/w99657e10vq.htm
0,2004-04-04,GD,2004-05-06,2004-05-06 08:42:17,Q1,4646000000,3921000000,725000000,0.156048,0.0,289000000,0.0,0.0,289000000,4210000000,35000000,75000000,511000000,0.109987,436000000,0.093844,0.0,397000000,0.08545,132000000,269000000,0.057899,0.67082,0.67082,401000000,401000000,https://www.sec.gov/Archives/edgar/data/40533/000095013304000738/w94591e10vk.htm,https://www.sec.gov/Archives/edgar/data/40533/000095013304000738/w94591e10vk.htm
0,2003-12-31,GD,2004-03-05,2004-03-05 09:40:51,Q4,4731000000,0.0,0.0,1.0,0.0,0.0,0.0,4324000000,4324000000,4324000000,39000000,78000000,489000000,0.103361,407000000,0.086028,0.0,368000000,0.077785,93000000,279000000,0.058973,0.69925,0.69925,399000000,399000000,https://www.sec.gov/Archives/edgar/data/40533/000095013304000738/w94591e10vk.htm,https://www.sec.gov/Archives/edgar/data/40533/000095013304000738/w94591e10vk.htm
0,2003-09-28,GD,2003-11-05,2003-11-05 17:25:15,Q3,4292000000,0.0,0.0,1.0,0.0,0.0,0.0,9963000000,3951000000,3951000000,76000000,79000000,483000000,0.112535,341000000,0.07945,-3000000.0,309000000,0.071994,66000000,262000000,0.061044,0.655,0.655,400000000,400000000,https://www.sec.gov/Archives/edgar/data/40533/000095013303003684/w91235e10vq.htm,https://www.sec.gov/Archives/edgar/data/40533/000095013303003684/w91235e10vq.htm
0,2003-06-29,GD,2003-08-07,2003-08-07 16:33:13,Q2,3925000000,3292000000,633000000,0.161274,0.0,254000000,0.0,0.0,254000000,3546000000,-17000000,56000000,400000000,0.101911,379000000,0.096561,2000000.0,362000000,0.092229,119000000,242000000,0.061656,0.60652,0.60652,399000000,399000000,https://www.sec.gov/Archives/edgar/data/40533/000095013303002735/w88976e10vq.htm,https://www.sec.gov/Archives/edgar/data/40533/000095013303002735/w88976e10vq.htm
0,2003-03-30,GD,2003-05-06,2003-05-06 11:47:16,Q1,3421000000,2867000000,554000000,0.161941,0.0,236000000,0.0,0.0,236000000,3103000000,-8000000.0,57000000,360000000,0.105232,318000000,0.092955,4000000.0,311000000,0.090909,90000000,221000000,0.064601,0.55388,0.55388,399000000,399000000,https://www.sec.gov/Archives/edgar/data/40533/000095013303000882/w84261e10vk.htm,https://www.sec.gov/Archives/edgar/data/40533/000095013303000882/w84261e10vk.htm
0,2002-12-31,GD,2003-03-24,2003-03-24 17:21:30,Q4,3937000000,3297000000,640000000,0.16256,0.0,274000000,0.0,12261000000,274000000,3571000000,57000000,43000000,382000000,0.097028,366000000,0.092964,42000000,394000000,0.100076,125000000,157000000,0.039878,0.38958,0.38958,403000000,403000000,https://www.sec.gov/Archives/edgar/data/40533/000095013303000882/w84261e10vk.htm,https://www.sec.gov/Archives/edgar/data/40533/000095013303000882/w84261e10vk.htm
0,2002-09-29,GD,2002-11-12 00:00:00,2002-11-12 08:54:25,Q3,3284000000,2671000000,613000000,0.186663,0.0,189000000,0.0,-14000000,189000000,2860000000,-12000000,57000000,456000000,0.138855,424000000,0.129111,8000000.0,421000000,0.128197,143000000,268000000,0.081608,0.6601,0.6601,406000000,406000000,https://www.sec.gov/Archives/edgar/data/40533/000095013302003657/0000950133-02-003657-index.html,https://www.sec.gov/Archives/edgar/data/40533/000095013302003657/w64756e10vq.htm
0,2002-06-30,GD,2002-08-14 00:00:00,2002-08-14 14:59:47,Q2,3506000000,2862000000,644000000,0.183685,0.0,221000000,0.0,5858000000,221000000,3083000000,13000000,56000000,475000000,0.135482,423000000,0.12065,3000000.0,415000000,0.118369,143000000,263000000,0.075014,0.64461,0.64461,408000000,408000000,https://www.sec.gov/Archives/edgar/data/40533/000095013302002965/0000950133-02-002965-index.html,https://www.sec.gov/Archives/edgar/data/40533/000095013302002965/w63040e10vq.htm
0,2002-03-31,GD,2002-05-15 00:00:00,2002-05-15 15:22:23,Q1,3102000000,2514000000,588000000,0.189555,0.0,219000000,0.0,-1000000.0,219000000,2733000000,10000000,52000000,413000000,0.13314,369000000,0.118956,-3000000.0,354000000,0.11412,122000000,229000000,0.073823,0.56543,0.56543,405000000,405000000,https://www.sec.gov/Archives/edgar/data/40533/000095013302002008/0000950133-02-002008-index.html,https://www.sec.gov/Archives/edgar/data/40533/000095013302002008/w60644e10-q.htm
0,2001-12-31,GD,2002-03-29,2002-03-29 00:00:00,Q4,3508000000,2858000000,650000000,0.185291,0.0,246000000,0.0,-34000000,246000000,3104000000,52000000,69000000,504000000,0.143672,404000000,0.115165,-5000000.0,383000000,0.109179,137000000,246000000,0.070125,0.60591,0.60591,406000000,406000000,https://www.sec.gov/Archives/edgar/data/40533/000095013302001284/w58696e10-k405.htm,https://www.sec.gov/Archives/edgar/data/40533/000095013302001284/w58696e10-k405.htm
0,2001-09-30,GD,2001-11-13 00:00:00,2001-11-13 00:00:00,Q3,3020000000,2458000000,562000000,0.186093,0.0,186000000,0.0,0.0,186000000,2644000000,-13000000,68000000,413000000,0.136755,376000000,0.124503,-5000000.0,358000000,0.118543,128000000,230000000,0.076159,0.56511,0.56511,407000000,407000000,https://www.sec.gov/Archives/edgar/data/40533/000095013301503208/0000950133-01-503208-index.html,https://www.sec.gov/Archives/edgar/data/40533/000095013301503208/w54810e10-q.htm
0,2001-07-01,GD,2001-08-14 00:00:00,2001-08-14 00:00:00,Q2,2962000000,2382000000,580000000,0.195814,0.0,209000000,0.0,0.0,209000000,2591000000,-15000000,67000000,405000000,0.136732,371000000,0.125253,-3000000.0,353000000,0.119176,126000000,227000000,0.076637,0.55911,0.55911,406000000,406000000,https://www.sec.gov/Archives/edgar/data/40533/000095013301502302/0000950133-01-502302-index.html,https://www.sec.gov/Archives/edgar/data/40533/000095013301502302/w52274e10-q.htm
0,2001-04-01,GD,2001-05-16 00:00:00,2001-05-16 00:00:00,Q1,2673000000,2157000000,516000000,0.193042,0.0,182000000,0.0,0.0,182000000,2339000000,-12000000,60000000,378000000,0.141414,334000000,0.124953,8000000.0,330000000,0.123457,90000000,240000000,0.089787,0.59406,0.59406,404000000,404000000,https://www.sec.gov/Archives/edgar/data/40533/000095013301501214/0000950133-01-501214-index.html,https://www.sec.gov/Archives/edgar/data/40533/000095013301501214/w49173e10-q.txt
0,2000-12-31,GD,2001-03-29 00:00:00,2001-03-29 00:00:00,Q4,2691000000,2168000000,523000000,0.194352,0.0,172000000,0.0,0.0,172000000,2340000000,-8000000.0,55000000,388000000,0.144184,351000000,0.130435,-2000000.0,341000000,0.126719,122000000,219000000,0.081382,0.54613,0.54613,401000000,401000000,https://www.sec.gov/Archives/edgar/data/40533/000095013301001070/0000950133-01-001070-index.html,https://www.sec.gov/Archives/edgar/data/40533/000095013301001070/w46524e10-k.htm
0,2000-10-01,GD,2000-11-13 00:00:00,2000-11-13 00:00:00,Q3,2502000000,2010000000,492000000,0.196643,0.0,155000000,0.0,0.0,155000000,2165000000,-17000000,60000000,360000000,0.143885,337000000,0.134692,-3000000.0,317000000,0.126699,23000000,294000000,0.117506,0.73317,0.73317,401000000,401000000,https://www.sec.gov/Archives/edgar/data/40533/000095013300004466/0000950133-00-004466-index.html,https://www.sec.gov/Archives/edgar/data/40533/000095013300004466/w42338e10-q.txt
0,2000-07-02,GD,2000-08-14 00:00:00,2000-08-14 00:00:00,Q2,2617000000,2119000000,498000000,0.190294,0.0,163000000,0.0,0.0,163000000,2282000000,-16000000,55000000,357000000,0.136416,335000000,0.128009,-1000000.0,318000000,0.121513,114000000,204000000,0.077952,0.50495,0.50495,404000000,404000000,https://www.sec.gov/Archives/edgar/data/40533/000095013300003457/0000950133-00-003457-index.html,https://www.sec.gov/Archives/edgar/data/40533/000095013300003457/e10-q.txt
0,2000-04-02,GD,2000-05-12 00:00:00,2000-05-12 00:00:00,Q1,2546000000,2083000000,463000000,0.181854,0.0,157000000,0.0,0.0,157000000,2240000000,-19000000,56000000,323000000,0.126866,306000000,0.120189,-1000000.0,286000000,0.112333,102000000,184000000,0.07227,0.45432,0.45432,405000000,405000000,https://www.sec.gov/Archives/edgar/data/40533/000095013300001998/0000950133-00-001998-index.html,https://www.sec.gov/Archives/edgar/data/40533/0000950133-00-001998.txt
0,1999-12-31,GD,,,Q4,2655000000,2158000000,497000000,0.187194,0.0,169000000,0.0,0.0,169000000,2327000000,-17000000,53000000,343000000,0.12919,328000000,0.12354,-4000000.0,307000000,0.115631,109000000,198000000,0.074576,0.48889,0.48889,405000000,405000000,,
0,1999-10-03,GD,1999-11-12 00:00:00,1999-11-12 00:00:00,Q3,2215000000,1721000000,494000000,0.223025,0.0,139000000,0.0,0.0,139000000,1860000000,-6000000.0,48000000,347000000,0.156659,355000000,0.160271,-44000000,305000000,0.137698,121000000,184000000,0.08307,0.45432,0.45432,405000000,405000000,https://www.sec.gov/Archives/edgar/data/40533/000095013399003530/0000950133-99-003530-index.html,https://www.sec.gov/Archives/edgar/data/40533/0000950133-99-003530.txt
0,1999-07-04,GD,1999-08-12 00:00:00,1999-08-12 00:00:00,Q2,2087000000,1672000000,415000000,0.19885,0.0,136000000,0.0,0.0,136000000,1808000000,-5000000.0,49000000,314000000,0.150455,279000000,0.133685,-4000000.0,270000000,0.129372,95000000,175000000,0.083852,0.4321,0.4321,405000000,405000000,https://www.sec.gov/Archives/edgar/data/40533/000095013399002714/0000950133-99-002714-index.html,https://www.sec.gov/Archives/edgar/data/40533/0000950133-99-002714.txt
0,1999-04-04,GD,1999-05-18 00:00:00,1999-05-18 00:00:00,Q1,2002000000,1635000000,367000000,0.183317,0.0,126000000,0.0,0.0,126000000,1761000000,-6000000.0,43000000,281000000,0.14036,241000000,0.12038,9000000.0,244000000,0.121878,-79000000,323000000,0.161339,0.7995,0.7995,404000000,404000000,https://www.sec.gov/Archives/edgar/data/40533/000095013399001943/0000950133-99-001943-index.html,https://www.sec.gov/Archives/edgar/data/40533/0000950133-99-001943.txt
0,1998-12-31,GD,,,Q4,2208000000,1798000000,410000000,0.185688,0.0,155000000,0.0,0.0,155000000,1953000000,-3000000.0,45000000,288000000,0.130435,255000000,0.115489,-6000000.0,246000000,0.111413,86000000,160000000,0.072464,0.39506,0.39506,405000000,405000000,,
0,1998-09-27,GD,1998-11-10 00:00:00,1998-11-10 00:00:00,Q3,1798000000,1438000000,360000000,0.200222,0.0,117000000,0.0,0.0,117000000,1555000000,-3000000.0,55000000,295000000,0.164071,243000000,0.13515,3000000.0,243000000,0.13515,84000000,159000000,0.088432,0.38971,0.38971,408000000,408000000,https://www.sec.gov/Archives/edgar/data/40533/000095013398003737/0000950133-98-003737-index.html,https://www.sec.gov/Archives/edgar/data/40533/0000950133-98-003737.txt
0,1998-06-28,GD,1998-08-04 00:00:00,1998-08-04 00:00:00,Q2,2238000000,1797000000,441000000,0.197051,0.0,145000000,0.0,0.0,145000000,1942000000,-12000000,30000000,309000000,0.13807,296000000,0.132261,7000000.0,291000000,0.130027,103000000,188000000,0.084004,0.33752,0.33752,557000000,557000000,https://www.sec.gov/Archives/edgar/data/40533/000095013398002832/0000950133-98-002832-index.html,https://www.sec.gov/Archives/edgar/data/40533/0000950133-98-002832.txt
0,1998-03-29,GD,1998-05-05 00:00:00,1998-05-05 00:00:00,Q1,1154000000,938000000,216000000,0.187175,0.0,92000000,0.0,0.0,92000000,1030000000,1000000.0,31000000,156000000,0.135182,124000000,0.107452,-1000000.0,124000000,0.107452,42000000,82000000,0.071057,0.32283,0.32283,254000000,254000000,https://www.sec.gov/Archives/edgar/data/40533/000004053398000010/0000040533-98-000010-index.html,https://www.sec.gov/Archives/edgar/data/40533/0000040533-98-000010.txt
0,1997-12-31,GD,,,Q4,1101000000,0.0,0.0,0.0,0.0,0.0,0.0,984000000,984000000,984000000,8000000.0,60000000,194000000,0.176203,117000000,0.106267,1000000.0,126000000,0.114441,43000000,83000000,0.075386,0.32549,0.32549,255000000,255000000,,
0,1997-09-28,GD,1997-11-05 00:00:00,1997-11-05 00:00:00,Q3,988000000,0.0,0.0,0.0,0.0,0.0,0.0,875000000,875000000,875000000,11000000,21000000,155000000,0.156883,113000000,0.114372,-1000000.0,123000000,0.124494,41000000,82000000,0.082996,0.32283,0.32283,254000000,254000000,https://www.sec.gov/Archives/edgar/data/40533/000004053397000011/0000040533-97-000011-index.html,https://www.sec.gov/Archives/edgar/data/40533/0000040533-97-000011.txt
0,1997-06-29,GD,1997-08-12 00:00:00,1997-08-12 00:00:00,Q2,1032000000,0.0,0.0,0.0,0.0,0.0,0.0,918000000,918000000,918000000,8000000.0,22000000,152000000,0.147287,114000000,0.110465,0.0,122000000,0.118217,42000000,80000000,0.077519,0.31746,0.31746,252000000,252000000,https://www.sec.gov/Archives/edgar/data/40533/000004053397000009/0000040533-97-000009-index.html,https://www.sec.gov/Archives/edgar/data/40533/0000040533-97-000009.txt
0,1997-03-30,GD,1997-05-09 00:00:00,1997-05-09 00:00:00,Q1,941000000,0.0,0.0,0.0,0.0,0.0,0.0,839000000,839000000,839000000,9000000.0,21000000,138000000,0.146652,102000000,0.108395,-3000000.0,108000000,0.114772,37000000,71000000,0.075452,0.27953,0.27953,254000000,254000000,https://www.sec.gov/Archives/edgar/data/40533/000004053397000007/0000040533-97-000007-index.html,https://www.sec.gov/Archives/edgar/data/40533/0000040533-97-000007.txt
0,1996-12-31,GD,1997-03-21 00:00:00,1997-03-21 00:00:00,Q4,896000000,0.0,0.0,0.0,0.0,0.0,0.0,804000000,804000000,804000000,15000000,18000000,139000000,0.155134,92000000,0.102679,-1000000.0,106000000,0.118304,36000000,70000000,0.078125,0.27344,0.27344,256000000,256000000,https://www.sec.gov/Archives/edgar/data/40533/000095013397000914/0000950133-97-000914-index.html,https://www.sec.gov/Archives/edgar/data/40533/0000950133-97-000914.txt
0,1996-09-30,GD,,,Q3,862000000,0.0,0.0,0.0,0.0,0.0,0.0,773000000,773000000,773000000,14000000,20000000,137000000,0.158933,89000000,0.103248,0.0,103000000,0.11949,35000000,68000000,0.078886,0.26984,0.26984,252000000,252000000,,
0,1996-06-30,GD,1996-08-13 00:00:00,1996-08-13 00:00:00,Q2,930000000,0.0,0.0,0.0,0.0,0.0,0.0,841000000,841000000,841000000,13000000,16000000,131000000,0.14086,89000000,0.095699,0.0,102000000,0.109677,35000000,67000000,0.072043,0.26482,0.26482,253000000,253000000,https://www.sec.gov/Archives/edgar/data/40533/000004053396000005/0000040533-96-000005-index.html,https://www.sec.gov/Archives/edgar/data/40533/0000040533-96-000005.txt
0,1996-03-31,GD,1996-05-13 00:00:00,1996-05-13 00:00:00,Q1,893000000,0.0,0.0,0.0,0.0,0.0,0.0,810000000,810000000,810000000,13000000,13000000,124000000,0.138858,83000000,0.092945,2000000.0,98000000,0.109742,33000000,65000000,0.072788,0.25692,0.25692,253000000,253000000,https://www.sec.gov/Archives/edgar/data/40533/000004053396000002/0000040533-96-000002-index.html,https://www.sec.gov/Archives/edgar/data/40533/0000040533-96-000002.txt
0,1995-12-31,GD,,,Q4,893000000,0.0,0.0,0.0,0.0,0.0,0.0,810000000,810000000,810000000,13000000,12000000,146000000,0.163494,83000000,0.092945,1000000.0,97000000,0.108623,33000000,88000000,0.098544,0.35341,0.35341,249000000,249000000,,
0,1995-10-01,GD,1995-11-03 00:00:00,1995-11-03 00:00:00,Q3,718000000,0.0,0.0,0.0,0.0,0.0,0.0,641000000,641000000,641000000,14000000,9000000.0,145000000,0.20195,77000000,0.107242,2000000.0,93000000,0.129526,31000000,91000000,0.126741,0.35968,0.35968,253000000,253000000,https://www.sec.gov/Archives/edgar/data/40533/000004053395000009/0000040533-95-000009-index.html,https://www.sec.gov/Archives/edgar/data/40533/0000040533-95-000009.txt
0,1995-07-02,GD,1995-08-15 00:00:00,1995-08-15 00:00:00,Q2,703000000,0.0,0.0,0.0,0.0,0.0,0.0,627000000,627000000,627000000,15000000,9000000.0,138000000,0.196302,76000000,0.108108,2000000.0,93000000,0.13229,32000000,82000000,0.116643,0.32411,0.32411,253000000,253000000,https://www.sec.gov/Archives/edgar/data/40533/000004053395000005/0000040533-95-000005-index.html,https://www.sec.gov/Archives/edgar/data/40533/0000040533-95-000005.txt
0,1995-04-02,GD,1995-05-15 00:00:00,1995-05-15 00:00:00,Q1,753000000,0.0,0.0,0.0,0.0,0.0,0.0,674000000,674000000,674000000,13000000,8000000.0,113000000,0.150066,79000000,0.104914,0.0,92000000,0.122178,32000000,60000000,0.079681,0.23715,0.23715,253000000,253000000,https://www.sec.gov/Archives/edgar/data/40533/000004053395000002/0000040533-95-000002-index.html,https://www.sec.gov/Archives/edgar/data/40533/0000040533-95-000002.txt
0,1994-12-31,GD,1995-03-09 00:00:00,1995-03-09 00:00:00,Q4,724000000,0.0,0.0,0.0,0.0,0.0,0.0,642000000,642000000,642000000,9000000.0,9000000.0,107000000,0.14779,82000000,0.11326,-2000000.0,89000000,0.122928,31000000,58000000,0.08011,0.23016,0.23016,252000000,252000000,https://www.sec.gov/Archives/edgar/data/40533/000095013395000118/0000950133-95-000118-index.html,https://www.sec.gov/Archives/edgar/data/40533/0000950133-95-000118.txt
0,1994-10-02,GD,1994-11-16 00:00:00,1994-11-16 00:00:00,Q3,714000000,0.0,0.0,0.0,0.0,0.0,0.0,637000000,637000000,637000000,7000000.0,10000000,100000000,0.140056,77000000,0.107843,-1000000.0,83000000,0.116246,29000000,54000000,0.07563,0.21344,0.21344,253000000,253000000,https://www.sec.gov/Archives/edgar/data/40533/000004053394000007/0000040533-94-000007-index.html,https://www.sec.gov/Archives/edgar/data/40533/0000040533-94-000007.txt
0,1994-06-30,GD,1994-08-10 00:00:00,1994-08-10 00:00:00,Q2,820000000,0.0,0.0,0.0,0.0,0.0,0.0,738000000,738000000,738000000,3000000.0,11000000,115000000,0.140244,82000000,0.1,1000000.0,86000000,0.104878,30000000,71000000,0.086585,0.27953,0.27953,254000000,254000000,https://www.sec.gov/Archives/edgar/data/40533/000004053394000005/0000040533-94-000005-index.html,https://www.sec.gov/Archives/edgar/data/40533/0000040533-94-000005.txt
0,1994-03-31,GD,1994-05-12 00:00:00,1994-05-12 00:00:00,Q1,800000000,0.0,0.0,0.0,0.0,0.0,0.0,720000000,720000000,720000000,3000000.0,9000000.0,97000000,0.12125,80000000,0.1,2000000.0,85000000,0.10625,30000000,55000000,0.06875,0.21569,0.21569,255000000,255000000,https://www.sec.gov/Archives/edgar/data/40533/000004053394000003/0000040533-94-000003-index.html,https://www.sec.gov/Archives/edgar/data/40533/0000040533-94-000003.txt
