,date,symbol,fillingDate,acceptedDate,period,revenue,costOfRevenue,grossProfit,grossProfitRatio,researchAndDevelopmentExpenses,generalAndAdministrativeExpenses,sellingAndMarketingExpenses,otherExpenses,operatingExpenses,costAndExpenses,interestExpense,depreciationAndAmortization,ebitda,ebitdaratio,operatingIncome,operatingIncomeRatio,totalOtherIncomeExpensesNet,incomeBeforeTax,incomeBeforeTaxRatio,incomeTaxExpense,netIncome,netIncomeRatio,eps,epsdiluted,weightedAverageShsOut,weightedAverageShsOutDil,link,finalLink
0,2019-09-31,SCHP.PA,,2019-09-31,Q3,176104750,23915500,152189250,1.157143162214151,0.0,52464000,0.0,125250.0,21308000,161406500,3872500.0,18540500,33541250,5.250393172585995,14698250,11.981341316143078,0.0,7322500.0,24.04981222260157,2589500.0,4456250.0,39.51859747545582,0.5675,0.5675,7803930.0,7803930.0,https://www.infogreffe.com/recherche-entreprise-dirigeants/resultats-entreprise-dirigeants.html?ga_cat=globale&ga_q=S.C.H.P#phrase=S.C.H.P,https://www.infogreffe.com/recherche-entreprise-dirigeants/resultats-entreprise-dirigeants.html?ga_cat=globale&ga_q=S.C.H.P#phrase=S.C.H.P
0,2019-06-31,SCHP.PA,,2019-06-31,Q2,176104750,23915500,152189250,1.157143162214151,0.0,52464000,0.0,125250.0,21308000,161406500,3872500.0,18540500,33541250,5.250393172585995,14698250,11.981341316143078,0.0,7322500.0,24.04981222260157,2589500.0,4456250.0,39.51859747545582,0.5675,0.5675,7803930.0,7803930.0,https://www.infogreffe.com/recherche-entreprise-dirigeants/resultats-entreprise-dirigeants.html?ga_cat=globale&ga_q=S.C.H.P#phrase=S.C.H.P,https://www.infogreffe.com/recherche-entreprise-dirigeants/resultats-entreprise-dirigeants.html?ga_cat=globale&ga_q=S.C.H.P#phrase=S.C.H.P
0,2019-03-31,SCHP.PA,,2019-03-31,Q1,176104750,23915500,152189250,1.157143162214151,0.0,52464000,0.0,125250.0,21308000,161406500,3872500.0,18540500,33541250,5.250393172585995,14698250,11.981341316143078,0.0,7322500.0,24.04981222260157,2589500.0,4456250.0,39.51859747545582,0.5675,0.5675,7803930.0,7803930.0,https://www.infogreffe.com/recherche-entreprise-dirigeants/resultats-entreprise-dirigeants.html?ga_cat=globale&ga_q=S.C.H.P#phrase=S.C.H.P,https://www.infogreffe.com/recherche-entreprise-dirigeants/resultats-entreprise-dirigeants.html?ga_cat=globale&ga_q=S.C.H.P#phrase=S.C.H.P
0,2019-01-31,SCHP.PA,,2019-01-31,Q1,176104750,23915500,152189250,1.157143162214151,0.0,52464000,0.0,125250.0,21308000,161406500,3872500.0,18540500,33541250,5.250393172585995,14698250,11.981341316143078,0.0,7322500.0,24.04981222260157,2589500.0,4456250.0,39.51859747545582,0.5675,0.5675,7803930.0,7803930.0,https://www.infogreffe.com/recherche-entreprise-dirigeants/resultats-entreprise-dirigeants.html?ga_cat=globale&ga_q=S.C.H.P#phrase=S.C.H.P,https://www.infogreffe.com/recherche-entreprise-dirigeants/resultats-entreprise-dirigeants.html?ga_cat=globale&ga_q=S.C.H.P#phrase=S.C.H.P
0,2018-09-31,SCHP.PA,,2018-09-31,Q3,146327000,17506000,128821000,1.135893992439121,0.0,46527250,0.0,0.0,18173750,132467000,0.0,13113000,31716750,4.6135559286496886,13860000,10.557503607503607,0.0,6158500.0,23.76016887229033,2199750.0,3895000.0,37.56790757381258,0.5,0.5,7800004.0,7800004.0,https://www.infogreffe.com/recherche-entreprise-dirigeants/resultats-entreprise-dirigeants.html?ga_cat=globale&ga_q=S.C.H.P#phrase=S.C.H.P,https://www.infogreffe.com/recherche-entreprise-dirigeants/resultats-entreprise-dirigeants.html?ga_cat=globale&ga_q=S.C.H.P#phrase=S.C.H.P
0,2018-06-31,SCHP.PA,,2018-06-31,Q2,146327000,17506000,128821000,1.135893992439121,0.0,46527250,0.0,0.0,18173750,132467000,0.0,13113000,31716750,4.6135559286496886,13860000,10.557503607503607,0.0,6158500.0,23.76016887229033,2199750.0,3895000.0,37.56790757381258,0.5,0.5,7800004.0,7800004.0,https://www.infogreffe.com/recherche-entreprise-dirigeants/resultats-entreprise-dirigeants.html?ga_cat=globale&ga_q=S.C.H.P#phrase=S.C.H.P,https://www.infogreffe.com/recherche-entreprise-dirigeants/resultats-entreprise-dirigeants.html?ga_cat=globale&ga_q=S.C.H.P#phrase=S.C.H.P
0,2018-03-31,SCHP.PA,,2018-03-31,Q1,146327000,17506000,128821000,1.135893992439121,0.0,46527250,0.0,0.0,18173750,132467000,0.0,13113000,31716750,4.6135559286496886,13860000,10.557503607503607,0.0,6158500.0,23.76016887229033,2199750.0,3895000.0,37.56790757381258,0.5,0.5,7800004.0,7800004.0,https://www.infogreffe.com/recherche-entreprise-dirigeants/resultats-entreprise-dirigeants.html?ga_cat=globale&ga_q=S.C.H.P#phrase=S.C.H.P,https://www.infogreffe.com/recherche-entreprise-dirigeants/resultats-entreprise-dirigeants.html?ga_cat=globale&ga_q=S.C.H.P#phrase=S.C.H.P
0,2018-01-31,SCHP.PA,,2018-01-31,Q1,146327000,17506000,128821000,1.135893992439121,0.0,46527250,0.0,0.0,18173750,132467000,0.0,13113000,31716750,4.6135559286496886,13860000,10.557503607503607,0.0,6158500.0,23.76016887229033,2199750.0,3895000.0,37.56790757381258,0.5,0.5,7800004.0,7800004.0,https://www.infogreffe.com/recherche-entreprise-dirigeants/resultats-entreprise-dirigeants.html?ga_cat=globale&ga_q=S.C.H.P#phrase=S.C.H.P,https://www.infogreffe.com/recherche-entreprise-dirigeants/resultats-entreprise-dirigeants.html?ga_cat=globale&ga_q=S.C.H.P#phrase=S.C.H.P
0,2017-09-31,SCHP.PA,,2017-09-31,Q3,133616000,16656750,116959250,1.142414986416209,0.0,41369750,0.0,0.0,16676250,120017000,0.0,11435500,29421000,4.541517963359505,13599000,9.82542834031914,0.0,5935250.0,22.512278337054042,1915750.0,3838250.0,34.81169803947111,0.4925,0.4925,7800000.0,7800000.0,https://www.infogreffe.com/recherche-entreprise-dirigeants/resultats-entreprise-dirigeants.html?ga_cat=globale&ga_q=S.C.H.P#phrase=S.C.H.P,https://www.infogreffe.com/recherche-entreprise-dirigeants/resultats-entreprise-dirigeants.html?ga_cat=globale&ga_q=S.C.H.P#phrase=S.C.H.P
0,2017-06-31,SCHP.PA,,2017-06-31,Q2,133616000,16656750,116959250,1.142414986416209,0.0,41369750,0.0,0.0,16676250,120017000,0.0,11435500,29421000,4.541517963359505,13599000,9.82542834031914,0.0,5935250.0,22.512278337054042,1915750.0,3838250.0,34.81169803947111,0.4925,0.4925,7800000.0,7800000.0,https://www.infogreffe.com/recherche-entreprise-dirigeants/resultats-entreprise-dirigeants.html?ga_cat=globale&ga_q=S.C.H.P#phrase=S.C.H.P,https://www.infogreffe.com/recherche-entreprise-dirigeants/resultats-entreprise-dirigeants.html?ga_cat=globale&ga_q=S.C.H.P#phrase=S.C.H.P
0,2017-03-31,SCHP.PA,,2017-03-31,Q1,133616000,16656750,116959250,1.142414986416209,0.0,41369750,0.0,0.0,16676250,120017000,0.0,11435500,29421000,4.541517963359505,13599000,9.82542834031914,0.0,5935250.0,22.512278337054042,1915750.0,3838250.0,34.81169803947111,0.4925,0.4925,7800000.0,7800000.0,https://www.infogreffe.com/recherche-entreprise-dirigeants/resultats-entreprise-dirigeants.html?ga_cat=globale&ga_q=S.C.H.P#phrase=S.C.H.P,https://www.infogreffe.com/recherche-entreprise-dirigeants/resultats-entreprise-dirigeants.html?ga_cat=globale&ga_q=S.C.H.P#phrase=S.C.H.P
0,2017-01-31,SCHP.PA,,2017-01-31,Q1,133616000,16656750,116959250,1.142414986416209,0.0,41369750,0.0,0.0,16676250,120017000,0.0,11435500,29421000,4.541517963359505,13599000,9.82542834031914,0.0,5935250.0,22.512278337054042,1915750.0,3838250.0,34.81169803947111,0.4925,0.4925,7800000.0,7800000.0,https://www.infogreffe.com/recherche-entreprise-dirigeants/resultats-entreprise-dirigeants.html?ga_cat=globale&ga_q=S.C.H.P#phrase=S.C.H.P,https://www.infogreffe.com/recherche-entreprise-dirigeants/resultats-entreprise-dirigeants.html?ga_cat=globale&ga_q=S.C.H.P#phrase=S.C.H.P
0,2016-09-31,SCHP.PA,,2016-09-31,Q3,119564250,16608750,102955500,1.161319696373676,0.0,35509750,0.0,-6548750.0,14416500,98968000,1307250.0,16500.0,45813750,2.6097896373905214,20596250,5.8051465679431935,0.0,3863250.0,30.949136090079595,2632750.0,977000.0,122.37896622313204,0.125,0.125,7798000.0,7798000.0,https://www.infogreffe.com/recherche-entreprise-dirigeants/resultats-entreprise-dirigeants.html?ga_cat=globale&ga_q=S.C.H.P#phrase=S.C.H.P,https://www.infogreffe.com/recherche-entreprise-dirigeants/resultats-entreprise-dirigeants.html?ga_cat=globale&ga_q=S.C.H.P#phrase=S.C.H.P
0,2016-06-31,SCHP.PA,,2016-06-31,Q2,119564250,16608750,102955500,1.161319696373676,0.0,35509750,0.0,-6548750.0,14416500,98968000,1307250.0,16500.0,45813750,2.6097896373905214,20596250,5.8051465679431935,0.0,3863250.0,30.949136090079595,2632750.0,977000.0,122.37896622313204,0.125,0.125,7798000.0,7798000.0,https://www.infogreffe.com/recherche-entreprise-dirigeants/resultats-entreprise-dirigeants.html?ga_cat=globale&ga_q=S.C.H.P#phrase=S.C.H.P,https://www.infogreffe.com/recherche-entreprise-dirigeants/resultats-entreprise-dirigeants.html?ga_cat=globale&ga_q=S.C.H.P#phrase=S.C.H.P
0,2016-03-31,SCHP.PA,,2016-03-31,Q1,119564250,16608750,102955500,1.161319696373676,0.0,35509750,0.0,-6548750.0,14416500,98968000,1307250.0,16500.0,45813750,2.6097896373905214,20596250,5.8051465679431935,0.0,3863250.0,30.949136090079595,2632750.0,977000.0,122.37896622313204,0.125,0.125,7798000.0,7798000.0,https://www.infogreffe.com/recherche-entreprise-dirigeants/resultats-entreprise-dirigeants.html?ga_cat=globale&ga_q=S.C.H.P#phrase=S.C.H.P,https://www.infogreffe.com/recherche-entreprise-dirigeants/resultats-entreprise-dirigeants.html?ga_cat=globale&ga_q=S.C.H.P#phrase=S.C.H.P
0,2016-01-31,SCHP.PA,,2016-01-31,Q1,119564250,16608750,102955500,1.161319696373676,0.0,35509750,0.0,-6548750.0,14416500,98968000,1307250.0,16500.0,45813750,2.6097896373905214,20596250,5.8051465679431935,0.0,3863250.0,30.949136090079595,2632750.0,977000.0,122.37896622313204,0.125,0.125,7798000.0,7798000.0,https://www.infogreffe.com/recherche-entreprise-dirigeants/resultats-entreprise-dirigeants.html?ga_cat=globale&ga_q=S.C.H.P#phrase=S.C.H.P,https://www.infogreffe.com/recherche-entreprise-dirigeants/resultats-entreprise-dirigeants.html?ga_cat=globale&ga_q=S.C.H.P#phrase=S.C.H.P
0,2015-09-31,SCHP.PA,,2015-09-31,Q3,115227500,16740500,98487000,1.16997674820027,0.0,34027500,0.0,0.0,13434500,93257000,0.0,0.0,43841500,2.6282745800212126,21970500,5.244646230172276,0.0,6603250.0,17.450119259455573,2118000.0,4205500.0,27.399239091665677,0.5125,0.5125,8223816.0,8223816.0,https://www.infogreffe.com/recherche-entreprise-dirigeants/resultats-entreprise-dirigeants.html?ga_cat=globale&ga_q=S.C.H.P#phrase=S.C.H.P,https://www.infogreffe.com/recherche-entreprise-dirigeants/resultats-entreprise-dirigeants.html?ga_cat=globale&ga_q=S.C.H.P#phrase=S.C.H.P
0,2015-06-31,SCHP.PA,,2015-06-31,Q2,115227500,16740500,98487000,1.16997674820027,0.0,34027500,0.0,0.0,13434500,93257000,0.0,0.0,43841500,2.6282745800212126,21970500,5.244646230172276,0.0,6603250.0,17.450119259455573,2118000.0,4205500.0,27.399239091665677,0.5125,0.5125,8223816.0,8223816.0,https://www.infogreffe.com/recherche-entreprise-dirigeants/resultats-entreprise-dirigeants.html?ga_cat=globale&ga_q=S.C.H.P#phrase=S.C.H.P,https://www.infogreffe.com/recherche-entreprise-dirigeants/resultats-entreprise-dirigeants.html?ga_cat=globale&ga_q=S.C.H.P#phrase=S.C.H.P
0,2015-03-31,SCHP.PA,,2015-03-31,Q1,115227500,16740500,98487000,1.16997674820027,0.0,34027500,0.0,0.0,13434500,93257000,0.0,0.0,43841500,2.6282745800212126,21970500,5.244646230172276,0.0,6603250.0,17.450119259455573,2118000.0,4205500.0,27.399239091665677,0.5125,0.5125,8223816.0,8223816.0,https://www.infogreffe.com/recherche-entreprise-dirigeants/resultats-entreprise-dirigeants.html?ga_cat=globale&ga_q=S.C.H.P#phrase=S.C.H.P,https://www.infogreffe.com/recherche-entreprise-dirigeants/resultats-entreprise-dirigeants.html?ga_cat=globale&ga_q=S.C.H.P#phrase=S.C.H.P
0,2015-01-31,SCHP.PA,,2015-01-31,Q1,115227500,16740500,98487000,1.16997674820027,0.0,34027500,0.0,0.0,13434500,93257000,0.0,0.0,43841500,2.6282745800212126,21970500,5.244646230172276,0.0,6603250.0,17.450119259455573,2118000.0,4205500.0,27.399239091665677,0.5125,0.5125,8223816.0,8223816.0,https://www.infogreffe.com/recherche-entreprise-dirigeants/resultats-entreprise-dirigeants.html?ga_cat=globale&ga_q=S.C.H.P#phrase=S.C.H.P,https://www.infogreffe.com/recherche-entreprise-dirigeants/resultats-entreprise-dirigeants.html?ga_cat=globale&ga_q=S.C.H.P#phrase=S.C.H.P
0,2014-09-31,SCHP.PA,,2014-09-31,Q3,111184250,17227250,93957000,1.1833524910331321,0.0,34497500,0.0,0.0,13733250,100710250,0.0,8396000.0,21852250,5.088000091523756,10474000,10.61526160015276,0.0,4727250.0,23.519858268549367,1782750.0,2461000.0,45.17848435595287,0.2875,0.2875,8571843.0,8571843.0,https://www.infogreffe.com/recherche-entreprise-dirigeants/resultats-entreprise-dirigeants.html?ga_cat=globale&ga_q=S.C.H.P#phrase=S.C.H.P,https://www.infogreffe.com/recherche-entreprise-dirigeants/resultats-entreprise-dirigeants.html?ga_cat=globale&ga_q=S.C.H.P#phrase=S.C.H.P
0,2014-06-31,SCHP.PA,,2014-06-31,Q2,111184250,17227250,93957000,1.1833524910331321,0.0,34497500,0.0,0.0,13733250,100710250,0.0,8396000.0,21852250,5.088000091523756,10474000,10.61526160015276,0.0,4727250.0,23.519858268549367,1782750.0,2461000.0,45.17848435595287,0.2875,0.2875,8571843.0,8571843.0,https://www.infogreffe.com/recherche-entreprise-dirigeants/resultats-entreprise-dirigeants.html?ga_cat=globale&ga_q=S.C.H.P#phrase=S.C.H.P,https://www.infogreffe.com/recherche-entreprise-dirigeants/resultats-entreprise-dirigeants.html?ga_cat=globale&ga_q=S.C.H.P#phrase=S.C.H.P
0,2014-03-31,SCHP.PA,,2014-03-31,Q1,111184250,17227250,93957000,1.1833524910331321,0.0,34497500,0.0,0.0,13733250,100710250,0.0,8396000.0,21852250,5.088000091523756,10474000,10.61526160015276,0.0,4727250.0,23.519858268549367,1782750.0,2461000.0,45.17848435595287,0.2875,0.2875,8571843.0,8571843.0,https://www.infogreffe.com/recherche-entreprise-dirigeants/resultats-entreprise-dirigeants.html?ga_cat=globale&ga_q=S.C.H.P#phrase=S.C.H.P,https://www.infogreffe.com/recherche-entreprise-dirigeants/resultats-entreprise-dirigeants.html?ga_cat=globale&ga_q=S.C.H.P#phrase=S.C.H.P
0,2014-01-31,SCHP.PA,,2014-01-31,Q1,111184250,17227250,93957000,1.1833524910331321,0.0,34497500,0.0,0.0,13733250,100710250,0.0,8396000.0,21852250,5.088000091523756,10474000,10.61526160015276,0.0,4727250.0,23.519858268549367,1782750.0,2461000.0,45.17848435595287,0.2875,0.2875,8571843.0,8571843.0,https://www.infogreffe.com/recherche-entreprise-dirigeants/resultats-entreprise-dirigeants.html?ga_cat=globale&ga_q=S.C.H.P#phrase=S.C.H.P,https://www.infogreffe.com/recherche-entreprise-dirigeants/resultats-entreprise-dirigeants.html?ga_cat=globale&ga_q=S.C.H.P#phrase=S.C.H.P
0,2013-09-31,SCHP.PA,,2013-09-31,Q3,117270500,18335000,98935500,1.1853227607885946,0.0,37524250,0.0,0.0,13638250,105309500,3003750.0,8020750.0,24555000,4.775829769904297,11961000,9.804405986121562,0.0,4968000.0,23.6051731078905,1686750.0,2171250.0,54.01059297639608,0.2525,0.2525,8575000.0,8575000.0,https://www.infogreffe.com/recherche-entreprise-dirigeants/resultats-entreprise-dirigeants.html?ga_cat=globale&ga_q=S.C.H.P#phrase=S.C.H.P,https://www.infogreffe.com/recherche-entreprise-dirigeants/resultats-entreprise-dirigeants.html?ga_cat=globale&ga_q=S.C.H.P#phrase=S.C.H.P
0,2013-06-31,SCHP.PA,,2013-06-31,Q2,117270500,18335000,98935500,1.1853227607885946,0.0,37524250,0.0,0.0,13638250,105309500,3003750.0,8020750.0,24555000,4.775829769904297,11961000,9.804405986121562,0.0,4968000.0,23.6051731078905,1686750.0,2171250.0,54.01059297639608,0.2525,0.2525,8575000.0,8575000.0,https://www.infogreffe.com/recherche-entreprise-dirigeants/resultats-entreprise-dirigeants.html?ga_cat=globale&ga_q=S.C.H.P#phrase=S.C.H.P,https://www.infogreffe.com/recherche-entreprise-dirigeants/resultats-entreprise-dirigeants.html?ga_cat=globale&ga_q=S.C.H.P#phrase=S.C.H.P
0,2013-03-31,SCHP.PA,,2013-03-31,Q1,117270500,18335000,98935500,1.1853227607885946,0.0,37524250,0.0,0.0,13638250,105309500,3003750.0,8020750.0,24555000,4.775829769904297,11961000,9.804405986121562,0.0,4968000.0,23.6051731078905,1686750.0,2171250.0,54.01059297639608,0.2525,0.2525,8575000.0,8575000.0,https://www.infogreffe.com/recherche-entreprise-dirigeants/resultats-entreprise-dirigeants.html?ga_cat=globale&ga_q=S.C.H.P#phrase=S.C.H.P,https://www.infogreffe.com/recherche-entreprise-dirigeants/resultats-entreprise-dirigeants.html?ga_cat=globale&ga_q=S.C.H.P#phrase=S.C.H.P
0,2013-01-31,SCHP.PA,,2013-01-31,Q1,117270500,18335000,98935500,1.1853227607885946,0.0,37524250,0.0,0.0,13638250,105309500,3003750.0,8020750.0,24555000,4.775829769904297,11961000,9.804405986121562,0.0,4968000.0,23.6051731078905,1686750.0,2171250.0,54.01059297639608,0.2525,0.2525,8575000.0,8575000.0,https://www.infogreffe.com/recherche-entreprise-dirigeants/resultats-entreprise-dirigeants.html?ga_cat=globale&ga_q=S.C.H.P#phrase=S.C.H.P,https://www.infogreffe.com/recherche-entreprise-dirigeants/resultats-entreprise-dirigeants.html?ga_cat=globale&ga_q=S.C.H.P#phrase=S.C.H.P
0,2012-09-31,SCHP.PA,,2012-09-31,Q3,110470250,16239250,94231000,1.1723344759155692,0.0,34896000,0.0,109500.0,14890250,100007000,2684750.0,8334500.0,100907250,1.0947701973842316,10463250,10.557928941772394,0.0,-31793250,-3.474644775227446,-13501750,-20594250,-5.364130764655183,-2.4025,-2.4025,8574828.0,8574828.0,https://www.infogreffe.com/recherche-entreprise-dirigeants/resultats-entreprise-dirigeants.html?ga_cat=globale&ga_q=S.C.H.P#phrase=S.C.H.P,https://www.infogreffe.com/recherche-entreprise-dirigeants/resultats-entreprise-dirigeants.html?ga_cat=globale&ga_q=S.C.H.P#phrase=S.C.H.P
0,2012-06-31,SCHP.PA,,2012-06-31,Q2,110470250,16239250,94231000,1.1723344759155692,0.0,34896000,0.0,109500.0,14890250,100007000,2684750.0,8334500.0,100907250,1.0947701973842316,10463250,10.557928941772394,0.0,-31793250,-3.474644775227446,-13501750,-20594250,-5.364130764655183,-2.4025,-2.4025,8574828.0,8574828.0,https://www.infogreffe.com/recherche-entreprise-dirigeants/resultats-entreprise-dirigeants.html?ga_cat=globale&ga_q=S.C.H.P#phrase=S.C.H.P,https://www.infogreffe.com/recherche-entreprise-dirigeants/resultats-entreprise-dirigeants.html?ga_cat=globale&ga_q=S.C.H.P#phrase=S.C.H.P
0,2012-03-31,SCHP.PA,,2012-03-31,Q1,110470250,16239250,94231000,1.1723344759155692,0.0,34896000,0.0,109500.0,14890250,100007000,2684750.0,8334500.0,100907250,1.0947701973842316,10463250,10.557928941772394,0.0,-31793250,-3.474644775227446,-13501750,-20594250,-5.364130764655183,-2.4025,-2.4025,8574828.0,8574828.0,https://www.infogreffe.com/recherche-entreprise-dirigeants/resultats-entreprise-dirigeants.html?ga_cat=globale&ga_q=S.C.H.P#phrase=S.C.H.P,https://www.infogreffe.com/recherche-entreprise-dirigeants/resultats-entreprise-dirigeants.html?ga_cat=globale&ga_q=S.C.H.P#phrase=S.C.H.P
0,2012-01-31,SCHP.PA,,2012-01-31,Q1,110470250,16239250,94231000,1.1723344759155692,0.0,34896000,0.0,109500.0,14890250,100007000,2684750.0,8334500.0,100907250,1.0947701973842316,10463250,10.557928941772394,0.0,-31793250,-3.474644775227446,-13501750,-20594250,-5.364130764655183,-2.4025,-2.4025,8574828.0,8574828.0,https://www.infogreffe.com/recherche-entreprise-dirigeants/resultats-entreprise-dirigeants.html?ga_cat=globale&ga_q=S.C.H.P#phrase=S.C.H.P,https://www.infogreffe.com/recherche-entreprise-dirigeants/resultats-entreprise-dirigeants.html?ga_cat=globale&ga_q=S.C.H.P#phrase=S.C.H.P
0,2011-09-31,SCHP.PA,,2011-09-31,Q3,106039500,52718500,53321000,1.9887005119933985,0.0,0.0,0.0,0.0,10359000,92098000,0.0,8009500.0,22097750,4.798655971761831,13941500,7.606032349460245,0.0,15874500,6.679863932722291,4872250.0,3964000.0,26.750630676084764,0.4625,0.4625,8577535.0,8577535.0,https://www.infogreffe.com/recherche-entreprise-dirigeants/resultats-entreprise-dirigeants.html?ga_cat=globale&ga_q=S.C.H.P#phrase=S.C.H.P,https://www.infogreffe.com/recherche-entreprise-dirigeants/resultats-entreprise-dirigeants.html?ga_cat=globale&ga_q=S.C.H.P#phrase=S.C.H.P
0,2011-06-31,SCHP.PA,,2011-06-31,Q2,106039500,52718500,53321000,1.9887005119933985,0.0,0.0,0.0,0.0,10359000,92098000,0.0,8009500.0,22097750,4.798655971761831,13941500,7.606032349460245,0.0,15874500,6.679863932722291,4872250.0,3964000.0,26.750630676084764,0.4625,0.4625,8577535.0,8577535.0,https://www.infogreffe.com/recherche-entreprise-dirigeants/resultats-entreprise-dirigeants.html?ga_cat=globale&ga_q=S.C.H.P#phrase=S.C.H.P,https://www.infogreffe.com/recherche-entreprise-dirigeants/resultats-entreprise-dirigeants.html?ga_cat=globale&ga_q=S.C.H.P#phrase=S.C.H.P
0,2011-03-31,SCHP.PA,,2011-03-31,Q1,106039500,52718500,53321000,1.9887005119933985,0.0,0.0,0.0,0.0,10359000,92098000,0.0,8009500.0,22097750,4.798655971761831,13941500,7.606032349460245,0.0,15874500,6.679863932722291,4872250.0,3964000.0,26.750630676084764,0.4625,0.4625,8577535.0,8577535.0,https://www.infogreffe.com/recherche-entreprise-dirigeants/resultats-entreprise-dirigeants.html?ga_cat=globale&ga_q=S.C.H.P#phrase=S.C.H.P,https://www.infogreffe.com/recherche-entreprise-dirigeants/resultats-entreprise-dirigeants.html?ga_cat=globale&ga_q=S.C.H.P#phrase=S.C.H.P
0,2011-01-31,SCHP.PA,,2011-01-31,Q1,106039500,52718500,53321000,1.9887005119933985,0.0,0.0,0.0,0.0,10359000,92098000,0.0,8009500.0,22097750,4.798655971761831,13941500,7.606032349460245,0.0,15874500,6.679863932722291,4872250.0,3964000.0,26.750630676084764,0.4625,0.4625,8577535.0,8577535.0,https://www.infogreffe.com/recherche-entreprise-dirigeants/resultats-entreprise-dirigeants.html?ga_cat=globale&ga_q=S.C.H.P#phrase=S.C.H.P,https://www.infogreffe.com/recherche-entreprise-dirigeants/resultats-entreprise-dirigeants.html?ga_cat=globale&ga_q=S.C.H.P#phrase=S.C.H.P
0,2010-09-31,SCHP.PA,,2010-09-31,Q3,100530500,47665000,52865500,1.901627715617936,0.0,0.0,0.0,-5306500.0,7181500.0,84329500,2243000.0,8374250.0,17979750,5.591318010539635,16201000,6.205203382507253,0.0,6724000.0,14.950996430696014,5306500.0,6841500.0,14.69421910399766,0.7975,0.7975,8572898.0,8572898.0,https://www.infogreffe.com/recherche-entreprise-dirigeants/resultats-entreprise-dirigeants.html?ga_cat=globale&ga_q=S.C.H.P#phrase=S.C.H.P,https://www.infogreffe.com/recherche-entreprise-dirigeants/resultats-entreprise-dirigeants.html?ga_cat=globale&ga_q=S.C.H.P#phrase=S.C.H.P
0,2010-06-31,SCHP.PA,,2010-06-31,Q2,100530500,47665000,52865500,1.901627715617936,0.0,0.0,0.0,-5306500.0,7181500.0,84329500,2243000.0,8374250.0,17979750,5.591318010539635,16201000,6.205203382507253,0.0,6724000.0,14.950996430696014,5306500.0,6841500.0,14.69421910399766,0.7975,0.7975,8572898.0,8572898.0,https://www.infogreffe.com/recherche-entreprise-dirigeants/resultats-entreprise-dirigeants.html?ga_cat=globale&ga_q=S.C.H.P#phrase=S.C.H.P,https://www.infogreffe.com/recherche-entreprise-dirigeants/resultats-entreprise-dirigeants.html?ga_cat=globale&ga_q=S.C.H.P#phrase=S.C.H.P
0,2010-03-31,SCHP.PA,,2010-03-31,Q1,100530500,47665000,52865500,1.901627715617936,0.0,0.0,0.0,-5306500.0,7181500.0,84329500,2243000.0,8374250.0,17979750,5.591318010539635,16201000,6.205203382507253,0.0,6724000.0,14.950996430696014,5306500.0,6841500.0,14.69421910399766,0.7975,0.7975,8572898.0,8572898.0,https://www.infogreffe.com/recherche-entreprise-dirigeants/resultats-entreprise-dirigeants.html?ga_cat=globale&ga_q=S.C.H.P#phrase=S.C.H.P,https://www.infogreffe.com/recherche-entreprise-dirigeants/resultats-entreprise-dirigeants.html?ga_cat=globale&ga_q=S.C.H.P#phrase=S.C.H.P
0,2010-01-31,SCHP.PA,,2010-01-31,Q1,100530500,47665000,52865500,1.901627715617936,0.0,0.0,0.0,-5306500.0,7181500.0,84329500,2243000.0,8374250.0,17979750,5.591318010539635,16201000,6.205203382507253,0.0,6724000.0,14.950996430696014,5306500.0,6841500.0,14.69421910399766,0.7975,0.7975,8572898.0,8572898.0,https://www.infogreffe.com/recherche-entreprise-dirigeants/resultats-entreprise-dirigeants.html?ga_cat=globale&ga_q=S.C.H.P#phrase=S.C.H.P,https://www.infogreffe.com/recherche-entreprise-dirigeants/resultats-entreprise-dirigeants.html?ga_cat=globale&ga_q=S.C.H.P#phrase=S.C.H.P
0,2009-09-31,SCHP.PA,,2009-09-31,Q3,91416500,40357500,51059000,1.790409134530641,0.0,0.0,0.0,-64000.0,6594500.0,75484500,2738500.0,8054000.0,27285500,3.350369243737516,15932000,5.737917398945519,0.0,16493000,5.542745407142424,4552500.0,6214750.0,14.709602156160747,0.725,0.725,8573000.0,8573000.0,https://www.infogreffe.com/recherche-entreprise-dirigeants/resultats-entreprise-dirigeants.html?ga_cat=globale&ga_q=S.C.H.P#phrase=S.C.H.P,https://www.infogreffe.com/recherche-entreprise-dirigeants/resultats-entreprise-dirigeants.html?ga_cat=globale&ga_q=S.C.H.P#phrase=S.C.H.P
0,2009-06-31,SCHP.PA,,2009-06-31,Q2,91416500,40357500,51059000,1.790409134530641,0.0,0.0,0.0,-64000.0,6594500.0,75484500,2738500.0,8054000.0,27285500,3.350369243737516,15932000,5.737917398945519,0.0,16493000,5.542745407142424,4552500.0,6214750.0,14.709602156160747,0.725,0.725,8573000.0,8573000.0,https://www.infogreffe.com/recherche-entreprise-dirigeants/resultats-entreprise-dirigeants.html?ga_cat=globale&ga_q=S.C.H.P#phrase=S.C.H.P,https://www.infogreffe.com/recherche-entreprise-dirigeants/resultats-entreprise-dirigeants.html?ga_cat=globale&ga_q=S.C.H.P#phrase=S.C.H.P
0,2009-03-31,SCHP.PA,,2009-03-31,Q1,91416500,40357500,51059000,1.790409134530641,0.0,0.0,0.0,-64000.0,6594500.0,75484500,2738500.0,8054000.0,27285500,3.350369243737516,15932000,5.737917398945519,0.0,16493000,5.542745407142424,4552500.0,6214750.0,14.709602156160747,0.725,0.725,8573000.0,8573000.0,https://www.infogreffe.com/recherche-entreprise-dirigeants/resultats-entreprise-dirigeants.html?ga_cat=globale&ga_q=S.C.H.P#phrase=S.C.H.P,https://www.infogreffe.com/recherche-entreprise-dirigeants/resultats-entreprise-dirigeants.html?ga_cat=globale&ga_q=S.C.H.P#phrase=S.C.H.P
0,2009-01-31,SCHP.PA,,2009-01-31,Q1,91416500,40357500,51059000,1.790409134530641,0.0,0.0,0.0,-64000.0,6594500.0,75484500,2738500.0,8054000.0,27285500,3.350369243737516,15932000,5.737917398945519,0.0,16493000,5.542745407142424,4552500.0,6214750.0,14.709602156160747,0.725,0.725,8573000.0,8573000.0,https://www.infogreffe.com/recherche-entreprise-dirigeants/resultats-entreprise-dirigeants.html?ga_cat=globale&ga_q=S.C.H.P#phrase=S.C.H.P,https://www.infogreffe.com/recherche-entreprise-dirigeants/resultats-entreprise-dirigeants.html?ga_cat=globale&ga_q=S.C.H.P#phrase=S.C.H.P
0,2008-09-31,SCHP.PA,,2008-09-31,Q3,95798000,13584500,82213500,1.165234420137812,0.0,31677500,0.0,67750.0,4637750.0,79448000,906250.0,9275250.0,23068000,4.15285243627536,16350000,5.8592048929663605,0.0,12886500,7.433981298257867,5027250.0,7859250.0,12.189203804434266,0.9175,0.9175,8634470.0,8634470.0,https://www.infogreffe.com/recherche-entreprise-dirigeants/resultats-entreprise-dirigeants.html?ga_cat=globale&ga_q=S.C.H.P#phrase=S.C.H.P,https://www.infogreffe.com/recherche-entreprise-dirigeants/resultats-entreprise-dirigeants.html?ga_cat=globale&ga_q=S.C.H.P#phrase=S.C.H.P
0,2008-06-31,SCHP.PA,,2008-06-31,Q2,95798000,13584500,82213500,1.165234420137812,0.0,31677500,0.0,67750.0,4637750.0,79448000,906250.0,9275250.0,23068000,4.15285243627536,16350000,5.8592048929663605,0.0,12886500,7.433981298257867,5027250.0,7859250.0,12.189203804434266,0.9175,0.9175,8634470.0,8634470.0,https://www.infogreffe.com/recherche-entreprise-dirigeants/resultats-entreprise-dirigeants.html?ga_cat=globale&ga_q=S.C.H.P#phrase=S.C.H.P,https://www.infogreffe.com/recherche-entreprise-dirigeants/resultats-entreprise-dirigeants.html?ga_cat=globale&ga_q=S.C.H.P#phrase=S.C.H.P
0,2008-03-31,SCHP.PA,,2008-03-31,Q1,95798000,13584500,82213500,1.165234420137812,0.0,31677500,0.0,67750.0,4637750.0,79448000,906250.0,9275250.0,23068000,4.15285243627536,16350000,5.8592048929663605,0.0,12886500,7.433981298257867,5027250.0,7859250.0,12.189203804434266,0.9175,0.9175,8634470.0,8634470.0,https://www.infogreffe.com/recherche-entreprise-dirigeants/resultats-entreprise-dirigeants.html?ga_cat=globale&ga_q=S.C.H.P#phrase=S.C.H.P,https://www.infogreffe.com/recherche-entreprise-dirigeants/resultats-entreprise-dirigeants.html?ga_cat=globale&ga_q=S.C.H.P#phrase=S.C.H.P
0,2008-01-31,SCHP.PA,,2008-01-31,Q1,95798000,13584500,82213500,1.165234420137812,0.0,31677500,0.0,67750.0,4637750.0,79448000,906250.0,9275250.0,23068000,4.15285243627536,16350000,5.8592048929663605,0.0,12886500,7.433981298257867,5027250.0,7859250.0,12.189203804434266,0.9175,0.9175,8634470.0,8634470.0,https://www.infogreffe.com/recherche-entreprise-dirigeants/resultats-entreprise-dirigeants.html?ga_cat=globale&ga_q=S.C.H.P#phrase=S.C.H.P,https://www.infogreffe.com/recherche-entreprise-dirigeants/resultats-entreprise-dirigeants.html?ga_cat=globale&ga_q=S.C.H.P#phrase=S.C.H.P
0,2007-09-31,SCHP.PA,,2007-09-31,Q3,93417000,6164500.0,87252500,1.0706512707372282,0.0,36220750,0.0,-31500.0,6514250.0,78157250,1131500.0,10212750,22099000,4.2272048508982305,15259750,6.12179098609086,0.0,10754750,8.686115437364885,4850750.0,5904000.0,15.822662601626016,0.695,0.695,8448595.0,8448595.0,https://www.infogreffe.com/recherche-entreprise-dirigeants/resultats-entreprise-dirigeants.html?ga_cat=globale&ga_q=S.C.H.P#phrase=S.C.H.P,https://www.infogreffe.com/recherche-entreprise-dirigeants/resultats-entreprise-dirigeants.html?ga_cat=globale&ga_q=S.C.H.P#phrase=S.C.H.P
0,2007-06-31,SCHP.PA,,2007-06-31,Q2,93417000,6164500.0,87252500,1.0706512707372282,0.0,36220750,0.0,-31500.0,6514250.0,78157250,1131500.0,10212750,22099000,4.2272048508982305,15259750,6.12179098609086,0.0,10754750,8.686115437364885,4850750.0,5904000.0,15.822662601626016,0.695,0.695,8448595.0,8448595.0,https://www.infogreffe.com/recherche-entreprise-dirigeants/resultats-entreprise-dirigeants.html?ga_cat=globale&ga_q=S.C.H.P#phrase=S.C.H.P,https://www.infogreffe.com/recherche-entreprise-dirigeants/resultats-entreprise-dirigeants.html?ga_cat=globale&ga_q=S.C.H.P#phrase=S.C.H.P
0,2007-03-31,SCHP.PA,,2007-03-31,Q1,93417000,6164500.0,87252500,1.0706512707372282,0.0,36220750,0.0,-31500.0,6514250.0,78157250,1131500.0,10212750,22099000,4.2272048508982305,15259750,6.12179098609086,0.0,10754750,8.686115437364885,4850750.0,5904000.0,15.822662601626016,0.695,0.695,8448595.0,8448595.0,https://www.infogreffe.com/recherche-entreprise-dirigeants/resultats-entreprise-dirigeants.html?ga_cat=globale&ga_q=S.C.H.P#phrase=S.C.H.P,https://www.infogreffe.com/recherche-entreprise-dirigeants/resultats-entreprise-dirigeants.html?ga_cat=globale&ga_q=S.C.H.P#phrase=S.C.H.P
0,2007-01-31,SCHP.PA,,2007-01-31,Q1,93417000,6164500.0,87252500,1.0706512707372282,0.0,36220750,0.0,-31500.0,6514250.0,78157250,1131500.0,10212750,22099000,4.2272048508982305,15259750,6.12179098609086,0.0,10754750,8.686115437364885,4850750.0,5904000.0,15.822662601626016,0.695,0.695,8448595.0,8448595.0,https://www.infogreffe.com/recherche-entreprise-dirigeants/resultats-entreprise-dirigeants.html?ga_cat=globale&ga_q=S.C.H.P#phrase=S.C.H.P,https://www.infogreffe.com/recherche-entreprise-dirigeants/resultats-entreprise-dirigeants.html?ga_cat=globale&ga_q=S.C.H.P#phrase=S.C.H.P
0,2006-09-31,SCHP.PA,,2006-09-31,Q3,94823000,45598250,49224750,1.92632771116156,0.0,19017500,0.0,-859250.0,14660500,79276250,0.0,0.0,15680750,6.047095961608979,15546750,6.099216878125653,0.0,13313000,7.122586945091264,4852250.0,8579250.0,11.052597837806335,1.0675,0.9925,8038462.0,8038462.0,https://www.infogreffe.com/recherche-entreprise-dirigeants/resultats-entreprise-dirigeants.html?ga_cat=globale&ga_q=S.C.H.P#phrase=S.C.H.P,https://www.infogreffe.com/recherche-entreprise-dirigeants/resultats-entreprise-dirigeants.html?ga_cat=globale&ga_q=S.C.H.P#phrase=S.C.H.P
0,2006-06-31,SCHP.PA,,2006-06-31,Q2,94823000,45598250,49224750,1.92632771116156,0.0,19017500,0.0,-859250.0,14660500,79276250,0.0,0.0,15680750,6.047095961608979,15546750,6.099216878125653,0.0,13313000,7.122586945091264,4852250.0,8579250.0,11.052597837806335,1.0675,0.9925,8038462.0,8038462.0,https://www.infogreffe.com/recherche-entreprise-dirigeants/resultats-entreprise-dirigeants.html?ga_cat=globale&ga_q=S.C.H.P#phrase=S.C.H.P,https://www.infogreffe.com/recherche-entreprise-dirigeants/resultats-entreprise-dirigeants.html?ga_cat=globale&ga_q=S.C.H.P#phrase=S.C.H.P
0,2006-03-31,SCHP.PA,,2006-03-31,Q1,94823000,45598250,49224750,1.92632771116156,0.0,19017500,0.0,-859250.0,14660500,79276250,0.0,0.0,15680750,6.047095961608979,15546750,6.099216878125653,0.0,13313000,7.122586945091264,4852250.0,8579250.0,11.052597837806335,1.0675,0.9925,8038462.0,8038462.0,https://www.infogreffe.com/recherche-entreprise-dirigeants/resultats-entreprise-dirigeants.html?ga_cat=globale&ga_q=S.C.H.P#phrase=S.C.H.P,https://www.infogreffe.com/recherche-entreprise-dirigeants/resultats-entreprise-dirigeants.html?ga_cat=globale&ga_q=S.C.H.P#phrase=S.C.H.P
0,2006-01-31,SCHP.PA,,2006-01-31,Q1,94823000,45598250,49224750,1.92632771116156,0.0,19017500,0.0,-859250.0,14660500,79276250,0.0,0.0,15680750,6.047095961608979,15546750,6.099216878125653,0.0,13313000,7.122586945091264,4852250.0,8579250.0,11.052597837806335,1.0675,0.9925,8038462.0,8038462.0,https://www.infogreffe.com/recherche-entreprise-dirigeants/resultats-entreprise-dirigeants.html?ga_cat=globale&ga_q=S.C.H.P#phrase=S.C.H.P,https://www.infogreffe.com/recherche-entreprise-dirigeants/resultats-entreprise-dirigeants.html?ga_cat=globale&ga_q=S.C.H.P#phrase=S.C.H.P
0,2005-09-31,SCHP.PA,,2005-09-31,Q3,84484500,40215500,44269000,1.9084347963586257,0.0,17717500,0.0,-5721750.0,14421250,72354250,0.0,0.0,12130250,6.964778137301375,12130250,6.964778137301375,0.0,4846000.0,17.433862979777135,-3230750.0,8137500.0,10.382119815668203,1.0125,1.0125,8038462.0,8038462.0,https://www.infogreffe.com/recherche-entreprise-dirigeants/resultats-entreprise-dirigeants.html?ga_cat=globale&ga_q=S.C.H.P#phrase=S.C.H.P,https://www.infogreffe.com/recherche-entreprise-dirigeants/resultats-entreprise-dirigeants.html?ga_cat=globale&ga_q=S.C.H.P#phrase=S.C.H.P
0,2005-06-31,SCHP.PA,,2005-06-31,Q2,84484500,40215500,44269000,1.9084347963586257,0.0,17717500,0.0,-5721750.0,14421250,72354250,0.0,0.0,12130250,6.964778137301375,12130250,6.964778137301375,0.0,4846000.0,17.433862979777135,-3230750.0,8137500.0,10.382119815668203,1.0125,1.0125,8038462.0,8038462.0,https://www.infogreffe.com/recherche-entreprise-dirigeants/resultats-entreprise-dirigeants.html?ga_cat=globale&ga_q=S.C.H.P#phrase=S.C.H.P,https://www.infogreffe.com/recherche-entreprise-dirigeants/resultats-entreprise-dirigeants.html?ga_cat=globale&ga_q=S.C.H.P#phrase=S.C.H.P
0,2005-03-31,SCHP.PA,,2005-03-31,Q1,84484500,40215500,44269000,1.9084347963586257,0.0,17717500,0.0,-5721750.0,14421250,72354250,0.0,0.0,12130250,6.964778137301375,12130250,6.964778137301375,0.0,4846000.0,17.433862979777135,-3230750.0,8137500.0,10.382119815668203,1.0125,1.0125,8038462.0,8038462.0,https://www.infogreffe.com/recherche-entreprise-dirigeants/resultats-entreprise-dirigeants.html?ga_cat=globale&ga_q=S.C.H.P#phrase=S.C.H.P,https://www.infogreffe.com/recherche-entreprise-dirigeants/resultats-entreprise-dirigeants.html?ga_cat=globale&ga_q=S.C.H.P#phrase=S.C.H.P
0,2005-01-31,SCHP.PA,,2005-01-31,Q1,84484500,40215500,44269000,1.9084347963586257,0.0,17717500,0.0,-5721750.0,14421250,72354250,0.0,0.0,12130250,6.964778137301375,12130250,6.964778137301375,0.0,4846000.0,17.433862979777135,-3230750.0,8137500.0,10.382119815668203,1.0125,1.0125,8038462.0,8038462.0,https://www.infogreffe.com/recherche-entreprise-dirigeants/resultats-entreprise-dirigeants.html?ga_cat=globale&ga_q=S.C.H.P#phrase=S.C.H.P,https://www.infogreffe.com/recherche-entreprise-dirigeants/resultats-entreprise-dirigeants.html?ga_cat=globale&ga_q=S.C.H.P#phrase=S.C.H.P
0,2004-09-31,SCHP.PA,,2004-09-31,Q3,83001750,41100000,41901750,1.9808659542859188,0.0,17702750,0.0,-15428250,13535250,72338000,2773750.0,0.0,-4697250.0,-17.670285805524507,10663750,7.783542374868128,0.0,-7471000.0,-11.109858118056485,-2774000.0,-4610500.0,-18.002765426743302,-0.5725,-0.5725,8053275.0,8053275.0,https://www.infogreffe.com/recherche-entreprise-dirigeants/resultats-entreprise-dirigeants.html?ga_cat=globale&ga_q=S.C.H.P#phrase=S.C.H.P,https://www.infogreffe.com/recherche-entreprise-dirigeants/resultats-entreprise-dirigeants.html?ga_cat=globale&ga_q=S.C.H.P#phrase=S.C.H.P
0,2004-06-31,SCHP.PA,,2004-06-31,Q2,83001750,41100000,41901750,1.9808659542859188,0.0,17702750,0.0,-15428250,13535250,72338000,2773750.0,0.0,-4697250.0,-17.670285805524507,10663750,7.783542374868128,0.0,-7471000.0,-11.109858118056485,-2774000.0,-4610500.0,-18.002765426743302,-0.5725,-0.5725,8053275.0,8053275.0,https://www.infogreffe.com/recherche-entreprise-dirigeants/resultats-entreprise-dirigeants.html?ga_cat=globale&ga_q=S.C.H.P#phrase=S.C.H.P,https://www.infogreffe.com/recherche-entreprise-dirigeants/resultats-entreprise-dirigeants.html?ga_cat=globale&ga_q=S.C.H.P#phrase=S.C.H.P
0,2004-03-31,SCHP.PA,,2004-03-31,Q1,83001750,41100000,41901750,1.9808659542859188,0.0,17702750,0.0,-15428250,13535250,72338000,2773750.0,0.0,-4697250.0,-17.670285805524507,10663750,7.783542374868128,0.0,-7471000.0,-11.109858118056485,-2774000.0,-4610500.0,-18.002765426743302,-0.5725,-0.5725,8053275.0,8053275.0,https://www.infogreffe.com/recherche-entreprise-dirigeants/resultats-entreprise-dirigeants.html?ga_cat=globale&ga_q=S.C.H.P#phrase=S.C.H.P,https://www.infogreffe.com/recherche-entreprise-dirigeants/resultats-entreprise-dirigeants.html?ga_cat=globale&ga_q=S.C.H.P#phrase=S.C.H.P
0,2004-01-31,SCHP.PA,,2004-01-31,Q1,83001750,41100000,41901750,1.9808659542859188,0.0,17702750,0.0,-15428250,13535250,72338000,2773750.0,0.0,-4697250.0,-17.670285805524507,10663750,7.783542374868128,0.0,-7471000.0,-11.109858118056485,-2774000.0,-4610500.0,-18.002765426743302,-0.5725,-0.5725,8053275.0,8053275.0,https://www.infogreffe.com/recherche-entreprise-dirigeants/resultats-entreprise-dirigeants.html?ga_cat=globale&ga_q=S.C.H.P#phrase=S.C.H.P,https://www.infogreffe.com/recherche-entreprise-dirigeants/resultats-entreprise-dirigeants.html?ga_cat=globale&ga_q=S.C.H.P#phrase=S.C.H.P
0,2003-09-31,SCHP.PA,,2003-09-31,Q3,90932750,40625750,50307000,1.8075566024608902,0.0,0.0,0.0,-12528250,0.0,88791000,4426250.0,0.0,-3419250.0,-26.59435548731447,2141750.0,42.457219563441114,0.0,-7845500.0,-11.590434006755466,-1496750.0,-6329750.0,-14.365930723962242,-0.7875,-0.7875,8038462.0,8038462.0,https://www.infogreffe.com/recherche-entreprise-dirigeants/resultats-entreprise-dirigeants.html?ga_cat=globale&ga_q=S.C.H.P#phrase=S.C.H.P,https://www.infogreffe.com/recherche-entreprise-dirigeants/resultats-entreprise-dirigeants.html?ga_cat=globale&ga_q=S.C.H.P#phrase=S.C.H.P
0,2003-06-31,SCHP.PA,,2003-06-31,Q2,90932750,40625750,50307000,1.8075566024608902,0.0,0.0,0.0,-12528250,0.0,88791000,4426250.0,0.0,-3419250.0,-26.59435548731447,2141750.0,42.457219563441114,0.0,-7845500.0,-11.590434006755466,-1496750.0,-6329750.0,-14.365930723962242,-0.7875,-0.7875,8038462.0,8038462.0,https://www.infogreffe.com/recherche-entreprise-dirigeants/resultats-entreprise-dirigeants.html?ga_cat=globale&ga_q=S.C.H.P#phrase=S.C.H.P,https://www.infogreffe.com/recherche-entreprise-dirigeants/resultats-entreprise-dirigeants.html?ga_cat=globale&ga_q=S.C.H.P#phrase=S.C.H.P
0,2003-03-31,SCHP.PA,,2003-03-31,Q1,90932750,40625750,50307000,1.8075566024608902,0.0,0.0,0.0,-12528250,0.0,88791000,4426250.0,0.0,-3419250.0,-26.59435548731447,2141750.0,42.457219563441114,0.0,-7845500.0,-11.590434006755466,-1496750.0,-6329750.0,-14.365930723962242,-0.7875,-0.7875,8038462.0,8038462.0,https://www.infogreffe.com/recherche-entreprise-dirigeants/resultats-entreprise-dirigeants.html?ga_cat=globale&ga_q=S.C.H.P#phrase=S.C.H.P,https://www.infogreffe.com/recherche-entreprise-dirigeants/resultats-entreprise-dirigeants.html?ga_cat=globale&ga_q=S.C.H.P#phrase=S.C.H.P
0,2003-01-31,SCHP.PA,,2003-01-31,Q1,90932750,40625750,50307000,1.8075566024608902,0.0,0.0,0.0,-12528250,0.0,88791000,4426250.0,0.0,-3419250.0,-26.59435548731447,2141750.0,42.457219563441114,0.0,-7845500.0,-11.590434006755466,-1496750.0,-6329750.0,-14.365930723962242,-0.7875,-0.7875,8038462.0,8038462.0,https://www.infogreffe.com/recherche-entreprise-dirigeants/resultats-entreprise-dirigeants.html?ga_cat=globale&ga_q=S.C.H.P#phrase=S.C.H.P,https://www.infogreffe.com/recherche-entreprise-dirigeants/resultats-entreprise-dirigeants.html?ga_cat=globale&ga_q=S.C.H.P#phrase=S.C.H.P
0,2002-09-31,SCHP.PA,,2002-09-31,Q3,67382000,31099750,36282250,1.857161559715839,0.0,0.0,0.0,-4545000.0,0.0,66331000,3983750.0,0.0,907000.0,74.29106945975744,1051000.0,64.11227402473834,0.0,-3076750.0,-21.900381896481676,-370750.0,-2785750.0,-24.188100152562146,-0.3575,-0.3575,7958077.0,7958077.0,https://www.infogreffe.com/recherche-entreprise-dirigeants/resultats-entreprise-dirigeants.html?ga_cat=globale&ga_q=S.C.H.P#phrase=S.C.H.P,https://www.infogreffe.com/recherche-entreprise-dirigeants/resultats-entreprise-dirigeants.html?ga_cat=globale&ga_q=S.C.H.P#phrase=S.C.H.P
0,2002-06-31,SCHP.PA,,2002-06-31,Q2,67382000,31099750,36282250,1.857161559715839,0.0,0.0,0.0,-4545000.0,0.0,66331000,3983750.0,0.0,907000.0,74.29106945975744,1051000.0,64.11227402473834,0.0,-3076750.0,-21.900381896481676,-370750.0,-2785750.0,-24.188100152562146,-0.3575,-0.3575,7958077.0,7958077.0,https://www.infogreffe.com/recherche-entreprise-dirigeants/resultats-entreprise-dirigeants.html?ga_cat=globale&ga_q=S.C.H.P#phrase=S.C.H.P,https://www.infogreffe.com/recherche-entreprise-dirigeants/resultats-entreprise-dirigeants.html?ga_cat=globale&ga_q=S.C.H.P#phrase=S.C.H.P
0,2002-03-31,SCHP.PA,,2002-03-31,Q1,67382000,31099750,36282250,1.857161559715839,0.0,0.0,0.0,-4545000.0,0.0,66331000,3983750.0,0.0,907000.0,74.29106945975744,1051000.0,64.11227402473834,0.0,-3076750.0,-21.900381896481676,-370750.0,-2785750.0,-24.188100152562146,-0.3575,-0.3575,7958077.0,7958077.0,https://www.infogreffe.com/recherche-entreprise-dirigeants/resultats-entreprise-dirigeants.html?ga_cat=globale&ga_q=S.C.H.P#phrase=S.C.H.P,https://www.infogreffe.com/recherche-entreprise-dirigeants/resultats-entreprise-dirigeants.html?ga_cat=globale&ga_q=S.C.H.P#phrase=S.C.H.P
0,2002-01-31,SCHP.PA,,2002-01-31,Q1,67382000,31099750,36282250,1.857161559715839,0.0,0.0,0.0,-4545000.0,0.0,66331000,3983750.0,0.0,907000.0,74.29106945975744,1051000.0,64.11227402473834,0.0,-3076750.0,-21.900381896481676,-370750.0,-2785750.0,-24.188100152562146,-0.3575,-0.3575,7958077.0,7958077.0,https://www.infogreffe.com/recherche-entreprise-dirigeants/resultats-entreprise-dirigeants.html?ga_cat=globale&ga_q=S.C.H.P#phrase=S.C.H.P,https://www.infogreffe.com/recherche-entreprise-dirigeants/resultats-entreprise-dirigeants.html?ga_cat=globale&ga_q=S.C.H.P#phrase=S.C.H.P
