,date,symbol,fillingDate,acceptedDate,period,revenue,costOfRevenue,grossProfit,grossProfitRatio,researchAndDevelopmentExpenses,generalAndAdministrativeExpenses,sellingAndMarketingExpenses,otherExpenses,operatingExpenses,costAndExpenses,interestExpense,depreciationAndAmortization,ebitda,ebitdaratio,operatingIncome,operatingIncomeRatio,totalOtherIncomeExpensesNet,incomeBeforeTax,incomeBeforeTaxRatio,incomeTaxExpense,netIncome,netIncomeRatio,eps,epsdiluted,weightedAverageShsOut,weightedAverageShsOutDil,link,finalLink
0,2019-12-31,ENT.TO,2019-12-31,2019-12-31,Q4,42877000,40130000,2747000.0,0.06406698229820183,0.0,5551000.0,0.0,0.0,0.0,45681000,4687000.0,0.0,4290000.0,0.10005364181262681,-2804000.0,-0.24173799472910884,-3080000.0,-10365000,-0.24173799472910884,-193000.0,-10032000,-0.23397159316183502,-0.09127883171830217,-0.09127883171830217,109905000,109905000,https://www.sedar.com/ModifyCompanyDocumentSearchForm.do?lang=EN&company_search=ENTREC Corporation&document_selection=0&industry_group=A&FromDate=13&FromMonth=05&FromYear=2000&ToDate=13&ToMonth=11&ToYear=2020&Variable=Issuer,https://www.sedar.com/ModifyCompanyDocumentSearchForm.do?lang=EN&company_search=ENTREC Corporation&document_selection=0&industry_group=A&FromDate=13&FromMonth=05&FromYear=2000&ToDate=13&ToMonth=11&ToYear=2020&Variable=Issuer
0,2019-09-30,ENT.TO,2019-09-30,2019-09-30,Q3,47421000,41831000,5590000.0,0.11788026401805107,0.0,5498000.0,0.0,0.0,0.0,47329000,4784000.0,0.0,7191000.0,0.15164167773771114,92000.0,-0.14900571476771896,-2522000.0,-7066000.0,-0.14900571476771896,-1755000.0,-5089000.0,-0.10731532443432235,-0.05,-0.05,109905000,109905000,https://www.sedar.com/ModifyCompanyDocumentSearchForm.do?lang=EN&company_search=ENTREC Corporation&document_selection=0&industry_group=A&FromDate=13&FromMonth=05&FromYear=2000&ToDate=13&ToMonth=11&ToYear=2020&Variable=Issuer,https://www.sedar.com/ModifyCompanyDocumentSearchForm.do?lang=EN&company_search=ENTREC Corporation&document_selection=0&industry_group=A&FromDate=13&FromMonth=05&FromYear=2000&ToDate=13&ToMonth=11&ToYear=2020&Variable=Issuer
0,2019-06-30,ENT.TO,2019-06-30,2019-06-30,Q2,46066000,41633000,4433000.0,0.09623149394347241,0.0,4289000.0,0.0,0.0,0.0,45922000,4792000.0,0.0,7165000.0,0.15553770676854947,144000.0,-0.06241045456518907,1773000.0,-2875000.0,-0.06241045456518907,-1446000.0,-1192000.0,-0.025875917162332306,-0.01,-0.01,109899000,109899000,https://www.sedar.com/ModifyCompanyDocumentSearchForm.do?lang=EN&company_search=ENTREC Corporation&document_selection=0&industry_group=A&FromDate=13&FromMonth=05&FromYear=2000&ToDate=13&ToMonth=11&ToYear=2020&Variable=Issuer,https://www.sedar.com/ModifyCompanyDocumentSearchForm.do?lang=EN&company_search=ENTREC Corporation&document_selection=0&industry_group=A&FromDate=13&FromMonth=05&FromYear=2000&ToDate=13&ToMonth=11&ToYear=2020&Variable=Issuer
0,2019-03-31,ENT.TO,2019-03-31,2019-03-31,Q1,43910000,41645000,2265000.0,0.051582782965156004,0.0,3713000.0,0.0,0.0,0.0,45358000,4522000.0,0.0,5331000.0,0.12140742427693009,-1448000.0,-0.08373946709177864,2293000.0,-3677000.0,-0.08373946709177864,-1134000.0,-2539000.0,-0.05782281940332498,-0.02,-0.02,109867000,109867000,https://www.sedar.com/ModifyCompanyDocumentSearchForm.do?lang=EN&company_search=ENTREC Corporation&document_selection=0&industry_group=A&FromDate=13&FromMonth=05&FromYear=2000&ToDate=13&ToMonth=11&ToYear=2020&Variable=Issuer,https://www.sedar.com/ModifyCompanyDocumentSearchForm.do?lang=EN&company_search=ENTREC Corporation&document_selection=0&industry_group=A&FromDate=13&FromMonth=05&FromYear=2000&ToDate=13&ToMonth=11&ToYear=2020&Variable=Issuer
0,2018-12-31,ENT.TO,2018-12-31,2018-12-31,Q4,45755000,42476000,3279000.0,0.07166429898371762,0.0,4515000.0,0.0,0.0,0.0,46991000,3345000.0,0.0,3873000.0,0.08464648672276254,-1236000.0,-0.22511200961643535,-5719000.0,-10300000,-0.22511200961643535,-2154000.0,-8089000.0,-0.17678942192110153,-0.07359992720986307,-0.07359992720986307,109905000,109905000,https://www.sedar.com/ModifyCompanyDocumentSearchForm.do?lang=EN&company_search=ENTREC Corporation&document_selection=0&industry_group=A&FromDate=13&FromMonth=05&FromYear=2000&ToDate=13&ToMonth=11&ToYear=2020&Variable=Issuer,https://www.sedar.com/ModifyCompanyDocumentSearchForm.do?lang=EN&company_search=ENTREC Corporation&document_selection=0&industry_group=A&FromDate=13&FromMonth=05&FromYear=2000&ToDate=13&ToMonth=11&ToYear=2020&Variable=Issuer
0,2018-09-30,ENT.TO,2018-09-30,2018-09-30,Q3,43400000,39682000,3718000.0,0.08566820276497696,0.0,3819000.0,0.0,0.0,0.0,43501000,2771000.0,0.0,4792000.0,0.11041474654377881,-101000.0,-0.02663594470046083,1716000.0,-1156000.0,-0.02663594470046083,-964000.0,-192000.0,-0.004423963133640553,-0.001749,-0.001749,109786000,109786000,https://www.sedar.com/ModifyCompanyDocumentSearchForm.do?lang=EN&company_search=ENTREC Corporation&document_selection=0&industry_group=A&FromDate=13&FromMonth=05&FromYear=2000&ToDate=13&ToMonth=11&ToYear=2020&Variable=Issuer,https://www.sedar.com/ModifyCompanyDocumentSearchForm.do?lang=EN&company_search=ENTREC Corporation&document_selection=0&industry_group=A&FromDate=13&FromMonth=05&FromYear=2000&ToDate=13&ToMonth=11&ToYear=2020&Variable=Issuer
0,2018-06-30,ENT.TO,2018-06-30,2018-06-30,Q2,43921000,41581000,2340000.0,0.053277475467316315,0.0,3409000.0,0.0,0.0,0.0,44990000,2772000.0,0.0,4028000.0,0.09171011588989322,-1069000.0,-0.13253341226292661,-1980000.0,-5821000.0,-0.13253341226292661,-1385000.0,-4436000.0,-0.10099952186880991,-0.04,-0.04,109689000,109689000,https://www.sedar.com/ModifyCompanyDocumentSearchForm.do?lang=EN&company_search=ENTREC Corporation&document_selection=0&industry_group=A&FromDate=13&FromMonth=05&FromYear=2000&ToDate=13&ToMonth=11&ToYear=2020&Variable=Issuer,https://www.sedar.com/ModifyCompanyDocumentSearchForm.do?lang=EN&company_search=ENTREC Corporation&document_selection=0&industry_group=A&FromDate=13&FromMonth=05&FromYear=2000&ToDate=13&ToMonth=11&ToYear=2020&Variable=Issuer
0,2018-03-31,ENT.TO,2018-03-31,2018-03-31,Q1,40067000,40750000,-683000.0,-0.01704644720093843,0.0,3601000.0,0.0,0.0,0.0,44351000,2479000.0,0.0,815000.0,0.020340928944018767,-4284000.0,-0.15501534928993935,552000.0,-6211000.0,-0.15501534928993935,-1133000.0,-5078000.0,-0.12673771432849976,-0.05,-0.05,109627000,109627000,https://www.sedar.com/ModifyCompanyDocumentSearchForm.do?lang=EN&company_search=ENTREC Corporation&document_selection=0&industry_group=A&FromDate=13&FromMonth=05&FromYear=2000&ToDate=13&ToMonth=11&ToYear=2020&Variable=Issuer,https://www.sedar.com/ModifyCompanyDocumentSearchForm.do?lang=EN&company_search=ENTREC Corporation&document_selection=0&industry_group=A&FromDate=13&FromMonth=05&FromYear=2000&ToDate=13&ToMonth=11&ToYear=2020&Variable=Issuer
0,2017-12-31,ENT.TO,2017-12-31,2017-12-31,Q4,38798000,31757000,7041000.0,0.18147842672302697,0.0,3294000.0,0.0,0.0,0.0,40293000,2362000.0,5139000.0,3747000.0,0.09657714315170884,-1495000.0,-0.10394865714727564,-176000.0,-4033000.0,-0.10394865714727564,-1104000.0,-2929000.0,-0.07549358214340945,-0.026650288885855966,-0.026650288885855966,109905000,109905000,https://www.sedar.com/ModifyCompanyDocumentSearchForm.do?lang=EN&company_search=ENTREC Corporation&document_selection=0&industry_group=A&FromDate=13&FromMonth=05&FromYear=2000&ToDate=13&ToMonth=11&ToYear=2020&Variable=Issuer,https://www.sedar.com/ModifyCompanyDocumentSearchForm.do?lang=EN&company_search=ENTREC Corporation&document_selection=0&industry_group=A&FromDate=13&FromMonth=05&FromYear=2000&ToDate=13&ToMonth=11&ToYear=2020&Variable=Issuer
0,2017-09-30,ENT.TO,2017-09-30,2017-09-30,Q3,36665000,30292000,6373000.0,0.17381699168144008,0.0,3898000.0,0.0,0.0,0.0,39468000,2250000.0,5158000.0,2475000.0,0.06750306832128733,-2803000.0,-0.13225146597572618,204000.0,-4849000.0,-0.13225146597572618,-1081000.0,-3768000.0,-0.10276830765034774,-0.03,-0.03,109540000,109540000,https://www.sedar.com/ModifyCompanyDocumentSearchForm.do?lang=EN&company_search=ENTREC Corporation&document_selection=0&industry_group=A&FromDate=13&FromMonth=05&FromYear=2000&ToDate=13&ToMonth=11&ToYear=2020&Variable=Issuer,https://www.sedar.com/ModifyCompanyDocumentSearchForm.do?lang=EN&company_search=ENTREC Corporation&document_selection=0&industry_group=A&FromDate=13&FromMonth=05&FromYear=2000&ToDate=13&ToMonth=11&ToYear=2020&Variable=Issuer
0,2017-06-30,ENT.TO,2017-06-30,2017-06-30,Q2,35925000,29830000,6095000.0,0.16965901183020182,0.0,3693000.0,0.0,0.0,0.0,39044000,2028000.0,5357000.0,2402000.0,0.06686151704940849,-3119000.0,-0.1546276965901183,-408000.0,-5555000.0,-0.1546276965901183,-1340000.0,-4215000.0,-0.11732776617954072,-0.04,-0.04,109517000,109517000,https://www.sedar.com/ModifyCompanyDocumentSearchForm.do?lang=EN&company_search=ENTREC Corporation&document_selection=0&industry_group=A&FromDate=13&FromMonth=05&FromYear=2000&ToDate=13&ToMonth=11&ToYear=2020&Variable=Issuer,https://www.sedar.com/ModifyCompanyDocumentSearchForm.do?lang=EN&company_search=ENTREC Corporation&document_selection=0&industry_group=A&FromDate=13&FromMonth=05&FromYear=2000&ToDate=13&ToMonth=11&ToYear=2020&Variable=Issuer
0,2017-03-31,ENT.TO,2017-03-31,2017-03-31,Q1,37298000,31739000,5559000.0,0.14904284412032817,0.0,3460000.0,0.0,0.0,0.0,40910000,2057000.0,5510000.0,2099000.0,0.056276475950453105,-3612000.0,-0.11429567269022467,1406000.0,-4263000.0,-0.11429567269022467,-859000.0,-3404000.0,-0.09126494718215454,-0.03,-0.03,109491000,109491000,https://www.sedar.com/ModifyCompanyDocumentSearchForm.do?lang=EN&company_search=ENTREC Corporation&document_selection=0&industry_group=A&FromDate=13&FromMonth=05&FromYear=2000&ToDate=13&ToMonth=11&ToYear=2020&Variable=Issuer,https://www.sedar.com/ModifyCompanyDocumentSearchForm.do?lang=EN&company_search=ENTREC Corporation&document_selection=0&industry_group=A&FromDate=13&FromMonth=05&FromYear=2000&ToDate=13&ToMonth=11&ToYear=2020&Variable=Issuer
0,2016-12-31,ENT.TO,2016-12-31,2016-12-31,Q4,30027000,26549000,3478000.0,0.11582908715489393,0.0,3286000.0,0.0,0.0,0.0,35766000,1954000.0,5725000.0,192000.0,0.006394245179338595,-5739000.0,-0.34109301628534316,-2549000.0,-10242000,-0.34109301628534316,549000.0,-10791000,-0.3593765610950145,-0.0981847959601474,-0.0981847959601474,109905000,109905000,https://www.sedar.com/ModifyCompanyDocumentSearchForm.do?lang=EN&company_search=ENTREC Corporation&document_selection=0&industry_group=A&FromDate=13&FromMonth=05&FromYear=2000&ToDate=13&ToMonth=11&ToYear=2020&Variable=Issuer,https://www.sedar.com/ModifyCompanyDocumentSearchForm.do?lang=EN&company_search=ENTREC Corporation&document_selection=0&industry_group=A&FromDate=13&FromMonth=05&FromYear=2000&ToDate=13&ToMonth=11&ToYear=2020&Variable=Issuer
0,2016-09-30,ENT.TO,2016-09-30,2016-09-30,Q3,28394000,22800000,5594000.0,0.19701345354652391,0.0,3334000.0,0.0,0.0,0.0,32216000,1964000.0,5850000.0,2260000.0,0.07959428048179193,-3822000.0,-0.24621398887088822,-1205000.0,-6991000.0,-0.24621398887088822,-1921000.0,-5070000.0,-0.17855885046136508,-0.05,-0.05,109469000,109469000,https://www.sedar.com/ModifyCompanyDocumentSearchForm.do?lang=EN&company_search=ENTREC Corporation&document_selection=0&industry_group=A&FromDate=13&FromMonth=05&FromYear=2000&ToDate=13&ToMonth=11&ToYear=2020&Variable=Issuer,https://www.sedar.com/ModifyCompanyDocumentSearchForm.do?lang=EN&company_search=ENTREC Corporation&document_selection=0&industry_group=A&FromDate=13&FromMonth=05&FromYear=2000&ToDate=13&ToMonth=11&ToYear=2020&Variable=Issuer
0,2016-06-30,ENT.TO,2016-06-30,2016-06-30,Q2,25036000,20830000,4206000.0,0.16799808276082442,0.0,4056000.0,0.0,0.0,0.0,31274000,1994000.0,6134000.0,680000.0,0.027160888320818023,-6238000.0,-0.18257708899185174,3131000.0,-4571000.0,-0.18257708899185174,-1358000.0,-3213000.0,-0.12833519731586515,-0.03,-0.03,108718000,108718000,https://www.sedar.com/ModifyCompanyDocumentSearchForm.do?lang=EN&company_search=ENTREC Corporation&document_selection=0&industry_group=A&FromDate=13&FromMonth=05&FromYear=2000&ToDate=13&ToMonth=11&ToYear=2020&Variable=Issuer,https://www.sedar.com/ModifyCompanyDocumentSearchForm.do?lang=EN&company_search=ENTREC Corporation&document_selection=0&industry_group=A&FromDate=13&FromMonth=05&FromYear=2000&ToDate=13&ToMonth=11&ToYear=2020&Variable=Issuer
0,2016-03-31,ENT.TO,2016-03-31,2016-03-31,Q1,30613000,25331000,5282000.0,0.17254107732009277,0.0,4559000.0,0.0,0.0,0.0,36579000,2177000.0,6383000.0,723000.0,0.023617417437036554,-5966000.0,-0.21115212491425212,1679000.0,-6464000.0,-0.21115212491425212,-1650000.0,-4814000.0,-0.1572534544147911,-0.04,-0.04,107746000,107746000,https://www.sedar.com/ModifyCompanyDocumentSearchForm.do?lang=EN&company_search=ENTREC Corporation&document_selection=0&industry_group=A&FromDate=13&FromMonth=05&FromYear=2000&ToDate=13&ToMonth=11&ToYear=2020&Variable=Issuer,https://www.sedar.com/ModifyCompanyDocumentSearchForm.do?lang=EN&company_search=ENTREC Corporation&document_selection=0&industry_group=A&FromDate=13&FromMonth=05&FromYear=2000&ToDate=13&ToMonth=11&ToYear=2020&Variable=Issuer
0,2015-12-31,ENT.TO,2015-12-31,2015-12-31,Q4,35079000,27795000,7284000.0,0.207645599931583,0.0,4381000.0,0.0,0.0,0.0,39074000,2116000.0,6654000.0,2903000.0,0.08275606488212321,-3995000.0,-0.17255337951480942,66000.0,-6053000.0,-0.17255337951480942,-1553000.0,-4500000.0,-0.1282818780466946,-0.04094445202675037,-0.04094445202675037,109905000,109905000,https://www.sedar.com/ModifyCompanyDocumentSearchForm.do?lang=EN&company_search=ENTREC Corporation&document_selection=0&industry_group=A&FromDate=13&FromMonth=05&FromYear=2000&ToDate=13&ToMonth=11&ToYear=2020&Variable=Issuer,https://www.sedar.com/ModifyCompanyDocumentSearchForm.do?lang=EN&company_search=ENTREC Corporation&document_selection=0&industry_group=A&FromDate=13&FromMonth=05&FromYear=2000&ToDate=13&ToMonth=11&ToYear=2020&Variable=Issuer
0,2015-09-30,ENT.TO,2015-09-30,2015-09-30,Q3,41187000,29693000,11494000,0.279068638162527,0.0,4428000.0,0.0,0.0,0.0,41241000,2250000.0,6846000.0,7066000.0,0.17155898705902348,-54000.0,-0.07611625027314443,-831000.0,-3135000.0,-0.07611625027314443,-836000.0,-2299000.0,-0.055818583533639256,-0.02,-0.02,107699000,107699000,https://www.sedar.com/ModifyCompanyDocumentSearchForm.do?lang=EN&company_search=ENTREC Corporation&document_selection=0&industry_group=A&FromDate=13&FromMonth=05&FromYear=2000&ToDate=13&ToMonth=11&ToYear=2020&Variable=Issuer,https://www.sedar.com/ModifyCompanyDocumentSearchForm.do?lang=EN&company_search=ENTREC Corporation&document_selection=0&industry_group=A&FromDate=13&FromMonth=05&FromYear=2000&ToDate=13&ToMonth=11&ToYear=2020&Variable=Issuer
0,2015-06-30,ENT.TO,2015-06-30,2015-06-30,Q2,38194000,29236000,8958000.0,0.2345394564591297,0.0,5479000.0,0.0,0.0,0.0,41823000,2549000.0,6827000.0,3479000.0,0.09108760538304446,-3629000.0,-0.16243389013981255,-26000.0,-6204000.0,-0.16243389013981255,-146000.0,-6058000.0,-0.15861130020422057,-0.06,-0.06,107619000,107619000,https://www.sedar.com/ModifyCompanyDocumentSearchForm.do?lang=EN&company_search=ENTREC Corporation&document_selection=0&industry_group=A&FromDate=13&FromMonth=05&FromYear=2000&ToDate=13&ToMonth=11&ToYear=2020&Variable=Issuer,https://www.sedar.com/ModifyCompanyDocumentSearchForm.do?lang=EN&company_search=ENTREC Corporation&document_selection=0&industry_group=A&FromDate=13&FromMonth=05&FromYear=2000&ToDate=13&ToMonth=11&ToYear=2020&Variable=Issuer
0,2015-03-31,ENT.TO,2015-03-31,2015-03-31,Q1,51085000,38620000,12465000,0.2440050895566213,0.0,5961000.0,0.0,0.0,0.0,51438000,2281000.0,6574000.0,6504000.0,0.12731721640403248,-353000.0,-0.04752862875599491,206000.0,-2428000.0,-0.04752862875599491,-651000.0,-1777000.0,-0.03478516198492708,-0.02,-0.02,107452000,107452000,https://www.sedar.com/ModifyCompanyDocumentSearchForm.do?lang=EN&company_search=ENTREC Corporation&document_selection=0&industry_group=A&FromDate=13&FromMonth=05&FromYear=2000&ToDate=13&ToMonth=11&ToYear=2020&Variable=Issuer,https://www.sedar.com/ModifyCompanyDocumentSearchForm.do?lang=EN&company_search=ENTREC Corporation&document_selection=0&industry_group=A&FromDate=13&FromMonth=05&FromYear=2000&ToDate=13&ToMonth=11&ToYear=2020&Variable=Issuer
0,2014-12-31,ENT.TO,2014-12-31,2014-12-31,Q4,58447000,42194000,16253000,0.2780809964583298,0.0,5299000.0,0.0,0.0,0.0,55144000,2468000.0,6607000.0,11414000,0.1952880387359488,3303000.0,-1.567505603367153,-88413000,-91616000,-1.567505603367153,-9508000.0,-82108000,-1.4048283059866205,-0.7470815704472044,-0.7470815704472044,109905000,109905000,https://www.sedar.com/ModifyCompanyDocumentSearchForm.do?lang=EN&company_search=ENTREC Corporation&document_selection=0&industry_group=A&FromDate=13&FromMonth=05&FromYear=2000&ToDate=13&ToMonth=11&ToYear=2020&Variable=Issuer,https://www.sedar.com/ModifyCompanyDocumentSearchForm.do?lang=EN&company_search=ENTREC Corporation&document_selection=0&industry_group=A&FromDate=13&FromMonth=05&FromYear=2000&ToDate=13&ToMonth=11&ToYear=2020&Variable=Issuer
0,2014-09-30,ENT.TO,2014-09-30,2014-09-30,Q3,58869000,40569000,18300000,0.3108597054476889,0.0,5898000.0,0.0,0.0,0.0,53956000,2311000.0,6486000.0,14370000,0.24410130968761148,4913000.0,0.07683160916611459,-47000.0,4523000.0,0.07683160916611459,1242000.0,3281000.0,0.0557339176816321,0.03,0.02,110574000,122312000,https://www.sedar.com/ModifyCompanyDocumentSearchForm.do?lang=EN&company_search=ENTREC Corporation&document_selection=0&industry_group=A&FromDate=13&FromMonth=05&FromYear=2000&ToDate=13&ToMonth=11&ToYear=2020&Variable=Issuer,https://www.sedar.com/ModifyCompanyDocumentSearchForm.do?lang=EN&company_search=ENTREC Corporation&document_selection=0&industry_group=A&FromDate=13&FromMonth=05&FromYear=2000&ToDate=13&ToMonth=11&ToYear=2020&Variable=Issuer
0,2014-06-30,ENT.TO,2014-06-30,2014-06-30,Q2,52924000,36452000,16472000,0.31123875746353263,0.0,6113000.0,0.0,0.0,0.0,49546000,2233000.0,5994000.0,10359000,0.19573350464817474,3378000.0,0.02866374423701912,372000.0,1517000.0,0.02866374423701912,534000.0,983000.0,0.018573803945280024,0.01,0.01,112853000,114691000,https://www.sedar.com/ModifyCompanyDocumentSearchForm.do?lang=EN&company_search=ENTREC Corporation&document_selection=0&industry_group=A&FromDate=13&FromMonth=05&FromYear=2000&ToDate=13&ToMonth=11&ToYear=2020&Variable=Issuer,https://www.sedar.com/ModifyCompanyDocumentSearchForm.do?lang=EN&company_search=ENTREC Corporation&document_selection=0&industry_group=A&FromDate=13&FromMonth=05&FromYear=2000&ToDate=13&ToMonth=11&ToYear=2020&Variable=Issuer
0,2014-03-31,ENT.TO,2014-03-31,2014-03-31,Q1,61995000,45582000,16413000,0.26474715702879265,0.0,6587000.0,0.0,0.0,0.0,58805000,2739000.0,5666000.0,9826000.0,0.15849665295588353,3190000.0,0.03371239616098073,1639000.0,2090000.0,0.03371239616098073,655000.0,1435000.0,0.023147027986127913,0.01,0.01,115571000,118799000,https://www.sedar.com/ModifyCompanyDocumentSearchForm.do?lang=EN&company_search=ENTREC Corporation&document_selection=0&industry_group=A&FromDate=13&FromMonth=05&FromYear=2000&ToDate=13&ToMonth=11&ToYear=2020&Variable=Issuer,https://www.sedar.com/ModifyCompanyDocumentSearchForm.do?lang=EN&company_search=ENTREC Corporation&document_selection=0&industry_group=A&FromDate=13&FromMonth=05&FromYear=2000&ToDate=13&ToMonth=11&ToYear=2020&Variable=Issuer
0,2013-12-31,ENT.TO,2013-12-31,2013-12-31,Q4,52821000,36753000,16068000,0.3041971942977225,0.0,5147000.0,0.0,0.0,0.0,48352000,2208000.0,5486000.0,10921000,0.206754889153935,4469000.0,0.017000814070161487,-1363000.0,898000.0,0.017000814070161487,556000.0,342000.0,0.006474697563469075,0.0031117783540330285,0.0031117783540330285,109905000,109905000,https://www.sedar.com/ModifyCompanyDocumentSearchForm.do?lang=EN&company_search=ENTREC Corporation&document_selection=0&industry_group=A&FromDate=13&FromMonth=05&FromYear=2000&ToDate=13&ToMonth=11&ToYear=2020&Variable=Issuer,https://www.sedar.com/ModifyCompanyDocumentSearchForm.do?lang=EN&company_search=ENTREC Corporation&document_selection=0&industry_group=A&FromDate=13&FromMonth=05&FromYear=2000&ToDate=13&ToMonth=11&ToYear=2020&Variable=Issuer
0,2013-09-30,ENT.TO,2013-09-30,2013-09-30,Q3,59080000,38132000,20948000,0.35457007447528777,0.0,5541000.0,0.0,0.0,0.0,49910000,2214000.0,5267000.0,15407000,0.260781990521327,9170000.0,0.12867298578199052,646000.0,7602000.0,0.12867298578199052,1958000.0,5644000.0,0.0955314827352742,0.05,0.05,115537000,126778000,https://www.sedar.com/ModifyCompanyDocumentSearchForm.do?lang=EN&company_search=ENTREC Corporation&document_selection=0&industry_group=A&FromDate=13&FromMonth=05&FromYear=2000&ToDate=13&ToMonth=11&ToYear=2020&Variable=Issuer,https://www.sedar.com/ModifyCompanyDocumentSearchForm.do?lang=EN&company_search=ENTREC Corporation&document_selection=0&industry_group=A&FromDate=13&FromMonth=05&FromYear=2000&ToDate=13&ToMonth=11&ToYear=2020&Variable=Issuer
0,2013-06-30,ENT.TO,2013-06-30,2013-06-30,Q2,49307000,31762000,17545000,0.35583182915204736,0.0,6064000.0,0.0,0.0,0.0,42687000,1743000.0,4083000.0,11481000,0.2328472630660961,6620000.0,0.11606871235321557,846000.0,5723000.0,0.11606871235321557,1296000.0,4427000.0,0.08978441194962175,0.04,0.04,106581000,117642000,https://www.sedar.com/ModifyCompanyDocumentSearchForm.do?lang=EN&company_search=ENTREC Corporation&document_selection=0&industry_group=A&FromDate=13&FromMonth=05&FromYear=2000&ToDate=13&ToMonth=11&ToYear=2020&Variable=Issuer,https://www.sedar.com/ModifyCompanyDocumentSearchForm.do?lang=EN&company_search=ENTREC Corporation&document_selection=0&industry_group=A&FromDate=13&FromMonth=05&FromYear=2000&ToDate=13&ToMonth=11&ToYear=2020&Variable=Issuer
0,2013-03-31,ENT.TO,2013-03-31,2013-03-31,Q1,51703000,33751000,17952000,0.34721389474498576,0.0,5146000.0,0.0,0.0,0.0,43531000,1711000.0,3869000.0,12806000,0.24768388681507844,8172000.0,0.14182929423824536,872000.0,7333000.0,0.14182929423824536,1933000.0,5400000.0,0.10444268224280989,0.06,0.05,97880709,110873863,https://www.sedar.com/ModifyCompanyDocumentSearchForm.do?lang=EN&company_search=ENTREC Corporation&document_selection=0&industry_group=A&FromDate=13&FromMonth=05&FromYear=2000&ToDate=13&ToMonth=11&ToYear=2020&Variable=Issuer,https://www.sedar.com/ModifyCompanyDocumentSearchForm.do?lang=EN&company_search=ENTREC Corporation&document_selection=0&industry_group=A&FromDate=13&FromMonth=05&FromYear=2000&ToDate=13&ToMonth=11&ToYear=2020&Variable=Issuer
0,2012-12-31,ENT.TO,2012-12-31,2012-12-31,Q4,44026000,29862000,14164000,0.32171898423658746,0.0,4331000.0,0.0,0.0,0.0,38342000,1570000.0,3424000.0,10524000,0.2390405669377186,5684000.0,0.10782265025212374,633000.0,4747000.0,0.10782265025212374,1319000.0,3428000.0,0.07786308090673692,0.03119057367726673,0.03119057367726673,109905000,109905000,https://www.sedar.com/ModifyCompanyDocumentSearchForm.do?lang=EN&company_search=ENTREC Corporation&document_selection=0&industry_group=A&FromDate=13&FromMonth=05&FromYear=2000&ToDate=13&ToMonth=11&ToYear=2020&Variable=Issuer,https://www.sedar.com/ModifyCompanyDocumentSearchForm.do?lang=EN&company_search=ENTREC Corporation&document_selection=0&industry_group=A&FromDate=13&FromMonth=05&FromYear=2000&ToDate=13&ToMonth=11&ToYear=2020&Variable=Issuer
0,2012-09-30,ENT.TO,2012-09-30,2012-09-30,Q3,36298000,24076000,12222000,0.3367127665436112,0.0,3895000.0,0.0,0.0,0.0,31031000,880000.0,2504000.0,8329000.0,0.22946167832938455,5267000.0,0.11973111466196484,-43000.0,4346000.0,0.11973111466196484,1203000.0,3143000.0,0.08658879277095156,0.04,0.04,77713487,79761404,https://www.sedar.com/ModifyCompanyDocumentSearchForm.do?lang=EN&company_search=ENTREC Corporation&document_selection=0&industry_group=A&FromDate=13&FromMonth=05&FromYear=2000&ToDate=13&ToMonth=11&ToYear=2020&Variable=Issuer,https://www.sedar.com/ModifyCompanyDocumentSearchForm.do?lang=EN&company_search=ENTREC Corporation&document_selection=0&industry_group=A&FromDate=13&FromMonth=05&FromYear=2000&ToDate=13&ToMonth=11&ToYear=2020&Variable=Issuer
0,2012-06-30,ENT.TO,2012-06-30,2012-06-30,Q2,28730000,18121000,10609000,0.3692655760529064,0.0,3364000.0,0.0,0.0,119000.0,23807000,655000.0,1865000.0,7133000.0,0.24827706230421162,4923000.0,0.14879916463626872,0.0,4275000.0,0.14879916463626872,1264000.0,3011000.0,0.10480334145492516,0.04,0.04,67557992,67557992,https://www.sedar.com/ModifyCompanyDocumentSearchForm.do?lang=EN&company_search=ENTREC Corporation&document_selection=0&industry_group=A&FromDate=13&FromMonth=05&FromYear=2000&ToDate=13&ToMonth=11&ToYear=2020&Variable=Issuer,https://www.sedar.com/ModifyCompanyDocumentSearchForm.do?lang=EN&company_search=ENTREC Corporation&document_selection=0&industry_group=A&FromDate=13&FromMonth=05&FromYear=2000&ToDate=13&ToMonth=11&ToYear=2020&Variable=Issuer
0,2012-03-31,ENT.TO,2012-03-31,2012-03-31,Q1,23437000,15332000,8105000.0,0.3458207108418313,0.0,2702000.0,0.0,0.0,9000.0,19517000,474000.0,1268000.0,5404000.0,0.23057558561249306,3920000.0,0.1474591457951103,0.0,3456000.0,0.1474591457951103,926000.0,2530000.0,0.10794896957801767,0.06,0.06,45385643,45873486,https://www.sedar.com/ModifyCompanyDocumentSearchForm.do?lang=EN&company_search=ENTREC Corporation&document_selection=0&industry_group=A&FromDate=13&FromMonth=05&FromYear=2000&ToDate=13&ToMonth=11&ToYear=2020&Variable=Issuer,https://www.sedar.com/ModifyCompanyDocumentSearchForm.do?lang=EN&company_search=ENTREC Corporation&document_selection=0&industry_group=A&FromDate=13&FromMonth=05&FromYear=2000&ToDate=13&ToMonth=11&ToYear=2020&Variable=Issuer
0,2011-10-31,ENT.TO,2011-10-31,2011-10-31,Q4,15010565,10124650,4885915.0,0.32549840728846646,0.0,2070159.0,0.0,0.0,0.0,13395093,327842.0,1014104.0,2837948.0,0.18906336969994134,1615472.0,0.08726000653539691,0.0,1309822.0,0.08726000653539691,393324.0,916498.0,0.06105686228333177,0.00833900186524726,0.00833900186524726,109905000,109905000,https://www.sedar.com/ModifyCompanyDocumentSearchForm.do?lang=EN&company_search=ENTREC Corporation&document_selection=0&industry_group=A&FromDate=13&FromMonth=05&FromYear=2000&ToDate=13&ToMonth=11&ToYear=2020&Variable=Issuer,https://www.sedar.com/ModifyCompanyDocumentSearchForm.do?lang=EN&company_search=ENTREC Corporation&document_selection=0&industry_group=A&FromDate=13&FromMonth=05&FromYear=2000&ToDate=13&ToMonth=11&ToYear=2020&Variable=Issuer
0,2011-07-31,ENT.TO,2011-07-31,2011-07-31,Q3,4650435.0,3838350.0,812085.0,0.17462559954068813,0.0,919053.0,0.0,0.0,0.0,5315119.0,171158.0,531896.0,-79084.0,-0.01700572097018881,-664684.0,-0.1737381556779097,0.0,-807958.0,-0.1737381556779097,-270324.0,-537634.0,-0.115609399980862,-0.02,-0.02,25475543,25475543,https://www.sedar.com/ModifyCompanyDocumentSearchForm.do?lang=EN&company_search=ENTREC Corporation&document_selection=0&industry_group=A&FromDate=13&FromMonth=05&FromYear=2000&ToDate=13&ToMonth=11&ToYear=2020&Variable=Issuer,https://www.sedar.com/ModifyCompanyDocumentSearchForm.do?lang=EN&company_search=ENTREC Corporation&document_selection=0&industry_group=A&FromDate=13&FromMonth=05&FromYear=2000&ToDate=13&ToMonth=11&ToYear=2020&Variable=Issuer
0,2011-04-30,ENT.TO,2011-04-30,2011-04-30,Q2,4192.0,0.0,4192.0,1.0,0.0,189851.0,0.0,0.0,0.0,189851.0,0.0,0.0,-185659.0,-44.28888358778626,-185659.0,0.0,0.0,0.0,0.0,0.0,-185659.0,-44.28888358778626,-0.07,-0.07,2500000.0,2500000.0,https://www.sedar.com/ModifyCompanyDocumentSearchForm.do?lang=EN&company_search=ENTREC Corporation&document_selection=0&industry_group=A&FromDate=13&FromMonth=05&FromYear=2000&ToDate=13&ToMonth=11&ToYear=2020&Variable=Issuer,https://www.sedar.com/ModifyCompanyDocumentSearchForm.do?lang=EN&company_search=ENTREC Corporation&document_selection=0&industry_group=A&FromDate=13&FromMonth=05&FromYear=2000&ToDate=13&ToMonth=11&ToYear=2020&Variable=Issuer
0,2011-01-31,ENT.TO,2011-01-31,2011-01-31,Q1,4732.0,0.0,4732.0,1.0,0.0,5937.0,0.0,0.0,0.0,5937.0,0.0,0.0,-1205.0,-0.25464919695688926,-1205.0,0.0,0.0,0.0,0.0,0.0,-1205.0,-0.25464919695688926,0.0,0.0,2500000.0,2500000.0,https://www.sedar.com/ModifyCompanyDocumentSearchForm.do?lang=EN&company_search=ENTREC Corporation&document_selection=0&industry_group=A&FromDate=13&FromMonth=05&FromYear=2000&ToDate=13&ToMonth=11&ToYear=2020&Variable=Issuer,https://www.sedar.com/ModifyCompanyDocumentSearchForm.do?lang=EN&company_search=ENTREC Corporation&document_selection=0&industry_group=A&FromDate=13&FromMonth=05&FromYear=2000&ToDate=13&ToMonth=11&ToYear=2020&Variable=Issuer
0,2010-10-31,ENT.TO,2010-10-31,2010-10-31,Q4,4624.0,0.0,4624.0,1.0,0.0,1844.0,0.0,0.0,0.0,1844.0,0.0,0.0,2780.0,0.6012110726643599,2780.0,0.0,0.0,0.0,0.0,0.0,2780.0,0.6012110726643599,2.5294572585414675e-05,2.5294572585414675e-05,109905000,109905000,https://www.sedar.com/ModifyCompanyDocumentSearchForm.do?lang=EN&company_search=ENTREC Corporation&document_selection=0&industry_group=A&FromDate=13&FromMonth=05&FromYear=2000&ToDate=13&ToMonth=11&ToYear=2020&Variable=Issuer,https://www.sedar.com/ModifyCompanyDocumentSearchForm.do?lang=EN&company_search=ENTREC Corporation&document_selection=0&industry_group=A&FromDate=13&FromMonth=05&FromYear=2000&ToDate=13&ToMonth=11&ToYear=2020&Variable=Issuer
0,2010-07-31,ENT.TO,2010-07-31,2010-07-31,Q3,4852.0,0.0,4852.0,1.0,0.0,6942.0,0.0,0.0,0.0,6942.0,0.0,0.0,-2090.0,-0.43075020610057707,-2090.0,0.0,0.0,0.0,0.0,0.0,-2090.0,-0.43075020610057707,0.0,0.0,2500000.0,2500000.0,https://www.sedar.com/ModifyCompanyDocumentSearchForm.do?lang=EN&company_search=ENTREC Corporation&document_selection=0&industry_group=A&FromDate=13&FromMonth=05&FromYear=2000&ToDate=13&ToMonth=11&ToYear=2020&Variable=Issuer,https://www.sedar.com/ModifyCompanyDocumentSearchForm.do?lang=EN&company_search=ENTREC Corporation&document_selection=0&industry_group=A&FromDate=13&FromMonth=05&FromYear=2000&ToDate=13&ToMonth=11&ToYear=2020&Variable=Issuer
0,2010-04-30,ENT.TO,2010-04-30,2010-04-30,Q2,4563.0,0.0,4563.0,1.0,0.0,9589.0,0.0,0.0,0.0,9589.0,0.0,0.0,-5026.0,-1.101468332237563,-5026.0,0.0,0.0,0.0,0.0,0.0,-5026.0,-1.101468332237563,0.0,0.0,2500000.0,2500000.0,https://www.sedar.com/ModifyCompanyDocumentSearchForm.do?lang=EN&company_search=ENTREC Corporation&document_selection=0&industry_group=A&FromDate=13&FromMonth=05&FromYear=2000&ToDate=13&ToMonth=11&ToYear=2020&Variable=Issuer,https://www.sedar.com/ModifyCompanyDocumentSearchForm.do?lang=EN&company_search=ENTREC Corporation&document_selection=0&industry_group=A&FromDate=13&FromMonth=05&FromYear=2000&ToDate=13&ToMonth=11&ToYear=2020&Variable=Issuer
0,2010-01-31,ENT.TO,2010-01-31,2010-01-31,Q1,2666.0,0.0,2666.0,1.0,0.0,148166.0,0.0,0.0,0.0,148166.0,0.0,0.0,-145500.0,-54.576144036009005,-145500.0,0.0,0.0,0.0,0.0,0.0,-145500.0,-54.576144036009005,-0.09,-0.09,1684783.0,1684783.0,https://www.sedar.com/ModifyCompanyDocumentSearchForm.do?lang=EN&company_search=ENTREC Corporation&document_selection=0&industry_group=A&FromDate=13&FromMonth=05&FromYear=2000&ToDate=13&ToMonth=11&ToYear=2020&Variable=Issuer,https://www.sedar.com/ModifyCompanyDocumentSearchForm.do?lang=EN&company_search=ENTREC Corporation&document_selection=0&industry_group=A&FromDate=13&FromMonth=05&FromYear=2000&ToDate=13&ToMonth=11&ToYear=2020&Variable=Issuer
