,date,symbol,fillingDate,acceptedDate,period,revenue,costOfRevenue,grossProfit,grossProfitRatio,researchAndDevelopmentExpenses,generalAndAdministrativeExpenses,sellingAndMarketingExpenses,otherExpenses,operatingExpenses,costAndExpenses,interestExpense,depreciationAndAmortization,ebitda,ebitdaratio,operatingIncome,operatingIncomeRatio,totalOtherIncomeExpensesNet,incomeBeforeTax,incomeBeforeTaxRatio,incomeTaxExpense,netIncome,netIncomeRatio,eps,epsdiluted,weightedAverageShsOut,weightedAverageShsOutDil,link,finalLink
0,2020-09-30,ATI,2020-10-29,2020-10-29 12:42:41,Q3,598000000,559900000,38100000,0.0637123745819398,0.0,45400000,0.0,-11300000,0.0,605300000,25100000,0.0,15800000,0.026421404682274247,-7300000.0,-0.07725752508361204,-13800000,-46200000,-0.07725752508361204,800000.0,-50100000,-0.08377926421404683,-0.4,-0.4,126600000,126600000,https://www.sec.gov/Archives/edgar/data/1018963/000162828020015070/0001628280-20-015070-index.htm,https://www.sec.gov/Archives/edgar/data/1018963/000162828020015070/ati-20200930.htm
0,2020-06-30,ATI,2020-08-04,2020-08-04 13:08:01,Q2,770300000,695600000,74700000,0.09697520446579255,0.0,44400000,0.0,-6400000.0,0.0,740000000,21700000,0.0,57600000,0.07477606127482798,30300000,-0.42489938984811115,-335900000,-327300000,-0.42489938984811115,92600000,-422600000,-0.5486174217837206,-3.34,-3.34,126600000,126600000,https://www.sec.gov/Archives/edgar/data/1018963/000162828020011588/0001628280-20-011588-index.htm,https://www.sec.gov/Archives/edgar/data/1018963/000162828020011588/ati-20200630.htm
0,2020-03-31,ATI,2020-05-05 00:00:00,2020-05-05 11:01:50,Q1,955500000,820700000,134800000,0.14107796964939823,0.0,58400000,0.0,-10900000,0.0,879100000,21900000,0.0,99100000,0.10371533228676086,76400000,0.03600209314495029,-20100000,34400000,0.03600209314495029,10800000,21100000,0.022082679225536368,0.17,0.16,126100000,146400000,https://www.sec.gov/Archives/edgar/data/1018963/000162828020006369/0001628280-20-006369-index.html,https://www.sec.gov/Archives/edgar/data/1018963/000162828020006369/ati10-qq12020.htm
0,2019-12-31,ATI,2020-02-25 00:00:00,2020-02-25 12:44:37,Q4,1018600000,849300000,169300000,0.16620852150009818,0.0,66300000,0.0,-18300000,0.0,915600000,24100000,0.0,119200000,0.11702336540349499,103000000,0.020812880424111526,-57700000,21200000,0.020812880424111526,-38800000,56500000,0.055468289809542506,0.45,0.41,125900000,147100000,https://www.sec.gov/Archives/edgar/data/1018963/000101896320000004/0001018963-20-000004-index.html,https://www.sec.gov/Archives/edgar/data/1018963/000101896320000004/atify201910-k.htm
0,2019-09-30,ATI,2019-11-01 00:00:00,2019-11-01 09:34:19,Q3,1018700000,859000000,159700000,0.15676843035240992,0.0,65200000,0.0,-17000000,0.0,924200000,24200000,0.0,112100000,0.11004221066064591,94500000,0.11681554922941004,48700000,119000000,0.11681554922941004,3700000.0,111000000,0.108962403062727,0.88,0.78,125900000,146700000,https://www.sec.gov/Archives/edgar/data/1018963/000101896319000024/0001018963-19-000024-index.html,https://www.sec.gov/Archives/edgar/data/1018963/000101896319000024/ati10-qq32019.htm
0,2019-06-30,ATI,2019-08-06,2019-08-06 09:33:21,Q2,1080400000,902700000,177700000,0.16447611995557201,0.0,67700000,0.0,200000.0,0.0,970400000,25900000,0.0,149100000,0.13800444279896334,110000000,0.07802665679378008,200000.0,84300000,0.07802665679378008,5800000.0,75100000,0.06951129211403184,0.6,0.54,125166667,139074074,https://www.sec.gov/Archives/edgar/data/1018963/000101896319000020/ati10-qq22019.htm,https://www.sec.gov/Archives/edgar/data/1018963/000101896319000020/ati10-qq22019.htm
0,2019-03-31,ATI,2019-04-30 00:00:00,2019-04-30 10:53:07,Q1,1004800000,873700000,131100000,0.1304737261146497,0.0,68000000,0.0,-21200000,0.0,941700000,24800000,0.0,80600000,0.08021496815286625,63100000,0.017018312101910828,-21200000,17100000,0.017018312101910828,800000.0,15000000,0.014928343949044586,0.12,0.12,125400000,126100000,https://www.sec.gov/Archives/edgar/data/1018963/000101896319000010/0001018963-19-000010-index.html,https://www.sec.gov/Archives/edgar/data/1018963/000101896319000010/ati10-qq12019.htm
0,2018-12-31,ATI,2019-02-28 00:00:00,2019-02-28 12:20:24,Q4,1037900000,890300000,147600000,0.14221023219963388,0.0,72900000,0.0,-26500000,0.0,963200000,25200000,0.0,86500000,0.0833413623663166,74700000,0.0377685711532903,-10300000,39200000,0.0377685711532903,-5800000.0,41100000,0.03959919067347529,0.33,0.3,125200000,146500000,https://www.sec.gov/Archives/edgar/data/1018963/000101896319000007/0001018963-19-000007-index.html,https://www.sec.gov/Archives/edgar/data/1018963/000101896319000007/atify201810-k.htm
0,2018-09-30,ATI,2018-10-31 00:00:00,2018-10-31 10:51:00,Q3,1020200000,859800000,160400000,0.15722407371103705,0.0,65500000,0.0,-7600000.0,0.0,925300000,24800000,0.0,125700000,0.1232111350715546,94900000,0.0612624975495001,-7600000.0,62500000,0.0612624975495001,6900000.0,50500000,0.04950009801999608,0.4,0.37,125200000,146000000,https://www.sec.gov/Archives/edgar/data/1018963/000101896318000027/0001018963-18-000027-index.html,https://www.sec.gov/Archives/edgar/data/1018963/000101896318000027/ati10-qq32018.htm
0,2018-06-30,ATI,2018-08-07 00:00:00,2018-08-07 08:48:20,Q2,1009500000,835800000,173700000,0.17206537890044576,0.0,62700000,0.0,-5000000.0,0.0,898500000,25500000,0.0,144900000,0.14353640416047547,111000000,0.07974244675581971,-5000000.0,80500000,0.07974244675581971,4900000.0,72800000,0.07211490837048043,0.58,0.52,125200000,145800000,https://www.sec.gov/Archives/edgar/data/1018963/000101896318000023/0001018963-18-000023-index.html,https://www.sec.gov/Archives/edgar/data/1018963/000101896318000023/ati10-qq22018.htm
0,2018-03-31,ATI,2018-05-01 00:00:00,2018-05-01 13:04:31,Q1,979000000,830400000,148600000,0.15178753830439223,0.0,67100000,0.0,9500000.0,0.0,897500000,25500000,0.0,130800000,0.13360572012257405,81500000,0.0669050051072523,9500000.0,65500000,0.0669050051072523,5000000.0,58000000,0.059244126659857,0.46,0.42,125000000,145500000,https://www.sec.gov/Archives/edgar/data/1018963/000101896318000008/0001018963-18-000008-index.html,https://www.sec.gov/Archives/edgar/data/1018963/000101896318000008/ati10-qq12018.htm
0,2017-12-31,ATI,2018-02-20 00:00:00,2018-02-20 14:30:21,Q4,909900000,779300000,130600000,0.1435322562919002,0.0,61900000,0.0,-200000.0,0.0,841200000,31600000,0.0,108600000,0.11935377514012528,68700000,0.00043960874821408945,-36700000,400000.0,0.00043960874821408945,-4800000.0,1700000.0,0.0018683371799098803,0.01,0.01,117500000,118600000,https://www.sec.gov/Archives/edgar/data/1018963/000101896318000004/0001018963-18-000004-index.html,https://www.sec.gov/Archives/edgar/data/1018963/000101896318000004/atify201710-k.htm
0,2017-09-30,ATI,2017-11-01 00:00:00,2017-11-01 08:10:51,Q3,869100000,775800000,93300000,0.10735243355195029,0.0,66200000,0.0,200000.0,0.0,842000000,34200000,0.0,67400000,0.07755149004717524,27100000,-0.13956966977332874,-114200000,-121300000,-0.13956966977332874,-1900000.0,-121200000,-0.13945460821539524,-1.12,-1.12,107700000,107700000,https://www.sec.gov/Archives/edgar/data/1018963/000101896317000034/0001018963-17-000034-index.html,https://www.sec.gov/Archives/edgar/data/1018963/000101896317000034/ati10-qq32017.htm
0,2017-06-30,ATI,2017-08-02 00:00:00,2017-08-02 16:02:46,Q2,880200000,767900000,112300000,0.12758463985457852,0.0,66700000,0.0,200000.0,0.0,834600000,34500000,0.0,86100000,0.0978186775732788,45600000,0.012837991365598728,200000.0,11300000,0.012837991365598728,-2100000.0,10100000,0.011474664848897977,0.09,0.09,107700000,128300000,https://www.sec.gov/Archives/edgar/data/1018963/000101896317000028/0001018963-17-000028-index.html,https://www.sec.gov/Archives/edgar/data/1018963/000101896317000028/ati10-qq22017.htm
0,2017-03-31,ATI,2017-05-02 00:00:00,2017-05-02 16:05:16,Q1,865900000,753100000,112800000,0.13026908418986027,0.0,59500000,0.0,3300000.0,0.0,812600000,33500000,0.0,96900000,0.11190668668437465,53300000,0.02667744543249798,3300000.0,23100000,0.02667744543249798,2000000.0,17500000,0.02021018593371059,0.16,0.16,107500000,128200000,https://www.sec.gov/Archives/edgar/data/1018963/000101896317000012/0001018963-17-000012-index.html,https://www.sec.gov/Archives/edgar/data/1018963/000101896317000012/ati201710-qq1.htm
0,2016-12-31,ATI,2017-02-24 00:00:00,2017-02-24 14:11:15,Q4,796100000,698800000,97300000,0.12222082652933049,0.0,65300000,0.0,-400000.0,0.0,764100000,32800000,0.0,71700000,0.0900640623037307,32000000,-0.03617635975379977,-28000000,-28800000,-0.03617635975379977,-42500000,9900000.0,0.012435623665368671,0.09,0.09,107300000,108700000,https://www.sec.gov/Archives/edgar/data/1018963/000101896317000007/0001018963-17-000007-index.html,https://www.sec.gov/Archives/edgar/data/1018963/000101896317000007/atify201610-k.htm
0,2016-09-30,ATI,2016-11-02 00:00:00,2016-11-02 16:03:02,Q3,770500000,720300000,50200000,0.06515249837767684,0.0,60500000,0.0,0.0,0.0,780800000,32600000,0.0,32100000,0.04166125892277742,-10300000,-0.6898118105126542,-488600000,-531500000,-0.6898118105126542,-4300000.0,-530800000,-0.6889033095392603,-4.95,-4.95,107300000,107300000,https://www.sec.gov/Archives/edgar/data/1018963/000101896316000085/0001018963-16-000085-index.html,https://www.sec.gov/Archives/edgar/data/1018963/000101896316000085/ati201610-qq3.htm
0,2016-06-30,ATI,2016-08-03,2016-08-03 16:02:51,Q2,810500000,762300000,48200000,0.0594694632942628,0.0,59300000,0.0,1000000.0,0.0,821600000,30300000,0.0,33600000,0.04145589142504627,-11100000,-0.05107958050586058,0.0,-41400000,-0.05107958050586058,-25900000,-18800000,-0.023195558297347315,-0.18,-0.18,107300000,107300000,https://www.sec.gov/Archives/edgar/data/1018963/000101896316000079/ati201610-qq2.htm,https://www.sec.gov/Archives/edgar/data/1018963/000101896316000079/ati201610-qq2.htm
0,2016-03-31,ATI,2016-05-06 00:00:00,2016-05-06 15:07:25,Q1,757500000,790700000,-33200000,-0.04382838283828383,0.0,62600000,0.0,800000.0,0.0,853300000,28300000,0.0,-50900000,-0.06719471947194719,-95800000,-0.17465346534653464,-8200000.0,-132300000,-0.17465346534653464,-34200000,-101200000,-0.1335973597359736,-0.94,-0.94,107300000,107300000,https://www.sec.gov/Archives/edgar/data/1018963/000101896316000054/0001018963-16-000054-index.html,https://www.sec.gov/Archives/edgar/data/1018963/000101896316000054/ati201610-qq1.htm
0,2015-12-31,ATI,2016-02-26 00:00:00,2016-02-26 16:03:59,Q4,738900000,836400000,-97500000,-0.1319529029638652,0.0,40800000,0.0,-700000.0,0.0,877200000,29200000,0.0,-281400000,-0.3808363784003248,-138300000,-0.48599269183922045,-191600000,-359100000,-0.48599269183922045,-135800000,-226900000,-0.30707808905129247,-2.12,-2.12,107300000,107300000,https://www.sec.gov/Archives/edgar/data/1018963/000101896316000049/0001018963-16-000049-index.html,https://www.sec.gov/Archives/edgar/data/1018963/000101896316000049/atify201510-k.htm
0,2015-09-30,ATI,2015-10-29 00:00:00,2015-10-29 16:04:44,Q3,832700000,861400000,-28700000,-0.03446619430767383,0.0,62500000,0.0,800000.0,0.0,923900000,27500000,0.0,-42600000,-0.05115888074936952,-91200000,-0.14158760658100156,800000.0,-117900000,-0.14158760658100156,23400000,-144600000,-0.17365197550138106,-1.35,-1.35,107300000,107300000,https://www.sec.gov/Archives/edgar/data/1018963/000101896315000045/0001018963-15-000045-index.html,https://www.sec.gov/Archives/edgar/data/1018963/000101896315000045/ati201510-qq3.htm
0,2015-06-30,ATI,2015-07-30 00:00:00,2015-07-30 16:24:25,Q2,1022500000,945500000,77000000,0.07530562347188265,0.0,72400000,0.0,600000.0,0.0,1017900000,26800000,0.0,53200000,0.052029339853300736,4600000.0,-0.021124694376528117,600000.0,-21600000,-0.021124694376528117,-7700000.0,-16400000,-0.016039119804400977,-0.15,-0.15,107300000,107300000,https://www.sec.gov/Archives/edgar/data/1018963/000101896315000037/0001018963-15-000037-index.html,https://www.sec.gov/Archives/edgar/data/1018963/000101896315000037/ati201510-qq2.htm
0,2015-03-31,ATI,2015-05-04 00:00:00,2015-05-04 16:03:07,Q1,1125500000,1016000000,109500000,0.09729009329187029,0.0,63100000,0.0,900000.0,0.0,1079100000,26700000,0.0,92900000,0.08254109284762327,46400000,0.01830297645490893,900000.0,20600000,0.01830297645490893,8000000.0,10000000,0.00888494002665482,0.09,0.09,107200000,108000000,https://www.sec.gov/Archives/edgar/data/1018963/000101896315000010/0001018963-15-000010-index.html,https://www.sec.gov/Archives/edgar/data/1018963/000101896315000010/ati201510-qq1.htm
0,2014-12-31,ATI,2015-02-26,2015-02-26 16:05:15,Q4,1047500000,925600000,121900000,0.11637231503579952,0.0,70400000,0.0,1100000.0,0.0,996000000,25900000,0.0,97900000,0.09346062052505967,51500000,0.02558472553699284,1200000.0,26800000,0.02558472553699284,3700000.0,22100000,0.02109785202863962,0.2,0.2,107200000,107900000,https://www.sec.gov/Archives/edgar/data/1018963/000101896315000005/atify201410-k.htm,https://www.sec.gov/Archives/edgar/data/1018963/000101896315000005/atify201410-k.htm
0,2014-09-30,ATI,2014-10-31 00:00:00,2014-10-31 09:12:27,Q3,1069600000,972600000,97000000,0.09068810770381451,0.0,68700000,0.0,1000000.0,0.0,1041300000,25200000,0.0,73400000,0.06862378459237098,28300000,0.0038332086761406134,1000000.0,4100000.0,0.0038332086761406134,500000.0,-700000.0,-0.0006544502617801048,-0.01,-0.01,107200000,108000000,https://www.sec.gov/Archives/edgar/data/1018963/000101896314000030/0001018963-14-000030-index.html,https://www.sec.gov/Archives/edgar/data/1018963/000101896314000030/ati201410-qq3.htm
0,2014-06-30,ATI,2014-08-04 00:00:00,2014-08-04 16:10:27,Q2,1119000000,1029500000,89500000,0.07998212689901697,0.0,65700000,0.0,1300000.0,0.0,1095200000,28500000,0.0,68600000,0.0613047363717605,23800000,-0.0030384271671134943,1300000.0,-3400000.0,-0.0030384271671134943,-2900000.0,-4000000.0,-0.0035746201966041107,-0.03,-0.03,107100000,107100000,https://www.sec.gov/Archives/edgar/data/1018963/000101896314000026/0001018963-14-000026-index.html,https://www.sec.gov/Archives/edgar/data/1018963/000101896314000026/ati201410-qq2.htm
0,2014-03-31,ATI,2014-05-05 00:00:00,2014-05-05 16:13:37,Q1,987300000,917100000,70200000,0.07110300820419325,0.0,67700000,0.0,600000.0,0.0,984800000,29100000,0.0,47100000,0.047705864478881796,2500000.0,-0.02633444748303454,600000.0,-26000000,-0.02633444748303454,-10000000,-20000000,-0.020257267294641952,-0.19,-0.19,107000000,107000000,https://www.sec.gov/Archives/edgar/data/1018963/000144530514001825/0001445305-14-001825-index.html,https://www.sec.gov/Archives/edgar/data/1018963/000144530514001825/ati201410-qq1.htm
0,2013-12-31,ATI,2014-02-27,2014-02-27 16:08:51,Q4,915300000,904000000,11300000,0.012345679012345678,0.0,66300000,0.0,-300000.0,0.0,970300000,18700000,0.0,-75700000,-0.0827051240030591,-55000000,-0.15382934556975855,-67100000,-140800000,-0.15382934556975855,-59200000,173400000,0.18944608325139298,1.62,1.62,106800000,106800000,https://www.sec.gov/Archives/edgar/data/1018963/000144530514000663/atify201310-k.htm,https://www.sec.gov/Archives/edgar/data/1018963/000144530514000663/atify201310-k.htm
0,2013-09-30,ATI,2013-11-01 00:00:00,2013-11-01 16:07:38,Q3,972400000,919300000,53100000,0.05460715754833402,0.0,70600000,0.0,400000.0,0.0,989900000,18200000,0.0,29500000,0.030337309749074455,-17500000,-0.03630193336075689,400000.0,-35300000,-0.03630193336075689,-8500000.0,-33800000,-0.034759358288770054,-0.32,-0.32,106800000,106800000,https://www.sec.gov/Archives/edgar/data/1018963/000144530513002639/0001445305-13-002639-index.html,https://www.sec.gov/Archives/edgar/data/1018963/000144530513002639/ati201310-qq3.htm
0,2013-06-30,ATI,2013-08-05 00:00:00,2013-08-05 16:36:09,Q2,1135500000,1031700000,103800000,0.09141347424042272,0.0,82100000,0.0,-100000.0,0.0,1113800000,13900000,0.0,70000000,0.06164685160722149,21700000,0.0067811536767943634,-100000.0,7700000.0,0.0067811536767943634,1100000.0,4400000.0,0.003874944958168208,0.04,0.04,106800000,107200000,https://www.sec.gov/Archives/edgar/data/1018963/000119312513319181/0001193125-13-319181-index.html,https://www.sec.gov/Archives/edgar/data/1018963/000119312513319181/d575027d10q.htm
0,2013-03-31,ATI,2013-05-06 00:00:00,2013-05-06 16:16:03,Q1,1179400000,1065100000,114300000,0.0969136849245379,0.0,85700000,0.0,1100000.0,0.0,1150800000,14400000,0.0,78200000,0.06630490079701543,28600000,0.012972697982024758,1100000.0,15300000,0.012972697982024758,3700000.0,10000000,0.008478887569950822,0.09,0.09,106600000,107100000,https://www.sec.gov/Archives/edgar/data/1018963/000119312513201622/0001193125-13-201622-index.html,https://www.sec.gov/Archives/edgar/data/1018963/000119312513201622/d531236d10q.htm
0,2012-12-31,ATI,2013-02-28 00:00:00,2013-02-28 16:24:23,Q4,1101100000,976600000,124500000,0.11306874943238579,0.0,92000000,0.0,-500000.0,0.0,1068600000,15900000,0.0,82100000,0.07456180183452911,32500000,0.014621741894469168,-500000.0,16100000,0.014621741894469168,2600000.0,10500000,0.009535918626827717,0.1,0.1,106300000,107200000,https://www.sec.gov/Archives/edgar/data/1018963/000119312513084310/0001193125-13-084310-index.html,https://www.sec.gov/Archives/edgar/data/1018963/000119312513084310/d492316d10k.htm
0,2012-09-30,ATI,2012-11-02 00:00:00,2012-11-02 16:32:23,Q3,1220500000,1057700000,162800000,0.13338795575583778,0.0,91700000,0.0,0.0,0.0,1149400000,17200000,0.0,120000000,0.09832036050798854,71100000,0.0443260958623515,200000.0,54100000,0.0443260958623515,16800000,35300000,0.028922572716099958,0.33,0.32,106200000,116700000,https://www.sec.gov/Archives/edgar/data/1018963/000119312512449198/0001193125-12-449198-index.html,https://www.sec.gov/Archives/edgar/data/1018963/000119312512449198/d430842d10q.htm
0,2012-06-30,ATI,2012-08-03 00:00:00,2012-08-03 16:34:10,Q2,1357400000,1158500000,198900000,0.14653013113304847,0.0,90700000,0.0,0.0,0.0,1249200000,18600000,0.0,156400000,0.11522027405333726,108200000,0.06608221600117872,100000.0,89700000,0.06608221600117872,31000000,56400000,0.041550022101075584,0.53,0.5,106100000,116600000,https://www.sec.gov/Archives/edgar/data/1018963/000119312512334956/0001193125-12-334956-index.html,https://www.sec.gov/Archives/edgar/data/1018963/000119312512334956/d387856d10q.htm
0,2012-03-31,ATI,2012-05-04,2012-05-04 16:28:59,Q1,1352500000,1145500000,207000000,0.15304990757855821,0.0,103400000,0.0,0.0,0.0,1248900000,19900000,0.0,151600000,0.11208872458410352,103600000,0.062181146025878,400000.0,84100000,0.062181146025878,25800000,56200000,0.04155268022181146,0.53,0.5,105900000,116400000,https://www.sec.gov/Archives/edgar/data/1018963/000119312512081765/d304866d10k.htm,https://www.sec.gov/Archives/edgar/data/1018963/000119312512081765/d304866d10k.htm
0,2011-12-31,ATI,2012-02-27 00:00:00,2012-02-27 16:41:07,Q4,1251400000,1082400000,169000000,0.13504874540514625,0.0,97400000,0.0,0.0,0.0,1179800000,22200000,0.0,118800000,0.09493367428480103,71600000,0.03987533961962602,500000.0,49900000,0.03987533961962602,15700000,31700000,0.025331628575994886,0.0,0.0,0.0,0.0,https://www.sec.gov/Archives/edgar/data/1018963/000119312512081765/0001193125-12-081765-index.html,https://www.sec.gov/Archives/edgar/data/1018963/000119312512081765/d304866d10k.htm
0,2011-09-30,ATI,2011-11-04 00:00:00,2011-11-04 16:36:51,Q3,1352600000,1136800000,215800000,0.15954458080733402,0.0,96700000,0.0,0.0,0.0,1233500000,23400000,0.0,165700000,0.12250480555966287,119100000,0.0705308295135295,-300000.0,95400000,0.0705308295135295,31200000,62300000,0.046059441076445364,0.59,0.56,105100000,116500000,https://www.sec.gov/Archives/edgar/data/1018963/000119312511297514/0001193125-11-297514-index.html,https://www.sec.gov/Archives/edgar/data/1018963/000119312511297514/d249610d10q.htm
0,2011-06-30,ATI,2011-08-04 00:00:00,2011-08-04 16:58:03,Q2,1351600000,1128600000,223000000,0.16498964190588933,0.0,99300000,0.0,0.0,0.0,1227900000,23700000,0.0,166900000,0.1234832790766499,123700000,0.07420834566439775,300000.0,100300000,0.07420834566439775,34300000,64000000,0.04735128736312518,0.63,0.59,102100000,113500000,https://www.sec.gov/Archives/edgar/data/1018963/000119312511210518/0001193125-11-210518-index.html,https://www.sec.gov/Archives/edgar/data/1018963/000119312511210518/d10q.htm
0,2011-03-31,ATI,2011-05-05 00:00:00,2011-05-05 16:46:40,Q1,1227400000,1022000000,205400000,0.16734560860355222,0.0,88700000,0.0,0.0,0.0,1110700000,23000000,0.0,154100000,0.1255499429688773,116700000,0.07642170441583836,100000.0,93800000,0.07642170441583836,35100000,56300000,0.045869317255988265,0.58,0.54,97600000,109000000,https://www.sec.gov/Archives/edgar/data/1018963/000095012311045711/0000950123-11-045711-index.html,https://www.sec.gov/Archives/edgar/data/1018963/000095012311045711/l42581e10vq.htm
0,2010-12-31,ATI,2011-02-28,2011-02-28 17:07:42,Q4,1037600000,910300000,127300000,0.1226869699306091,0.0,88800000,0.0,0.0,0.0,999100000,0.0,0.0,76600000,0.0738242097147263,38500000,0.021781033153430995,400000.0,22600000,0.021781033153430995,5200000.0,15100000,0.014552814186584426,0.0,0.0,0.0,0.0,https://www.sec.gov/Archives/edgar/data/1018963/000095012311019865/l41886e10vk.htm,https://www.sec.gov/Archives/edgar/data/1018963/000095012311019865/l41886e10vk.htm
0,2010-09-30,ATI,2010-11-03 00:00:00,2010-11-03 16:19:40,Q3,1058800000,969000000,89800000,0.08481299584435209,0.0,65900000,0.0,0.0,0.0,1034900000,16400000,0.0,58100000,0.054873441632036266,23900000,0.008972421609369096,2000000.0,9500000.0,0.008972421609369096,6200000.0,1000000.0,0.0009444654325651682,0.01,0.01,97500000,98600000,https://www.sec.gov/Archives/edgar/data/1018963/000095012310100114/0000950123-10-100114-index.html,https://www.sec.gov/Archives/edgar/data/1018963/000095012310100114/l40832e10vq.htm
0,2010-06-30,ATI,2010-08-05 00:00:00,2010-08-05 16:27:49,Q2,1052000000,900200000,151800000,0.14429657794676806,0.0,76000000,0.0,0.0,0.0,976200000,15400000,0.0,110800000,0.10532319391634981,75800000,0.057604562737642584,200000.0,60600000,0.057604562737642584,22400000,36400000,0.03460076045627376,0.37,0.36,97500000,108400000,https://www.sec.gov/Archives/edgar/data/1018963/000095012310073386/0000950123-10-073386-index.html,https://www.sec.gov/Archives/edgar/data/1018963/000095012310073386/l40431e10vq.htm
0,2010-03-31,ATI,2010-05-07 00:00:00,2010-05-07 16:32:35,Q1,899400000,778000000,121400000,0.13497887480542584,0.0,74200000,0.0,0.0,0.0,852200000,0.0,0.0,81400000,0.09050478096508784,47200000,0.03669112741827885,400000.0,33000000,0.03669112741827885,13200000,18200000,0.020235712697353792,0.19,0.18,97400000,98700000,https://www.sec.gov/Archives/edgar/data/1018963/000095012310046447/0000950123-10-046447-index.html,https://www.sec.gov/Archives/edgar/data/1018963/000095012310046447/l39640e10vq.htm
0,2009-12-31,ATI,2010-02-25 00:00:00,2010-02-25 16:26:27,Q4,815700000,657300000,158400000,0.19418904008826773,0.0,86800000,0.0,0.0,0.0,744100000,0.0,0.0,98700000,0.1210003677822729,71600000,0.0760083363981856,400000.0,62000000,0.0760083363981856,21600000,37800000,0.04634056638470026,0.0,0.0,0.0,0.0,https://www.sec.gov/Archives/edgar/data/1018963/000095012310017084/0000950123-10-017084-index.html,https://www.sec.gov/Archives/edgar/data/1018963/000095012310017084/l38930e10vk.htm
0,2009-09-30,ATI,2009-11-05 00:00:00,2009-11-05 16:24:00,Q3,697600000,603500000,94100000,0.13489105504587157,0.0,83700000,0.0,0.0,0.0,687200000,0.0,0.0,42300000,0.06063646788990826,10400000,0.0037270642201834864,300000.0,2600000.0,0.0037270642201834864,-1400000.0,1400000.0,0.0020068807339449542,0.01,0.01,97200000,98000000,https://www.sec.gov/Archives/edgar/data/1018963/000095012309058421/0000950123-09-058421-index.html,https://www.sec.gov/Archives/edgar/data/1018963/000095012309058421/l37952e10vq.htm
0,2009-06-30,ATI,2009-08-03 00:00:00,2009-08-03 16:26:41,Q2,710000000,634800000,75200000,0.10591549295774648,0.0,64400000,0.0,0.0,0.0,699200000,0.0,0.0,52400000,0.07380281690140846,10800000,0.0,-9500000.0,0.0,0.0,11700000,-11700000,-0.01647887323943662,-0.14,-0.14,97200000,97200000,https://www.sec.gov/Archives/edgar/data/1018963/000095012309028927/0000950123-09-028927-index.html,https://www.sec.gov/Archives/edgar/data/1018963/000095012309028927/l37189e10vq.htm
0,2009-03-31,ATI,2009-05-06 00:00:00,2009-05-06 17:25:22,Q1,831600000,750900000,80700000,0.09704184704184704,0.0,80800000,0.0,0.0,0.0,831700000,0.0,0.0,31900000,0.03835978835978836,-100000.0,0.00036075036075036075,300000.0,300000.0,0.00036075036075036075,-5000000.0,5900000.0,0.007094757094757095,0.06,0.06,97200000,97800000,https://www.sec.gov/Archives/edgar/data/1018963/000095015209004840/0000950152-09-004840-index.html,https://www.sec.gov/Archives/edgar/data/1018963/000095015209004840/l36317ae10vq.htm
0,2008-12-31,ATI,2009-02-23 00:00:00,2009-02-23 16:22:23,Q4,1112700000,890300000,222400000,0.19987417992271053,0.0,59000000,0.0,0.0,0.0,959300000,0.0,0.0,180500000,0.1622180282196459,153400000,0.14568167520445763,-600000.0,162100000,0.14568167520445763,51200000,110900000,0.09966747551002067,0.0,0.0,0.0,0.0,https://www.sec.gov/Archives/edgar/data/1018963/000095015209001663/0000950152-09-001663-index.html,https://www.sec.gov/Archives/edgar/data/1018963/000095015209001663/l35099ae10vk.htm
0,2008-09-30,ATI,2008-10-31 00:00:00,2008-10-31 15:55:30,Q3,1392400000,1085800000,306600000,0.22019534616489514,0.0,74300000,0.0,0.0,0.0,1160100000,0.0,0.0,265100000,0.19039069232979028,232300000,0.1637460499856363,-2600000.0,228000000,0.1637460499856363,83900000,144100000,0.10349037632864119,1.46,1.45,99000000,99700000,https://www.sec.gov/Archives/edgar/data/1018963/000095015208008518/0000950152-08-008518-index.html,https://www.sec.gov/Archives/edgar/data/1018963/000095015208008518/l34281ae10vq.htm
0,2008-06-30,ATI,2008-08-05 00:00:00,2008-08-05 17:14:49,Q2,1461200000,1128900000,332300000,0.22741582261155216,0.0,79200000,0.0,0.0,0.0,1208100000,0.0,0.0,284000000,0.19436079934300574,253100000,0.17116068984396388,-1700000.0,250100000,0.17116068984396388,81200000,168900000,0.11558992608814674,1.68,1.66,100535714,101746988,https://www.sec.gov/Archives/edgar/data/1018963/000095015208006034/0000950152-08-006034-index.html,https://www.sec.gov/Archives/edgar/data/1018963/000095015208006034/l32552ae10vq.htm
0,2008-03-31,ATI,2008-05-09 00:00:00,2008-05-09 16:06:49,Q1,1343400000,1052800000,290600000,0.21631680809885365,0.0,70200000,0.0,0.0,0.0,1123000000,0.0,0.0,248400000,0.1849039749888343,220400000,0.16368914694059847,-700000.0,219900000,0.16368914694059847,77900000,142000000,0.10570195027542058,1.41,1.4,100709220,101428571,https://www.sec.gov/Archives/edgar/data/1018963/000095015208003744/0000950152-08-003744-index.html,https://www.sec.gov/Archives/edgar/data/1018963/000095015208003744/l31448ae10vq.htm
0,2007-12-31,ATI,2008-02-26,2008-02-26 16:49:29,Q4,1273600000,979100000,294500000,0.23123429648241206,0.0,72400000,0.0,0.0,0.0,1051500000,0.0,0.0,244500000,0.19197550251256282,222100000,0.17493718592964824,5300000.0,222800000,0.17493718592964824,73900000,148900000,0.11691268844221106,0.0,0.0,0.0,0.0,https://www.sec.gov/Archives/edgar/data/1018963/000095015208001416/l29833ae10vk.htm,https://www.sec.gov/Archives/edgar/data/1018963/000095015208001416/l29833ae10vk.htm
0,2007-09-30,ATI,2007-11-02 00:00:00,2007-11-02 14:03:54,Q3,1335000000,968100000,366900000,0.2748314606741573,0.0,73500000,0.0,0.0,0.0,1041600000,0.0,0.0,319300000,0.2391760299625468,293400000,0.2202247191011236,700000.0,294000000,0.2202247191011236,100100000,193900000,0.1452434456928839,1.9,1.88,102052632,103138298,https://www.sec.gov/Archives/edgar/data/1018963/000095015207008517/0000950152-07-008517-index.html,https://www.sec.gov/Archives/edgar/data/1018963/000095015207008517/l28307ae10vq.htm
0,2007-06-30,ATI,2007-08-02 00:00:00,2007-08-02 16:51:37,Q2,1471300000,1069800000,401500000,0.27288792224563313,0.0,72700000,0.0,0.0,0.0,1142500000,0.0,0.0,354100000,0.2406715149867464,328800000,0.22150479168082648,-300000.0,325900000,0.22150479168082648,119400000,206500000,0.14035206959831442,2.03,2.0,101724138,103250000,https://www.sec.gov/Archives/edgar/data/1018963/000095012807000041/0000950128-07-000041-index.html,https://www.sec.gov/Archives/edgar/data/1018963/000095012807000041/l26991ae10vq.htm
0,2007-03-31,ATI,2007-05-03 00:00:00,2007-05-03 17:17:20,Q1,1372600000,986100000,386500000,0.2815823983680606,0.0,78100000,0.0,0.0,0.0,1064200000,0.0,0.0,331500000,0.2415124581086988,308400000,0.22191461460002915,500000.0,304600000,0.22191461460002915,106800000,197800000,0.14410607606003206,1.95,1.92,101435897,103020833,https://www.sec.gov/Archives/edgar/data/1018963/000095015207003892/0000950152-07-003892-index.html,https://www.sec.gov/Archives/edgar/data/1018963/000095015207003892/l25711ae10vq.htm
0,2006-12-31,ATI,2007-02-27,2007-02-27 17:02:42,Q4,1399900000,1056800000,343100000,0.24508893492392314,0.0,74200000,0.0,0.0,0.0,1131000000,0.0,0.0,285700000,0.20408600614329594,268900000,0.1850846489034931,7000000.0,259100000,0.1850846489034931,92000000,167100000,0.11936566897635545,0.0,0.0,0.0,0.0,https://www.sec.gov/Archives/edgar/data/1018963/000095015207001549/l24090ae10vk.htm,https://www.sec.gov/Archives/edgar/data/1018963/000095015207001549/l24090ae10vk.htm
0,2006-09-30,ATI,2006-11-03,2006-11-03 16:22:04,Q3,1288400000,963500000,324900000,0.25217323812480597,0.0,72800000,0.0,0.0,0.0,1036300000,0.0,0.0,274900000,0.21336541446755666,252100000,0.19124495498292457,-1400000.0,246400000,0.19124495498292457,84500000,161900000,0.12565973300217323,1.62,1.58,99938272,102468354,https://www.sec.gov/Archives/edgar/data/1018963/000095015206008791/l22916ae10vq.htm,https://www.sec.gov/Archives/edgar/data/1018963/000095015206008791/l22916ae10vq.htm
0,2006-06-30,ATI,2006-08-02,2006-08-02 14:36:53,Q2,1210800000,924900000,285900000,0.2361248761149653,0.0,75400000,0.0,0.0,0.0,1000300000,0.0,0.0,231900000,0.1915262636273538,210500000,0.1680706970597952,-1200000.0,203500000,0.1680706970597952,63100000,140400000,0.1159563924677899,1.41,1.37,99574468,102481752,https://www.sec.gov/Archives/edgar/data/1018963/000095015206006379/l21301ae10vq.htm,https://www.sec.gov/Archives/edgar/data/1018963/000095015206006379/l21301ae10vq.htm
0,2006-03-31,ATI,2006-05-05,2006-05-05 16:17:52,Q1,1040500000,798600000,241900000,0.23248438250840942,0.0,72900000,0.0,0.0,0.0,871500000,0.0,0.0,189100000,0.1817395482940894,169000000,0.15396444017299377,-1300000.0,160200000,0.15396444017299377,57700000,102500000,0.09851033157135992,1.04,1.0,98557692,102500000,https://www.sec.gov/Archives/edgar/data/1018963/000095015206001573/j1820901e10vk.htm,https://www.sec.gov/Archives/edgar/data/1018963/000095015206001573/j1820901e10vk.htm
0,2005-12-31,ATI,2006-03-01,2006-03-01 14:02:19,Q4,894400000,720100000,174300000,0.19487924865831843,0.0,79200000,0.0,0.0,0.0,799300000,0.0,0.0,142000000,0.15876565295169948,95100000,0.06943202146690519,-25300000,62100000,0.06943202146690519,-58700000,118800000,0.13282647584973167,0.0,0.0,0.0,0.0,https://www.sec.gov/Archives/edgar/data/1018963/000095015206001573/j1820901e10vk.htm,https://www.sec.gov/Archives/edgar/data/1018963/000095015206001573/j1820901e10vk.htm
0,2005-09-30,ATI,2005-11-03,2005-11-03 17:03:26,Q3,861700000,698800000,162900000,0.189044911222003,0.0,64400000,0.0,0.0,0.0,763200000,0.0,0.0,118800000,0.13786700707902982,98500000,0.10096321225484507,-1600000.0,87000000,0.10096321225484507,-1300000.0,88300000,0.10247185795520483,0.91,0.87,97032967,101494253,https://www.sec.gov/Archives/edgar/data/1018963/000095015205008728/j1656801e10vq.htm,https://www.sec.gov/Archives/edgar/data/1018963/000095015205008728/j1656801e10vq.htm
0,2005-06-30,ATI,2005-08-05,2005-08-05 17:16:36,Q2,904200000,732500000,171700000,0.18989161689891618,0.0,65400000,0.0,0.0,0.0,797900000,0.0,0.0,126500000,0.13990267639902676,106300000,0.10473346604733466,-1000000.0,94700000,0.10473346604733466,3000000.0,91700000,0.10141561601415616,0.96,0.91,95520833,100769231,https://www.sec.gov/Archives/edgar/data/1018963/000095015205006624/j1518101e10vq.htm,https://www.sec.gov/Archives/edgar/data/1018963/000095015205006624/j1518101e10vq.htm
0,2005-03-31,ATI,,,Q1,879600000,738300000,141300000,0.16064120054570258,0.0,66800000,0.0,0.0,0.0,805100000,0.0,0.0,93100000,0.10584356525693497,74500000,0.07196452933151433,-800000.0,63300000,0.07196452933151433,2300000.0,61000000,0.06934970441109595,0.64,0.61,95312500,100000000,,
0,2004-12-31,ATI,2005-02-28 00:00:00,2005-02-28 17:15:01,Q4,778100000,673100000,105000000,0.1349440945893844,0.0,65000000,0.0,0.0,0.0,738100000,0.0,0.0,94900000,0.12196375787173885,40000000,0.044981364863128134,-35200000,35000000,0.044981364863128134,0.0,35000000,0.044981364863128134,0.0,0.0,0.0,0.0,https://www.sec.gov/Archives/edgar/data/1018963/000095012805000057/0000950128-05-000057-index.html,https://www.sec.gov/Archives/edgar/data/1018963/000095012805000057/j1230201e10vk.txt
0,2004-09-30,ATI,2004-11-04 00:00:00,2004-11-04 16:51:24,Q3,730600000,653700000,76900000,0.10525595401040241,0.0,56800000,0.0,0.0,0.0,710500000,0.0,0.0,40800000,0.055844511360525595,20100000,0.011771147002463728,-2200000.0,8600000.0,0.011771147002463728,0.0,8600000.0,0.011771147002463728,0.1,0.09,86000000,95555556,https://www.sec.gov/Archives/edgar/data/1018963/000095015204007908/0000950152-04-007908-index.html,https://www.sec.gov/Archives/edgar/data/1018963/000095015204007908/j1008501e10vq.txt
0,2004-06-30,ATI,2004-07-30 00:00:00,2004-07-30 16:16:29,Q2,646500000,593900000,52600000,0.08136117556071153,0.0,57800000,0.0,0.0,0.0,651700000,0.0,0.0,-66100000,-0.10224284609435422,-5200000.0,0.0411446249033256,80000000,26600000,0.0411446249033256,0.0,26600000,0.0411446249033256,0.33,0.31,80606061,85806452,https://www.sec.gov/Archives/edgar/data/1018963/000095015204005771/0000950152-04-005771-index.html,https://www.sec.gov/Archives/edgar/data/1018963/000095015204005771/j0886101e10vq.txt
0,2004-03-31,ATI,2004-04-28 00:00:00,2004-04-28 15:02:00,Q1,577800000,567400000,10400000,0.017999307718933887,0.0,53700000,0.0,0.0,0.0,621100000,0.0,0.0,-25600000,-0.04430598823122188,-43300000,-0.08722741433021806,1100000.0,-50400000,-0.08722741433021806,0.0,-50400000,-0.08722741433021806,-0.63,-0.63,80000000,80000000,https://www.sec.gov/Archives/edgar/data/1018963/000095012804000447/0000950128-04-000447-index.html,https://www.sec.gov/Archives/edgar/data/1018963/000095012804000447/j0715201e10vq.txt
0,2003-12-31,ATI,2004-03-15 00:00:00,2004-03-15 15:25:25,Q4,484400000,474200000,10200000,0.021056977704376548,0.0,87400000,0.0,0.0,0.0,561600000,0.0,0.0,7800000.0,0.01610239471511148,-77200000,-5.517960363336086,-66100000,-2672900000,-5.517960363336086,81600000,-232700000,-0.4803881090008258,0.0,0.0,0.0,0.0,https://www.sec.gov/Archives/edgar/data/1018963/000095012804000283/0000950128-04-000283-index.html,https://www.sec.gov/Archives/edgar/data/1018963/000095012804000283/j0498601e10vk.txt
0,2003-09-30,ATI,2003-11-04 00:00:00,2003-11-04 17:27:36,Q3,482600000,464400000,18200000,0.03771239121425611,0.0,60300000,0.0,0.0,0.0,524700000,0.0,0.0,-21400000,-0.04434314131786158,-42100000,-0.10008288437629506,-2100000.0,-48300000,-0.10008288437629506,-19500000,-28800000,-0.059676750932449237,-0.36,-0.36,80000000,80000000,https://www.sec.gov/Archives/edgar/data/1018963/000095015203009313/0000950152-03-009313-index.html,https://www.sec.gov/Archives/edgar/data/1018963/000095015203009313/j0390701e10vq.txt
0,2003-06-30,ATI,2003-08-08 00:00:00,2003-08-08 16:51:45,Q2,489900000,469100000,20800000,0.042457644417228005,0.0,53400000,0.0,0.0,0.0,522500000,0.0,0.0,-13700000,-0.0279648907940396,-32600000,-0.08328230251071647,200000.0,-40800000,-0.08328230251071647,-14800000,-26000000,-0.05307205552153501,-0.32,-0.32,81250000,81250000,https://www.sec.gov/Archives/edgar/data/1018963/000095015203007462/0000950152-03-007462-index.html,https://www.sec.gov/Archives/edgar/data/1018963/000095015203007462/j0239901e10vq.txt
0,2003-03-31,ATI,2003-04-30 00:00:00,2003-04-30 15:39:12,Q1,480500000,465900000,14600000,0.030385015608740896,0.0,47700000,0.0,0.0,0.0,513600000,0.0,0.0,-15600000,-0.03246618106139438,-33100000,-0.08324661810613944,500000.0,-40000000,-0.08324661810613944,-14200000,-27100000,-0.05639958376690947,-0.34,-0.34,79705882,79705882,https://www.sec.gov/Archives/edgar/data/1018963/000095015203004808/0000950152-03-004808-index.html,https://www.sec.gov/Archives/edgar/data/1018963/000095015203004808/j0060901e10vq.txt
0,2002-12-31,ATI,2003-03-24 00:00:00,2003-03-24 16:38:08,Q4,454200000,428000000,26200000,0.057683839718185824,0.0,41400000,0.0,0.0,0.0,469400000,0.0,0.0,44600000,0.09819462791721709,-15200000,-0.13584324086305594,-38300000,-61700000,-0.13584324086305594,-22000000,-39700000,-0.08740642888595332,0.0,0.0,0.0,0.0,https://www.sec.gov/Archives/edgar/data/1018963/000095012803000412/0000950128-03-000412-index.html,https://www.sec.gov/Archives/edgar/data/1018963/000095012803000412/j9925901e10vk.txt
0,2002-09-30,ATI,2002-11-14 00:00:00,2002-11-14 09:46:16,Q3,469300000,419700000,49600000,0.10568932452588962,0.0,47100000,0.0,0.0,0.0,466800000,0.0,0.0,33400000,0.07116982740251439,2500000.0,-0.02897933091838909,-7800000.0,-13600000,-0.02897933091838909,-6100000.0,-7500000.0,-0.015981248668229277,-0.09,-0.09,83333333,83333333,https://www.sec.gov/Archives/edgar/data/1018963/000095012802000800/0000950128-02-000800-index.html,https://www.sec.gov/Archives/edgar/data/1018963/000095012802000800/j9709301e10vq.txt
0,2002-06-30,ATI,2002-08-14 00:00:00,2002-08-14 15:55:34,Q2,491200000,444100000,47100000,0.09588762214983713,0.0,49300000,0.0,0.0,0.0,493400000,0.0,0.0,20800000,0.04234527687296417,-2200000.0,-0.021376221498371335,-400000.0,-10500000,-0.021376221498371335,-3000000.0,-7500000.0,-0.015268729641693811,-0.09,-0.09,83333333,83333333,https://www.sec.gov/Archives/edgar/data/1018963/000095012802000622/0000950128-02-000622-index.html,https://www.sec.gov/Archives/edgar/data/1018963/000095012802000622/j9559801e10vq.txt
0,2002-03-31,ATI,2002-05-15 00:00:00,2002-05-15 15:45:57,Q1,493100000,452700000,40400000,0.08193064287162848,0.0,50500000,0.0,0.0,0.0,503200000,0.0,0.0,10700000,0.021699452443723382,-10100000,-0.03650375177448793,2000000.0,-18000000,-0.03650375177448793,-6900000.0,-11100000,-0.02251064692760089,-0.14,-0.14,79285714,79285714,https://www.sec.gov/Archives/edgar/data/1018963/000095015202004322/0000950152-02-004322-index.html,https://www.sec.gov/Archives/edgar/data/1018963/000095015202004322/j9451301e10-q.txt
0,2001-12-31,ATI,,,Q4,493100000,431300000,61800000,0.12532954775907523,0.0,52600000,0.0,0.0,0.0,483900000,0.0,0.0,107600000,0.2182113161630501,9200000.0,-0.14581220847698237,-74500000,-71900000,-0.14581220847698237,-26100000,-45800000,-0.09288176840397486,0.0,0.0,0.0,0.0,,
0,2001-09-30,ATI,2001-11-14 00:00:00,2001-11-14 00:00:00,Q3,537700000,470300000,67400000,0.12534870745769017,0.0,45300000,0.0,0.0,0.0,515600000,0.0,0.0,47700000,0.08871117723637716,22100000,0.026966710061372513,-500000.0,14500000,0.026966710061372513,6500000.0,8000000.0,0.014878184861446904,0.1,0.1,80000000,80000000,https://www.sec.gov/Archives/edgar/data/1018963/000095012801500701/0000950128-01-500701-index.html,https://www.sec.gov/Archives/edgar/data/1018963/000095012801500701/j9134901e10-q.txt
0,2001-06-30,ATI,2001-08-10 00:00:00,2001-08-10 00:00:00,Q2,554700000,483800000,70900000,0.12781683793041285,0.0,52500000,0.0,0.0,0.0,536300000,0.0,0.0,43400000,0.07824049035514692,18400000,0.019109428519920677,-200000.0,10600000,0.019109428519920677,4400000.0,6200000.0,0.011177212907878133,0.08,0.08,77500000,77500000,https://www.sec.gov/Archives/edgar/data/1018963/000095012801500414/0000950128-01-500414-index.html,https://www.sec.gov/Archives/edgar/data/1018963/000095012801500414/j8987101e10-q.txt
0,2001-03-31,ATI,2001-05-15 00:00:00,2001-05-15 00:00:00,Q1,542500000,476900000,65600000,0.12092165898617512,0.0,48400000,0.0,0.0,0.0,525300000,0.0,0.0,40800000,0.07520737327188941,17200000,0.019170506912442396,1200000.0,10400000,0.019170506912442396,4000000.0,6400000.0,0.011797235023041475,0.08,0.08,80000000,80000000,https://www.sec.gov/Archives/edgar/data/1018963/000095012801500106/0000950128-01-500106-index.html,https://www.sec.gov/Archives/edgar/data/1018963/000095012801500106/j8829801e10-q.txt
0,2000-12-31,ATI,,,Q4,584700000,482500000,102200000,0.17479049085000856,0.0,54700000,0.0,0.0,0.0,537200000,0.0,0.0,101300000,0.1732512399521122,47500000,0.014879425346331451,-29700000,8700000.0,0.014879425346331451,3300000.0,5400000.0,0.009235505387378143,0.0,0.0,0.0,0.0,,
0,2000-09-30,ATI,2000-11-03 00:00:00,2000-11-03 00:00:00,Q3,612000000,490500000,121500000,0.19852941176470587,0.0,45000000,0.0,0.0,0.0,535500000,0.0,0.0,101400000,0.16568627450980392,76500000,0.10833333333333334,800000.0,66300000,0.10833333333333334,24200000,42100000,0.06879084967320262,0.52,0.52,80961538,80961538,https://www.sec.gov/Archives/edgar/data/1018963/000095012800001263/0000950128-00-001263-index.html,https://www.sec.gov/Archives/edgar/data/1018963/000095012800001263/j8482601e10-q.txt
0,2000-06-30,ATI,2000-08-07 00:00:00,2000-08-07 00:00:00,Q2,638300000,514800000,123500000,0.1934826883910387,0.0,53000000,0.0,0.0,0.0,567800000,0.0,0.0,90100000,0.14115619614601285,70500000,0.10747297509008304,5500000.0,68600000,0.10747297509008304,24900000,43700000,0.06846310512298293,0.53,0.53,82452830,82452830,https://www.sec.gov/Archives/edgar/data/1018963/000095012800001028/0000950128-00-001028-index.html,https://www.sec.gov/Archives/edgar/data/1018963/000095012800001028/e10-q.txt
0,2000-03-31,ATI,2000-05-05 00:00:00,2000-05-05 00:00:00,Q1,625400000,510700000,114700000,0.18340262232171411,0.0,51000000,0.0,0.0,0.0,561700000,0.0,0.0,80100000,0.1280780300607611,63700000,0.10425327790214263,8400000.0,65200000,0.10425327790214263,23900000,41300000,0.0660377358490566,0.47,0.47,87872340,87872340,https://www.sec.gov/Archives/edgar/data/1018963/000095012800000738/0000950128-00-000738-index.html,https://www.sec.gov/Archives/edgar/data/1018963/0000950128-00-000738.txt
0,1999-12-31,ATI,,,Q4,-412300000,-218600000,-193700000,0.4698035411108416,0.0,-120000000,0.0,0.0,0.0,-335900000,0.0,0.0,103800000,-0.25175842832888673,-76400000,0.16783895221925782,7700000.0,-69200000,0.16783895221925782,-24300000,14700000,-0.035653650254668934,0.0,0.0,0.0,0.0,,
0,1999-09-30,ATI,1999-11-15 00:00:00,1999-11-15 00:00:00,Q3,855900000,644700000,211200000,0.246757798808272,0.0,118100000,0.0,0.0,0.0,793100000,0.0,30300000,94200000,0.11005958640028041,62800000,0.06916695875686411,-1100000.0,59200000,0.06916695875686411,21200000,167600000,0.19581726837247343,1.730541,1.730541,90368000,90368000,https://www.sec.gov/Archives/edgar/data/1018963/000095012899001136/0000950128-99-001136-index.html,https://www.sec.gov/Archives/edgar/data/1018963/0000950128-99-001136.txt
0,1999-06-30,ATI,1999-08-16 00:00:00,1999-08-16 00:00:00,Q2,917900000,671600000,246300000,0.2683298834295675,0.0,116100000,0.0,0.0,0.0,818000000,0.0,30300000,130700000,0.1423902385880815,99900000,0.09913933979736354,-500000.0,91000000,0.09913933979736354,33700000,57300000,0.06242510077350474,0.591647,0.591647,0.0,0.0,https://www.sec.gov/Archives/edgar/data/1018963/000095012899000934/0000950128-99-000934-index.html,https://www.sec.gov/Archives/edgar/data/1018963/0000950128-99-000934.txt
0,1999-03-31,ATI,1999-05-17 00:00:00,1999-05-17 00:00:00,Q1,934600000,684900000,249700000,0.2671731221913118,0.0,114900000,0.0,0.0,0.0,831800000,0.0,32000000,135500000,0.1449818104001712,102800000,0.09972180612026535,-700000.0,93200000,0.09972180612026535,32600000,60600000,0.06484057350738284,0.625721,0.625721,96848304,96848304,https://www.sec.gov/Archives/edgar/data/1018963/000101896399000002/0001018963-99-000002-index.html,https://www.sec.gov/Archives/edgar/data/1018963/0001018963-99-000002.txt
0,1998-12-31,ATI,,,Q4,975000000,782600000,192400000,0.19733333333333333,0.0,144300000,0.0,0.0,0.0,845700000,0.0,0.0,322600000,0.33087179487179486,129300000,0.12266666666666666,-3100000.0,119600000,0.12266666666666666,46300000,73300000,0.07517948717948718,0.0,0.0,0.0,0.0,,
0,1998-09-30,ATI,1998-11-16 00:00:00,1998-11-16 00:00:00,Q3,927100000,681800000,245300000,0.2645885017797433,0.0,117900000,0.0,0.0,0.0,825700000,0.0,26000000,117700000,0.12695502103332973,101400000,0.1155215187142703,9700000.0,107100000,0.1155215187142703,41600000,65500000,0.07065041527343328,0.748851,0.748851,0.0,0.0,https://www.sec.gov/Archives/edgar/data/1018963/000101896398000015/0001018963-98-000015-index.html,https://www.sec.gov/Archives/edgar/data/1018963/0001018963-98-000015.txt
0,1998-06-30,ATI,1998-08-14 00:00:00,1998-08-14 00:00:00,Q2,1019100000,740500000,278600000,0.2733784712000785,0.0,122400000,0.0,0.0,0.0,890100000,0.0,27200000,161600000,0.1585712883917182,129000000,0.11657344715925817,-5400000.0,118800000,0.11657344715925817,43300000,75500000,0.07408497694043764,0.863179,0.863179,0.0,0.0,https://www.sec.gov/Archives/edgar/data/1018963/000101896398000008/0001018963-98-000008-index.html,https://www.sec.gov/Archives/edgar/data/1018963/0001018963-98-000008.txt
0,1998-03-31,ATI,1998-05-15 00:00:00,1998-05-15 00:00:00,Q1,1002200000,745300000,256900000,0.25633606066653364,0.0,119000000,0.0,0.0,0.0,892300000,0.0,28000000,198200000,0.19776491718219916,109900000,0.0455996807024546,-60300000,45700000,0.0455996807024546,18800000,26900000,0.026840949910197566,0.307543,0.307543,87467334,87467334,https://www.sec.gov/Archives/edgar/data/1018963/000089843198000183/0000898431-98-000183-index.html,https://www.sec.gov/Archives/edgar/data/1018963/0000898431-98-000183.txt
0,1997-12-31,ATI,,,Q4,920900000,758100000,162800000,0.1767835812791834,0.0,132300000,0.0,0.0,0.0,813900000,0.0,0.0,256600000,0.2786404604191552,107000000,0.13975458790313824,25400000,128700000,0.13975458790313824,45800000,82900000,0.09002063199044413,0.0,0.0,0.0,0.0,,
0,1997-09-30,ATI,1997-11-14 00:00:00,1997-11-14 00:00:00,Q3,909200000,671800000,237400000,0.2611086669599648,0.0,112800000,0.0,0.0,0.0,811400000,0.0,26800000,115100000,0.12659480862296524,97800000,0.1117465904091509,9500000.0,101600000,0.1117465904091509,37300000,64300000,0.0707215134183898,0.730292,0.730292,0.0,0.0,https://www.sec.gov/Archives/edgar/data/1018963/000101896397000013/0001018963-97-000013-index.html,https://www.sec.gov/Archives/edgar/data/1018963/0001018963-97-000013.txt
0,1997-06-30,ATI,1997-08-14 00:00:00,1997-08-14 00:00:00,Q2,957100000,692000000,265100000,0.2769825514575279,0.0,118800000,0.0,0.0,0.0,835600000,0.0,24800000,122200000,0.12767735868770244,121500000,0.14742451154529307,24100000,141100000,0.14742451154529307,54100000,87000000,0.09089959251906801,0.988109,0.988109,0.0,0.0,https://www.sec.gov/Archives/edgar/data/1018963/000101896397000006/0001018963-97-000006-index.html,https://www.sec.gov/Archives/edgar/data/1018963/0001018963-97-000006.txt
0,1997-03-31,ATI,1997-05-13 00:00:00,1997-05-13 00:00:00,Q1,957900000,706900000,251000000,0.26203152729930057,0.0,120200000,0.0,0.0,0.0,852000000,0.0,24900000,127200000,0.13279047917319137,105900000,0.10836204196680238,3600000.0,103800000,0.10836204196680238,40400000,63400000,0.0661864495250026,0.72007,0.72007,88046987,88046987,https://www.sec.gov/Archives/edgar/data/1018963/000101896397000003/0001018963-97-000003-index.html,https://www.sec.gov/Archives/edgar/data/1018963/0001018963-97-000003.txt
0,1996-12-31,ATI,1997-03-27 00:00:00,1997-03-27 00:00:00,Q4,920300000,764700000,155600000,0.1690753015321091,0.0,132400000,0.0,0.0,0.0,814300000,0.0,0.0,287000000,0.3118548299467565,106000000,0.11680973595566663,7100000.0,107500000,0.11680973595566663,42600000,51400000,0.0558513528197327,0.0,0.0,0.0,0.0,https://www.sec.gov/Archives/edgar/data/1018963/000095012897000664/0000950128-97-000664-index.html,https://www.sec.gov/Archives/edgar/data/1018963/0000950128-97-000664.txt
