,date,symbol,fillingDate,acceptedDate,period,revenue,costOfRevenue,grossProfit,grossProfitRatio,researchAndDevelopmentExpenses,generalAndAdministrativeExpenses,sellingAndMarketingExpenses,otherExpenses,operatingExpenses,costAndExpenses,interestExpense,depreciationAndAmortization,ebitda,ebitdaratio,operatingIncome,operatingIncomeRatio,totalOtherIncomeExpensesNet,incomeBeforeTax,incomeBeforeTaxRatio,incomeTaxExpense,netIncome,netIncomeRatio,eps,epsdiluted,weightedAverageShsOut,weightedAverageShsOutDil,link,finalLink
0,2020-06-30,ROAD,2020-08-07,2020-08-07 08:51:01,Q3,217041000,180549000,36492000,0.16813413133924004,0.0,16852000,0.0,645000.0,0.0,197401000,575000.0,0.0,30319000,0.13969250049529813,19640000,0.09260923051405034,1035000.0,20100000,0.09260923051405034,4772000.0,15747000,0.07255311208481346,0.31,0.3,51489211,51646385,https://www.sec.gov/Archives/edgar/data/1718227/000171822720000061/0001718227-20-000061-index.htm,https://www.sec.gov/Archives/edgar/data/1718227/000171822720000061/road-20200630.htm
0,2020-03-31,ROAD,2020-05-08,2020-05-08 14:43:09,Q2,168679000,147708000,20971000,0.12432490114359226,0.0,16821000,0.0,-753000.0,0.0,164529000,1834000.0,0.0,12990000,0.07701017909757586,4150000.0,0.011844983667202201,-318000.0,1998000.0,0.011844983667202201,531000.0,1537000.0,0.009111981930175067,0.03,0.03,51489211,51619403,https://www.sec.gov/Archives/edgar/data/1718227/000171822720000039/0001718227-20-000039-index.htm,https://www.sec.gov/Archives/edgar/data/1718227/000171822720000039/road-20200331.htm
0,2019-12-31,ROAD,2020-02-07,2020-02-07 11:12:30,Q1,175314000,151557000,23757000,0.13551114001163628,0.0,17113000,0.0,65000.0,0.0,168670000,281000.0,0.0,16147000,0.09210331177202048,6644000.0,0.03842819170174658,374000.0,6737000.0,0.03842819170174658,1319000.0,5461000.0,0.03114982260401337,0.11,0.11,51489211,51609380,https://www.sec.gov/Archives/edgar/data/1718227/000171822720000016/0001718227-20-000016-index.htm,https://www.sec.gov/Archives/edgar/data/1718227/000171822719000098/road-20190930.htm
0,2019-09-30,ROAD,2019-12-13,2019-12-13 10:44:46,Q4,237317000,198385000,38932000,0.16405061584294425,0.0,17554000,0.0,120000.0,0.0,215939000,352000.0,0.0,30031000,0.1265438211337578,21378000,0.09257659586123203,944000.0,21970000,0.09257659586123203,5829000.0,16553000,0.06975058676790959,0.32,0.32,51440564,51457906,https://www.sec.gov/Archives/edgar/data/1718227/000171822719000098/0001718227-19-000098-index.htm,https://www.sec.gov/Archives/edgar/data/1718227/000171822719000098/road-20190930.htm
0,2019-06-30,ROAD,2019-08-09,2019-08-09 16:44:45,Q3,227290000,189198000,38092000,0.16759206300321175,0.0,15968000,0.0,190000.0,0.0,205166000,615000.0,0.0,30373000,0.1336310440406529,22124000,0.09572352501209908,248000.0,21757000,0.09572352501209908,4941000.0,17202000,0.07568304808834529,0.33,0.33,51414619,51422899,https://www.sec.gov/Archives/edgar/data/1718227/000171822719000064/0001718227-19-000064-index.htm,https://www.sec.gov/Archives/edgar/data/1718227/000171822719000064/road-20190630.htm
0,2019-03-31,ROAD,2019-05-14,2019-05-14 11:42:56,Q2,164304000,144503000,19801000,0.12051441230889083,0.0,14771000,0.0,123000.0,0.0,159274000,379000.0,0.0,12654000,0.07701577563540754,5030000.0,0.033273687798227675,816000.0,5467000.0,0.033273687798227675,1488000.0,4212000.0,0.02563540753724803,0.08,0.08,51414619,51414619,https://www.sec.gov/Archives/edgar/data/1718227/000171822719000029/0001718227-19-000029-index.htm,https://www.sec.gov/Archives/edgar/data/1718227/000171822719000029/road-03312019x10q.htm
0,2018-12-31,ROAD,2019-02-14,2019-02-14 12:01:56,Q1,154327000,133199000,21128000,0.13690410621602184,0.0,14431000,0.0,-17000.0,0.0,147630000,515000.0,0.0,13818000,0.08953715163257239,6697000.0,0.04211187932118165,317000.0,6499000.0,0.04211187932118165,1651000.0,5154000.0,0.03339661886772891,0.1,0.1,51414619,51414619,https://www.sec.gov/Archives/edgar/data/1718227/000171822719000008/0001718227-19-000008-index.htm,https://www.sec.gov/Archives/edgar/data/1718227/000171822718000014/road-09302018x10k.htm
0,2018-09-30,ROAD,2018-12-14,2018-12-14 11:36:57,Q4,215701000,182181000,33520000,0.155400299488644,0.0,14731000,0.0,-56000.0,0.0,196912000,314000.0,0.0,26125000,0.1211167310304542,18789000,0.09130231199669914,1219000.0,19694000,0.09130231199669914,5143000.0,15144000,0.07020829759713677,0.29,0.29,51414619,51414619,https://www.sec.gov/Archives/edgar/data/1718227/000171822718000014/0001718227-18-000014-index.htm,https://www.sec.gov/Archives/edgar/data/1718227/000171822718000014/road-09302018x10k.htm
0,2018-06-30,ROAD,2018-08-14,2018-08-14 17:32:04,Q3,195075000,165606000,29469000,0.1510649750096117,0.0,14788000,0.0,15000.0,0.0,180394000,406000.0,0.0,21317000,0.10927591951813405,14681000,0.07369473279507882,101000.0,14376000,0.07369473279507882,1409000.0,13403000,0.06870690759964117,0.29,0.29,46557785,46988359,https://www.sec.gov/Archives/edgar/data/1718227/000119312518248680/0001193125-18-248680-index.htm,https://www.sec.gov/Archives/edgar/data/1718227/000119312518248680/d600770d10q.htm
