,date,symbol,fillingDate,acceptedDate,period,revenue,costOfRevenue,grossProfit,grossProfitRatio,researchAndDevelopmentExpenses,generalAndAdministrativeExpenses,sellingAndMarketingExpenses,otherExpenses,operatingExpenses,costAndExpenses,interestExpense,depreciationAndAmortization,ebitda,ebitdaratio,operatingIncome,operatingIncomeRatio,totalOtherIncomeExpensesNet,incomeBeforeTax,incomeBeforeTaxRatio,incomeTaxExpense,netIncome,netIncomeRatio,eps,epsdiluted,weightedAverageShsOut,weightedAverageShsOutDil,link,finalLink
0,2020-09-30,EMR,2020-11-16,2020-11-16 13:16:45,Q4,12871000000,7480000000,5391000000,0.4188485743143501,0.0,3052000000,0.0,0.0,3052000000,10532000000,-111000000,223000000,2100000000,0.16315748582083756,1877000000,0.14583171470748194,0.0,1877000000,0.14583171470748194,0.0,1877000000,0.14583171470748194,3.1283333333333334,3.1283333333333334,600000000,600000000,https://www.sec.gov/Archives/edgar/data/32604/000003260420000041/0000032604-20-000041-index.htm,https://www.sec.gov/Archives/edgar/data/32604/000003260420000041/emr-20200930.htm
0,2020-06-30,EMR,2020-08-05,2020-07-31 16:43:23,Q3,3914000000,2296000000,1618000000,0.41338783852835975,0.0,934000000,0.0,33000000,1115000000,3411000000,-45000000,209000000,614000000,0.156873,503000000,0.128513,0.0,458000000,0.117016,51000000,399000000,0.101942,0.665,0.665,600000000,600000000,https://www.sec.gov/Archives/edgar/data/32604/000003260420000033/0000032604-20-000033-index.htm,https://www.sec.gov/Archives/edgar/data/32604/000003260420000033/emr-20200630.htm
0,2020-03-31,EMR,2020-04-24 00:00:00,2020-04-24 13:53:28,Q2,4163000000,2409000000,1754000000,0.421331,0.0,983000000,0.0,-48000000,1025000000,3434000000,-40000000,211000000,853000000,0.2049,729000000,0.175114,0.0,689000000,0.165506,165000000,517000000,0.124189,0.84615,0.84615,611000000,611000000,https://www.sec.gov/Archives/edgar/data/32604/000003260420000021/0000032604-20-000021-index.html,https://www.sec.gov/Archives/edgar/data/32604/000003260420000021/emr-20200331.htm
0,2019-12-31,EMR,2020-02-05 00:00:00,2020-02-05 14:35:41,Q1,4153000000,2388000000,1765000000,0.424994,0.0,1123000000,0.0,22000000,1301000000,3689000000,-41000000,211000000,590000000,0.142066,464000000,0.111726,0.0,423000000,0.101854,94000000,326000000,0.078497,0.53086,0.53086,614100000,614100000,https://www.sec.gov/Archives/edgar/data/32604/000003260420000007/0000032604-20-000007-index.html,https://www.sec.gov/Archives/edgar/data/32604/000003260420000007/emr-12312019x10q.htm
0,2019-09-30,EMR,2019-11-13 00:00:00,2019-11-13 15:33:03,Q4,4971000000,2843000000,2128000000,0.428083,0.0,1109000000,0.0,37000000,1262000000,4105000000,-40000000,213000000,992000000,0.199557,866000000,0.17421,0.0,826000000,0.166164,102000000,717000000,0.144237,1.16095,1.16095,617600000,617600000,https://www.sec.gov/Archives/edgar/data/1687999/000121390019023161/0001213900-19-023161-index.html,https://www.sec.gov/Archives/edgar/data/1687999/000121390019023161/f10q0919_emrtechnology.htm
0,2019-06-30,EMR,2019-08-07 00:00:00,2019-08-07 11:10:44,Q3,4684000000,2681000000,2003000000,0.427626,0.0,1126000000,0.0,-15000000,1191000000,3872000000,-45000000,203000000,817000000,0.174424,812000000,0.173356,0.0,767000000,0.163749,55000000,604000000,0.12895,0.97577,0.97577,619000000,619000000,https://www.sec.gov/Archives/edgar/data/32604/000003260419000027/0000032604-19-000027-index.html,https://www.sec.gov/Archives/edgar/data/32604/000003260419000027/emr-6302019x10q.htm
0,2019-03-31,EMR,2019-04-16 00:00:00,2019-04-16 17:20:07,Q2,4570000000,2644000000,1926000000,0.421444,0.0,1145000000,0.0,-13000000,1202000000,3846000000,-49000000,204000000,825000000,0.180525,724000000,0.158425,0.0,675000000,0.147702,150000000,520000000,0.113786,0.84129,0.84129,618100000,618100000,https://www.sec.gov/Archives/edgar/data/1687999/000121390019006526/0001213900-19-006526-index.html,https://www.sec.gov/Archives/edgar/data/1687999/000121390019006526/f10k2018_emrtechnology.htm
0,2018-12-31,EMR,2019-02-06 00:00:00,2019-02-06 14:25:19,Q1,4147000000,2387000000,1760000000,0.424403,0.0,1077000000,0.0,-17000000,1127000000,3514000000,-42000000,202000000,849000000,0.204726,633000000,0.15264,0.0,591000000,0.142513,224000000,465000000,0.112129,0.74068,0.74068,627800000,627800000,https://www.sec.gov/Archives/edgar/data/32604/000003260419000007/0000032604-19-000007-index.html,https://www.sec.gov/Archives/edgar/data/32604/000003260419000007/emr-12312018x10q.htm
0,2018-09-30,EMR,2018-11-15 00:00:00,2018-11-15 15:27:53,Q4,4888000000,2820000000,2068000000,0.423077,0.0,1180000000,0.0,17000000,1281000000,4101000000,-49000000,201000000,1031000000,0.210925,787000000,0.161007,17000000,738000000,0.150982,262000000,617000000,0.126227,0.97673,0.97673,631700000,631700000,https://www.sec.gov/Archives/edgar/data/1687999/000121390018015914/0001213900-18-015914-index.html,https://www.sec.gov/Archives/edgar/data/1687999/000121390018015914/f10q0918_emrtechnology.htm
0,2018-06-30,EMR,2018-08-08 00:00:00,2018-08-08 16:12:05,Q3,4456000000,2506000000,1950000000,0.437612,0.0,1054000000,0.0,27000000,1142000000,3648000000,-40000000,179000000,900000000,0.201975,808000000,0.181329,27000000,768000000,0.172352,49000000,712000000,0.159785,1.12498,1.12498,632900000,632900000,https://www.sec.gov/Archives/edgar/data/32604/000003260418000038/0000032604-18-000038-index.html,https://www.sec.gov/Archives/edgar/data/32604/000003260418000038/emr-6302018x10q.htm
0,2018-03-31,EMR,2018-05-02 00:00:00,2018-05-02 16:47:08,Q2,4248000000,2417000000,1831000000,0.431026,0.0,1032000000,0.0,39000000,1131000000,3548000000,-42000000,191000000,800000000,0.188324,700000000,0.164783,39000000,658000000,0.154896,169000000,482000000,0.113465,0.75786,0.75786,636000000,636000000,https://www.sec.gov/Archives/edgar/data/32604/000003260418000029/0000032604-18-000029-index.html,https://www.sec.gov/Archives/edgar/data/32604/000003260418000029/emr-3312018x10q.htm
0,2017-12-31,EMR,2018-02-07 00:00:00,2018-02-07 13:31:14,Q1,3816000000,2190000000,1626000000,0.426101,0.0,992000000,0.0,17000000,1080000000,3270000000,-43000000,187000000,688000000,0.180294,546000000,0.143082,17000000,503000000,0.131813,152000000,392000000,0.102725,0.61202,0.61202,640500000,640500000,https://www.sec.gov/Archives/edgar/data/32604/000003260418000011/0000032604-18-000011-index.html,https://www.sec.gov/Archives/edgar/data/32604/000003260418000011/emr-12312017x10q.htm
0,2017-09-30,EMR,2017-11-13 00:00:00,2017-11-13 15:05:18,Q4,4435000000,2625000000,1810000000,0.408117,0.0,997000000,0.0,-9000000.0,1080000000,3705000000,-45000000,182000000,824000000,0.185795,730000000,0.1646,-9000000.0,685000000,0.154453,183000000,504000000,0.113641,0.78664,0.78664,640700000,640700000,https://www.sec.gov/Archives/edgar/data/1687999/000121390017011825/0001213900-17-011825-index.html,https://www.sec.gov/Archives/edgar/data/1687999/000121390017011825/f10q0917_emrtechnology.htm
0,2017-06-30,EMR,2017-08-02 00:00:00,2017-08-02 13:13:08,Q3,4039000000,2357000000,1682000000,0.41644,0.0,931000000,0.0,32000000,1018000000,3375000000,-43000000,171000000,743000000,0.183956,664000000,0.164397,32000000,621000000,0.153751,202000000,413000000,0.102253,0.6415,0.6415,643800000,643800000,https://www.sec.gov/Archives/edgar/data/32604/000003260417000036/0000032604-17-000036-index.html,https://www.sec.gov/Archives/edgar/data/32604/000003260417000036/emr-6302017x10q.htm
0,2017-03-31,EMR,2017-05-04 00:00:00,2017-05-04 12:58:43,Q2,3574000000,2020000000,1554000000,0.434807,0.0,868000000,0.0,49000000,951000000,2971000000,-38000000,140000000,575000000,0.160884,603000000,0.168719,49000000,565000000,0.158086,181000000,292000000,0.081701,0.44861,0.44861,650900000,650900000,https://www.sec.gov/Archives/edgar/data/32604/000003260417000022/0000032604-17-000022-index.html,https://www.sec.gov/Archives/edgar/data/32604/000003260417000022/emr-3312017x10q.htm
0,2016-12-31,EMR,2017-02-08 00:00:00,2017-02-08 15:05:31,Q1,3216000000,1863000000,1353000000,0.420709,0.0,822000000,0.0,0.0,855000000,2718000000,-34000000,143000000,512000000,0.159204,498000000,0.154851,0.0,464000000,0.144279,94000000,309000000,0.096082,0.47959,0.47959,644300000,644300000,https://www.sec.gov/Archives/edgar/data/32604/000003260417000007/0000032604-17-000007-index.html,https://www.sec.gov/Archives/edgar/data/32604/000003260417000007/emr-12312016x10q.htm
0,2016-09-30,EMR,2016-11-16 00:00:00,2016-11-16 17:15:14,Q4,3932000000,2238000000,1694000000,0.430824,0.0,855000000,0.0,52000000,990000000,3228000000,-30000000,-21000000,575000000,0.146236,704000000,0.179044,52000000,674000000,0.171414,188000000,438000000,0.111394,0.66464,0.66464,659000000,659000000,https://www.sec.gov/Archives/edgar/data/32604/000003260416000105/0000032604-16-000105-index.html,https://www.sec.gov/Archives/edgar/data/32604/000003260416000105/emr930201610-k.htm
0,2016-06-30,EMR,,,Q3,3674000000,2103000000,1571000000,0.427599,0.0,852000000,0.0,4000000.0,891000000,2994000000,-24000000,303000000,963000000,0.262112,680000000,0.185084,4000000.0,656000000,0.178552,205000000,479000000,0.130376,0.74241,0.74241,645200000,645200000,,
0,2016-03-31,EMR,2016-05-05 00:00:00,2016-05-05 10:53:05,Q2,3579000000,2058000000,1521000000,0.424979,0.0,878000000,0.0,33000000,944000000,3002000000,-25000000,142000000,663000000,0.185247,577000000,0.161218,33000000,552000000,0.154233,177000000,369000000,0.103101,0.57236,0.57236,644700000,644700000,https://www.sec.gov/Archives/edgar/data/32604/000003260416000085/0000032604-16-000085-index.html,https://www.sec.gov/Archives/edgar/data/32604/000003260416000085/emr-3312016x10q.htm
0,2015-12-31,EMR,2016-02-03 00:00:00,2016-02-03 13:56:54,Q1,3337000000,1937000000,1400000000,0.419539,0.0,879000000,0.0,25000000,933000000,2870000000,-33000000,144000000,587000000,0.175907,467000000,0.139946,25000000,434000000,0.130057,127000000,349000000,0.104585,0.53487,0.53487,652500000,652500000,https://www.sec.gov/Archives/edgar/data/32604/000003260416000062/0000032604-16-000062-index.html,https://www.sec.gov/Archives/edgar/data/32604/000003260416000062/emr-12312015x10q.htm
0,2015-09-30,EMR,2015-11-18 00:00:00,2015-11-18 17:24:04,Q4,-241000000,-550000000,309000000,-1.282158,0.0,-264000000,0.0,25000000,-256000000,-806000000,-30000000,-40000000,762000000,-3.161826,565000000,-2.344398,25000000,642000000,-2.6639,184000000,648000000,-2.688797,0.96257,0.96257,673200000,673200000,https://www.sec.gov/Archives/edgar/data/32604/000003260415000051/0000032604-15-000051-index.html,https://www.sec.gov/Archives/edgar/data/32604/000003260415000051/emr930201510-k.htm
0,2015-06-30,EMR,2015-08-05 00:00:00,2015-08-05 13:32:06,Q3,5503000000,3278000000,2225000000,0.404325,0.0,1276000000,0.0,34000000,1398000000,4676000000,-31000000,201000000,956000000,0.173723,827000000,0.150282,34000000,796000000,0.144648,222000000,564000000,0.10249,0.84318,0.84318,668900000,668900000,https://www.sec.gov/Archives/edgar/data/32604/000003260415000036/0000032604-15-000036-index.html,https://www.sec.gov/Archives/edgar/data/32604/000003260415000036/emr-6302015x10q.htm
0,2015-03-31,EMR,2015-05-06 00:00:00,2015-05-06 14:51:50,Q2,5400000000,3241000000,2159000000,0.399815,0.0,1318000000,0.0,39000000,1454000000,4695000000,-33000000,205000000,1770000000,0.327778,705000000,0.130556,39000000,1604000000,0.297037,625000000,973000000,0.180185,1.42231,1.42231,684100000,684100000,https://www.sec.gov/Archives/edgar/data/32604/000003260415000024/0000032604-15-000024-index.html,https://www.sec.gov/Archives/edgar/data/32604/000003260415000024/emr-3312015x10q.htm
0,2014-12-31,EMR,,,Q1,5587000000,3308000000,2279000000,0.407911,0.0,1405000000,0.0,0.0,1469000000,4777000000,-45000000,207000000,923000000,0.165205,810000000,0.144979,0.0,765000000,0.136925,236000000,525000000,0.093968,0.75572,0.75572,694700000,694700000,,
0,2014-09-30,EMR,2014-11-19 00:00:00,2014-11-19 14:26:00,Q4,6807000000,3918000000,2889000000,0.424416,0.0,1453000000,0.0,0.0,2026000000,5944000000,-47000000,208000000,972000000,0.142794,863000000,0.126781,0.0,816000000,0.119877,401000000,410000000,0.060232,0.58605,0.58605,699600000,699600000,https://www.sec.gov/Archives/edgar/data/32604/000003260414000048/0000032604-14-000048-index.html,https://www.sec.gov/Archives/edgar/data/32604/000003260414000048/emr930201410-k.htm
0,2014-06-30,EMR,2014-08-06 00:00:00,2014-08-06 15:56:53,Q3,6312000000,3674000000,2638000000,0.417934,0.0,1424000000,0.0,30000000,1520000000,5194000000,-46000000,204000000,1220000000,0.193283,1118000000,0.177123,30000000,1072000000,0.169835,334000000,728000000,0.115336,1.03512,1.03512,703300000,703300000,https://www.sec.gov/Archives/edgar/data/32604/000003260414000034/0000032604-14-000034-index.html,https://www.sec.gov/Archives/edgar/data/32604/000003260414000034/emr-6302014x10q.htm
0,2014-03-31,EMR,2014-05-07 00:00:00,2014-05-07 17:13:24,Q2,5812000000,3417000000,2395000000,0.412078,0.0,1394000000,0.0,58000000,1531000000,4948000000,-47000000,210000000,973000000,0.167412,864000000,0.148658,58000000,817000000,0.140571,263000000,547000000,0.094116,0.77567,0.77567,705200000,705200000,https://www.sec.gov/Archives/edgar/data/32604/000003260414000024/0000032604-14-000024-index.html,https://www.sec.gov/Archives/edgar/data/32604/000003260414000024/emr-3312014x10q.htm
0,2013-12-31,EMR,,,Q1,5606000000,3370000000,2236000000,0.398858,0.0,1444000000,0.0,25000000,1539000000,4909000000,-54000000,209000000,783000000,0.139672,697000000,0.124331,25000000,643000000,0.114699,166000000,462000000,0.082412,0.65245,0.65245,708100000,708100000,,
0,2013-09-30,EMR,2013-11-19 00:00:00,2013-11-19 12:06:10,Q4,6812000000,4008000000,2804000000,0.411627,0.0,1432000000,0.0,43000000,1567000000,5575000000,-56000000,207000000,1319000000,0.193629,1237000000,0.181591,43000000,1181000000,0.173371,373000000,795000000,0.116706,1.10848,1.10848,717200000,717200000,https://www.sec.gov/Archives/edgar/data/32604/000003260413000044/0000032604-13-000044-index.html,https://www.sec.gov/Archives/edgar/data/32604/000003260413000044/emr930201310-k.htm
0,2013-06-30,EMR,2013-08-07 00:00:00,2013-08-07 16:52:13,Q3,6344000000,3776000000,2568000000,0.404792,0.0,1396000000,0.0,21000000,2006000000,5782000000,-51000000,201000000,641000000,0.10104,562000000,0.088588,21000000,511000000,0.080549,297000000,194000000,0.03058,0.26862,0.26862,722200000,722200000,https://www.sec.gov/Archives/edgar/data/32604/000003260413000030/0000032604-13-000030-index.html,https://www.sec.gov/Archives/edgar/data/32604/000003260413000030/emr-6302013x10q.htm
0,2013-03-31,EMR,2013-05-08 00:00:00,2013-05-08 14:50:18,Q2,5960000000,3587000000,2373000000,0.398154,0.0,1426000000,0.0,-10000000,1486000000,5073000000,-57000000,205000000,962000000,0.161409,887000000,0.148826,-10000000,831000000,0.13943,253000000,561000000,0.094128,0.77347,0.77347,725300000,725300000,https://www.sec.gov/Archives/edgar/data/32604/000003260413000016/0000032604-13-000016-index.html,https://www.sec.gov/Archives/edgar/data/32604/000003260413000016/emr-3312013x10q.htm
0,2012-12-31,EMR,2013-02-06 00:00:00,2013-02-06 15:37:06,Q1,5553000000,3346000000,2207000000,0.397443,0.0,1394000000,0.0,11000000,1480000000,4826000000,-54000000,206000000,813000000,0.146407,727000000,0.13092,11000000,673000000,0.121196,207000000,454000000,0.081758,0.62457,0.62457,726900000,726900000,https://www.sec.gov/Archives/edgar/data/32604/000003260413000003/0000032604-13-000003-index.html,https://www.sec.gov/Archives/edgar/data/32604/000003260413000003/emr-12312012x10q.htm
0,2012-09-30,EMR,2012-11-20 00:00:00,2012-11-20 11:55:46,Q4,6700000000,3951000000,2749000000,0.410299,0.0,1385000000,0.0,33000000,2099000000,6050000000,-57000000,206000000,724000000,0.10806,650000000,0.097015,33000000,593000000,0.088507,293000000,282000000,0.04209,0.38678,0.38678,729100000,729100000,https://www.sec.gov/Archives/edgar/data/32604/000003260412000012/0000032604-12-000012-index.html,https://www.sec.gov/Archives/edgar/data/32604/000003260412000012/emr930201210-k.htm
0,2012-06-30,EMR,2012-08-08 00:00:00,2012-08-08 13:16:08,Q3,6484000000,3856000000,2628000000,0.405305,0.0,1338000000,0.0,25000000,1465000000,5321000000,-51000000,211000000,1298000000,0.200185,1163000000,0.179365,25000000,1155000000,0.178131,368000000,770000000,0.118754,1.04862,1.04862,734300000,734300000,https://www.sec.gov/Archives/edgar/data/32604/000003260412000009/0000032604-12-000009-index.html,https://www.sec.gov/Archives/edgar/data/32604/000003260412000009/emr-06302012x10q.htm
0,2012-03-31,EMR,,,Q2,5919000000,3583000000,2336000000,0.394661,0.0,1359000000,0.0,22000000,1469000000,5052000000,-58000000,202000000,947000000,0.159993,867000000,0.146477,22000000,814000000,0.137523,258000000,545000000,0.092076,0.73969,0.73969,736800000,736800000,,
0,2011-12-31,EMR,2012-02-08 00:00:00,2012-02-08 12:34:53,Q1,5309000000,3254000000,2055000000,0.387079,0.0,1354000000,0.0,11000000,1446000000,4700000000,-58000000,204000000,689000000,0.12978,609000000,0.114711,11000000,553000000,0.104163,172000000,371000000,0.069881,0.50251,0.50251,738300000,738300000,https://www.sec.gov/Archives/edgar/data/32604/000114420412006547/0001144204-12-006547-index.html,https://www.sec.gov/Archives/edgar/data/32604/000114420412006547/v300635_10q.htm
0,2011-09-30,EMR,2011-11-22 00:00:00,2011-11-21 21:41:04,Q4,6545000000,3955000000,2590000000,0.395722,0.0,1339000000,0.0,-1000000.0,1444000000,5399000000,-55000000,217000000,1268000000,0.193736,1146000000,0.175095,-1000000.0,1093000000,0.166998,345000000,761000000,0.116272,1.02107,1.02107,745300000,745300000,https://www.sec.gov/Archives/edgar/data/32604/000114420411066373/0001144204-11-066373-index.html,https://www.sec.gov/Archives/edgar/data/32604/000114420411066373/v236587_10k.htm
0,2011-06-30,EMR,2011-08-04 00:00:00,2011-08-04 10:11:20,Q3,6288000000,3790000000,2498000000,0.397265,0.0,1363000000,0.0,2000000.0,1444000000,5234000000,-62000000,215000000,1130000000,0.179707,1054000000,0.167621,2000000.0,992000000,0.157761,294000000,683000000,0.10862,0.90668,0.90668,753300000,753300000,https://www.sec.gov/Archives/edgar/data/32604/000114420411043852/0001144204-11-043852-index.html,https://www.sec.gov/Archives/edgar/data/32604/000114420411043852/v229840_10q.htm
0,2011-03-31,EMR,2011-05-04 00:00:00,2011-05-04 17:26:51,Q2,5854000000,3548000000,2306000000,0.393919,0.0,1315000000,0.0,40000000,1429000000,4977000000,-63000000,216000000,975000000,0.166553,877000000,0.149812,40000000,833000000,0.142296,266000000,556000000,0.094978,0.73419,0.73419,757300000,757300000,https://www.sec.gov/Archives/edgar/data/32604/000114420411026205/0001144204-11-026205-index.html,https://www.sec.gov/Archives/edgar/data/32604/000114420411026205/v220474_10q.htm
0,2010-12-31,EMR,,,Q1,5535000000,3372000000,2163000000,0.390786,0.0,1311000000,0.0,-3000000.0,1387000000,4759000000,-66000000,219000000,855000000,0.154472,776000000,0.140199,-3000000.0,713000000,0.128817,222000000,480000000,0.086721,0.63316,0.63316,758100000,758100000,,
0,2010-09-30,EMR,2010-11-23 00:00:00,2010-11-23 17:12:24,Q4,5841000000,3510000000,2331000000,0.399076,0.0,1312000000,0.0,40000000,1424000000,4934000000,-70000000,211000000,1144000000,0.195857,907000000,0.155282,40000000,838000000,0.143469,254000000,749000000,0.128231,0.98891,0.98891,757400000,757400000,https://www.sec.gov/Archives/edgar/data/32604/000114420410063258/0001144204-10-063258-index.html,https://www.sec.gov/Archives/edgar/data/32604/000114420410063258/v203504_10k.htm
0,2010-06-30,EMR,2010-08-04 00:00:00,2010-08-04 11:34:39,Q3,5417000000,3253000000,2164000000,0.399483,0.0,1168000000,0.0,-2000000.0,1232000000,4485000000,-69000000,203000000,985000000,0.181835,932000000,0.172051,-2000000.0,863000000,0.159313,266000000,585000000,0.107993,0.77238,0.77238,757400000,757400000,https://www.sec.gov/Archives/edgar/data/32604/000114420410041096/0001144204-10-041096-index.html,https://www.sec.gov/Archives/edgar/data/32604/000114420410041096/v191417_10q.htm
0,2010-03-31,EMR,2010-05-05 00:00:00,2010-05-05 15:56:37,Q2,4953000000,2990000000,1963000000,0.396325,0.0,1203000000,0.0,10000000,1288000000,4278000000,-73000000,206000000,718000000,0.144963,675000000,0.136281,10000000,601000000,0.121341,180000000,405000000,0.081769,0.53472,0.53472,757400000,757400000,https://www.sec.gov/Archives/edgar/data/32604/000114420410024596/0001144204-10-024596-index.html,https://www.sec.gov/Archives/edgar/data/32604/000114420410024596/v183131_10q.htm
0,2009-12-31,EMR,2010-02-03 00:00:00,2010-02-03 16:50:21,Q1,4828000000,2960000000,1868000000,0.38691,0.0,1134000000,0.0,23000000,1227000000,4187000000,-68000000,196000000,701000000,0.145195,641000000,0.132767,23000000,577000000,0.119511,148000000,425000000,0.088028,0.56254,0.56254,755500000,755500000,https://www.sec.gov/Archives/edgar/data/32604/000114420410005166/0001144204-10-005166-index.html,https://www.sec.gov/Archives/edgar/data/32604/000114420410005166/v172873_10q.htm
0,2009-09-30,EMR,2009-11-23 00:00:00,2009-11-23 16:52:34,Q4,5130000000,3134000000,1996000000,0.389084,0.0,1103000000,0.0,33000000,1332000000,4466000000,0.0,185000000,841000000,0.163938,664000000,0.129435,33000000,668000000,0.130214,150000000,506000000,0.098635,0.66993,0.66993,755300000,755300000,https://www.sec.gov/Archives/edgar/data/32604/000114420409061535/0001144204-09-061535-index.html,https://www.sec.gov/Archives/edgar/data/32604/000114420409061535/v166921_10k.htm
0,2009-06-30,EMR,2009-08-05 00:00:00,2009-08-05 13:26:47,Q3,4470000000,2739000000,1731000000,0.387248,0.0,1001000000,0.0,23000000,1302000000,4041000000,0.0,184000000,723000000,0.161745,429000000,0.095973,23000000,543000000,0.121477,152000000,387000000,0.086577,0.50266,0.50266,769900000,769900000,https://www.sec.gov/Archives/edgar/data/32604/000114420409040507/0001144204-09-040507-index.html,https://www.sec.gov/Archives/edgar/data/32604/000114420409040507/v156095_10q.htm
0,2009-03-31,EMR,2009-05-05 00:00:00,2009-05-05 16:17:15,Q2,5087000000,3250000000,1837000000,0.361117,0.0,1119000000,0.0,48000000,1250000000,4500000000,-54000000,182000000,677000000,0.133084,587000000,0.115392,48000000,558000000,0.109691,176000000,373000000,0.073324,0.4928,0.4928,756900000,756900000,https://www.sec.gov/Archives/edgar/data/32604/000114420409024132/0001144204-09-024132-index.html,https://www.sec.gov/Archives/edgar/data/32604/000114420409024132/v147980_10q.htm
0,2008-12-31,EMR,2009-02-04 00:00:00,2009-02-04 17:03:07,Q1,5415000000,3419000000,1996000000,0.368606,0.0,1193000000,0.0,17000000,1265000000,4684000000,-54000000,176000000,790000000,0.145891,731000000,0.134995,17000000,681000000,0.125762,210000000,458000000,0.08458,0.59643,0.59643,767900000,767900000,https://www.sec.gov/Archives/edgar/data/32604/000114420409005268/0001144204-09-005268-index.html,https://www.sec.gov/Archives/edgar/data/32604/000114420409005268/v138523_10q.htm
0,2008-09-30,EMR,2008-11-25 00:00:00,2008-11-24 18:41:32,Q4,6696000000,4222000000,2474000000,0.369474,0.0,1300000000,0.0,68000000,1418000000,5640000000,-56000000,177000000,1119000000,0.167115,1056000000,0.157706,68000000,1000000000,0.149343,310000000,688000000,0.102748,0.88047,0.88047,781400000,781400000,https://www.sec.gov/Archives/edgar/data/32604/000114420408066523/0001144204-08-066523-index.html,https://www.sec.gov/Archives/edgar/data/32604/000114420408066523/v132847_10k.htm
0,2008-06-30,EMR,2008-08-06 00:00:00,2008-08-06 11:48:37,Q3,6568000000,4155000000,2413000000,0.367387,0.0,1321000000,0.0,56000000,1406000000,5561000000,-61000000,180000000,1030000000,0.156821,1007000000,0.153319,56000000,946000000,0.144032,299000000,612000000,0.093179,0.77685,0.77685,787800000,787800000,https://www.sec.gov/Archives/edgar/data/32604/000114420408044085/0001144204-08-044085-index.html,https://www.sec.gov/Archives/edgar/data/32604/000114420408044085/v121762_10q.htm
0,2008-03-31,EMR,2008-05-07 00:00:00,2008-05-07 12:21:54,Q2,6023000000,3781000000,2242000000,0.37224,0.0,1252000000,0.0,29000000,1307000000,5088000000,-63000000,179000000,937000000,0.15557,935000000,0.155238,29000000,872000000,0.144778,274000000,547000000,0.090819,0.69066,0.69066,792000000,792000000,https://www.sec.gov/Archives/edgar/data/32604/000114420408026482/0001144204-08-026482-index.html,https://www.sec.gov/Archives/edgar/data/32604/000114420408026482/v112540_10q.htm
0,2007-12-31,EMR,,,Q1,5520000000,3510000000,2010000000,0.36413,0.0,1184000000,0.0,41000000,1237000000,4747000000,-64000000,171000000,926000000,0.167754,773000000,0.140036,41000000,773000000,0.140036,254000000,565000000,0.102355,0.70935,0.70935,796500000,796500000,,
0,2007-09-30,EMR,2007-11-19 00:00:00,2007-11-19 15:34:09,Q4,6028000000,3780000000,2248000000,0.372926,0.0,1235000000,0.0,27000000,1288000000,5068000000,-62000000,165000000,1008000000,0.16722,960000000,0.159257,27000000,903000000,0.149801,282000000,623000000,0.103351,0.77875,0.77875,800000000,800000000,https://www.sec.gov/Archives/edgar/data/32604/000114420407063041/0001144204-07-063041-index.html,https://www.sec.gov/Archives/edgar/data/32604/000114420407063041/v094142_10k.htm
0,2007-06-30,EMR,2007-08-08 00:00:00,2007-08-08 13:39:49,Q3,5772000000,3677000000,2095000000,0.362959,0.0,1154000000,0.0,27000000,1208000000,4885000000,-68000000,163000000,918000000,0.159044,887000000,0.153673,27000000,822000000,0.142412,249000000,574000000,0.099446,0.71562,0.71562,802100000,802100000,https://www.sec.gov/Archives/edgar/data/32604/000114420407041045/0001144204-07-041045-index.html,https://www.sec.gov/Archives/edgar/data/32604/000114420407041045/v082875_10q.htm
0,2007-03-31,EMR,2007-05-03 00:00:00,2007-05-03 13:56:08,Q2,5394000000,3455000000,1939000000,0.359473,0.0,1109000000,0.0,27000000,1165000000,4620000000,-65000000,167000000,836000000,0.154987,774000000,0.143493,27000000,733000000,0.135892,240000000,494000000,0.091583,0.61374,0.61374,804900000,804900000,https://www.sec.gov/Archives/edgar/data/32604/000114420407022464/0001144204-07-022464-index.html,https://www.sec.gov/Archives/edgar/data/32604/000114420407022464/v073007_10q.htm
0,2006-12-31,EMR,,,Q1,4937000000,3154000000,1783000000,0.36115,0.0,1071000000,0.0,30000000,1124000000,4278000000,-66000000,161000000,733000000,0.148471,659000000,0.133482,30000000,635000000,0.128621,193000000,445000000,0.090136,0.5504,0.5504,808500000,808500000,,
0,2006-09-30,EMR,,,Q4,5516000000,3531000000,1985000000,0.359862,0.0,1107000000,0.0,27000000,1176000000,4707000000,-60000000,153000000,868000000,0.15736,809000000,0.146664,27000000,775000000,0.1405,249000000,526000000,0.095359,0.64492,0.64492,815600000,815600000,,
0,2006-06-30,EMR,,,Q3,5217000000,3361000000,1856000000,0.35576,0.0,1037000000,0.0,34000000,1098000000,4459000000,-56000000,160000000,818000000,0.156795,758000000,0.145294,34000000,714000000,0.13686,228000000,486000000,0.093157,0.58852,0.58852,825800000,825800000,,
0,2006-03-31,EMR,,,Q2,4852000000,3118000000,1734000000,0.357378,0.0,1005000000,0.0,28000000,1061000000,4179000000,-54000000,153000000,724000000,0.149217,673000000,0.138706,28000000,625000000,0.128813,191000000,434000000,0.089448,0.52352,0.52352,829000000,829000000,,
0,2005-12-31,EMR,,,Q1,4548000000,2955000000,1593000000,0.350264,0.0,950000000,0.0,26000000,992000000,3947000000,-55000000,141000000,656000000,0.144239,601000000,0.132146,26000000,570000000,0.12533,171000000,399000000,0.087731,0.48235,0.48235,827200000,827200000,,
0,2005-09-30,EMR,,,Q4,4643000000,2974000000,1669000000,0.359466,0.0,923000000,0.0,67000000,1018000000,3992000000,-58000000,142000000,703000000,0.151411,651000000,0.140211,67000000,619000000,0.133319,200000000,419000000,0.090243,0.50494,0.50494,829800000,829800000,,
0,2005-06-30,EMR,,,Q3,4465000000,2865000000,1600000000,0.358343,0.0,907000000,0.0,10000000,940000000,3805000000,-62000000,144000000,680000000,0.152296,660000000,0.147816,10000000,598000000,0.133931,240000000,358000000,0.080179,0.42854,0.42854,835400000,835400000,,
0,2005-03-31,EMR,,,Q2,4227000000,2725000000,1502000000,0.355335,0.0,893000000,0.0,24000000,943000000,3668000000,-61000000,139000000,576000000,0.136267,559000000,0.132245,24000000,498000000,0.117814,150000000,348000000,0.082328,0.4134,0.4134,841800000,841800000,,
0,2004-12-31,EMR,,,Q1,3970000000,2558000000,1412000000,0.355668,0.0,872000000,0.0,43000000,942000000,3500000000,-62000000,137000000,509000000,0.128212,470000000,0.118388,43000000,434000000,0.10932,137000000,297000000,0.074811,0.35198,0.35198,843800000,843800000,,
0,2004-09-30,EMR,,,Q4,4120000000,2631000000,1489000000,0.361408,0.0,860000000,0.0,5000000.0,902000000,3533000000,-57000000,147000000,620000000,0.150485,587000000,0.142476,5000000.0,530000000,0.128641,176000000,354000000,0.085922,0.41993,0.41993,843000000,843000000,,
0,2004-06-30,EMR,2004-08-12 00:00:00,2004-08-11 17:54:11,Q3,4036000000,2597000000,1439000000,0.356541,0.0,824000000,0.0,31000000,885000000,3482000000,-55000000,140000000,584000000,0.144698,554000000,0.137265,31000000,499000000,0.123637,158000000,341000000,0.08449,0.40393,0.40393,844200000,844200000,https://www.sec.gov/Archives/edgar/data/32604/000003260404000013/0000032604-04-000013-index.html,https://www.sec.gov/Archives/edgar/data/32604/000003260404000013/form10q3q04.htm
0,2004-03-31,EMR,,,Q2,3859000000,2503000000,1356000000,0.351386,0.0,807000000,0.0,25000000,857000000,3360000000,-60000000,139000000,545000000,0.141228,499000000,0.129308,25000000,466000000,0.120757,148000000,318000000,0.082405,0.37589,0.37589,846000000,846000000,,
0,2003-12-31,EMR,,,Q1,3600000000,2318000000,1282000000,0.356111,0.0,790000000,0.0,30000000,863000000,3181000000,-62000000,131000000,426000000,0.118333,419000000,0.116389,30000000,357000000,0.099167,113000000,244000000,0.067778,0.28896,0.28896,844400000,844400000,,
0,2003-09-30,EMR,,,Q4,3694000000,2400000000,1294000000,0.350298,0.0,753000000,0.0,33000000,832000000,3232000000,-56000000,128000000,478000000,0.129399,462000000,0.125068,33000000,406000000,0.109908,130000000,276000000,0.074716,0.32999,0.32999,836400000,836400000,,
0,2003-06-30,EMR,,,Q3,3573000000,2323000000,1250000000,0.349846,0.0,734000000,0.0,35000000,868000000,3191000000,-62000000,142000000,491000000,0.13742,382000000,0.106913,35000000,329000000,0.092079,51000000,360000000,0.100756,0.42755,0.42755,842000000,842000000,,
0,2003-03-31,EMR,,,Q2,3465000000,2254000000,1211000000,0.349495,0.0,731000000,0.0,34000000,794000000,3048000000,-61000000,137000000,427000000,0.123232,417000000,0.120346,34000000,356000000,0.102742,115000000,236000000,0.06811,0.28055,0.28055,841200000,841200000,,
0,2002-12-31,EMR,,,Q1,3226000000,2083000000,1143000000,0.354309,0.0,717000000,0.0,28000000,773000000,2856000000,-62000000,127000000,387000000,0.119963,370000000,0.114693,28000000,323000000,0.100124,105000000,217000000,0.067266,0.25796,0.25796,841200000,841200000,,
0,2002-09-30,EMR,2002-12-23 00:00:00,2002-12-23 17:00:21,Q4,3522000000,2290000000,1232000000,0.349801,0.0,729000000,0.0,26000000,815000000,3105000000,-41000000,132000000,466000000,0.132311,417000000,0.118399,26000000,383000000,0.108745,126000000,249000000,0.070698,0.29699,0.29699,838400000,838400000,https://www.sec.gov/Archives/edgar/data/32604/000003260402000022/0000032604-02-000022-index.html,https://www.sec.gov/Archives/edgar/data/32604/000003260402000022/ye02-10k.htm
0,2002-06-30,EMR,2002-08-07 00:00:00,2002-08-07 10:18:30,Q3,3550000000,2324000000,1226000000,0.345352,0.0,712000000,0.0,24000000,783000000,3107000000,-61000000,140000000,502000000,0.141408,443000000,0.124789,24000000,428000000,0.120563,142000000,281000000,0.079155,0.33341,0.33341,842800000,842800000,https://www.sec.gov/Archives/edgar/data/32604/000003260402000014/0000032604-02-000014-index.html,https://www.sec.gov/Archives/edgar/data/32604/000003260402000014/final3q02-10q.htm
0,2002-03-31,EMR,2002-05-14 00:00:00,2002-05-14 14:51:49,Q2,3381000000,2200000000,1181000000,0.349305,0.0,715000000,0.0,33000000,802000000,3002000000,-61000000,138000000,485000000,0.143449,379000000,0.112097,33000000,411000000,0.121562,133000000,275000000,0.081337,0.32292,0.32292,851600000,851600000,https://www.sec.gov/Archives/edgar/data/32604/000003260402000009/0000032604-02-000009-index.html,https://www.sec.gov/Archives/edgar/data/32604/000003260402000009/q2final.htm
0,2001-12-31,EMR,2002-02-14 00:00:00,2002-02-14 00:00:00,Q1,3295000000,2125000000,1170000000,0.355083,0.0,748000000,0.0,14000000,817000000,2942000000,-70000000,131000000,-509000000,-0.154476,353000000,0.107132,14000000,368000000,0.111684,113000000,-683000000,-0.207284,-0.81232,-0.81232,840800000,840800000,https://www.sec.gov/Archives/edgar/data/32604/000003260402000003/0000032604-02-000003-index.html,https://www.sec.gov/Archives/edgar/data/32604/000003260402000003/q-1q02.htm
0,2001-09-30,EMR,2001-12-21 00:00:00,2001-12-21 00:00:00,Q4,3551900000,2394200000,1157700000,0.325938,0.0,786700000,0.0,305800000,1092500000,3486700000,-69300000,172299999.99999994,98899999.99999996,0.027844,65200000,0.018356,305800000,-4100000.0,-0.001154,10600000,-14700000,-0.004139,-0.01745,-0.01745,842600000,842600000,https://www.sec.gov/Archives/edgar/data/32604/000003260401500032/0000032604-01-500032-index.html,https://www.sec.gov/Archives/edgar/data/32604/000003260401500032/ye0110k.htm
0,2001-06-30,EMR,2001-08-13 00:00:00,2001-08-13 00:00:00,Q3,3904900000,2540300000,1364600000,0.349458,0.0,731200000,0.0,58100000,789299999.9999996,3329599999.9999995,-72100000,184000000.00000006,615100000.0000001,0.15752,575300000,0.147328,58100000,503200000,0.128864,172800000,330400000,0.084612,0.38392,0.38392,860600000,860600000,https://www.sec.gov/Archives/edgar/data/32604/000003260401500024/0000032604-01-500024-index.html,https://www.sec.gov/Archives/edgar/data/32604/000003260401500024/q32001final.htm
0,2001-03-31,EMR,2001-05-11 00:00:00,2001-05-11 00:00:00,Q2,4103300000,2652500000,1450800000,0.353569,0.0,790000000,0.0,36100000,826099999.9999999,3478600000,-79300000,180799999.99999997,646900000,0.157654,624700000,0.152243,36100000,545400000,0.132917,186700000,358700000,0.087417,0.41574,0.41574,862800000,862800000,https://www.sec.gov/Archives/edgar/data/32604/000003260401500011/0000032604-01-500011-index.html,https://www.sec.gov/Archives/edgar/data/32604/000003260401500011/q2-2001.htm
0,2000-12-31,EMR,2001-02-13 00:00:00,2001-02-13 00:00:00,Q1,3919500000,2531500000,1388000000,0.354127,0.0,774000000,0.0,-13700000,760300000.0000002,3291800000,-83600000,171400000,631900000,0.16122,627700000,0.160148,-13700000,544100000,0.138819,186700000,357400000,0.091185,0.41404,0.41404,863200000,863200000,https://www.sec.gov/Archives/edgar/data/32604/000003260401000002/0000032604-01-000002-index.html,https://www.sec.gov/Archives/edgar/data/32604/000003260401000002/0000032604-01-000002-0001.txt
0,2000-09-30,EMR,2000-12-22 00:00:00,2000-12-22 00:00:00,Q4,4065000000,2607800000,1457200000,0.358475,0.0,775400000,0.0,28800000,804199999.9999998,3412000000,-83400000,172000000,658200000,0.161919,653000000,0.16064,28800000,569600000,0.140123,198600000,371000000,0.091267,0.432,0.432,858800000,858800000,https://www.sec.gov/Archives/edgar/data/32604/000003260400000030/0000032604-00-000030-index.html,https://www.sec.gov/Archives/edgar/data/32604/000003260400000030/0000032604-00-000030-0001.txt
0,2000-06-30,EMR,2000-08-14 00:00:00,2000-08-14 00:00:00,Q3,4041800000,2605100000,1436700000,0.35546,0.0,767300000,0.0,12100000,779400000.0000001,3384500000,-83200000,170899999.99999997,661800000,0.163739,657300000,0.162626,12100000,574100000,0.142041,200400000,373700000,0.092459,0.43484,0.43484,859400000,859400000,https://www.sec.gov/Archives/edgar/data/32604/000003260400000015/0000032604-00-000015-index.html,https://www.sec.gov/Archives/edgar/data/32604/000003260400000015/0000032604-00-000015-0001.txt
0,2000-03-31,EMR,2000-05-12 00:00:00,2000-05-12 00:00:00,Q2,3894700000,2514300000,1380400000,0.35443,0.0,743300000,0.0,29500000,772799999.9999996,3287099999.9999995,-69000000,172100000.00000003,641700000,0.164762,607600000,0.156007,29500000,538600000,0.13829,185800000,352800000,0.090585,0.40957,0.40957,861400000,861400000,https://www.sec.gov/Archives/edgar/data/32604/000003260400000005/0000032604-00-000005-index.html,https://www.sec.gov/Archives/edgar/data/32604/0000032604-00-000005.txt
0,1999-12-31,EMR,,,Q1,3543300000,2288800000,1254500000,0.354048,0.0,701900000,0.0,4600000.0,706500000,2995300000,-52000000,163500000,607500000,0.17145,548000000,0.154658,4600000.0,496000000,0.139983,171100000,324900000,0.091694,0.37388,0.37388,869000000,869000000,,
0,1999-09-30,EMR,1999-12-20 00:00:00,1999-12-20 00:00:00,Q4,3620100000,2332400000,1287700000,0.355708,0.0,684600000,0.0,42000000,726599999.9999999,3059000000,-51100000,156300000,615200000,0.16994,561100000,0.154996,42000000,510000000,0.14088,169800000,340200000,0.093975,0.38924,0.38924,874000000,874000000,https://www.sec.gov/Archives/edgar/data/32604/000003260499000014/0000032604-99-000014-index.html,https://www.sec.gov/Archives/edgar/data/32604/0000032604-99-000014.txt
0,1999-06-30,EMR,1999-08-13 00:00:00,1999-08-13 00:00:00,Q3,3634000000,2340000000,1294000000,0.356081,0.0,695500000,0.0,15400000,710900000.0000001,3050900000,-48900000,164000000,649300000,0.178674,583100000,0.160457,15400000,534200000,0.147001,189100000,345100000,0.094964,0.3944,0.3944,875000000,875000000,https://www.sec.gov/Archives/edgar/data/32604/000003260499000010/0000032604-99-000010-index.html,https://www.sec.gov/Archives/edgar/data/32604/0000032604-99-000010.txt
0,1999-03-31,EMR,1999-05-14 00:00:00,1999-05-14 00:00:00,Q2,3588700000,2309800000,1278900000,0.356369,0.0,698700000,0.0,31100000,729799999.9999996,3039599999.9999995,-44800000,164799999.99999997,624300000,0.173963,549100000,0.153008,31100000,504300000,0.140524,178400000,325900000,0.090813,0.37161,0.37161,877000000,877000000,https://www.sec.gov/Archives/edgar/data/32604/000003260499000007/0000032604-99-000007-index.html,https://www.sec.gov/Archives/edgar/data/32604/0000032604-99-000007.txt
0,1998-12-31,EMR,,,Q1,3426700000,2211600000,1215100000,0.354598,0.0,691400000,0.0,6400000.0,697800000.0000002,2909400000,-44900000,152400000,579900000,0.16923,517300000,0.150962,6400000.0,472400000,0.137859,170000000,302400000,0.088248,0.34317,0.34317,881200000,881200000,,
0,1998-09-30,EMR,1998-12-23 00:00:00,1998-12-23 00:00:00,Q4,3428100000,2195000000,1233100000,0.359704,0.0,672200000,0.0,27700000,699900000.0000001,2894900000,-38900000,-427600000,27800000,0.008109,533200000,0.155538,27700000,494300000,0.144191,180400000,313900000,0.091567,0.35525,0.35525,883600000,883600000,https://www.sec.gov/Archives/edgar/data/32604/000003260498000016/0000032604-98-000016-index.html,https://www.sec.gov/Archives/edgar/data/32604/0000032604-98-000016.txt
0,1998-06-30,EMR,1998-08-14 00:00:00,1998-08-14 00:00:00,Q3,3465200000,2211100000,1254100000,0.361913,0.0,684800000,0.0,24500000,709300000.0000002,2920400000,-37300000,148500000,618700000,0.178547,544800000,0.15722,24500000,507500000,0.146456,182700000,324800000,0.093732,0.36535,0.36535,889000000,889000000,https://www.sec.gov/Archives/edgar/data/32604/000003260498000013/0000032604-98-000013-index.html,https://www.sec.gov/Archives/edgar/data/32604/0000032604-98-000013.txt
0,1998-03-31,EMR,1998-05-13 00:00:00,1998-05-13 00:00:00,Q2,3382400000,2159700000,1222700000,0.361489,0.0,673300000,0.0,29100000,702400000.0000001,2862100000,-39700000,279100000,720000000,0.212867,520300000,0.153826,29100000,480600000,0.142088,173000000,307600000,0.090941,0.34469,0.34469,892400000,892400000,https://www.sec.gov/Archives/edgar/data/32604/000003260498000005/0000032604-98-000005-index.html,https://www.sec.gov/Archives/edgar/data/32604/0000032604-98-000005.txt
0,1997-12-31,EMR,1998-02-17 00:00:00,1998-02-17 00:00:00,Q1,3171500000,2029800000,1141700000,0.359987,0.0,646400000,0.0,18400000,664800000,2694600000,-35800000,0.0,405300000,0.127794,476900000,0.15037,18400000,441100000,0.139082,158800000,282300000,0.089012,0.31798,0.31798,887800000,887800000,https://www.sec.gov/Archives/edgar/data/32604/000003260498000002/0000032604-98-000002-index.html,https://www.sec.gov/Archives/edgar/data/32604/0000032604-98-000002.txt
0,1997-09-30,EMR,1997-12-19 00:00:00,1997-12-19 00:00:00,Q4,3156100000,2005800000,1150300000,0.364469,0.0,633600000,0.0,22100000,655700000,2661500000,-33600000,0.0,427400000,0.13542,494600000,0.156712,22100000,461000000,0.146066,171000000,290000000,0.091886,0.32724,0.32724,886200000,886200000,https://www.sec.gov/Archives/edgar/data/32604/000003260497000015/0000032604-97-000015-index.html,https://www.sec.gov/Archives/edgar/data/32604/0000032604-97-000015.txt
0,1997-06-30,EMR,1997-08-14 00:00:00,1997-08-14 00:00:00,Q3,3208400000,2067000000,1141400000,0.355754,0.0,621800000,0.0,18000000,639800000.0000002,2706800000,-30000000,0.0,441600000,0.137639,501600000,0.15634,18000000,471600000,0.146989,175000000,296600000,0.092445,0.33081,0.33081,896600000,896600000,https://www.sec.gov/Archives/edgar/data/32604/000003260497000010/0000032604-97-000010-index.html,https://www.sec.gov/Archives/edgar/data/32604/0000032604-97-000010.txt
0,1997-03-31,EMR,1997-05-15 00:00:00,1997-05-15 00:00:00,Q2,3103500000,1987400000,1116100000,0.359626,0.0,612200000,0.0,28400000,640599999.9999999,2628000000,-29800000,0.0,415900000,0.13401,475500000,0.153214,28400000,445700000,0.143612,165300000,280400000,0.09035,0.31114,0.31114,901200000,901200000,https://www.sec.gov/Archives/edgar/data/32604/000003260497000006/0000032604-97-000006-index.html,https://www.sec.gov/Archives/edgar/data/32604/0000032604-97-000006.txt
0,1996-12-31,EMR,1997-02-13 00:00:00,1997-02-13 00:00:00,Q1,2830600000,1805400000,1025200000,0.362185,0.0,583300000,0.0,9100000.0,592400000.0000001,2397800000,-27500000,0.0,377800000,0.13347,432800000,0.1529,9100000.0,405300000,0.143185,150400000,254900000,0.090052,0.28222,0.28222,903200000,903200000,https://www.sec.gov/Archives/edgar/data/32604/000003260497000002/0000032604-97-000002-index.html,https://www.sec.gov/Archives/edgar/data/32604/0000032604-97-000002.txt
0,1996-09-30,EMR,1996-12-19 00:00:00,1996-12-19 00:00:00,Q4,2867500000,1833700000,1033800000,0.360523,0.0,563900000,0.0,16300000,580200000,2413900000,-30700000,0.0,392200000,0.136774,453600000,0.158187,16300000,422900000,0.14748,156700000,266200000,0.092833,0.29333,0.29333,907500000,907500000,https://www.sec.gov/Archives/edgar/data/32604/000003260496000015/0000032604-96-000015-index.html,https://www.sec.gov/Archives/edgar/data/32604/0000032604-96-000015.txt
0,1996-06-30,EMR,1996-08-14 00:00:00,1996-08-14 00:00:00,Q3,2896800000,1859800000,1037000000,0.357981,0.0,567100000,0.0,15900000,583000000.0000002,2442800000,-32200000,0.0,389600000,0.134493,454000000,0.156725,15900000,421800000,0.145609,154900000,266900000,0.092136,0.29775,0.29775,896400000,896400000,https://www.sec.gov/Archives/edgar/data/32604/000003260496000010/0000032604-96-000010-index.html,https://www.sec.gov/Archives/edgar/data/32604/0000032604-96-000010.txt
0,1996-03-31,EMR,1996-05-14 00:00:00,1996-05-14 00:00:00,Q2,2819800000,1821100000,998700000,0.354174,0.0,544000000,0.0,18400000,562400000.0000001,2383500000,-33900000,0.0,368500000,0.130683,436300000,0.154727,18400000,402400000,0.142705,147500000,254900000,0.090396,0.28442,0.28442,896200000,896200000,https://www.sec.gov/Archives/edgar/data/32604/000003260496000005/0000032604-96-000005-index.html,https://www.sec.gov/Archives/edgar/data/32604/0000032604-96-000005.txt
0,1995-12-31,EMR,1996-02-14 00:00:00,1996-02-14 00:00:00,Q1,2565800000,1650400000,915400000,0.35677,0.0,517000000,0.0,6400000.0,523400000.0000001,2173800000,-30100000,0.0,331800000,0.129316,392000000,0.152779,6400000.0,361900000,0.141048,131400000,230500000,0.089836,0.2572,0.2572,896200000,896200000,https://www.sec.gov/Archives/edgar/data/32604/000003260496000003/0000032604-96-000003-index.html,https://www.sec.gov/Archives/edgar/data/32604/0000032604-96-000003.txt
0,1995-09-30,EMR,1995-12-21 00:00:00,1995-12-21 00:00:00,Q4,2584500000,1645600000,938900000,0.363281,0.0,517200000,0.0,18300000,535500000,2181100000,-30400000,408900000,751500000,0.290772,403400000,0.156084,18300000,373000000,0.144322,135300000,237700000,0.091971,0.2647,0.2647,898000000,898000000,https://www.sec.gov/Archives/edgar/data/32604/000003260495000011/0000032604-95-000011-index.html,https://www.sec.gov/Archives/edgar/data/32604/0000032604-95-000011.txt
0,1995-06-30,EMR,1995-08-14 00:00:00,1995-08-14 00:00:00,Q3,2629700000,1707000000,922700000,0.350877,0.0,498700000,0.0,16700000,515400000.0000001,2222400000,-31200000,0.0,344900000,0.131156,407300000,0.154885,16700000,376100000,0.14302,136600000,239500000,0.091075,0.26775,0.26775,894500000,894500000,https://www.sec.gov/Archives/edgar/data/32604/000003260495000009/0000032604-95-000009-index.html,https://www.sec.gov/Archives/edgar/data/32604/0000032604-95-000009.txt
0,1995-03-31,EMR,1995-05-12 00:00:00,1995-05-12 00:00:00,Q2,2514100000,1635200000,878900000,0.349588,0.0,476400000,0.0,18200000,494600000.0000001,2129800000.0000002,-27800000,0.0,328700000,0.130743,384300000,0.152858,18200000,356500000,0.1418,129400000,227100000,0.090331,0.25417,0.25417,893500000,893500000,https://www.sec.gov/Archives/edgar/data/32604/000003260495000007/0000032604-95-000007-index.html,https://www.sec.gov/Archives/edgar/data/32604/0000032604-95-000007.txt
0,1994-12-31,EMR,1995-02-13 00:00:00,1995-02-13 00:00:00,Q1,2284600000,1492600000,792000000,0.346669,0.0,440900000,0.0,9900000.0,416500000,1909100000,-21200000,0.0,311800000,0.136479,375500000,0.164361,9900000.0,354300000,0.155082,129600000,203400000,0.089031,0.22749,0.22749,894100000,894100000,https://www.sec.gov/Archives/edgar/data/32604/000003260495000004/0000032604-95-000004-index.html,https://www.sec.gov/Archives/edgar/data/32604/0000032604-95-000004.txt
0,1994-09-30,EMR,1994-12-22 00:00:00,1994-12-22 00:00:00,Q4,2237500000,1419100000,818400000,0.365765,0.0,454500000,0.0,16700000,471200000.00000006,1890300000,-20300000,364500000,671100000,0.299933,347200000,0.155173,16700000,326900000,0.146101,118700000,208200000,0.09305,0.23244,0.23244,895700000,895700000,https://www.sec.gov/Archives/edgar/data/32604/000003260494000022/0000032604-94-000022-index.html,https://www.sec.gov/Archives/edgar/data/32604/0000032604-94-000022.txt
0,1994-06-30,EMR,1994-08-12 00:00:00,1994-08-12 00:00:00,Q3,2243700000,1459700000,784000000,0.349423,0.0,422200000,0.0,13500000,435700000.00000006,1895400000,-21800000,0.0,304700000,0.135802,348300000,0.155235,13500000,326500000,0.145519,118500000,208000000,0.092704,0.23207,0.23207,896300000,896300000,https://www.sec.gov/Archives/edgar/data/32604/000003260494000014/0000032604-94-000014-index.html,https://www.sec.gov/Archives/edgar/data/32604/0000032604-94-000014.txt
0,1994-03-31,EMR,1994-05-11 00:00:00,1994-05-11 00:00:00,Q2,2116500000,1370800000,745700000,0.352327,0.0,406400000,0.0,12300000,418700000.00000006,1789500000,-22000000,0.0,283000000,0.133711,327000000,0.1545,12300000,305000000,0.144106,110700000,194300000,0.091803,0.21668,0.21668,896700000,896700000,https://www.sec.gov/Archives/edgar/data/32604/000003260494000009/0000032604-94-000009-index.html,https://www.sec.gov/Archives/edgar/data/32604/0000032604-94-000009.txt
