,date,symbol,fillingDate,acceptedDate,period,revenue,costOfRevenue,grossProfit,grossProfitRatio,researchAndDevelopmentExpenses,generalAndAdministrativeExpenses,sellingAndMarketingExpenses,otherExpenses,operatingExpenses,costAndExpenses,interestExpense,depreciationAndAmortization,ebitda,ebitdaratio,operatingIncome,operatingIncomeRatio,totalOtherIncomeExpensesNet,incomeBeforeTax,incomeBeforeTaxRatio,incomeTaxExpense,netIncome,netIncomeRatio,eps,epsdiluted,weightedAverageShsOut,weightedAverageShsOutDil,link,finalLink
0,2019-11-02,EEI,2019-12-17 00:00:00,2019-12-17 16:50:33,Q1,22213000,9543000.0,12670000,0.5703867104848512,0.0,10715000,0.0,9543000.0,10715000,20258000,0.0,234000.0,-1517000.0,-0.06829334173682078,-1751000.0,-0.07882771350110296,18000.0,-1594000.0,-0.07175978030882817,-194000.0,-1400000.0,-0.06302615585467969,-0.32334,-0.32334,4329858.0,4329858.0,https://www.sec.gov/Archives/edgar/data/809933/000114036119022740/0001140361-19-022740-index.html,https://www.sec.gov/Archives/edgar/data/809933/000114036119022740/form10q.htm
0,2019-07-31,EEI,2019-10-29 00:00:00,2019-10-29 20:35:56,Q4,24730000,9510000.0,15220000,0.6154468257177517,0.0,9664000.0,0.0,9510000.0,9664000.0,19174000,0.0,238000.0,882000.0,0.0356651839871,644000.0,0.0260412454509,93000.0,897000.0,0.0362717347351,-372000.0,905000.0,0.0365952284674,0.20967,0.20967,4329858.0,4316316.0,https://www.sec.gov/Archives/edgar/data/809933/000114036119019331/0001140361-19-019331-index.html,https://www.sec.gov/Archives/edgar/data/809933/000114036119019331/form10k.htm
0,2019-04-27,EEI,2019-05-31 00:00:00,2019-05-31 17:22:43,Q3,21776000,8810000.0,12966000,0.5954261572373255,0.0,10504000,0.0,6159000.0,10504000,19314000,0.0,243000.0,-2654000.0,-0.22849763237193285,-2897000.0,-0.24941885492897115,-47000.0,-2477000.0,-0.21325871717606543,227000.0,-1430000.0,-0.12311665949203617,-0.33142,-0.33142,4329858.0,4314742.0,https://www.sec.gov/Archives/edgar/data/809933/000114036119010216/0001140361-19-010216-index.html,https://www.sec.gov/Archives/edgar/data/809933/000114036119010216/form10q.htm
0,2019-01-26,EEI,2019-05-31,2019-05-31 17:22:43,Q2,20252000,7774000.0,12478000,0.6161366778589769,0.0,9452000.0,0.0,10425000,9452000.0,17226000,0.0,264000.0,1531000.0,0.050340314996876336,1267000.0,0.04165981652582777,-14000.0,1076000.0,0.035379607404728244,910000.0,166000.0,0.005458192220432052,0.03847,0.03847,4329858.0,4314543.0,https://www.sec.gov/Archives/edgar/data/809933/000114036119010216/0001140361-19-010216-index.htm,https://www.sec.gov/Archives/edgar/data/809933/000114036119010216/form10q.htm
0,2018-10-27,EEI,2019-05-31,2019-05-31 17:19:28,Q1,21752000,8134000.0,13618000,0.6260573740345715,0.0,9200000.0,0.0,8134000.0,9200000.0,17334000,0.0,277000.0,-156000.0,-0.007171754321441706,-433000.0,-0.019906215520411916,26000.0,-270000.0,-0.012412651710187569,-155000.0,-115000.0,-0.005286870172857668,-0.02666,-0.02666,4329858.0,4313930.0,https://www.sec.gov/Archives/edgar/data/809933/000114036119010213/0001140361-19-010213-index.htm,https://www.sec.gov/Archives/edgar/data/809933/000114036119010213/form10q.htm
0,2018-07-31,EEI,2019-05-31,2019-05-31 17:17:21,Q4,14792000,6503000.0,8289000.0,0.5603704705246079,0.0,16852000,-9033000.0,20015000,7819000.0,14322000,0.0,256000.0,4991000.0,0.17444949318420133,4735000.0,0.16550157287661657,-90000.0,4169000.0,0.1457182803215659,1675000.0,2494000.0,0.08717231737154842,0.57938,0.57938,4329858.0,4304574.0,https://www.sec.gov/Archives/edgar/data/809933/000114036119010211/0001140361-19-010211-index.htm,https://www.sec.gov/Archives/edgar/data/809933/000114036119010211/form10k.htm
0,2018-04-28,EEI,2018-06-12 00:00:00,2018-06-12 16:55:02,Q3,23727000,8793000.0,14934000,0.6294095334429132,0.0,7657000.0,3044000.0,5749000.0,10701000,19494000,0.0,290000.0,649000.0,0.0273528048215,359000.0,0.0151304421124,25000.0,450000.0,0.0189657352383,42000.0,164000.0,0.00691195684242,0.03813,0.03813,4329858.0,4301604.0,https://www.sec.gov/Archives/edgar/data/809933/000114036118028254/0001140361-18-028254-index.html,https://www.sec.gov/Archives/edgar/data/809933/000114036118028254/form10q.htm
0,2018-01-27,EEI,2018-03-13 00:00:00,2018-03-13 12:30:26,Q2,25083000,9079000.0,16004000,0.6380417015508512,0.0,7290000.0,2938000.0,6141000.0,10228000,19307000,0.0,267000.0,7000.0,0.000279073476059,-260000.0,-0.010365586253637923,11000.0,-286000.0,-0.011402144879001715,311000.0,-597000.0,-0.023800980743930153,-0.13879,-0.13879,4329858.0,4301604.0,https://www.sec.gov/Archives/edgar/data/809933/000114036118013168/0001140361-18-013168-index.html,https://www.sec.gov/Archives/edgar/data/809933/000114036118013168/form10q.htm
0,2017-10-28,EEI,2017-11-14 00:00:00,2017-11-14 15:26:36,Q1,27082000,9480000.0,17602000,0.6499519976368068,0.0,7458000.0,3051000.0,6429000.0,10509000,19989000,0.0,270000.0,1364000.0,0.0503655564582,1094000.0,0.0403958348719,0.0,1092000.0,0.0403219850823,444000.0,533000.0,0.0196809689092,0.12391,0.12391,4329858.0,4301604.0,https://www.sec.gov/Archives/edgar/data/809933/000114036117042686/0001140361-17-042686-index.html,https://www.sec.gov/Archives/edgar/data/809933/000114036117042686/form10k.htm
0,2017-07-31,EEI,2017-11-14,2017-11-14 15:26:36,Q4,29891000,10547000,19344000,0.6471513164497675,0.0,8129000.0,2571000.0,7976000.0,10700000,21247000,0.0,258000.0,3398000.0,0.113679702921,3140000.0,0.10504834231,6000.0,3331000.0,0.111438225553,1153000.0,2193000.0,0.0733665651868,0.51065,0.51065,4329858.0,4294501.0,https://www.sec.gov/Archives/edgar/data/809933/000114036117042686/0001140361-17-042686-index.htm,https://www.sec.gov/Archives/edgar/data/809933/000114036117042686/form10k.htm
0,2017-04-29,EEI,2017-06-13 00:00:00,2017-06-13 17:20:56,Q3,24204000,9347000.0,14857000,0.6138241612956536,0.0,7587000.0,2465000.0,6882000.0,10052000,19399000,-81000.0,266000.0,1396000.0,0.0576764171211,1130000.0,0.0466864980995,-67000.0,510000.0,0.0210708973723,246000.0,252000.0,0.010411502231,0.05869,0.05869,4329858.0,4293646.0,https://www.sec.gov/Archives/edgar/data/809933/000114036117024885/0001140361-17-024885-index.html,https://www.sec.gov/Archives/edgar/data/809933/000114036117024885/form10q.htm
0,2017-01-28,EEI,2017-03-14 00:00:00,2017-03-14 16:47:42,Q2,24802000,18440000,6362000.0,0.2565115716474478,0.0,7478000.0,2344000.0,6686000.0,9822000.0,29099000,53000.0,282000.0,527000.0,0.0212482864285,245000.0,0.00987823562616,0.0,165000.0,0.00665268929925,504000.0,-339000.0,-0.013668252560277396,-0.07896,-0.07896,4329858.0,4293417.0,https://www.sec.gov/Archives/edgar/data/809933/000114036117011936/0001140361-17-011936-index.html,https://www.sec.gov/Archives/edgar/data/809933/000114036117011936/form10q.htm
0,2016-10-29,EEI,2016-11-15 00:00:00,2016-11-15 16:50:59,Q1,25605000,9410000.0,16195000,0.6324936535832845,0.0,7382000.0,2865000.0,6545000.0,10247000,9410000.0,28000.0,234000.0,1647000.0,0.0643233743409,1413000.0,0.0551845342707,7000.0,1419000.0,0.0554188635032,569000.0,888000.0,0.0346807264206,0.20686,0.20686,4329858.0,4292733.0,https://www.sec.gov/Archives/edgar/data/809933/000114036116086821/0001140361-16-086821-index.html,https://www.sec.gov/Archives/edgar/data/809933/000114036116086821/form10k.htm
0,2016-07-31,EEI,2016-11-15,2016-11-15 16:50:59,Q4,25894219,39512000,-13617781,-0.5259004336064355,0.0,7345251.0,2627605.0,28211000,9972856.0,52321770,48898.0,270757.0,1731947.0,0.0668854696873,1461190.0,0.0564291975749,31000.0,1319521.0,0.0509581308477,821132.0,528626.0,0.0204148269542,0.12322,0.12322,4329858.0,4289993.0,https://www.sec.gov/Archives/edgar/data/809933/000114036116086821/0001140361-16-086821-index.htm,https://www.sec.gov/Archives/edgar/data/809933/000114036116086821/form10k.htm
0,2016-04-30,EEI,2016-06-14 00:00:00,2016-06-14 16:58:28,Q3,25218040,9279146000,-9253927960,-366.9566691146497,0.0,8222986.0,2967214.0,6311932000,11190200,9279146.0,52322.0,290151.0,861211.0,0.0341505921951,571060.0,0.0226449002381,-18984000,788329.0,0.0312605182639,653608.0,174603.0,0.00692373396188,0.0407,0.0407,4329858.0,4290106.0,https://www.sec.gov/Archives/edgar/data/809933/000114036116069735/0001140361-16-069735-index.html,https://www.sec.gov/Archives/edgar/data/809933/000114036116069735/form10q.htm
0,2016-01-30,EEI,2016-03-15 00:00:00,2016-03-15 16:35:00,Q2,24672643,9396974000,-9372301357,-379.8661277188666,0.0,7963289.0,2753073.0,6643901000,10716362,9396974.0,30702.0,287144.0,-457199856,-0.018530639623813305,-457487000,-0.018542277777050475,56074000,-360823000,-0.014624416200566757,246994.0,-607817000,-0.02463526100547882,-141.68889,-141.68889,4329858.0,4289800.0,https://www.sec.gov/Archives/edgar/data/809933/000114036116057850/0001140361-16-057850-index.html,https://www.sec.gov/Archives/edgar/data/809933/000114036116057850/form10q.htm
0,2015-10-31,EEI,2015-12-15 00:00:00,2015-12-15 17:10:10,Q1,30032098,10984110000,-10954077902,-364.74567650918027,0.0,7637474.0,2953108.0,8031002000,10590582,10984110,24078.0,294948.0,2862185.0,0.0953041975289,2567237.0,0.0854831054427,0.0,2619973.0,0.0872390933194,2037266.0,664093.0,0.0221127741392,0.15486,0.15486,4329858.0,4288404.0,https://www.sec.gov/Archives/edgar/data/809933/000114036115044637/0001140361-15-044637-index.html,https://www.sec.gov/Archives/edgar/data/809933/000114036115044637/form10q.htm
0,2015-07-31,EEI,2015-10-29 00:00:00,2015-10-29 16:19:45,Q4,35042838,12046407000,-12011364162,-342.76231171687635,0.0,9398045.0,2690126.0,9356281000,12088171,12046407,18618.0,341944.0,3003792.0,0.0857177149864,2661848.0,0.0759598295092,6731000.0,2638093.0,0.0752819449155,1549335.0,906638.0,0.0258722766689,0.21145,0.21145,4329858.0,4287775.0,https://www.sec.gov/Archives/edgar/data/809933/000114036115038953/0001140361-15-038953-index.html,https://www.sec.gov/Archives/edgar/data/809933/000114036115038953/form10k.htm
0,2015-05-02,EEI,2015-06-16 00:00:00,2015-06-16 16:47:32,Q3,30344571,11188771000,-11158426429,-367.72398031265624,0.0,7968329.0,2539313.0,8649458000,10507642,11188771,42395.0,360964.0,3492384.0,0.115090900445,3131420.0,0.103195395315,-8713000.0,3183205.0,0.104901960881,1280081.0,1794176.0,0.0591267545025,0.41841,0.41841,4329858.0,4288067.0,https://www.sec.gov/Archives/edgar/data/809933/000114036115024444/0001140361-15-024444-index.html,https://www.sec.gov/Archives/edgar/data/809933/000114036115024444/form10q.htm
0,2015-01-31,EEI,2015-03-17,2015-03-17 17:02:33,Q2,28161661,11038316000,-11010154339,-390.9625337440146,0.0,8649554.0,2814593.0,8223723000,11464147,11038316,36631.0,401633.0,458849.0,0.0162933926376,57216.0,0.00203169834336,80143000,185543.0,0.00658849632484,113462.0,72081000,0.002559543629191474,16.80848,16.80848,4329858.0,4288371.0,https://www.sec.gov/Archives/edgar/data/809933/000114036115012291/0001140361-15-012291-index.htm,https://www.sec.gov/Archives/edgar/data/809933/000114036115012291/form10q.htm
0,2014-11-01,EEI,2014-12-16 00:00:00,2014-12-16 16:28:42,Q1,33190651,13226677000,-13193486349,-397.5061034205084,0.0,9392996.0,3388640.0,9838037000,12781636,13226677,18241.0,362729.0,2116247.0,0.0637603341977,1753518.0,0.0528316844403,-2535000.0,1961664.0,0.0591029082256,825543.0,847160.0,0.0255240549515,0.19755,0.19755,4329858.0,4288371.0,https://www.sec.gov/Archives/edgar/data/809933/000114036114045454/0001140361-14-045454-index.html,https://www.sec.gov/Archives/edgar/data/809933/000114036114045454/form10q.htm
0,2014-07-31,EEI,2014-10-29 00:00:00,2014-10-29 16:01:25,Q4,33096414,11547927000,-11514830586,-347.9177709705952,-800000.0,10219592,3066844.0,800000.0,13286436,11547927,23692.0,1037299.0,809811.0,0.0244682399731,-227488000,-0.00687349390782941,-51488000,-263667000,-0.007966633484824065,391605.0,-655272000,-0.019798882138711463,-152.95855,-152.95855,4329858.0,4283984.0,https://www.sec.gov/Archives/edgar/data/809933/000114036114039392/0001140361-14-039392-index.html,https://www.sec.gov/Archives/edgar/data/809933/000114036114039392/form10k.htm
0,2014-04-30,EEI,2014-06-23 00:00:00,2014-06-23 17:13:33,Q3,31503899,10496666000,-10465162101,-332.18625100975595,800000.0,10206247,3446837.0,7049829000,13653084,10496666,31912.0,1036010.0,1134576.0,0.0360138280027,98566.0,0.00312869210252,-30585000,51036.0,0.00161998995743,57624.0,-6588000.0,-0.00020911697310863013,-1.53841,-1.53841,4282348.0,4282348.0,https://www.sec.gov/Archives/edgar/data/809933/000114036114026435/0001140361-14-026435-index.html,https://www.sec.gov/Archives/edgar/data/809933/000114036114026435/form10q.htm
0,2014-01-31,EEI,2014-03-17,2014-03-17 17:15:13,Q2,29077272,10551698000,-10522620728,-361.8847300393242,0.0,10169122,3043838.0,7507860000,13212960,10551698,44937.0,1048538.0,-1329874462,-0.045735874465802705,-1330923000,-0.04577193486376576,149660000,-1290551000,-0.044383496498571116,-646844000,-643707000,-0.02213780577490213,-150.44474,-150.44474,4278694.0,4278694.0,https://www.sec.gov/Archives/edgar/data/809933/000114036114013072/0001140361-14-013072-index.htm,https://www.sec.gov/Archives/edgar/data/809933/000114036114013072/form10q.htm
0,2013-10-31,EEI,2013-11-14 00:00:00,2013-11-13 17:43:21,Q1,34749291,12568742000,-12533992709,-360.69779694210166,0.0,10869243,3458615.0,9110127000,14327858,12568742,49774.0,1053954.0,2006440.0,0.0577404586471,952486.0,0.0274102283123,0.0,1055792.0,0.0303831235003,540678.0,380391.0,0.0109467269419,0.08926,0.08926,4261674.0,4261674.0,https://www.sec.gov/Archives/edgar/data/809933/000114036113042255/0001140361-13-042255-index.html,https://www.sec.gov/Archives/edgar/data/809933/000114036113042255/form10k.htm
0,2013-07-31,EEI,2013-11-14,2013-11-13 17:43:21,Q4,29744717,12730073000,-12700328283,-426.977613638079,0.0,11456673,3665069.0,9065004000,15121742,12730073,53822.0,622869.0,-5182790131,-0.17424237490644137,-5183413000,-0.17426331539815962,-19264000,-5096313000,-0.17133506430738607,-1506702000,-3589611000,-0.12068062372218906,-845.04761,-845.04761,4247821.0,4247821.0,https://www.sec.gov/Archives/edgar/data/809933/000114036113042255/0001140361-13-042255-index.htm,https://www.sec.gov/Archives/edgar/data/809933/000114036113042255/form10k.htm
0,2013-04-30,EEI,2013-06-21 00:00:00,2013-06-21 16:12:53,Q3,32218923,11376594000,-11344375077,-352.1028644253565,0.0,10766068,3337573.0,8039021000,14103641,11376594,434687.0,622208.0,577771.0,0.0179326602568,-44437000,-0.0013792205282591227,-34289000,-25943000,-0.0008052100313843514,80732.0,-106675000,-0.0033109424545320772,-25.11684,-25.11684,4247150.0,4247150.0,https://www.sec.gov/Archives/edgar/data/809933/000114036113026017/0001140361-13-026017-index.html,https://www.sec.gov/Archives/edgar/data/809933/000114036113026017/form10q.htm
0,2013-01-31,EEI,2013-03-18 00:00:00,2013-03-18 15:16:48,Q2,36151483,12339950000,-12303798517,-340.3400772521559,0.0,11274618,3169380.0,9170570000,14443998,12339950,-101356.0,600479.0,3955825.0,0.109423588515,3355346.0,0.0928135091996,19668000,3256731.0,0.0900856819622,1325589.0,1911086.0,0.0528632808784,0.44997,0.44997,4245191.0,4247150.0,https://www.sec.gov/Archives/edgar/data/809933/000114036113012936/0001140361-13-012936-index.html,https://www.sec.gov/Archives/edgar/data/809933/000114036113012936/form10q.htm
0,2012-10-31,EEI,2012-11-14 00:00:00,2012-11-13 17:36:48,Q1,36821768,13308000000,-13271178232,-360.4166489778546,0.0,11066514,3874155.0,9433845000,14940669,13308000,-83750.0,583288.0,1557741.0,0.0423048942137,974453.0,0.0264640470278,-6242000.0,897711.0,0.0243798994117,354615.0,242527.0,0.00658651154393,0.05715,0.05715,4245191.0,4244010.0,https://www.sec.gov/Archives/edgar/data/809933/000080993312000024/0000809933-12-000024-index.html,https://www.sec.gov/Archives/edgar/data/809933/000080993312000024/form10-k.htm
0,2012-07-31,EEI,2012-11-14,2012-11-13 17:36:48,Q4,36913807,13725450000,-13688536193,-370.82428786063707,0.0,11121177,3463218.0,10262232000,14584395,13725450,-99775.0,657455.0,960204.0,0.0260120555975,302749.0,0.00820151115814,38227000,125796.0,0.00340783057136,575507.0,-449711000,-0.012182731518317794,-105.9637,-105.9637,4245191.0,4244010.0,https://www.sec.gov/Archives/edgar/data/809933/000080993312000024/0000809933-12-000024-index.htm,https://www.sec.gov/Archives/edgar/data/809933/000080993312000024/form10-k.htm
0,2012-04-30,EEI,2012-06-14,2012-06-14 16:22:59,Q3,36011087,13560046000,-13524034913,-375.5519768953378,0.0,10967127,4311887.0,9248159000,15279014,13560046,-100554.0,626568.0,1200691.0,0.0333422592881,574123.0,0.015942951125,48063000,503344.0,0.0139774731043,-277775000,55941.0,0.00155343825084,0.01318,0.01318,4245191.0,4244010.0,https://www.sec.gov/Archives/edgar/data/809933/000080993312000015/0000809933-12-000015-index.htm,https://www.sec.gov/Archives/edgar/data/809933/000080993312000015/form10-q.htm
0,2012-01-31,EEI,2012-03-21 00:00:00,2012-03-21 15:38:56,Q2,40173399,12769082000,-12728908601,-316.849181743372,0.0,11630073,3883727.0,8885355000,15513800,12769082,-83676.0,435202.0,2302572.0,0.0573158372783,1867370.0,0.0464827484475,11245000,1684942.0,0.0419417336332,381867.0,503504.0,0.012533268594,0.11864,0.11864,4245191.0,4244010.0,https://www.sec.gov/Archives/edgar/data/809933/000080993312000013/0000809933-12-000013-index.html,https://www.sec.gov/Archives/edgar/data/809933/000080993312000013/form10q.htm
0,2011-10-29,EEI,2011-10-31 00:00:00,2011-10-31 11:49:44,Q1,42311806,15577703000,-15535391194,-367.16445509321915,0.0,11199254,3942280.0,11635423000,15141534,15577703,-80300.0,440837.0,2480429.0,0.0586226217808,2039592.0,0.0482038511899,109278000,2083584.0,0.0492435610052,678317.0,1159777.0,0.0274102457361,0.27327,0.27327,4245191.0,4244010.0,https://www.sec.gov/Archives/edgar/data/809933/000080993311000024/0000809933-11-000024-index.html,https://www.sec.gov/Archives/edgar/data/809933/000080993311000024/form10-k.htm
0,2011-07-31,EEI,2011-10-31 00:00:00,2011-10-31 11:49:44,Q4,43612742000,17148677000,26464065000,0.6067966329656594,0.0,0.0,3982210000,13166467000,17148677000,34297354000,102397000,472353000,3446800000,0.07903194896574034,2974447000,0.0682013297856851,25025000,2989417000,0.06854457809600689,1118004000,1871413000,0.04290977623007514,443.1805,443.1805,4222688.0,4222688.0,https://www.sec.gov/Archives/edgar/data/809933/000080993311000024/0000809933-11-000024-index.html,https://www.sec.gov/Archives/edgar/data/809933/000080993311000024/form10-k.htm
0,2011-04-30,EEI,2011-06-14 00:00:00,2011-06-14 16:52:54,Q3,41555534000,15624627000,25930907000,0.6240061071047721,0.0,0.0,4095808000,11528819000,15624627000,31249254000,81497000,428312000,2627340000,0.06322479215403658,2199028000,0.05291781354560382,39499000,2587036000,0.06225490929800108,933279000,1653757000,0.03979631208685707,391.6295,391.6295,4222759.0,4222759.0,https://www.sec.gov/Archives/edgar/data/809933/000080993311000017/0000809933-11-000017-index.html,https://www.sec.gov/Archives/edgar/data/809933/000080993311000017/form10-q.htm
0,2011-01-29,EEI,2011-03-15,2011-03-15 16:37:55,Q2,41833006000,16904362000,24928644000,0.5959085034434294,0.0,0.0,3294379000,13609983000,16904362000,33808724000,90053000,426214000,3629975000,0.08677298972968857,3203761000,0.07658452753789675,-6430000.0,3237854000,0.07739950602641368,1113457000,2124397000,0.05078279576657723,503.92664,503.92664,4215687.0,4215687.0,https://www.sec.gov/Archives/edgar/data/809933/000080993311000015/0000809933-11-000015-index.htm,https://www.sec.gov/Archives/edgar/data/809933/000080993311000015/form10-q.htm
0,2010-10-30,EEI,2010-12-14 00:00:00,2010-12-14 16:49:53,Q1,42171578000,16237321000,25934257000,0.6149700397741815,0.0,0.0,3878768000,12358553000,16237321000,32474642000,81819000,433884000,4442353000,0.10533997565848734,4008469000,0.09505143487872329,6430000.0,3940864000,0.09344834096556691,1466495000,2474369000,0.05867385375050466,588.79664,588.79664,4202417.0,4202417.0,https://www.sec.gov/Archives/edgar/data/809933/000080993310000020/0000809933-10-000020-index.html,https://www.sec.gov/Archives/edgar/data/809933/000080993310000020/form10q.htm
0,2010-07-31,EEI,2010-10-29 00:00:00,2010-10-29 15:38:17,Q4,40987648000,14547285000,26440363000,0.6450812449643366,0.0,0.0,3521571000,11025714000,14547285000,29094570000,49435000,1684406000,5836502000,0.1423966068997177,4152096000,0.10130115297174408,0.0,4152823000,0.10131889002267219,1716391000,2436432000,0.05944307904664352,585.56591,585.56591,4160816.0,4160816.0,https://www.sec.gov/Archives/edgar/data/809933/000080993310000017/0000809933-10-000017-index.html,https://www.sec.gov/Archives/edgar/data/809933/000080993310000017/form10k.htm
0,2010-05-01,EEI,2010-06-15 00:00:00,2010-06-15 17:03:43,Q3,33349736000,11460818000,21888918000,0.6563445659659795,0.0,0.0,3620120000,7840698000,11460818000,22921636000,62236000,-836041000,1010567000,0.030302098943152053,1846608000,0.05537099304174402,90432000,1780928000,0.053401562159292655,663112000,1117816000,0.033517986469218226,269.34073,269.34073,4150193.0,4150193.0,https://www.sec.gov/Archives/edgar/data/809933/000080993310000010/0000809933-10-000010-index.html,https://www.sec.gov/Archives/edgar/data/809933/000080993310000010/form10-q.htm
0,2010-01-30,EEI,2010-03-16 00:00:00,2010-03-16 16:39:51,Q2,31061698000,10958996000,20102702000,0.6471861905295712,0.0,0.0,3508286000,7450710000,10958996000,21917992000,72079000,387288000,1906737000,0.06138547223014015,1519449000,0.04891712616612266,-99984000,1349404000,0.04344269910807838,449703000,899701000,0.028964965147752063,217.92601,217.92601,4128470.0,4128470.0,https://www.sec.gov/Archives/edgar/data/809933/000080993310000008/0000809933-10-000008-index.html,https://www.sec.gov/Archives/edgar/data/809933/000080993310000008/file10q.htm
0,2009-10-31,EEI,2009-12-15 00:00:00,2009-12-15 15:41:20,Q1,39475452000,12656717000,26818735000,0.6793775280901153,0.0,0.0,3788808000,8867909000,12656717000,25313434000,38808000,448753000,2823703000,0.07153060590667841,2374950000,0.060162705673389126,9552000.0,3175734000,0.08044832520220414,1073016000,2102718000,0.05326647051438448,512.49942,512.49942,4102869.0,4102869.0,https://www.sec.gov/Archives/edgar/data/809933/000080993309000032/0000809933-09-000032-index.html,https://www.sec.gov/Archives/edgar/data/809933/000080993309000032/form10-q.htm
0,2009-07-31,EEI,2009-10-28 00:00:00,2009-10-28 17:05:19,Q4,41110059000,24806498000,16303561000,0.3965832547211864,0.0,0.0,-9258033000,22744955000,13486922000,38293420000,34536000,464677000,3007740000,0.07316311562578881,2543063000,0.061859872300353544,-17514000,2046661000,0.04978492003623736,987149000,1059512000,0.025772573082417614,266.01628,266.01628,3982884.0,3982884.0,https://www.sec.gov/Archives/edgar/data/809933/000080993309000028/0000809933-09-000028-index.html,https://www.sec.gov/Archives/edgar/data/809933/000080993309000028/form10-k.htm
0,2009-05-02,EEI,2009-06-16 00:00:00,2009-06-16 16:35:39,Q3,38016479000,24270696000,13745783000,0.36157433201533473,0.0,0.0,3427081000,6103255000,9530336000,33801032000,-203131000,392641000,1976060000,0.051979037827253806,1583419000,0.04165085882887787,20723000,1322883000,0.03479762026357044,-398691000,1721574000,0.045284940775288524,430.99441,430.99441,3994423.0,3994423.0,https://www.sec.gov/Archives/edgar/data/809933/000080993309000016/0000809933-09-000016-index.html,https://www.sec.gov/Archives/edgar/data/809933/000080993309000016/form10-q.htm
0,2009-01-31,EEI,2009-03-17 00:00:00,2009-03-17 16:16:38,Q2,34068691000,20504331000,13564360000,0.39814737818955237,0.0,0.0,2590256000,10601449000,13191705000,33696036000,129052000,390219000,2515289000,0.07382992789479349,2125070000,0.062376039044176955,-20723000,1767443000,0.05187880567527529,802130000,965313000,0.02833431434157538,240.33004,240.33004,4016614.0,4016614.0,https://www.sec.gov/Archives/edgar/data/809933/000080993309000014/0000809933-09-000014-index.html,https://www.sec.gov/Archives/edgar/data/809933/000080993309000014/form10-q.htm
0,2008-11-01,EEI,2008-12-16 00:00:00,2008-12-16 17:13:09,Q1,33691709000,18827760000,14863949000,0.44117527549582003,0.0,0.0,3240696000,10934217000,14174913000,33002673000,116781000,373292000,3567157000,0.10587640419190371,3193865000,0.09479676439090698,0.0,2654369000,0.07878404149816205,1179494000,1474875000,0.04377560663366765,361.47152,361.47152,4080197.0,4080197.0,https://www.sec.gov/Archives/edgar/data/809933/000080993308000032/0000809933-08-000032-index.html,https://www.sec.gov/Archives/edgar/data/809933/000080993308000032/form10-q.htm
0,2008-07-31,EEI,2008-10-29 00:00:00,2008-10-29 17:07:32,Q4,33395115000,18774043000,14621072000,0.43782068125832174,0.0,0.0,3211345000,10006689000,13218034000,31992077000,87106000,392637000,2903347000,0.08693927240555992,2510710000,0.07518195400734509,-184354000,2380651000,0.07128740236408829,1300038000,1080613000,0.03235841529517117,259.50162,259.50162,4164186.0,4164186.0,https://www.sec.gov/Archives/edgar/data/809933/000080993308000029/0000809933-08-000029-index.html,https://www.sec.gov/Archives/edgar/data/809933/000080993308000029/form10-k.htm
0,2008-04-26,EEI,2008-06-10 00:00:00,2008-06-10 16:37:07,Q3,27289282000,15248781000,12040501000,0.44121721487578897,0.0,0.0,3033549000,22734128000,25734734000,40983515000,112880000,364775000,1288117000,0.04720230455312089,923342000,0.03383533505938339,0.0,351037000,0.012863548407026613,228393000,122644000,0.004494218645987095,29.45046,29.45046,4164417.0,4164417.0,https://www.sec.gov/Archives/edgar/data/809933/000080993308000014/0000809933-08-000014-index.html,https://www.sec.gov/Archives/edgar/data/809933/000080993308000014/form10-q.htm
0,2008-01-26,EEI,2008-03-11,2008-03-11 17:03:42,Q2,24141853000,13022797000,11119056000,0.4605717713549163,0.0,0.0,2742199000,-7871447000,-5096305000,7926492000,110120000,370177000,1018857000,0.042202932807187586,648680000,0.026869519916304686,0.0,306585000,0.012699315168558106,176030000,130555000,0.005407828471161679,31.34897,31.34897,4164570.0,4164570.0,https://www.sec.gov/Archives/edgar/data/809933/000080993308000012/0000809933-08-000012-index.htm,https://www.sec.gov/Archives/edgar/data/809933/000080993308000012/form10-q.htm
0,2007-10-27,EEI,2007-10-29 00:00:00,2007-10-29 17:24:05,Q1,25706566000,13446388000,12260178000,0.476927879048489,0.0,0.0,2963213000,7838504000,10801717000,24248105000,121181000,356342000,1866675000,0.07261471641136354,1510333000,0.05875281046873394,0.0,908788000,0.03535236872945224,408214000,500574000,0.019472612561319935,120.19824,120.19824,4164570.0,4164570.0,https://www.sec.gov/Archives/edgar/data/809933/000080993307000022/0000809933-07-000022-index.html,https://www.sec.gov/Archives/edgar/data/809933/000080993307000022/form10-k.htm
0,2007-07-31,EEI,2007-10-29 00:00:00,2007-10-29 17:24:05,Q4,76945689000,43011206000,33934483000,0.4410186384840871,0.0,0.0,7806822000,21698050000,29504872000,72516078000,126132000,412987000,3208611000,0.04169968508567127,2795624000,0.03633243182733733,1281000.0,2252105000,0.029268761242751365,-342639000,2594744000,0.03372175925281532,618.58076,618.58076,4194673.0,4194673.0,https://www.sec.gov/Archives/edgar/data/809933/000080993307000022/0000809933-07-000022-index.html,https://www.sec.gov/Archives/edgar/data/809933/000080993307000022/form10-k.htm
0,2007-04-28,EEI,2007-06-12 00:00:00,2007-06-12 17:07:00,Q1,26543981000,14444539000,12099442000,0.4558262002975364,0.0,0.0,2882876000,7852547000,10735423000,25179962000,36310000,967236000,2301927000,0.08672124200209456,1334691000,0.05028224666074015,0.0,929066000,0.03500100455918801,449339000,479727000,0.018072910766474704,119.48294,119.48294,4015025.0,4015025.0,https://www.sec.gov/Archives/edgar/data/809933/000080993307000013/0000809933-07-000013-index.html,https://www.sec.gov/Archives/edgar/data/809933/000080993307000013/form10-q.htm
0,2007-01-27,EEI,2007-03-14,2007-03-13 17:31:34,Q1,19788513000,9082144000,10706369000,0.5410395920097685,0.0,0.0,2425491000,6656653000,9082144000,18164288000,12095000,646381000,2111207000,0.1066885116633069,1464826000,0.07402405627951933,0.0,576988000,0.029157723978552607,576988000,0.0,0.0,0.15,0.15,4015682.0,4015682.0,https://www.sec.gov/Archives/edgar/data/809933/000080993307000005/0000809933-07-000005-index.htm,https://www.sec.gov/Archives/edgar/data/809933/000080993307000005/form_10-q.htm
0,2006-10-28,EEI,2006-12-12,2006-12-12 16:41:28,Q1,20903685000,9660815000,11242870000,0.5378415336817408,0.0,0.0,2478559000,7182256000,9660815000,19321630000,55160000,313937000,1982564000,0.09484279924807516,1668627000,0.0798245381137345,0.0,1117067000,0.0534387597210731,419297000,697770000,0.03338023893873257,173.66081,173.66081,4018005.0,4018005.0,https://www.sec.gov/Archives/edgar/data/809933/000080993306000015/0000809933-06-000015-index.htm,https://www.sec.gov/Archives/edgar/data/809933/000080993306000015/form_10q.htm
0,2006-07-31,EEI,2006-10-30,2006-10-30 16:58:44,Q4,60582524000,30296180000,30286344000,0.4999188214739947,0.0,0.0,6269602000,24026578000,30296180000,60592360000,75927000,358287000,4664634000,0.0769963628454965,4306347000,0.07108233060742071,0.0,3407414000,0.0562441736498136,1444149000,1963265000,0.032406457677464875,493.13076,493.13076,3981226.0,3981226.0,https://www.sec.gov/Archives/edgar/data/809933/000114036106015105/0001140361-06-015105-index.htm,https://www.sec.gov/Archives/edgar/data/809933/000114036106015105/form10-k_fy2006.htm
0,2006-04-29,EEI,2006-06-13,2006-06-13 16:15:30,Q1,21252996000,10582374000,10670622000,0.5020761308193913,0.0,0.0,2294086000,8288288000,10582374000,21164748000,19980000,805808000,2170652000,0.10213392972924852,1364844000,0.06421889883195762,0.0,1202820000,0.05659531484408128,583498000,619322000,0.029140456244380792,155.54289,155.54289,3981680.0,3981680.0,https://www.sec.gov/Archives/edgar/data/809933/000080993306000007/0000809933-06-000007-index.htm,https://www.sec.gov/Archives/edgar/data/809933/000080993306000007/form10-q.htm
0,2005-01-29,EEI,2005-03-15,2005-03-15 17:03:03,Q1,17414198000,9270569000,8143629000,0.4676430691783796,0.0,0.0,2345548000,6925021000,9270569000,18541138000,30005000,874151000,-1325533000,-0.0761179469763695,-2199684000,-0.1263155501045756,0.0,-2551849000,-0.1465384165265607,-789217000,-1762632000,-0.10121809801404578,-444.96212,-444.96212,3961308.0,3961308.0,https://www.sec.gov/Archives/edgar/data/809933/000080993305000007/0000809933-05-000007-index.htm,https://www.sec.gov/Archives/edgar/data/809933/000080993305000007/masterq.htm
0,2004-10-30,EEI,2004-12-20,2004-12-20 17:05:20,Q1,19158412000,9587191000,9571221000,0.49958321180273185,0.0,0.0,2577034000,7010157000,9587191000,19174382000,40791000,419541000,839896000,0.043839541607101885,420355000,0.021941014735459285,0.0,33065000,0.0017258737310795905,27924000,5141000.0,0.0002683416558741925,1.28938,1.28938,3987195.0,3987195.0,https://www.sec.gov/Archives/edgar/data/809933/000080993304000027/0000809933-04-000027-index.htm,https://www.sec.gov/Archives/edgar/data/809933/000080993304000027/q122004.htm
0,2004-07-31,EEI,2004-10-29,2004-10-29 16:33:57,Q4,64835267000,35319173000,29516094000,0.4552475121294711,0.0,0.0,7161701000,28157472000,35319173000,70638346000,105991000,423566000,5135487000,0.07920823400017771,4711921000,0.07267527717592341,-88734000,3059796000,0.04719338936323035,1466401000,1593395000,0.024576053646852416,399.77635,399.77635,3985716.0,3985716.0,https://www.sec.gov/Archives/edgar/data/809933/000080993304000021/0000809933-04-000021-index.htm,https://www.sec.gov/Archives/edgar/data/809933/000080993304000021/k101.htm
0,2004-05-01,EEI,2004-06-15,2004-06-15 15:59:19,Q1,24665256000,13698117000,10967139000,0.44463917179696005,0.0,0.0,2531436000,11166681000,13698117000,27396234000,32559000,1183203000,2857606000,0.1158555175750051,1674403000,0.06788508499567164,88734000,1297115000,0.05258875075125918,489193000,807922000,0.03275546785324263,202.87936,202.87936,3982278.0,3982278.0,https://www.sec.gov/Archives/edgar/data/809933/000080993304000018/0000809933-04-000018-index.htm,https://www.sec.gov/Archives/edgar/data/809933/000080993304000018/q2615.htm
0,2004-01-31,EEI,2004-03-16,2004-03-16 15:29:52,Q2,20980993000,24045686000,-3064693000,-0.14606996913825765,0.0,0.0,2206934000,892230000,3099164000,27144850000,40513000,404698000,2196964000,0.10471210776344093,1792266000,0.08542331623674819,0.0,1610300000,0.07675041881954776,644594000,965706000,0.04602765941535751,242.38142,242.38142,3984241.0,3984241.0,https://www.sec.gov/Archives/edgar/data/809933/000080993304000005/0000809933-04-000005-index.htm,https://www.sec.gov/Archives/edgar/data/809933/000080993304000005/q2.htm
0,2003-11-01,EEI,2003-12-16,2003-12-16 16:43:53,Q1,22257227000,0.0,22257227000,1.0,0.0,0.0,2246401000,18700121000,20946522000,20946522000,29116000,393859000,1704564000,0.07658474256474088,1310705000,0.05888896222337131,0.0,1306029000,0.05867887315881713,609601000,696428000,0.0312899715674374,174.50872,174.50872,3990792.0,3990792.0,https://www.sec.gov/Archives/edgar/data/809933/000080993303000020/0000809933-03-000020-index.htm,https://www.sec.gov/Archives/edgar/data/809933/000080993303000020/q1.htm
0,2003-07-31,EEI,2003-11-12,2003-11-12 16:31:02,Q4,24844500000,0.0,24844500000,1.0,0.0,0.0,2807710000,17862874000,20670584000,20670584000,101608000,444507000,4618423000,0.18589317555193302,4173916000,0.16800161001428887,0.0,-2301193000,-0.09262384028658255,1090979000,-2773588000,-0.11163790778643161,-693.95286,-693.95286,3996796.0,3996796.0,https://www.sec.gov/Archives/edgar/data/809933/000080993303000019/0000809933-03-000019-index.htm,https://www.sec.gov/Archives/edgar/data/809933/000080993303000019/eei10k3.htm
0,2003-04-26,EEI,2003-06-16,2003-06-16 16:38:42,Q3,24372453000,0.0,24372453000,1.0,0.0,0.0,2521082000,20546504000,23067586000,23067586000,34227000,383128000,1694830000,0.06953875344430863,1311702000,0.05381903906020457,0.0,1224783000,0.050252758719034146,322314000,588081000,0.02412892128666737,144.14573,144.14573,4079767.0,4079767.0,https://www.sec.gov/Archives/edgar/data/809933/000080993303000011/0000809933-03-000011-index.htm,https://www.sec.gov/Archives/edgar/data/809933/000080993303000011/q3qtrt.htm
