,date,symbol,fillingDate,acceptedDate,period,revenue,costOfRevenue,grossProfit,grossProfitRatio,researchAndDevelopmentExpenses,generalAndAdministrativeExpenses,sellingAndMarketingExpenses,otherExpenses,operatingExpenses,costAndExpenses,interestExpense,depreciationAndAmortization,ebitda,ebitdaratio,operatingIncome,operatingIncomeRatio,totalOtherIncomeExpensesNet,incomeBeforeTax,incomeBeforeTaxRatio,incomeTaxExpense,netIncome,netIncomeRatio,eps,epsdiluted,weightedAverageShsOut,weightedAverageShsOutDil,link,finalLink
0,2020-09-30,IEX,2020-10-28,2020-10-28 12:37:24,Q3,581113000,329613000,251500000,0.43279018022312354,0.0,117370000,0.0,-704.0,117370000,446983000,33958000,10260000,141473000,0.24345178992726027,131213000,0.22579601557700482,-704.0,121275000,0.20869435032429148,17427000,103848000,0.178705346464457,1.376874428224812,1.376874428224812,75423000,76119000,https://www.sec.gov/Archives/edgar/data/832101/000083210120000039/0000832101-20-000039-index.htm,https://www.sec.gov/Archives/edgar/data/832101/000083210120000039/iex-20200930.htm
0,2020-06-30,IEX,2020-07-24,2020-07-24 11:40:15,Q2,561249000,326449000,234800000,0.41835263849022447,0.0,252380000,0.0,6460.0,252380000,578829000,12439000,10138000,120732000,0.21511307815247777,110594000,0.19704979429807448,6460.0,91695000,0.16337668307649547,20831000,70864000,0.1262612494632507,0.9395542473781208,0.9395542473781208,75423000,76119000,https://www.sec.gov/Archives/edgar/data/832101/000083210120000027/0000832101-20-000027-index.htm,https://www.sec.gov/Archives/edgar/data/832101/000083210120000027/iex-20200630.htm
0,2020-03-31,IEX,2020-04-24 00:00:00,2020-04-24 11:16:18,Q1,594462000,322506000,271956000,0.457483,0.0,132015000,0.0,1565000.0,132015000.00000004,454521000.00000006,10877000,19997000,158373000,0.266414,139941000,0.235408,-1565000.0,127499000,0.214478,25501000,101998000,0.17158,1.33414,1.33414,76452000,76452000,https://www.sec.gov/Archives/edgar/data/832101/000083210120000014/0000832101-20-000014-index.html,https://www.sec.gov/Archives/edgar/data/832101/000083210120000014/iex-20200331x10q.htm
0,2019-12-31,IEX,2020-02-21 00:00:00,2020-02-21 14:33:15,Q4,605997000,339112000,266885000,0.440406,0.0,125750000,0.0,1058000.0,132712000,471824000,11079000,19529999.999999996,152979000,0.252442,134173000,0.221409,-1058000.0,122036000,0.201381,25520000,96850000,0.159819,1.26484,1.26484,76571000,76571000,https://www.sec.gov/Archives/edgar/data/832101/000083210120000007/0000832101-20-000007-index.html,https://www.sec.gov/Archives/edgar/data/832101/000083210120000007/iex-20191231x10k.htm
0,2019-09-30,IEX,2019-10-30 00:00:00,2019-10-30 11:49:38,Q3,624246000,342268000,281978000,0.45171,0.0,128257000,0.0,1219000.0,140213000.00000003,482481000,11330000,19523000,160069000,0.25642,141765000,0.227098,-1219000.0,129216000,0.206995,24022000,105194000,0.168514,1.3737,1.3737,76577000,76577000,https://www.sec.gov/Archives/edgar/data/832101/000083210119000031/0000832101-19-000031-index.html,https://www.sec.gov/Archives/edgar/data/832101/000083210119000031/iex-20190930x10q.htm
0,2019-06-30,IEX,2019-07-26 00:00:00,2019-07-26 12:01:17,Q2,642099000,349762000,292337000,0.455283,0.0,134928000,0.0,-378000.0,137053999.99999997,486815999.99999994,11011000,19164000,174825000,0.272271,155283000,0.241837,378000.0,144650000,0.225277,31441000,113209000,0.176311,1.48205,1.48205,76387000,76387000,https://www.sec.gov/Archives/edgar/data/832101/000083210119000024/0000832101-19-000024-index.html,https://www.sec.gov/Archives/edgar/data/832101/000083210119000024/iex-20190630x10q.htm
0,2019-03-31,IEX,2019-04-26 00:00:00,2019-04-26 12:29:03,Q1,622231000,338397000,283834000,0.456155,0.0,136052000,0.0,-140000.0,136052000.00000003,474449000,10921000,18659000,166581000,0.267716,147782000,0.237503,140000.0,137001000,0.220177,26733000,110268000,0.177214,1.44549,1.44549,76284000,76284000,https://www.sec.gov/Archives/edgar/data/832101/000083210119000010/0000832101-19-000010-index.html,https://www.sec.gov/Archives/edgar/data/832101/000083210119000010/iex-20190331x10q.htm
0,2018-12-31,IEX,2019-02-28 00:00:00,2019-02-28 17:22:58,Q4,614094000,340451000,273643000,0.445604,0.0,130370000,0.0,-420000.0,134202000,474653000,11036000,18343999.999999996,163205000,0.265766,139441000,0.227068,420000.0,128825000,0.209781,35688000,98137000,0.159808,1.27284,1.27284,77101000,77101000,https://www.sec.gov/Archives/edgar/data/832101/000083210119000005/0000832101-19-000005-index.html,https://www.sec.gov/Archives/edgar/data/832101/000083210119000005/iex-20181231x10k.htm
0,2018-09-30,IEX,2018-10-24 00:00:00,2018-10-24 14:10:02,Q3,622900000,342700000,280200000,0.449831,0.0,130500000,0.0,934000.0,135100000.00000003,477800000,10958000,18500000,162758000,0.261291,145100000,0.232943,-900000.0,133200000,0.213838,26900000,106400000,0.170814,1.36937,1.36937,77700000,77700000,https://www.sec.gov/Archives/edgar/data/832101/000083210118000045/0000832101-18-000045-index.html,https://www.sec.gov/Archives/edgar/data/832101/000083210118000045/iex-20180930x10q.htm
0,2018-06-30,IEX,2018-07-25 00:00:00,2018-07-25 12:19:44,Q2,634400000,347000000,287400000,0.453026,0.0,137500000,0.0,-50000.0,139500000,486500000,11140000,19600000,167440000,0.263934,147800000,0.232976,100000.0,136700000,0.215479,29600000,107100000,0.168821,1.37838,1.37838,77700000,77700000,https://www.sec.gov/Archives/edgar/data/832101/000083210118000037/0000832101-18-000037-index.html,https://www.sec.gov/Archives/edgar/data/832101/000083210118000037/iex-20180630x10q.htm
0,2018-03-31,IEX,2018-04-30 00:00:00,2018-04-30 13:34:18,Q1,612300000,335700000,276700000,0.451903,0.0,138300000,0.0,-4449000.0,139900000.00000003,475600000.00000006,11000000,21100000,162200000,0.264903,136700000,0.223257,4400000.0,130100000,0.212478,31100000,99000000,0.161685,1.27413,1.27413,77700000,77700000,https://www.sec.gov/Archives/edgar/data/832101/000083210118000027/0000832101-18-000027-index.html,https://www.sec.gov/Archives/edgar/data/832101/000083210118000027/iex-20180331x10q.htm
0,2017-12-31,IEX,2018-02-22 00:00:00,2018-02-22 16:15:56,Q4,585900000,325000000,260900000,0.445298,0.0,131200000,0.0,677000.0,125699999.99999999,450700000,10969000,20400000,155069000,0.264668,135200000,0.230756,-700000.0,123600000,0.210958,30000000,93700000,0.159925,1.20747,1.20747,77600000,77600000,https://www.sec.gov/Archives/edgar/data/832101/000083210118000019/0000832101-18-000019-index.html,https://www.sec.gov/Archives/edgar/data/832101/000083210118000019/iex-20171231x10k.htm
0,2017-09-30,IEX,2017-10-23 00:00:00,2017-10-23 15:58:35,Q3,574500000,316600000,257900000,0.448912,0.0,131400000,0.0,1653000.0,131399999.99999999,448000000,11064000,21299999.999999996,146164000,0.254419,126500000,0.220191,-1700000.0,113800000,0.198085,30000000,83800000,0.145866,1.08129,1.08129,77500000,77500000,https://www.sec.gov/Archives/edgar/data/832101/000083210117000051/0000832101-17-000051-index.html,https://www.sec.gov/Archives/edgar/data/832101/000083210117000051/iex-20170930x10q.htm
0,2017-06-30,IEX,2017-07-26 00:00:00,2017-07-26 12:09:28,Q2,573400000,316400000,256900000,0.448029,0.0,131800000,0.0,372000.0,131800000,448200000,11304000,21799999.999999996,146504000,0.255501,125100000,0.218172,-400000.0,113500000,0.197942,29600000,83800000,0.146146,1.08409,1.08409,77300000,77300000,https://www.sec.gov/Archives/edgar/data/832101/000083210117000037/0000832101-17-000037-index.html,https://www.sec.gov/Archives/edgar/data/832101/000083210117000037/iex-20170630x10q.htm
0,2017-03-31,IEX,2017-04-26 00:00:00,2017-04-26 12:49:41,Q1,553600000,302600000,250900000,0.453215,0.0,130500000,0.0,-308000.0,135299999.99999994,437899999.99999994,11552000,20700000.000000004,136652000,0.246842,115700000,0.208996,300000.0,104400000,0.188584,28500000,75900000,0.137103,0.987,0.987,76900000,76900000,https://www.sec.gov/Archives/edgar/data/832101/000083210117000027/0000832101-17-000027-index.html,https://www.sec.gov/Archives/edgar/data/832101/000083210117000027/iex-20170331x10q.htm
0,2016-12-31,IEX,2017-02-23 00:00:00,2017-02-23 12:49:53,Q4,530400000,297900000,232500000,0.438348,0.0,123100000,0.0,-3345000.0,147000000,444900000,12009000,22500000,107209000,0.202129,85500000,0.161199,-800000.0,72700000,0.137066,15400000,57300000,0.108032,0.74609,0.74609,76800000,76800000,https://www.sec.gov/Archives/edgar/data/832101/000083210117000016/0000832101-17-000016-index.html,https://www.sec.gov/Archives/edgar/data/832101/000083210117000016/iex-20161231x10k.htm
0,2016-09-30,IEX,2016-10-25 00:00:00,2016-10-25 17:10:29,Q3,530400000,299500000,230900000,0.435332,0.0,119100000,0.0,-2364000.0,121100000.00000001,420600000,11913000,22299999.999999996,133513000,0.251721,109700000,0.206825,1500000.0,99300000,0.187217,29400000,69900000,0.131787,0.90897,0.90897,76900000,76900000,https://www.sec.gov/Archives/edgar/data/832101/000083210116000093/0000832101-16-000093-index.html,https://www.sec.gov/Archives/edgar/data/832101/000083210116000093/iex-20160930x10q.htm
0,2016-06-30,IEX,2016-08-01,2016-08-01 13:21:52,Q2,549700000,305600000,244100000,0.44406,0.0,130200000,0.0,-1874000.0,130299999.99999996,435899999.99999994,11205000,22100000,137005000,0.249236,113800000,0.207022,1000000.0,103600000,0.188466,27900000,75800000,0.137893,0.98827,0.98827,76700000,76700000,https://www.sec.gov/Archives/edgar/data/832101/000083210116000085/iex-20160630x10q.htm,https://www.sec.gov/Archives/edgar/data/832101/000083210116000085/iex-20160630x10q.htm
0,2016-03-31,IEX,2016-04-25 00:00:00,2016-04-25 15:41:21,Q1,502600000,279200000,223300000,0.44429,0.0,120000000,0.0,-744000.0,120000000,399200000,10489000,20000000,123289000,0.245302,103300000,0.205531,0.0,92800000,0.18464,24700000,68100000,0.135495,0.88787,0.88787,76700000,76700000,https://www.sec.gov/Archives/edgar/data/832101/000083210116000067/0000832101-16-000067-index.html,https://www.sec.gov/Archives/edgar/data/832101/000083210116000067/iex-20160331x10q.htm
0,2015-12-31,IEX,2016-02-19 00:00:00,2016-02-19 15:42:11,Q4,499800000,276400000,223400000,0.446979,0.0,113400000,0.0,-654000.0,119900000.00000003,396300000.00000006,10226000,20200000,119126000,0.238347,103500000,0.207083,-4600000.0,88700000,0.177471,20900000,67800000,0.135654,0.87938,0.87938,77100000,77100000,https://www.sec.gov/Archives/edgar/data/832101/000083210116000057/0000832101-16-000057-index.html,https://www.sec.gov/Archives/edgar/data/832101/000083210116000057/iex-20151231x10k.htm
0,2015-09-30,IEX,2015-10-27 00:00:00,2015-10-26 18:12:17,Q3,503800000,280500000,223300000,0.443231,0.0,114800000,0.0,-693000.0,101500000,382000000,10229000,20300000,142829000,0.283503,121800000,0.241763,700000.0,112300000,0.222906,32800000,79500000,0.157801,1.02448,1.02448,77600000,77600000,https://www.sec.gov/Archives/edgar/data/832101/000083210115000039/0000832101-15-000039-index.html,https://www.sec.gov/Archives/edgar/data/832101/000083210115000039/iex-20150930x10q.htm
0,2015-06-30,IEX,2015-07-27 00:00:00,2015-07-27 16:47:43,Q2,514900000,283300000,231600000,0.449796,0.0,121700000,0.0,827000.0,121699999.99999999,405000000,10584000,19100000,128184000,0.248949,109900000,0.21344,-800000.0,98500000,0.191299,28900000,69600000,0.135172,0.88889,0.88889,78300000,78300000,https://www.sec.gov/Archives/edgar/data/832101/000083210115000031/0000832101-15-000031-index.html,https://www.sec.gov/Archives/edgar/data/832101/000083210115000031/iex-20150630x10q.htm
0,2015-03-31,IEX,2015-04-28 00:00:00,2015-04-28 12:55:44,Q1,502200000,276200000,226000000,0.45002,0.0,124300000,0.0,-1723000.0,124199999.99999999,400400000,10597000,18500000,121997000,0.242925,101800000,0.202708,1700000.0,92900000,0.184986,26900000,66000000,0.131422,0.8365,0.8365,78900000,78900000,https://www.sec.gov/Archives/edgar/data/832101/000083210115000021/0000832101-15-000021-index.html,https://www.sec.gov/Archives/edgar/data/832101/000083210115000021/iex-20150331x10q.htm
0,2014-12-31,IEX,2015-02-23,2015-02-23 14:32:59,Q4,523900000,294800000,229100000,0.437297,0.0,121000000,0.0,-1460000.0,134599999.99999997,429399999.99999994,10572000,18600000.000000004,114472000,0.2185,94500000,0.180378,1500000.0,85300000,0.162817,23700000,61600000,0.11758,0.77387,0.77387,79600000,79600000,https://www.sec.gov/Archives/edgar/data/832101/000083210115000009/iex-20141231x10k.htm,https://www.sec.gov/Archives/edgar/data/832101/000083210115000009/iex-20141231x10k.htm
0,2014-09-30,IEX,2014-10-27 00:00:00,2014-10-27 15:15:45,Q3,533200000,298500000,234600000,0.439985,0.0,123800000,0.0,-2358000.0,123800000.00000001,422300000,10461000,19700000.000000004,131461000,0.246551,110800000,0.207802,900000.0,101300000,0.189985,29900000,71400000,0.133908,0.88586,0.88586,80600000,80600000,https://www.sec.gov/Archives/edgar/data/832101/000083210114000009/0000832101-14-000009-index.html,https://www.sec.gov/Archives/edgar/data/832101/000083210114000009/iex-20140930x10q.htm
0,2014-06-30,IEX,2014-07-29 00:00:00,2014-07-29 16:31:09,Q2,546700000,305600000,241100000,0.44101,0.0,129000000,0.0,707000.0,129000000,434600000,10405000,19299999.999999996,131305000,0.240177,112100000,0.205048,-100000.0,101500000,0.185659,29800000,71800000,0.131333,0.88533,0.88533,81100000,81100000,https://www.sec.gov/Archives/edgar/data/832101/000144530514002979/0001445305-14-002979-index.html,https://www.sec.gov/Archives/edgar/data/832101/000144530514002979/iex-20140630x10q.htm
0,2014-03-31,IEX,2014-04-29 00:00:00,2014-04-29 12:30:46,Q1,544000000,299600000,244400000,0.449265,0.0,130600000,0.0,0.0,130599999.99999997,430199999.99999994,10457000,19300000,133957000,0.246244,113800000,0.209191,800000.0,104200000,0.191544,29700000,74500000,0.136949,0.91299,0.91299,81600000,81600000,https://www.sec.gov/Archives/edgar/data/832101/000144530514001514/0001445305-14-001514-index.html,https://www.sec.gov/Archives/edgar/data/832101/000144530514001514/iex-20140331x10q.htm
0,2013-12-31,IEX,2014-02-13,2014-02-13 14:56:29,Q4,520600000,293600000,227000000,0.436035,0.0,123100000,0.0,-696000.0,123099999.99999997,416699999.99999994,10482000,19600000,122782000,0.235847,103900000,0.199577,-700000.0,92700000,0.178064,25100000,67600000,0.12985,0.8254,0.8254,81900000,81900000,https://www.sec.gov/Archives/edgar/data/832101/000144530514000435/iex-20131231x10k.htm,https://www.sec.gov/Archives/edgar/data/832101/000144530514000435/iex-20131231x10k.htm
0,2013-09-30,IEX,2013-10-31 00:00:00,2013-10-31 15:29:14,Q3,490600000,279100000,211500000,0.431105,0.0,114100000,0.0,-188000.0,114099999.99999997,393199999.99999994,10570000,19799999.999999993,116970000,0.238422,97400000,0.198532,-200000.0,86600000,0.176519,22800000,63800000,0.130045,0.77616,0.77616,82200000,82200000,https://www.sec.gov/Archives/edgar/data/832101/000144530513002609/0001445305-13-002609-index.html,https://www.sec.gov/Archives/edgar/data/832101/000144530513002609/iex-20130930x10q.htm
0,2013-06-30,IEX,2013-08-05 00:00:00,2013-08-05 15:50:01,Q2,518400000,295600000,222800000,0.429784,0.0,123300000,0.0,706000.0,123299999.99999996,418899999.99999994,10597000,20100000,119097000,0.22974,99600000,0.19213,-600000.0,88400000,0.170525,25800000,62600000,0.120756,0.75695,0.75695,82700000,82700000,https://www.sec.gov/Archives/edgar/data/832101/000119312513318966/0001193125-13-318966-index.html,https://www.sec.gov/Archives/edgar/data/832101/000119312513318966/d562109d10q.htm
0,2013-03-31,IEX,2013-05-06 00:00:00,2013-05-03 17:42:55,Q1,494400000,282500000,212000000,0.428803,0.0,117300000,0.0,0.0,117199999.99999999,399700000,10557000,19800000,115757000,0.234136,94700000,0.191545,1300000.0,85400000,0.172735,24100000,61300000,0.123989,0.73678,0.73678,83200000,83200000,https://www.sec.gov/Archives/edgar/data/832101/000119312513199528/0001193125-13-199528-index.html,https://www.sec.gov/Archives/edgar/data/832101/000119312513199528/d516014d10q.htm
0,2012-12-31,IEX,2013-02-21 00:00:00,2013-02-21 16:47:17,Q4,490800000,288000000,202900000,0.413407,0.0,112100000,0.0,217000.0,328400000,616400000,10516000,20400000,-104984000,-0.213904,-125600000,-0.255909,200000.0,-135900000,-0.276895,-16900000,-119000000,-0.242461,-1.44593,-1.44593,82300000,82300000,https://www.sec.gov/Archives/edgar/data/832101/000119312513069436/0001193125-13-069436-index.html,https://www.sec.gov/Archives/edgar/data/832101/000119312513069436/d442705d10k.htm
0,2012-09-30,IEX,2012-11-02 00:00:00,2012-11-02 16:27:46,Q3,479900000,285000000,194800000,0.405918,0.0,107200000,0.0,132000.0,114300000.00000001,399300000,10536000,19499999.999999996,100236000,0.208869,80600000,0.167952,100000.0,70200000,0.14628,20100000,50100000,0.104397,0.60072,0.60072,83400000,83400000,https://www.sec.gov/Archives/edgar/data/832101/000119312512449176/0001193125-12-449176-index.html,https://www.sec.gov/Archives/edgar/data/832101/000119312512449176/d413273d10q.htm
0,2012-06-30,IEX,2012-08-01 00:00:00,2012-08-01 16:44:48,Q2,494100000,291000000,203100000,0.41105,0.0,111900000,0.0,-230000.0,114500000,405500000,10536000,19200000.000000004,107636000,0.217843,88700000,0.179518,-200000.0,77900000,0.15766,23500000,54400000,0.110099,0.64685,0.64685,84100000,84100000,https://www.sec.gov/Archives/edgar/data/832101/000119312512328998/0001193125-12-328998-index.html,https://www.sec.gov/Archives/edgar/data/832101/000119312512328998/d365894d10q.htm
0,2012-03-31,IEX,2012-05-08,2012-05-08 14:51:14,Q1,489400000,286500000,202900000,0.414589,0.0,113400000,0.0,117000.0,118300000.00000001,404800000,10662000,19200000,103962000,0.212427,84600000,0.172865,100000.0,74000000,0.151206,21900000,52200000,0.106661,0.62217,0.62217,83900000,83900000,https://www.sec.gov/Archives/edgar/data/832101/000119312512078246/d270136d10k.htm,https://www.sec.gov/Archives/edgar/data/832101/000119312512078246/d270136d10k.htm
0,2011-12-31,IEX,2012-02-24 00:00:00,2012-02-24 16:35:05,Q4,480700000,287100000,193600000,0.402746,0.0,108200000,0.0,-2444000.0,117599999.99999997,404699999.99999994,8395000.0,19300000,94895000,0.19741,76000000,0.158103,-400000.0,67200000,0.139796,19800000,47400000,0.098606,0.56699,0.56699,83600000,83600000,https://www.sec.gov/Archives/edgar/data/832101/000119312512078246/0001193125-12-078246-index.html,https://www.sec.gov/Archives/edgar/data/832101/000119312512078246/d270136d10k.htm
0,2011-09-30,IEX,2011-10-31 00:00:00,2011-10-31 16:42:47,Q3,476900000,295300000,181500000,0.380583,0.0,107300000,0.0,1561000.0,110300000.00000001,405600000,7763000.0,20599999.999999993,91463000,0.191787,71300000,0.149507,-400000.0,63100000,0.132313,14800000,48300000,0.101279,0.57775,0.57775,83600000,83600000,https://www.sec.gov/Archives/edgar/data/832101/000119312511288786/0001193125-11-288786-index.html,https://www.sec.gov/Archives/edgar/data/832101/000119312511288786/d230899d10q.htm
0,2011-06-30,IEX,2011-08-08 00:00:00,2011-08-08 17:16:36,Q2,453800000,269000000,184800000,0.407228,0.0,105200000,0.0,347000.0,105199999.99999999,374200000,13174000,16900000.000000004,103374000,0.227796,79600000,0.175408,300000.0,73300000,0.161525,23100000,50200000,0.110621,0.59905,0.59905,83800000,83800000,https://www.sec.gov/Archives/edgar/data/832101/000095012311074497/0000950123-11-074497-index.html,https://www.sec.gov/Archives/edgar/data/832101/000095012311074497/c64789e10vq.htm
0,2011-03-31,IEX,2011-05-03 00:00:00,2011-05-03 14:29:34,Q1,427100000,248400000,178700000,0.418403,0.0,101000000,0.0,-907000.0,100999999.99999997,349399999.99999994,-6500000.0,15600000.000000002,79500000,0.186139,77700000,0.181925,-900000.0,70400000,0.164833,22400000,48000000,0.112386,0.57692,0.57692,83200000,83200000,https://www.sec.gov/Archives/edgar/data/832101/000095012311043713/0000950123-11-043713-index.html,https://www.sec.gov/Archives/edgar/data/832101/000095012311043713/c64009e10vq.htm
0,2010-12-31,IEX,2011-02-25,2011-02-25 15:10:15,Q4,405200000,243200000,162000000,0.399803,0.0,91300000,0.0,-484000.0,96000000,339200000,-5000000.0,13199999.999999996,68800000,0.169793,66000000,0.162883,-500000.0,60600000,0.149556,19100000,41500000,0.102419,0.50181,0.50181,82700000,82700000,https://www.sec.gov/Archives/edgar/data/832101/000095012311018609/c62090e10vk.htm,https://www.sec.gov/Archives/edgar/data/832101/000095012311018609/c62090e10vk.htm
0,2010-09-30,IEX,2010-11-04 00:00:00,2010-11-03 18:35:29,Q3,373700000,219600000,154100000,0.412363,0.0,88200000,0.0,-1101000.0,91700000.00000001,311300000,-4200000.0,15300000.000000004,68300000,0.182767,62400000,0.166979,-1100000.0,57200000,0.153064,18600000,38600000,0.103291,0.47131,0.47131,81900000,81900000,https://www.sec.gov/Archives/edgar/data/832101/000095012310100265/0000950123-10-100265-index.html,https://www.sec.gov/Archives/edgar/data/832101/000095012310100265/c60371e10vq.htm
0,2010-06-30,IEX,2010-08-06 00:00:00,2010-08-06 16:02:46,Q2,378500000,223700000,154800000,0.408983,0.0,91000000,0.0,239000.0,92000000,315700000,-3600000.0,15299999.999999996,71100000,0.187847,62800000,0.165918,200000.0,59400000,0.156935,19000000,40400000,0.106737,0.49389,0.49389,81800000,81800000,https://www.sec.gov/Archives/edgar/data/832101/000095012310074296/0000950123-10-074296-index.html,https://www.sec.gov/Archives/edgar/data/832101/000095012310074296/c58769e10vq.htm
0,2010-03-31,IEX,2010-05-05 00:00:00,2010-05-05 16:05:19,Q1,355600000,208100000,147500000,0.414792,0.0,87800000,0.0,254000.0,89600000,297700000,-3434000.0,14300000,65566000,0.184381,57900000,0.162823,300000.0,54700000,0.153825,18100000,36600000,0.102925,0.44908,0.44908,81500000,81500000,https://www.sec.gov/Archives/edgar/data/832101/000095012310044480/0000950123-10-044480-index.html,https://www.sec.gov/Archives/edgar/data/832101/000095012310044480/c57911e10vq.htm
0,2009-12-31,IEX,2010-03-01 00:00:00,2010-03-01 13:51:11,Q4,343300000,204300000,139000000,0.404894,0.0,82800000,0.0,0.0,86599999.99999997,290899999.99999994,-3966000.0,14500000,59334000,0.172834,52400000,0.152636,300000.0,48800000,0.14215,15700000,33100000,0.096417,0.40713,0.40713,81300000,81300000,https://www.sec.gov/Archives/edgar/data/832101/000095012310019117/0000950123-10-019117-index.html,https://www.sec.gov/Archives/edgar/data/832101/000095012310019117/c55886e10vk.htm
0,2009-09-30,IEX,2009-11-04 00:00:00,2009-11-04 15:47:05,Q3,323200000,194200000,129100000,0.399443,0.0,79800000,0.0,576000.0,82500000,276700000,-3951000.0,14200000,54249000,0.16785,46500000,0.143874,1400000.0,43900000,0.135829,14200000,29800000,0.092203,0.36836,0.36836,80900000,80900000,https://www.sec.gov/Archives/edgar/data/832101/000095012309057549/0000950123-09-057549-index.html,https://www.sec.gov/Archives/edgar/data/832101/000095012309057549/c54428e10vq.htm
0,2009-06-30,IEX,2009-08-06 00:00:00,2009-08-06 16:37:44,Q2,336500000,205400000,131100000,0.389599,0.0,81100000,0.0,-385000.0,84299999.99999999,289700000,-4440000.0,14100000,51560000,0.153224,46700000,0.138782,-400000.0,41900000,0.124517,14000000,27900000,0.082912,0.34658,0.34658,80500000,80500000,https://www.sec.gov/Archives/edgar/data/832101/000095012309031231/0000950123-09-031231-index.html,https://www.sec.gov/Archives/edgar/data/832101/000095012309031231/c52863e10vq.htm
0,2009-03-31,IEX,2009-05-08 00:00:00,2009-05-07 20:09:28,Q1,326600000,203400000,123200000,0.37722,0.0,81800000,0.0,-191000.0,84100000,287500000,-4821000.0,13600000,42879000,0.131289,39200000,0.120024,-200000.0,34100000,0.104409,11500000,22600000,0.069198,0.2818,0.2818,80200000,80200000,https://www.sec.gov/Archives/edgar/data/832101/000095015209004927/0000950152-09-004927-index.html,https://www.sec.gov/Archives/edgar/data/832101/000095015209004927/c51157e10vq.htm
0,2008-12-31,IEX,2009-03-02 00:00:00,2009-02-27 18:38:51,Q4,355300000,219600000,135700000,0.381931,0.0,85300000,0.0,0.0,98100000,317700000,-5233000.0,13500000.000000002,41967000,0.118117,37600000,0.105826,1200000.0,33600000,0.094568,11200000,22500000,0.063327,0.27675,0.27675,81300000,81300000,https://www.sec.gov/Archives/edgar/data/832101/000095013709001391/0000950137-09-001391-index.html,https://www.sec.gov/Archives/edgar/data/832101/000095013709001391/c48949e10vk.htm
0,2008-09-30,IEX,2008-11-10 00:00:00,2008-11-10 16:40:04,Q3,365200000,217400000,147800000,0.40471,0.0,81600000,0.0,0.0,116999999.99999997,334399999.99999994,-3861000.0,10900000.000000002,36739000,0.1006,30800000,0.084337,2700000.0,29700000,0.081325,9800000.0,19900000,0.054491,0.23976,0.23976,83000000,83000000,https://www.sec.gov/Archives/edgar/data/832101/000095013708013606/0000950137-08-013606-index.html,https://www.sec.gov/Archives/edgar/data/832101/000095013708013606/c47395e10vq.htm
0,2008-06-30,IEX,2008-08-07 00:00:00,2008-08-07 17:25:01,Q2,397300000,235800000,161500000,0.406494,0.0,89400000,0.0,0.0,89399999.99999999,325200000,-4092000.0,12099999.999999998,77008000,0.193828,72100000,0.181475,1000000.0,69000000,0.173672,23900000,45100000,0.113516,0.54534,0.54534,82700000,82700000,https://www.sec.gov/Archives/edgar/data/832101/000095013708010399/0000950137-08-010399-index.html,https://www.sec.gov/Archives/edgar/data/832101/000095013708010399/c34189e10vq.htm
0,2008-03-31,IEX,2008-05-08 00:00:00,2008-05-08 13:02:13,Q1,371700000,219200000,152500000,0.410277,0.0,87100000,0.0,0.0,87100000.00000001,306300000,-5700000.0,12100000,66300000,0.17837,65400000,0.175948,200000.0,59900000,0.161151,20300000,39600000,0.106538,0.48117,0.48117,82300000,82300000,https://www.sec.gov/Archives/edgar/data/832101/000095013708007035/0000950137-08-007035-index.html,https://www.sec.gov/Archives/edgar/data/832101/000095013708007035/c26459e10vq.htm
0,2007-12-31,IEX,,,Q4,346000000,202400000,143600000,0.415029,0.0,82100000,0.0,0.0,82100000,284500000,-5400000.0,9700000.000000002,62400000,0.180347,61500000,0.177746,1900000.0,58000000,0.16763,19700000,38400000,0.110983,0.46659,0.46659,82300000,82300000,,
0,2007-09-30,IEX,2007-11-08 00:00:00,2007-11-08 17:15:58,Q3,334900000,197200000,137700000,0.411168,0.0,74500000,0.0,0.0,74500000,271700000,-5500000.0,9799999.999999998,61900000,0.184831,63100000,0.188414,400000.0,58000000,0.173186,19200000,38400000,0.114661,0.46659,0.46659,82300000,82300000,https://www.sec.gov/Archives/edgar/data/832101/000095013707016840/0000950137-07-016840-index.html,https://www.sec.gov/Archives/edgar/data/832101/000095013707016840/c21042e10vq.txt
0,2007-06-30,IEX,2007-08-07 00:00:00,2007-08-07 17:10:34,Q2,344500000,196900000,147500000,0.428157,0.0,78700000,0.0,0.0,78700000.00000001,275600000,-6100000.0,9400000.0,66400000,0.192743,68900000,0.2,500000.0,63300000,0.183745,21500000,41600000,0.120755,0.50732,0.50732,82000000,82000000,https://www.sec.gov/Archives/edgar/data/832101/000095013707011592/0000950137-07-011592-index.html,https://www.sec.gov/Archives/edgar/data/832101/000095013707011592/c17444e10vq.txt
0,2007-03-31,IEX,2007-05-07 00:00:00,2007-05-07 17:12:41,Q1,333300000,193600000,139700000,0.419142,0.0,78100000,0.0,0.0,78100000,271700000,-6400000.0,9100000.0,58300000,0.174917,61600000,0.184818,600000.0,55700000,0.167117,18900000,36700000,0.110111,0.4492,0.4492,81700000,81700000,https://www.sec.gov/Archives/edgar/data/832101/000095013707006915/0000950137-07-006915-index.html,https://www.sec.gov/Archives/edgar/data/832101/000095013707006915/c14848e10vq.txt
0,2006-12-31,IEX,,,Q4,302100000,176500000,125600000,0.415756,0.0,66600000,0.0,0.0,66600000,243100000,-6000000.0,9200000.0,55900000,0.185038,59000000,0.1953,300000.0,53300000,0.176432,17100000,35600000,0.117842,0.43788,0.43788,81300000,81300000,,
0,2006-09-30,IEX,2006-11-08 00:00:00,2006-11-08 17:24:15,Q3,289800000,171100000,118800000,0.409938,0.0,64400000,0.0,0.0,64300000.00000001,235400000,-3400000.0,6600000.0,67400000,0.232574,54400000,0.187716,500000.0,51500000,0.177709,18200000,46000000,0.15873,0.5679,0.5679,81000000,81000000,https://www.sec.gov/Archives/edgar/data/832101/000095013706012075/0000950137-06-012075-index.html,https://www.sec.gov/Archives/edgar/data/832101/000095013706012075/c09822e10vq.txt
0,2006-06-30,IEX,,,Q2,296600000,173700000,122900000,0.414363,0.0,66900000,0.0,0.0,66900000,240600000,-4100000.0,7800000.000000001,56300000,0.189818,56000000,0.188806,300000.0,52200000,0.175995,17600000,35000000,0.118004,0.4321,0.4321,81000000,81000000,,
0,2006-03-31,IEX,,,Q1,266400000,156300000,110100000,0.413288,0.0,62400000,0.0,0.0,62299999.99999998,218599999.99999997,-2900000.0,6300000.0,48800000,0.183183,47800000,0.179429,0.0,44800000,0.168168,15300000,30100000,0.112988,0.37252,0.37252,80800000,80800000,,
0,2005-12-31,IEX,,,Q4,252900000,149300000,103500000,0.409253,0.0,56800000,0.0,0.0,56799999.99999998,206099999.99999997,-3200000.0,6200000.0,47000000,0.185844,46800000,0.185053,100000.0,43700000,0.172796,15300000,28700000,0.113484,0.35786,0.35786,80200000,80200000,,
0,2005-09-30,IEX,,,Q3,249600000,148300000,101300000,0.405849,0.0,55400000,0.0,0.0,55399999.99999998,203699999.99999997,-3500000.0,6199999.999999999,45700000,0.183093,45900000,0.183894,100000.0,42500000,0.170272,14500000,28500000,0.114183,0.35804,0.35804,79600000,79600000,,
0,2005-06-30,IEX,,,Q2,263700000,154400000,109300000,0.414486,0.0,61000000,0.0,0.0,61000000,215400000,-3800000.0,6600000.000000001,47500000,0.180129,48300000,0.183163,300000.0,44800000,0.16989,15800000,28900000,0.109594,0.36957,0.36957,78200000,78200000,,
0,2005-03-31,IEX,,,Q1,245100000,145300000,99800000,0.407181,0.0,59700000,0.0,0.0,59699999.99999999,205000000,-3900000.0,7200000.0,40000000,0.163199,40100000,0.163607,100000.0,36300000,0.148103,13100000,23600000,0.096287,0.30064,0.30064,78500000,78500000,,
0,2004-12-31,IEX,,,Q4,242600000,146400000,96200000,0.396538,0.0,57800000,0.0,0.0,57799999.99999998,204199999.99999997,-3900000.0,5699999.999999997,36200000,0.149217,38300000,0.157873,-100000.0,34300000,0.141385,11700000,22700000,0.09357,0.29065,0.29065,78100000,78100000,,
0,2004-09-30,IEX,,,Q3,237600000,142600000,95000000,0.399832,0.0,55000000,0.0,0.0,55000000,197600000,-3900000.0,7400000.000000001,39200000,0.164983,40000000,0.16835,-400000.0,35700000,0.150253,12500000,23200000,0.097643,0.29517,0.29517,78600000,78600000,,
0,2004-06-30,IEX,,,Q2,233600000,139700000,93900000,0.401969,0.0,54100000,0.0,0.0,54100000.00000002,193800000.00000003,-3600000.0,7300000.0,39600000,0.169521,39800000,0.170377,-200000.0,36000000,0.15411,13100000,22800000,0.097603,0.29193,0.29193,78100000,78100000,,
0,2004-03-31,IEX,,,Q1,214600000,128900000,85700000,0.399348,0.0,54400000,0.0,0.0,54400000.00000001,183300000,-3400000.0,7100000.0,31600000,0.147251,31300000,0.145853,0.0,27900000,0.130009,10200000,17700000,0.082479,0.23017,0.23017,76900000,76900000,,
0,2003-12-31,IEX,,,Q4,198000000,121200000,76700000,0.387374,0.0,48800000,0.0,0.0,48800000,170000000,-3400000.0,6000000.000000002,27700000.000000004,0.139899,28000000,0.141414,500000.0,25100000,0.126768,8900000.0,16200000,0.081818,0.21372,0.21372,75800000,75800000,,
0,2003-09-30,IEX,,,Q3,197300000,121100000,76200000,0.386214,0.0,47200000,0.0,0.0,47300000.00000001,168400000,-3400000.0,7100000.000000001,29300000,0.148505,28900000,0.146477,0.0,25600000,0.129752,9100000.0,16500000,0.083629,0.21797,0.21797,75700000,75700000,,
0,2003-06-30,IEX,,,Q2,207100000,125000000,82100000,0.396427,0.0,52600000,0.0,0.0,52599999.99999999,177600000,-3600000.0,6899999.999999999,29500000,0.142443,29600000,0.142926,300000.0,26300000,0.126992,9300000.0,16900000,0.081603,0.22685,0.22685,74500000,74500000,,
0,2003-03-31,IEX,,,Q1,195500000,121200000,74300000,0.380051,0.0,50900000,0.0,0.0,50899999.99999999,172100000,-3700000.0,7500000.0,23500000,0.120205,23400000,0.119693,0.0,19700000,0.100767,7000000.0,12700000,0.064962,0.17209,0.17209,73800000,73800000,,
0,2002-12-31,IEX,,,Q4,187500000,117300000,70300000,0.374933,0.0,47800000,0.0,0.0,47500000.000000015,164800000,-3800000.0,6300000.000000003,21400000.000000004,0.114133,22800000,0.1216,-100000.0,18900000,0.1008,6700000.0,12200000,0.065067,0.16486,0.16486,74000000,74000000,,
0,2002-09-30,IEX,2002-11-14 00:00:00,2002-11-14 15:43:06,Q3,189100000,117500000,71600000,0.378636,0.0,44700000,0.0,0.0,44699999.99999999,162200000,-4000000.0,6899999.999999999,25500000,0.134849,26900000,0.142253,-400000.0,22600000,0.119513,7800000.0,14800000,0.078265,0.2,0.2,74000000,74000000,https://www.sec.gov/Archives/edgar/data/832101/000095013702006277/0000950137-02-006277-index.html,https://www.sec.gov/Archives/edgar/data/832101/000095013702006277/c73010e10vq.txt
0,2002-06-30,IEX,,,Q2,190400000,116300000,74100000,0.389181,0.0,45900000,0.0,0.0,46000000.000000015,162300000,-3900000.0,7200000.0,27700000,0.145483,28200000,0.148109,100000.0,24400000,0.128151,8800000.0,15600000,0.081933,0.21224,0.21224,73500000,73500000,,
0,2002-03-31,IEX,,,Q1,174900000,109500000,65400000,0.373928,0.0,42900000,0.0,0.0,42900000.00000001,152400000,-4700000.0,7200000.0,20500000,0.11721,22500000,0.128645,200000.0,18000000,0.102916,6500000.0,11500000,0.065752,0.16197,0.16197,71000000,71000000,,
0,2001-12-31,IEX,,,Q4,168800000,109200000,59600000,0.353081,0.0,38800000,0.0,0.0,47999999.999999985,157200000,-4900000.0,9799999.999999996,11799999.999999996,0.069905,11600000,0.06872,300000.0,6900000.0,0.040877,2600000.0,4300000.0,0.025474,0.06134,0.06134,70100000,70100000,,
0,2001-09-30,IEX,2001-11-09 00:00:00,2001-11-09 00:00:00,Q3,178100000,113500000,64700000,0.363279,0.0,42300000,0.0,0.0,45900000.00000001,159400000,-5200000.0,11200000,19600000,0.110051,18800000,0.105559,0.0,13600000,0.076362,5400000.0,8200000.0,0.046042,0.11664,0.11664,70300000,70300000,https://www.sec.gov/Archives/edgar/data/832101/000095013701504443/0000950137-01-504443-index.html,https://www.sec.gov/Archives/edgar/data/832101/000095013701504443/c65868e10-q.txt
0,2001-06-30,IEX,2001-08-09 00:00:00,2001-08-09 00:00:00,Q2,192600000,121900000,70700000,0.367082,0.0,41000000,0.0,0.0,44500000,166400000,-5200000.0,10300000,26300000,0.136552,26200000,0.136033,200000.0,21200000,0.110073,8200000.0,13000000,0.067497,0.18598,0.18598,69900000,69900000,https://www.sec.gov/Archives/edgar/data/832101/000095013701502819/0000950137-01-502819-index.html,https://www.sec.gov/Archives/edgar/data/832101/000095013701502819/c64122qe10-q.txt
0,2001-03-31,IEX,2001-05-11 00:00:00,2001-05-11 00:00:00,Q1,187400000,118600000,68800000,0.367129,0.0,42800000,0.0,0.0,52000000,170600000,-5400000.0,10800000,17000000,0.090715,16800000,0.089648,200000.0,11700000,0.062433,4400000.0,7200000.0,0.03842,0.1033,0.1033,69700000,69700000,https://www.sec.gov/Archives/edgar/data/832101/000095013701501409/0000950137-01-501409-index.html,https://www.sec.gov/Archives/edgar/data/832101/000095013701501409/c62232e10-q.txt
0,2000-12-31,IEX,,,Q4,166100000,101800000,64300000,0.387116,0.0,37100000,0.0,0.0,40100000.00000001,141900000,-4000000.0,8200000.0,25700000,0.154726,24200000,0.145695,1300000.0,21600000,0.130042,8000000.0,13500000,0.081276,0.19424,0.19424,69500000,69500000,,
0,2000-09-30,IEX,2000-10-27 00:00:00,2000-10-27 00:00:00,Q3,176200000,106000000,70200000,0.398411,0.0,36600000,0.0,0.0,39599999.99999999,145600000,-4300000.0,8900000.0,30800000,0.174801,30600000,0.173666,-200000.0,26100000,0.148127,9600000.0,16600000,0.094211,0.23885,0.23885,69500000,69500000,https://www.sec.gov/Archives/edgar/data/832101/000095013700004539/0000950137-00-004539-index.html,https://www.sec.gov/Archives/edgar/data/832101/000095013700004539/c58038e10-q.txt
0,2000-06-30,IEX,2000-08-10 00:00:00,2000-08-10 00:00:00,Q2,185300000,112300000,72900000,0.393416,0.0,38300000,0.0,0.0,41200000,153500000,-4100000.0,9100000.0,33000000,0.17809,31800000,0.171614,400000.0,28100000,0.151646,10500000,17500000,0.094441,0.25253,0.25253,69300000,69300000,https://www.sec.gov/Archives/edgar/data/832101/000095013700003567/0000950137-00-003567-index.html,https://www.sec.gov/Archives/edgar/data/832101/000095013700003567/e10-q.txt
0,2000-03-31,IEX,2000-04-27 00:00:00,2000-04-27 00:00:00,Q1,176700000,106100000,70600000,0.399547,0.0,37700000,0.0,0.0,40599999.99999999,146700000,-4200000.0,9000000.0,30100000,0.170345,30000000,0.169779,-500000.0,25300000,0.143181,9500000.0,15800000,0.089417,0.2327,0.2327,67900000,67900000,https://www.sec.gov/Archives/edgar/data/832101/000095012400002517/0000950124-00-002517-index.html,https://www.sec.gov/Archives/edgar/data/832101/0000950124-00-002517.txt
0,1999-12-31,IEX,,,Q4,167200000,102600000,64600000,0.386364,0.0,35100000,0.0,0.0,38000000,140600000,-4400000.0,8500000.000000004,26400000.000000004,0.157895,26500000,0.158493,200000.0,22300000,0.133373,8400000.0,13900000,0.083134,0.20471,0.20471,67900000,67900000,,
0,1999-09-30,IEX,,,Q3,169900000,104100000,65800000,0.387287,0.0,35400000,0.0,0.0,38300000.00000001,142400000,-4700000.0,8999999.999999998,27199999.999999996,0.160094,27500000,0.16186,100000.0,22900000,0.134785,8400000.0,14500000,0.085344,0.21261,0.21261,68200000,68200000,,
0,1999-06-30,IEX,,,Q2,161500000,96800000,64700000,0.400619,0.0,35000000,0.0,0.0,37700000,134500000,-4300000.0,8400000.0,26900000,0.166563,27000000,0.167183,100000.0,22800000,0.141176,8700000.0,14100000,0.087307,0.20827,0.20827,67700000,67700000,,
0,1999-03-31,IEX,,,Q1,156500000,95200000,61300000,0.391693,0.0,35000000,0.0,0.0,37700000,132900000,-4500000.0,8500000.0,23200000,0.148243,23600000,0.150799,100000.0,19200000,0.122684,7300000.0,11900000,0.076038,0.17708,0.17708,67200000,67200000,,
0,1998-12-31,IEX,,,Q4,152200000,93500000,58700000,0.385677,0.0,32800000,0.0,0.0,35500000,129000000,-4800000.0,7799999.999999999,21800000,0.143233,23200000,0.152431,500000.0,18800000,0.123522,7100000.0,11700000,0.076873,0.17385,0.17385,67300000,67300000,,
0,1998-09-30,IEX,,,Q3,159400000,97000000,62400000,0.391468,0.0,32200000,0.0,0.0,34900000.00000001,131900000,-5500000.0,8700000.0,25900000,0.162484,27500000,0.172522,0.0,22000000,0.138018,8400000.0,14300000,0.089711,0.21185,0.21185,67500000,67500000,,
0,1998-06-30,IEX,,,Q2,169500000,102100000,67300000,0.39705,0.0,34200000,0.0,0.0,36900000.00000001,139000000,-6000000.0,8400000.0,35600000,0.210029,30400000,0.179351,-100000.0,24400000,0.143953,9300000.0,23900000,0.141003,0.35044,0.35044,68200000,68200000,,
0,1998-03-31,IEX,,,Q1,159100000,94700000,64400000,0.404777,0.0,33400000,0.0,0.0,35999999.999999985,130699999.99999999,-6100000.0,8000000.0,22600000,0.142049,28400000,0.178504,100000.0,22400000,0.140792,8500000.0,12200000,0.076681,0.17941,0.17941,68000000,68000000,,
0,1997-12-31,IEX,,,Q4,137000000,81000000,56000000,0.408759,0.0,26800000,0.0,0.0,28900000.000000007,109900000,-4400000.0,5500000.0,25000000,0.182482,27100000,0.19781,-200000.0,22500000,0.164234,8100000.0,15800000,0.115328,0.23235,0.23235,68000000,68000000,,
0,1997-09-30,IEX,,,Q3,141800000,84800000,57000000,0.401975,0.0,28300000,0.0,0.0,30400000.000000007,115200000,-4400000.0,6400000.0,24600000,0.173484,26600000,0.187588,-400000.0,21800000,0.153738,8100000.0,14500000,0.102257,0.21261,0.21261,68200000,68200000,,
0,1997-06-30,IEX,1997-07-29 00:00:00,1997-07-29 00:00:00,Q2,142000000,84700000,57300000,0.403521,0.0,29200000,0.0,0.0,31299999.999999996,116000000,-4800000.0,6400000.0,24500000,0.172535,26000000,0.183099,0.0,21200000,0.149296,7900000.0,15000000,0.105634,0.22189,0.22189,67600000,67600000,https://www.sec.gov/Archives/edgar/data/832101/000095013797002483/0000950137-97-002483-index.html,https://www.sec.gov/Archives/edgar/data/832101/0000950137-97-002483.txt
0,1997-03-31,IEX,,,Q1,131400000,79300000,52100000,0.396499,0.0,26300000,0.0,0.0,28100000.00000001,107400000.00000001,-4800000.0,6000000.0,21500000,0.163623,24000000,0.182648,-100000.0,19000000,0.144597,6900000.0,13400000,0.101979,0.1997,0.1997,67100000,67100000,,
0,1996-12-31,IEX,,,Q4,134300000,82800000,51400000,0.382725,0.0,25400000,0.0,0.0,27400000.000000007,110200000,-5100000.0,4200000.0,19400000,0.144453,24000000,0.178704,-600000.0,18400000,0.137007,6800000.0,13500000,0.100521,0.2021,0.2021,66800000,66800000,,
0,1996-09-30,IEX,1996-11-14 00:00:00,1996-11-14 00:00:00,Q3,121100000,73400000,47600000,0.393064,0.0,24500000,0.0,0.0,26399999.99999999,99799999.99999999,-5000000.0,6100000.0,18700000,0.154418,21300000,0.175888,0.0,16300000,0.1346,5800000.0,11800000,0.09744,0.17638,0.17638,66900000,66900000,https://www.sec.gov/Archives/edgar/data/832101/000095013796002302/0000950137-96-002302-index.html,https://www.sec.gov/Archives/edgar/data/832101/0000950137-96-002302.txt
0,1996-06-30,IEX,1996-08-13 00:00:00,1996-08-13 00:00:00,Q2,109900000,65800000,44200000,0.402184,0.0,21200000,0.0,0.0,22299999.999999996,88100000,-3600000.0,5100000.000000001,20500000,0.186533,21800000,0.198362,-100000.0,18000000,0.163785,6300000.0,12700000,0.11556,0.18984,0.18984,66900000,66900000,https://www.sec.gov/Archives/edgar/data/832101/000095013796001413/0000950137-96-001413-index.html,https://www.sec.gov/Archives/edgar/data/832101/0000950137-96-001413.txt
0,1996-03-31,IEX,1996-05-03 00:00:00,1996-05-03 00:00:00,Q1,109400000,65600000,43900000,0.40128,0.0,22100000,0.0,0.0,23300000.00000001,88900000.00000001,-3800000.0,5200000.0,19600000,0.179159,20500000,0.187386,0.0,16700000,0.152651,6000000.0,12200000,0.111517,0.18236,0.18236,66900000,66900000,https://www.sec.gov/Archives/edgar/data/832101/000095012496001922/0000950124-96-001922-index.html,https://www.sec.gov/Archives/edgar/data/832101/0000950124-96-001922.txt
0,1995-12-31,IEX,,,Q4,126700000,77900000,48900000,0.385951,0.0,25500000,0.0,0.0,26599999.999999993,104500000,-4300000.0,2000000.0,16200000,0.127861,22200000,0.175217,500000.0,18500000,0.146014,6900000.0,11600000,0.091555,0.17339,0.17339,66900000,66900000,,
0,1995-09-30,IEX,1995-11-08 00:00:00,1995-11-08 00:00:00,Q3,116800000,71900000,44900000,0.384418,0.0,23400000,0.0,0.0,24500000,96400000,-4100000.0,4399999.999999999,16800000,0.143836,20400000,0.174658,200000.0,16500000,0.141267,5800000.0,10700000,0.09161,0.1597,0.1597,67000000,67000000,https://www.sec.gov/Archives/edgar/data/832101/000095012495003605/0000950124-95-003605-index.html,https://www.sec.gov/Archives/edgar/data/832101/0000950124-95-003605.txt
0,1995-06-30,IEX,1995-08-01 00:00:00,1995-08-01 00:00:00,Q2,127200000,78000000,49200000,0.386792,0.0,25000000,0.0,0.0,26099999.999999993,104100000,-3900000.0,4100000.0000000005,19400000,0.152516,23100000,0.181604,0.0,19200000,0.150943,6900000.0,12300000,0.096698,0.18496,0.18496,66500000,66500000,https://www.sec.gov/Archives/edgar/data/832101/000095012495002290/0000950124-95-002290-index.html,https://www.sec.gov/Archives/edgar/data/832101/0000950124-95-002290.txt
0,1995-03-31,IEX,1995-05-09 00:00:00,1995-05-09 00:00:00,Q1,116600000,71500000,45100000,0.386792,0.0,23600000,0.0,0.0,24599999.999999993,96100000,-3700000.0,4100000.0,17300000,0.14837,20500000,0.175815,0.0,16800000,0.144082,6100000.0,10800000,0.092624,0.16314,0.16314,66200000,66200000,https://www.sec.gov/Archives/edgar/data/832101/000095013795000089/0000950137-95-000089-index.html,https://www.sec.gov/Archives/edgar/data/832101/0000950137-95-000089.txt
0,1994-12-31,IEX,1995-03-20 00:00:00,1995-03-20 00:00:00,Q4,113100000,70600000,42500000,0.375774,0.0,23200000,0.0,0.0,23200000.000000004,93800000,-3900000.0,3499999.999999999,14199999.999999998,0.125553,19300000,0.170645,-800000.0,14600000,0.129089,5400000.0,9200000.0,0.081344,0.13918,0.13918,66100000,66100000,https://www.sec.gov/Archives/edgar/data/832101/000095012495000765/0000950124-95-000765-index.html,https://www.sec.gov/Archives/edgar/data/832101/0000950124-95-000765.txt
0,1994-09-30,IEX,1994-11-08 00:00:00,1994-11-08 00:00:00,Q3,107000000,66300000,40600000,0.379439,0.0,22000000,0.0,0.0,22100000.00000001,88400000.00000001,-4000000.0,3900000.0000000005,13800000,0.128972,18600000,0.173832,-700000.0,13900000,0.129907,5000000.0,8900000.0,0.083178,0.13464,0.13464,66100000,66100000,https://www.sec.gov/Archives/edgar/data/832101/000095012494001667/0000950124-94-001667-index.html,https://www.sec.gov/Archives/edgar/data/832101/0000950124-94-001667.txt
0,1994-06-30,IEX,1994-08-09 00:00:00,1994-08-09 00:00:00,Q2,93600000,57400000,36200000,0.386752,0.0,19800000,0.0,0.0,19800000.000000004,77200000,-3100000.0,3299999.9999999995,12900000,0.137821,16400000,0.175214,-600000.0,12700000,0.135684,4500000.0,8200000.0,0.087607,0.12424,0.12424,66000000,66000000,https://www.sec.gov/Archives/edgar/data/832101/000095012494001333/0000950124-94-001333-index.html,https://www.sec.gov/Archives/edgar/data/832101/0000950124-94-001333.txt
