,date,symbol,fillingDate,acceptedDate,period,revenue,costOfRevenue,grossProfit,grossProfitRatio,researchAndDevelopmentExpenses,generalAndAdministrativeExpenses,sellingAndMarketingExpenses,otherExpenses,operatingExpenses,costAndExpenses,interestExpense,depreciationAndAmortization,ebitda,ebitdaratio,operatingIncome,operatingIncomeRatio,totalOtherIncomeExpensesNet,incomeBeforeTax,incomeBeforeTaxRatio,incomeTaxExpense,netIncome,netIncomeRatio,eps,epsdiluted,weightedAverageShsOut,weightedAverageShsOutDil,link,finalLink
0,2020-09-30,CRS,2020-10-22,2020-10-22 16:17:38,Q1,353300000,349800000,3500000.0,0.009906594961788848,0.0,42300000,0.0,-2000000.0,42300000,392100000,14900000,30900000,-17900000,-0.0506651570903,-48800000,-0.138126238324,0.0,-66000000,-0.186810076422,-18900000,-47100000,-0.133314463629,-0.98,-0.98,48300000,48300000,https://www.sec.gov/Archives/edgar/data/17843/000001784320000088/0000017843-20-000088-index.htm,https://www.sec.gov/Archives/edgar/data/17843/000001784320000071/crs630202010k.htm
0,2020-06-30,CRS,2020-09-04,2020-09-04 16:56:11,Q4,437300000,413400000,23900000,0.05465355591127372,0.0,42000000,0.0,3000000.0,172100000.00000003,585500000,4200000.0,31700000.000000004,-112500000,-0.25726,-148200000,-0.338898,-500000.0,-148400000,-0.339355,-30000000,-118400000,-0.270752,-2.44628,-2.44628,48400000,48400000,https://www.sec.gov/Archives/edgar/data/17843/000001784320000071/0000017843-20-000071-index.htm,https://www.sec.gov/Archives/edgar/data/17843/000001784320000071/crs630202010k.htm
0,2020-03-31,CRS,2020-04-30,2020-04-30 17:08:06,Q3,585400000,475900000,109500000,0.18705158865732832,0.0,50800000,0.0,-3000000.0,50800000.00000007,526700000.00000006,4900000.0,31200000.000000004,86000000,0.146908,58700000,0.100273,-700000.0,49900000,0.085241,10000000,39900000,0.068159,0.82609,0.82609,48300000,48300000,https://www.sec.gov/Archives/edgar/data/17843/000001784320000016/0000017843-20-000016-index.htm,https://www.sec.gov/Archives/edgar/data/17843/000001784320000016/crs-2020331x10q.htm
0,2019-12-31,CRS,2020-01-30,2020-01-30 15:21:12,Q2,573000000,460400000,112600000,0.19650959860383943,0.0,55300000,0.0,0.0,57600000.00000002,518000000,5300000.0,30400000,86200000,0.150436,55000000,0.095986,-600000.0,50500000,0.088133,11700000,38800000,0.067714,0.8,0.8,48500000,48500000,https://www.sec.gov/Archives/edgar/data/17843/000001784320000004/0000017843-20-000004-index.htm,https://www.sec.gov/Archives/edgar/data/17843/000001784320000004/crs-20191231x10q.htm
0,2019-09-30,CRS,2019-10-24,2019-10-24 15:52:23,Q1,585400000,472800000,112600000,0.19234711308507005,0.0,52800000,0.0,0.0,52800000.00000001,525600000,5400000.0,30600000,90100000,0.153912,59800000,0.102152,800000.0,54100000,0.092415,12900000,41200000,0.070379,0.853,0.853,48300000,48300000,https://www.sec.gov/Archives/edgar/data/17843/000001784319000073/0000017843-19-000073-index.htm,https://www.sec.gov/Archives/edgar/data/17843/000001784319000058/crs630201910k.htm
0,2019-06-30,CRS,2019-08-29,2019-08-29 15:18:28,Q4,641400000,518500000,122900000,0.19161209853445588,0.0,55100000,0.0,0.0,55100000.00000002,573600000,5700000.0,30599999.999999993,98900000,0.154194,67800000,0.105706,100000.0,62600000,0.097599,13700000,48900000,0.076239,1.01663,1.01663,48100000,48100000,https://www.sec.gov/Archives/edgar/data/17843/000001784319000058/0000017843-19-000058-index.htm,https://www.sec.gov/Archives/edgar/data/17843/000001784319000058/crs630201910k.htm
0,2019-03-31,CRS,2019-04-25,2019-04-25 16:48:03,Q3,609900000,486700000,123200000,0.20200032792261027,0.0,50000000,0.0,1000000.0,50000000.00000006,536700000.00000006,7100000.0,30800000.000000004,105900000,0.173635,73200000,0.12002,100000.0,68000000,0.111494,16900000,51100000,0.083784,1.06237,1.06237,48100000,48100000,https://www.sec.gov/Archives/edgar/data/17843/000001784319000013/0000017843-19-000013-index.htm,https://www.sec.gov/Archives/edgar/data/17843/000001784319000013/crs-2019331x10q.htm
0,2018-12-31,CRS,2019-01-31,2019-01-31 17:17:20,Q2,556500000,449500000,107000000,0.19227313566936208,0.0,51600000,0.0,-1000000.0,51600000.00000002,501100000,6900000.0,30400000.000000004,82500000,0.148248,55400000,0.099551,-1000000.0,45200000,0.081222,9700000.0,35500000,0.063792,0.73958,0.73958,48000000,48000000,https://www.sec.gov/Archives/edgar/data/17843/000001784319000005/0000017843-19-000005-index.htm,https://www.sec.gov/Archives/edgar/data/17843/000001784319000005/crs-20181231x10q.htm
0,2018-09-30,CRS,2018-10-24,2018-10-24 16:30:02,Q1,572400000,480700000,91700000,0.16020265548567436,0.0,46700000,0.0,0.0,46699999.99999999,527400000,6300000.0,29700000,76300000,0.133298,45000000,0.078616,1000000.0,40300000,0.070405,8800000.0,31500000,0.055031,0.65353,0.65353,48200000,48200000,https://www.sec.gov/Archives/edgar/data/17843/000001784318000064/0000017843-18-000064-index.htm,https://www.sec.gov/Archives/edgar/data/17843/000001784318000047/crs630201810k.htm
0,2018-06-30,CRS,2018-08-14,2018-08-14 16:03:45,Q4,618000000,503100000,114900000,0.1859223300970874,0.0,55500000,0.0,1000000.0,55500000,558600000,6300000.0,29399999.99999999,89999999.99999999,0.145631,59400000,0.096117,-100000.0,53600000,0.086731,11500000,42800000,0.069256,0.89353,0.89353,47900000,47900000,https://www.sec.gov/Archives/edgar/data/17843/000001784318000047/0000017843-18-000047-index.htm,https://www.sec.gov/Archives/edgar/data/17843/000001784318000047/crs630201810k.htm
0,2018-03-31,CRS,2018-04-26,2018-04-26 16:02:01,Q3,572200000,476200000,96000000,0.16777350576721425,0.0,50800000,0.0,0.0,50800000.00000001,527000000,7500000.0,29200000.000000004,76000000,0.132821,45200000,0.078993,200000.0,37700000,0.065886,9100000.0,30200000,0.052779,0.63312,0.63312,47700000,47700000,https://www.sec.gov/Archives/edgar/data/17843/000001784318000008/0000017843-18-000008-index.htm,https://www.sec.gov/Archives/edgar/data/17843/000001784318000008/crs-2018331x10q.htm
0,2017-12-31,CRS,2018-02-01,2018-02-01 17:22:45,Q2,487800000,402100000,85700000,0.17568675686756868,0.0,44900000,0.0,0.0,44899999.99999998,447000000,7300000.0,29300000,136300000,0.279418,40800000,0.083641,200000.0,33700000,0.069086,7600000.0,92100000,0.188807,1.93487,1.93487,47600000,47600000,https://www.sec.gov/Archives/edgar/data/17843/000001784318000003/0000017843-18-000003-index.htm,https://www.sec.gov/Archives/edgar/data/17843/000001784318000003/crs-20171231x10q.htm
0,2017-09-30,CRS,2017-10-26,2017-10-26 17:10:58,Q1,479800000,394200000,85600000,0.1784076698624427,0.0,43900000,0.0,0.0,43900000.00000004,438100000.00000006,7200000.0,28700000,71100000,0.148187,41700000,0.086911,0.0,35200000,0.073364,11800000,23400000,0.04877,0.49471,0.49471,47300000,47300000,https://www.sec.gov/Archives/edgar/data/17843/000001784317000068/0000017843-17-000068-index.htm,https://www.sec.gov/Archives/edgar/data/17843/000001784317000050/crs630201710k.htm
0,2017-06-30,CRS,2017-08-11,2017-08-11 14:23:29,Q4,507700000,415000000,92700000,0.18258814260389994,0.0,44900000,0.0,0.0,48100000.00000002,463100000,7300000.0,29000000,74400000,0.146543,44600000,0.087847,-500000.0,38100000,0.075044,12600000,25500000,0.050227,0.5414,0.5414,47100000,47100000,https://www.sec.gov/Archives/edgar/data/17843/000001784317000050/0000017843-17-000050-index.htm,https://www.sec.gov/Archives/edgar/data/17843/000001784317000050/crs630201710k.htm
0,2017-03-31,CRS,2017-04-27,2017-04-27 16:23:49,Q3,473600000,390500000,83100000,0.17546452702702703,0.0,47300000,0.0,1000000.0,47300000.00000001,437800000,7700000.0,30099999.999999993,66899999.99999999,0.141258,35800000,0.075591,1300000.0,29100000,0.061444,8400000.0,20700000,0.043708,0.43949,0.43949,47100000,47100000,https://www.sec.gov/Archives/edgar/data/17843/000001784317000014/0000017843-17-000014-index.htm,https://www.sec.gov/Archives/edgar/data/17843/000001784317000014/crs-2017331x10q.htm
0,2016-12-31,CRS,2017-02-02,2017-02-02 15:52:04,Q2,427400000,364900000,62500000,0.14623303696771175,0.0,47100000,0.0,1000000.0,47100000.00000002,412000000,7500000.0,29800000.000000004,45600000.00000001,0.106692,15400000,0.036032,200000.0,8300000.0,0.01942,1300000.0,7000000.0,0.016378,0.14862,0.14862,47100000,47100000,https://www.sec.gov/Archives/edgar/data/17843/000001784317000006/0000017843-17-000006-index.htm,https://www.sec.gov/Archives/edgar/data/17843/000001784317000006/crs-20161231x10q.htm
0,2016-09-30,CRS,2016-10-27,2016-10-27 17:02:11,Q1,389000000,343000000,46000000,0.11825192802056556,0.0,44600000,0.0,0.0,44600000.00000002,387600000,7300000.0,28900000,30900000,0.079434,1400000.0,0.003599,0.0,-5300000.0,-0.013625,900000.0,-6200000.0,-0.015938,-0.1322,-0.1322,46900000,46900000,https://www.sec.gov/Archives/edgar/data/17843/000001784316000109/0000017843-16-000109-index.htm,https://www.sec.gov/Archives/edgar/data/17843/000001784316000094/crs630201610k.htm
0,2016-06-30,CRS,2016-08-18,2016-08-18 17:08:18,Q4,457700000,384200000,73500000,0.16058553637753986,0.0,44300000,0.0,1000000.0,44300000.00000001,428500000,7200000.0,29299999.999999996,59800000,0.130653,29200000,0.063797,-100000.0,23300000,0.050907,8400000.0,14900000,0.032554,0.31501,0.31501,47300000,47300000,https://www.sec.gov/Archives/edgar/data/17843/000001784316000094/0000017843-16-000094-index.htm,https://www.sec.gov/Archives/edgar/data/17843/000001784316000094/crs630201610k.htm
0,2016-03-31,CRS,2016-05-02,2016-05-02 14:21:18,Q3,456300000,386300000,70000000,0.15340784571553803,0.0,41700000,0.0,-2000000.0,94300000.00000001,480600000,7200000.0,29700000.000000004,3900000.000000003,0.008547,-24300000,-0.053254,-2000000.0,-33000000,-0.072321,-9100000.0,-23900000,-0.052378,-0.50743,-0.50743,47100000,47100000,https://www.sec.gov/Archives/edgar/data/17843/000001784316000057/0000017843-16-000057-index.htm,https://www.sec.gov/Archives/edgar/data/17843/000001784316000057/crs-20160331x10q.htm
0,2015-12-31,CRS,2016-02-04,2016-02-04 15:40:52,Q2,443800000,377500000,66300000,0.1493916178458765,0.0,44500000,0.0,1000000.0,44500000,422000000,7000000.0,30400000,52500000,0.118297,21800000,0.049121,100000.0,15100000,0.034024,3600000.0,11500000,0.025913,0.23517,0.23517,48900000,48900000,https://www.sec.gov/Archives/edgar/data/17843/000001784316000049/0000017843-16-000049-index.htm,https://www.sec.gov/Archives/edgar/data/17843/000001784316000049/crs-20151231x10q.htm
0,2015-09-30,CRS,2015-10-30,2015-10-30 15:03:02,Q1,455600000,387000000,68600000,0.15057067603160668,0.0,43400000,0.0,-2000000.0,43800000.00000001,430800000,6600000.0,29900000,52600000,0.115452,24800000,0.054434,-2000000.0,16100000,0.035338,7200000.0,8900000.0,0.019535,0.17836,0.17836,49900000,49900000,https://www.sec.gov/Archives/edgar/data/17843/000001784315000038/0000017843-15-000038-index.htm,https://www.sec.gov/Archives/edgar/data/17843/000001784315000026/crs630201510k.htm
0,2015-06-30,CRS,2015-08-25,2015-08-25 15:19:28,Q4,557900000,469500000,88400000,0.15845133536476072,0.0,45000000,0.0,-4000000.0,48799999.999999955,518299999.99999994,6800000.0,31099999.999999993,71200000,0.127621,39600000,0.07098,1000000.0,33300000,0.059688,10800000,22500000,0.04033,0.44204,0.44204,50900000,50900000,https://www.sec.gov/Archives/edgar/data/17843/000001784315000026/0000017843-15-000026-index.htm,https://www.sec.gov/Archives/edgar/data/17843/000001784315000026/crs630201510k.htm
0,2015-03-31,CRS,2015-05-07,2015-05-07 16:43:16,Q3,570600000,494800000,75800000,0.13284262180161233,0.0,45700000,0.0,4000000.0,70999999.99999994,565799999.9999999,7100000.0,30600000,35400000,0.06204,4800000.0,0.008412,0.0,-2300000.0,-0.004031,-900000.0,-1400000.0,-0.002454,-0.02662,-0.02662,52600000,52600000,https://www.sec.gov/Archives/edgar/data/17843/000001784315000014/0000017843-15-000014-index.htm,https://www.sec.gov/Archives/edgar/data/17843/000001784315000014/crs-20150331x10q.htm
0,2014-12-31,CRS,2015-02-09,2015-02-09 16:04:02,Q2,548400000,463400000,85000000,0.1549963530269876,0.0,40100000,0.0,0.0,40100000.00000002,503500000,6800000.0,30300000,75200000,0.137126,44900000,0.081875,0.0,38100000,0.069475,14000000,24100000,0.043946,0.45644,0.45644,52800000,52800000,https://www.sec.gov/Archives/edgar/data/17843/000001784315000007/0000017843-15-000007-index.htm,https://www.sec.gov/Archives/edgar/data/17843/000001784315000007/crs-20141231x10q.htm
0,2014-09-30,CRS,2014-10-31,2014-10-31 15:07:18,Q1,549800000,480700000,69100000,0.12568206620589306,0.0,46900000,0.0,0.0,42500000.00000006,523200000.00000006,7000000.0,30300000,57300000,0.10422,26600000,0.048381,4000000.0,20000000,0.036377,6500000.0,13500000,0.024554,0.2514,0.2514,53700000,53700000,https://www.sec.gov/Archives/edgar/data/17843/000110465914075550/0001104659-14-075550-index.htm,https://www.sec.gov/Archives/edgar/data/17843/000110465914063147/a14-15153_110k.htm
0,2014-06-30,CRS,2014-08-26,2014-08-26 16:56:38,Q4,604600000,498900000,105700000,0.17482633145881574,0.0,46500000,0.0,0.0,46500000,545400000,6200000.0,31000000,91500000,0.15134,59200000,0.097916,100000.0,54300000,0.089811,16200000,38100000,0.063017,0.71082,0.71082,53600000,53600000,https://www.sec.gov/Archives/edgar/data/17843/000110465914063147/0001104659-14-063147-index.htm,https://www.sec.gov/Archives/edgar/data/17843/000110465914063147/a14-15153_110k.htm
0,2014-03-31,CRS,2014-05-02,2014-05-02 15:58:23,Q3,566300000,471800000,94500000,0.1668726823238566,0.0,45000000,0.0,0.0,44999999.99999994,516799999.99999994,2600000.0,27400000.000000007,76200000,0.134558,49500000,0.08741,100000.0,46200000,0.081582,15600000,30600000,0.054035,0.56983,0.56983,53700000,53700000,https://www.sec.gov/Archives/edgar/data/17843/000110465914034085/0001104659-14-034085-index.htm,https://www.sec.gov/Archives/edgar/data/17843/000110465914034085/a14-9092_110q.htm
0,2013-12-31,CRS,2014-02-07,2014-02-07 14:18:33,Q2,503500000,408100000,95400000,0.18947368421052632,0.0,47900000,0.0,0.0,47899999.99999998,456000000,3800000.0,26800000,75000000,0.148957,47500000,0.09434,500000.0,44400000,0.088183,14900000,29500000,0.05859,0.54228,0.54228,54400000,54400000,https://www.sec.gov/Archives/edgar/data/17843/000110465914007470/0001104659-14-007470-index.htm,https://www.sec.gov/Archives/edgar/data/17843/000110465914007470/a13-25978_110q.htm
0,2013-09-30,CRS,2013-11-08,2013-11-08 16:43:08,Q1,498600000,395300000,103300000,0.20718010429201764,0.0,47500000,0.0,0.0,47500000,442800000,4400000.0,26700000,82600000,0.165664,55800000,0.111913,-500000.0,51500000,0.103289,16900000,34600000,0.069394,0.64673,0.64673,53500000,53500000,https://www.sec.gov/Archives/edgar/data/17843/000110465913082866/0001104659-13-082866-index.htm,https://www.sec.gov/Archives/edgar/data/17843/000110465913065850/a13-15460_110k.htm
0,2013-06-30,CRS,2013-08-23,2013-08-23 15:31:39,Q4,611800000,491300000,120500000,0.19695979078130108,0.0,55100000,0.0,0.0,55099999.99999996,546400000,6300000.0,27000000,92400000,0.15103,65400000,0.106898,-200000.0,59000000,0.096437,18100000,41000000,0.067015,0.76779,0.76779,53400000,53400000,https://www.sec.gov/Archives/edgar/data/17843/000110465913065850/0001104659-13-065850-index.htm,https://www.sec.gov/Archives/edgar/data/17843/000110465913065850/a13-15460_110k.htm
0,2013-03-31,CRS,2013-05-03,2013-05-03 15:26:39,Q3,581400000,480400000,101000000,0.17371861025111798,0.0,48000000,0.0,-3000000.0,48000000,528400000,5100000.0,25999999.999999993,80300000,0.138115,53000000,0.091159,500000.0,49200000,0.084623,16300000,32900000,0.056588,0.61495,0.61495,53500000,53500000,https://www.sec.gov/Archives/edgar/data/17843/000110465913037087/0001104659-13-037087-index.htm,https://www.sec.gov/Archives/edgar/data/17843/000110465913037087/a13-8670_110q.htm
0,2012-12-31,CRS,2013-02-08,2013-02-08 15:47:56,Q2,533500000,430900000,102600000,0.1923149015932521,0.0,49900000,0.0,1000000.0,49900000.00000004,480800000.00000006,4400000.0,25600000,79400000,0.148828,52700000,0.098782,-500000.0,49600000,0.092971,16400000,33000000,0.061856,0.61682,0.61682,53500000,53500000,https://www.sec.gov/Archives/edgar/data/17843/000110465913008896/0001104659-13-008896-index.htm,https://www.sec.gov/Archives/edgar/data/17843/000110465913008896/a12-28947_110q.htm
0,2012-09-30,CRS,2012-11-02,2012-11-02 16:59:38,Q1,544900000,435600000,109300000,0.20058726371811342,0.0,47700000,0.0,2000000.0,47699999.99999999,483300000,5200000.0,25500000,89500000,0.16425,61600000,0.113048,600000.0,59100000,0.10846,19600000,39200000,0.07194,0.73408,0.73408,53400000,53400000,https://www.sec.gov/Archives/edgar/data/17843/000110465912073736/0001104659-12-073736-index.htm,https://www.sec.gov/Archives/edgar/data/17843/000110465912059558/a12-15714_110k.htm
0,2012-06-30,CRS,2012-08-22,2012-08-22 15:20:24,Q4,643700000,523100000,120600000,0.18735435762000932,0.0,54100000,0.0,0.0,54100000.00000002,577200000,5400000.0,25299999.999999996,92500000,0.1437,66500000,0.103309,900000.0,62000000,0.096318,21000000,40800000,0.063384,0.76548,0.76548,53300000,53300000,https://www.sec.gov/Archives/edgar/data/17843/000110465912059558/0001104659-12-059558-index.htm,https://www.sec.gov/Archives/edgar/data/17843/000110465912059558/a12-15714_110k.htm
0,2012-03-31,CRS,2012-05-04,2012-05-04 17:19:24,Q3,539900000,434800000,105100000,0.19466567882941285,0.0,41500000,0.0,0.0,49399999.99999998,484200000,5700000.0,21299999.999999996,78800000,0.145953,55700000,0.103167,400000.0,51800000,0.095944,18800000,33000000,0.061122,0.68894,0.68894,47900000,47900000,https://www.sec.gov/Archives/edgar/data/17843/000119312512212349/0001193125-12-212349-index.htm,https://www.sec.gov/Archives/edgar/data/17843/000119312512212349/d318891d10q.htm
0,2011-12-31,CRS,2012-02-03,2012-02-03 15:55:36,Q2,431100000,346700000,84400000,0.1957782417072605,0.0,38100000,0.0,0.0,40500000,387200000,5700000.0,18700000.000000004,63100000,0.14637,43900000,0.101833,-100000.0,38500000,0.089306,14600000,24100000,0.055904,0.55916,0.55916,43100000,43100000,https://www.sec.gov/Archives/edgar/data/17843/000119312512038778/0001193125-12-038778-index.htm,https://www.sec.gov/Archives/edgar/data/17843/000119312512038778/d270452d10q.htm
0,2011-09-30,CRS,2011-11-04,2011-11-04 17:15:43,Q1,414100000,333000000,81100000,0.19584641390968366,0.0,35700000,0.0,0.0,37100000.00000002,370100000,7000000.0,18500000,61900000,0.149481,44000000,0.106255,0.0,36300000,0.08766,12600000,23800000,0.057474,0.52772,0.52772,45100000,45100000,https://www.sec.gov/Archives/edgar/data/17843/000119312511297704/0001193125-11-297704-index.htm,https://www.sec.gov/Archives/edgar/data/17843/000119312511231043/d10k.htm
0,2011-06-30,CRS,2011-08-24,2011-08-24 16:43:59,Q4,483600000,406600000,77000000,0.15922249793217536,0.0,39600000,0.0,0.0,42000000,448600000,4200000.0,18500000,55900000,0.115591,35000000,0.072374,800000.0,33600000,0.069479,7700000.0,25500000,0.05273,0.56667,0.56667,45000000,45000000,https://www.sec.gov/Archives/edgar/data/17843/000119312511231043/0001193125-11-231043-index.htm,https://www.sec.gov/Archives/edgar/data/17843/000119312511231043/d10k.htm
0,2011-03-31,CRS,2011-05-06,2011-05-06 16:21:22,Q3,464200000,391100000,73100000,0.15747522619560533,0.0,37900000,0.0,0.0,37899999.99999998,429000000,4400000.0,17900000,54000000,0.116329,35200000,0.075829,800000.0,31900000,0.06872,3100000.0,28600000,0.061611,0.63982,0.63982,44700000,44700000,https://www.sec.gov/Archives/edgar/data/17843/000119312511130763/0001193125-11-130763-index.htm,https://www.sec.gov/Archives/edgar/data/17843/000119312511130763/d10q.htm
0,2010-12-31,CRS,2011-02-04,2011-02-04 14:43:34,Q2,375600000,326500000,49100000,0.1307241746538871,0.0,36300000,0.0,0.0,37000000,363500000,4300000.0,15000000.000000002,30000000.000000004,0.079872,12100000,0.032215,800000.0,10800000,0.028754,1400000.0,9300000.0,0.02476,0.20805,0.20805,44700000,44700000,https://www.sec.gov/Archives/edgar/data/17843/000119312511024343/0001193125-11-024343-index.htm,https://www.sec.gov/Archives/edgar/data/17843/000119312511024343/d10q.htm
0,2010-09-30,CRS,2010-11-05,2010-11-05 15:02:11,Q1,351700000,301900000,49800000,0.1415979528006824,0.0,35700000,0.0,0.0,35700000.000000045,337600000.00000006,4200000.0,15100000,30800000,0.087575,14100000,0.040091,-100000.0,11500000,0.032698,3900000.0,7600000.0,0.021609,0.17079,0.17079,44500000,44500000,https://www.sec.gov/Archives/edgar/data/17843/000119312510249914/0001193125-10-249914-index.htm,https://www.sec.gov/Archives/edgar/data/17843/000119312510194135/d10k.htm
0,2010-06-30,CRS,2010-08-20,2010-08-20 15:30:31,Q4,364200000,320500000,43700000,0.11998901702361339,0.0,33500000,0.0,0.0,33500000,354000000,4000000.0,15000000,25700000,0.070566,10200000,0.028007,600000.0,6700000.0,0.018396,900000.0,5800000.0,0.015925,0.13034,0.13034,44500000,44500000,https://www.sec.gov/Archives/edgar/data/17843/000119312510194135/0001193125-10-194135-index.htm,https://www.sec.gov/Archives/edgar/data/17843/000119312510194135/d10k.htm
0,2010-03-31,CRS,2010-05-05,2010-05-05 15:47:36,Q3,336900000,290600000,46300000,0.13742950430394776,0.0,33500000,0.0,0.0,33500000,324100000,5000000.0,14900000.000000002,29800000.000000004,0.088454,12800000,0.037993,700000.0,9900000.0,0.029386,7800000.0,2100000.0,0.006233,0.0473,0.0473,44400000,44400000,https://www.sec.gov/Archives/edgar/data/17843/000119312510108785/0001193125-10-108785-index.htm,https://www.sec.gov/Archives/edgar/data/17843/000119312510108785/d10q.htm
0,2009-12-31,CRS,2010-02-03,2010-02-03 16:54:58,Q2,263800000,228200000,35600000,0.13495072024260804,0.0,33600000,0.0,0.0,33600000.00000002,261800000.00000003,4000000.0,14799999.999999998,23000000,0.087187,2000000.0,0.007582,6200000.0,4200000.0,0.015921,700000.0,3500000.0,0.013268,0.07901,0.07901,44300000,44300000,https://www.sec.gov/Archives/edgar/data/17843/000119312510020875/0001193125-10-020875-index.htm,https://www.sec.gov/Archives/edgar/data/17843/000119312510020875/d10q.htm
0,2009-09-30,CRS,2009-11-04,2009-11-04 16:38:08,Q1,233700000,214500000,19200000,0.0821566110397946,0.0,32500000,0.0,0.0,32500000,247000000,4000000.0,14400000,2300000.0,0.009842,-13300000,-0.056911,1200000.0,-16100000,-0.068892,-6700000.0,-9400000.0,-0.040223,-0.21461,-0.21461,43800000,43800000,https://www.sec.gov/Archives/edgar/data/17843/000119312509223844/0001193125-09-223844-index.htm,https://www.sec.gov/Archives/edgar/data/17843/000119312509179024/d10k.htm
0,2009-06-30,CRS,2009-08-20,2009-08-20 16:37:27,Q4,256800000,248400000,8400000.0,0.03271028037383177,0.0,33200000,0.0,0.0,40499999.99999997,288899999.99999994,-4000000.0,14700000,-23300000,-0.090732,-32100000,-0.125,-300000.0,-34000000,-0.132399,-13200000,-20800000,-0.080997,-0.47489,-0.47489,43800000,43800000,https://www.sec.gov/Archives/edgar/data/17843/000119312509179024/0001193125-09-179024-index.htm,https://www.sec.gov/Archives/edgar/data/17843/000119312509179024/d10k.htm
0,2009-03-31,CRS,2009-05-07,2009-05-07 16:30:29,Q3,330000000,280800000,49200000,0.14909090909090908,0.0,31000000,0.0,0.0,33099999.999999966,313899999.99999994,-4000000.0,14200000,25100000,0.076061,16100000,0.048788,-400000.0,14900000,0.045152,1800000.0,13100000,0.039697,0.29773,0.29773,44000000,44000000,https://www.sec.gov/Archives/edgar/data/17843/000119312509103424/0001193125-09-103424-index.htm,https://www.sec.gov/Archives/edgar/data/17843/000119312509103424/d10q.htm
0,2008-12-31,CRS,2009-02-06,2009-02-06 14:56:07,Q2,361800000,285900000,75900000,0.20978441127694858,0.0,36200000,0.0,0.0,36200000.000000045,322100000.00000006,-12000000,12600000,43000000,0.11885,39700000,0.109729,3200000.0,42400000,0.117192,12600000,29800000,0.082366,0.67727,0.67727,44000000,44000000,https://www.sec.gov/Archives/edgar/data/17843/000119312509021133/0001193125-09-021133-index.htm,https://www.sec.gov/Archives/edgar/data/17843/000119312509021133/d10q.htm
0,2008-09-30,CRS,2008-11-10,2008-11-10 12:06:57,Q1,413700000,340000000,73700000,0.17814841672709694,0.0,33400000,0.0,0.0,33399999.99999998,373400000,4000000.0,12700000.000000002,56400000,0.136331,40300000,0.097414,-300000.0,39700000,0.095963,13900000,25800000,0.062364,0.57978,0.57978,44500000,44500000,https://www.sec.gov/Archives/edgar/data/17843/000119312508231171/0001193125-08-231171-index.htm,https://www.sec.gov/Archives/edgar/data/17843/000119312508183570/d10k.htm
0,2008-06-30,CRS,2008-08-25,2008-08-25 16:23:35,Q4,556300000,439000000,117300000,0.21085745101563905,0.0,60100000,0.0,0.0,60100000.00000002,499100000,-5000000.0,12100000.000000002,68200000,0.122596,57200000,0.102822,-100000.0,54600000,0.098148,17100000,44000000,0.079094,0.94828,0.94828,46400000,46400000,https://www.sec.gov/Archives/edgar/data/17843/000119312508183570/0001193125-08-183570-index.htm,https://www.sec.gov/Archives/edgar/data/17843/000119312508183570/d10k.htm
0,2008-03-31,CRS,2008-05-02,2008-05-02 16:37:43,Q3,506400000,397900000,108500000,0.21425750394944706,0.0,33800000,0.0,0.0,33800000.00000001,431700000,-5000000.0,12000000,149800000,0.295814,74700000,0.147512,2200000.0,73300000,0.144747,22800000,120000000,0.236967,2.48447,2.48447,48300000,48300000,https://www.sec.gov/Archives/edgar/data/17843/000119312508100809/0001193125-08-100809-index.htm,https://www.sec.gov/Archives/edgar/data/17843/000119312508100809/d10q.htm
0,2007-12-31,CRS,2008-02-01,2008-02-01 16:45:26,Q2,442800000,326700000,116100000,0.2621951219512195,0.0,36600000,-35000000,0.0,36600000.00000002,363300000,-5000000.0,12700000.000000002,93000000,0.210027,79500000,0.179539,8200000.0,86300000,0.194896,29200000,56100000,0.126694,1.1449,1.1449,49000000,49000000,https://www.sec.gov/Archives/edgar/data/17843/000119312508018041/0001193125-08-018041-index.htm,https://www.sec.gov/Archives/edgar/data/17843/000119312508018041/d10q.htm
0,2007-09-30,CRS,2007-11-05,2007-11-05 15:14:14,Q1,448000000,332700000,115300000,0.25736607142857143,0.0,33200000,35000000,0.0,33199999.99999999,365900000,-5000000.0,12400000,92700000,0.20692,82100000,0.183259,400000.0,83000000,0.185268,27600000,57700000,0.128795,1.11822,1.11822,51600000,51600000,https://www.sec.gov/Archives/edgar/data/17843/000119312507234952/0001193125-07-234952-index.htm,https://www.sec.gov/Archives/edgar/data/17843/000119312507191767/d10k.htm
0,2007-06-30,CRS,2007-08-29,2007-08-29 15:52:45,Q4,533200000,412400000,120800000,0.22655663915978994,0.0,33400000,36000000,0.0,33400000.000000034,445800000.00000006,-5000000.0,12900000.000000006,98700000,0.185109,87400000,0.163916,6600000.0,88400000,0.165791,29500000,61300000,0.114966,1.16762,1.16762,52500000,52500000,https://www.sec.gov/Archives/edgar/data/17843/000119312507191767/0001193125-07-191767-index.htm,https://www.sec.gov/Archives/edgar/data/17843/000119312507191767/d10k.htm
0,2007-03-31,CRS,2007-05-04,2007-05-04 13:51:21,Q3,505000000,386600000,118400000,0.23445544554455444,0.0,29000000,32000000,0.0,35399999.99999998,422000000,-6000000.0,11999999.999999996,99800000,0.197624,83000000,0.164356,-6000000.0,89600000,0.177426,27200000,66600000,0.131881,1.27342,1.27342,52300000,52300000,https://www.sec.gov/Archives/edgar/data/17843/000119312507102580/0001193125-07-102580-index.htm,https://www.sec.gov/Archives/edgar/data/17843/000119312507102580/d10q.htm
0,2006-12-31,CRS,2007-02-02,2007-02-02 14:47:06,Q2,420800000,329700000,91100000,0.21649239543726237,0.0,32100000,35000000,-6500000.0,26000000,355700000,-6000000.0,11900000,73500000,0.174667,65100000,0.154705,-6500000.0,65100000,0.154705,19500000,48100000,0.114306,0.90414,0.90414,53200000,53200000,https://www.sec.gov/Archives/edgar/data/17843/000119312507019188/0001193125-07-019188-index.htm,https://www.sec.gov/Archives/edgar/data/17843/000119312507019188/d10q.htm
0,2006-09-30,CRS,2006-11-03,2006-11-03 15:45:34,Q1,380000000,282800000,97200000,0.2557894736842105,0.0,28600000,30000000,-100000.0,28300000.00000001,311100000,-5000000.0,11900000,78700000,0.207105,68900000,0.181316,-100000.0,68900000,0.181316,20600000,51200000,0.134737,0.97338,0.97338,52600000,52600000,https://www.sec.gov/Archives/edgar/data/17843/000119312506223640/0001193125-06-223640-index.htm,https://www.sec.gov/Archives/edgar/data/17843/000119312506181084/d10k.htm
0,2006-06-30,CRS,2006-08-29,2006-08-29 09:28:41,Q4,450500000,323900000,126600000,0.28102108768035516,0.0,35700000,36000000,-6000000.0,35200000.000000045,359100000.00000006,-6000000.0,13500000,98900000,0.219534,91400000,0.202886,-6000000.0,91400000,0.202886,23400000,68000000,0.150943,1.29771,1.29771,52400000,52400000,https://www.sec.gov/Archives/edgar/data/17843/000119312506181084/0001193125-06-181084-index.htm,https://www.sec.gov/Archives/edgar/data/17843/000119312506181084/d10k.htm
0,2006-03-31,CRS,2006-05-03,2006-05-03 10:38:49,Q3,426000000,301900000,124100000,0.29131455399061035,0.0,31800000,31000000,-10800000,33800000.00000001,335700000,-6000000.0,12000000.000000002,96300000,0.226056,90300000,0.211972,-10800000,90300000,0.211972,29500000,60800000,0.142723,1.14286,1.14286,53200000,53200000,https://www.sec.gov/Archives/edgar/data/17843/000119312506097729/0001193125-06-097729-index.htm,https://www.sec.gov/Archives/edgar/data/17843/000119312506097729/d10q.htm
0,2005-12-31,CRS,2006-02-03,2006-02-03 10:00:52,Q2,345700000,252000000,93700000,0.27104425802719123,0.0,29800000,30000000,-1900000.0,26899999.999999978,278900000,-5000000.0,11900000,73700000,0.213191,66800000,0.193231,-1900000.0,66800000,0.193231,23900000,42900000,0.124096,0.80943,0.80943,53000000,53000000,https://www.sec.gov/Archives/edgar/data/17843/000119312506019142/0001193125-06-019142-index.htm,https://www.sec.gov/Archives/edgar/data/17843/000119312506019142/d10q.htm
0,2005-09-30,CRS,2005-11-02,2005-11-02 10:23:34,Q1,346000000,254300000,91700000,0.26502890173410404,0.0,28100000,28000000,-3000000.0,31099999.999999966,285399999.99999994,-6000000.0,11600000,66200000,0.191329,60600000,0.175145,-3000000.0,60600000,0.175145,20500000,40100000,0.115896,0.79563,0.79563,50400000,50400000,https://www.sec.gov/Archives/edgar/data/17843/000119312505213943/0001193125-05-213943-index.htm,https://www.sec.gov/Archives/edgar/data/17843/000119312505182991/d10k.htm
0,2005-06-30,CRS,2005-09-09,2005-09-09 13:29:11,Q4,362400000,269500000,92900000,0.2563465783664459,0.0,34700000,35000000,-1100000.0,30300000.00000001,299800000,-6000000.0,15200000.000000004,71800000,0.198124,62600000,0.172737,-1100000.0,62600000,0.172737,14800000,47800000,0.131898,0.93359,0.93359,51200000,51200000,https://www.sec.gov/Archives/edgar/data/17843/000119312505182991/0001193125-05-182991-index.htm,https://www.sec.gov/Archives/edgar/data/17843/000119312505182991/d10k.htm
0,2005-03-31,CRS,2005-05-09,2005-05-09 11:00:59,Q3,342100000,256900000,85200000,0.24904998538439052,0.0,28600000,28000000,-2400000.0,32100000.00000002,289000000,-6000000.0,12400000.000000002,59500000,0.173926,53100000,0.155218,-2400000.0,53100000,0.155218,17800000,35300000,0.103186,0.69488,0.69488,50800000,50800000,https://www.sec.gov/Archives/edgar/data/17843/000119312505100312/0001193125-05-100312-index.htm,https://www.sec.gov/Archives/edgar/data/17843/000119312505100312/d10q.htm
0,2004-12-31,CRS,2005-02-07,2005-02-07 13:28:31,Q2,312100000,237600000,74500000,0.23870554309516182,0.0,29600000,30000000,-4800000.0,30700000.00000002,268300000.00000003,-6000000.0,12799999.999999998,50600000,0.162128,43800000,0.14034,-4800000.0,43800000,0.14034,11400000,32400000,0.103813,0.6493,0.6493,49900000,49900000,https://www.sec.gov/Archives/edgar/data/17843/000119312505020689/0001193125-05-020689-index.htm,https://www.sec.gov/Archives/edgar/data/17843/000119312505020689/d10q.htm
0,2004-09-30,CRS,2004-11-08,2004-11-08 10:14:15,Q1,297600000,234100000,63500000,0.2133736559139785,0.0,27700000,27000000,-500000.0,33000000.00000003,267100000.00000003,-5000000.0,12600000,38100000,0.128024,30500000,0.102487,-500000.0,30500000,0.102487,10600000,19900000,0.066868,0.40612,0.40612,49000000,49000000,https://www.sec.gov/Archives/edgar/data/17843/000119312504188803/0001193125-04-188803-index.htm,https://www.sec.gov/Archives/edgar/data/17843/000119312504151806/d10k.htm
0,2004-06-30,CRS,2004-09-03,2004-09-03 10:14:01,Q4,296800000,234300000,62500000,0.21057951482479784,0.0,31200000,31000000,-600000.0,36300000.00000001,270600000,-5000000.0,13800000.000000004,35000000.00000001,0.117925,26200000,0.088275,-600000.0,26200000,0.088275,8500000.0,17700000,0.059636,0.37983,0.37983,46600000,46600000,https://www.sec.gov/Archives/edgar/data/17843/000119312504151806/0001193125-04-151806-index.htm,https://www.sec.gov/Archives/edgar/data/17843/000119312504151806/d10k.htm
0,2004-03-31,CRS,2004-05-12,2004-05-12 16:45:10,Q3,280400000,231100000,49300000,0.17582025677603424,0.0,29800000,29000000,-700000.0,34700000.00000002,265800000.00000003,-6000000.0,13700000,22300000,0.079529,14600000,0.052068,-700000.0,14600000,0.052068,4300000.0,10300000,0.036733,0.21822,0.21822,47200000,47200000,https://www.sec.gov/Archives/edgar/data/17843/000110465904014050/0001104659-04-014050-index.htm,https://www.sec.gov/Archives/edgar/data/17843/000110465904014050/a04-5790_110q.htm
0,2003-12-31,CRS,2004-02-11,2004-02-11 09:10:56,Q2,226200000,186800000,39400000,0.17418213969938107,0.0,27400000,30000000,-4600000.0,31199999.99999999,218000000,-6000000.0,14400000,16600000,0.073386,8200000.0,0.036251,-4600000.0,8200000.0,0.036251,700000.0,7500000.0,0.033156,0.15789,0.15789,47500000,47500000,https://www.sec.gov/Archives/edgar/data/17843/000110465904003395/0001104659-04-003395-index.htm,https://www.sec.gov/Archives/edgar/data/17843/000110465904003395/a04-2109_110q.htm
0,2003-09-30,CRS,2003-11-12,2003-11-12 10:46:17,Q1,213300000,179300000,34000000,0.15939990623534928,0.0,28700000,28000000,-1700000.0,33299999.99999998,212599999.99999997,-6000000.0,15200000.000000002,9900000.000000002,0.046414,700000.0,0.003282,-1700000.0,700000.0,0.003282,200000.0,500000.0,0.002344,0.01082,0.01082,46200000,46200000,https://www.sec.gov/Archives/edgar/data/17843/000110465903025616/0001104659-03-025616-index.htm,https://www.sec.gov/Archives/edgar/data/17843/000110465903020580/a03-3069_110k.htm
0,2003-06-30,CRS,2003-09-12,2003-09-12 15:18:38,Q4,212500000,164200000,48300000,0.2272941176470588,0.0,28500000,118000000,700000.0,40200000.00000002,204400000.00000003,-31000000,15899999.999999996,-7000000.000000003,-0.032941,8100000.0,0.038118,700000.0,8100000.0,0.038118,2700000.0,5400000.0,0.025412,0.11688,0.11688,46200000,46200000,https://www.sec.gov/Archives/edgar/data/17843/000110465903020580/0001104659-03-020580-index.htm,https://www.sec.gov/Archives/edgar/data/17843/000095016802002770/d10k.htm
0,2003-03-31,CRS,,,Q3,234600000,198700000,35900000,0.153026,0.0,28100000,0.0,-1100000.0,34700000.00000002,233400000.00000003,0.0,16200000,17400000,0.074169,1200000.0,0.005115,-1100000.0,1200000.0,0.005115,-500000.0,1700000.0,0.007246,0.03795,0.03795,44800000,44800000,,
0,2002-12-30,CRS,,,Q2,210200000,174300000,35900000,0.17079,0.0,30500000,0.0,-3100000.0,48099999.99999999,222400000,0.0,16000000,3800000.0,0.018078,-12200000,-0.05804,-3100000.0,-12200000,-0.05804,-5100000.0,-7100000.0,-0.033777,-0.15919,-0.15919,44600000,44600000,,
0,2002-09-30,CRS,2002-11-13 00:00:00,2002-11-13 15:58:44,Q1,213800000,180200000,33600000,0.157156,0.0,31700000,0.0,-300000.0,53600000.00000002,233800000.00000003,0.0,15899999.999999998,-4100000.000000001,-0.019177,-20000000,-0.093545,-300000.0,-20000000,-0.093545,-9100000.0,-10900000,-0.050982,-0.24439,-0.24439,44600000,44600000,https://www.sec.gov/Archives/edgar/data/17843/000090359402000079/0000903594-02-000079-index.html,https://www.sec.gov/Archives/edgar/data/17843/000090359402000079/r10q.txt
0,2002-06-30,CRS,2002-09-23,2002-09-23 15:49:14,Q4,227700000,192000000,35700000,0.15678524374176547,0.0,34400000,34000000,3600000.0,46300000.00000001,238300000,-8000000.0,16799999.999999996,-1800000.000000003,-0.007905,-10600000,-0.046552,3600000.0,-10600000,-0.046552,-5700000.0,-4900000.0,-0.02152,-0.10987,-0.10987,44600000,44600000,https://www.sec.gov/Archives/edgar/data/17843/000095016802002770/0000950168-02-002770-index.htm,https://www.sec.gov/Archives/edgar/data/17843/000095016802002770/d10k.htm
0,2002-03-31,CRS,2002-05-14,2002-05-14 13:13:22,Q3,250200000,222300000,27900000,0.11151079136690648,0.0,35000000,36000000,900000.0,44199999.99999999,266500000,-8000000.0,16300000.000000004,-7999999.999999996,-0.031974,-16300000,-0.065148,900000.0,-16300000,-0.065148,-5800000.0,-10500000,-0.041966,-0.23649,-0.23649,44400000,44400000,https://www.sec.gov/Archives/edgar/data/17843/000001784302000007/0000017843-02-000007-index.htm,https://www.sec.gov/Archives/edgar/data/17843/000001784302000007/mar02qtr.htm
0,2001-12-31,CRS,2002-02-14,2002-02-14 00:00:00,Q2,248100000,201600000,46500000,0.18742442563482467,0.0,36100000,36000000,-3300000.0,41900000.00000001,243500000,-10000000,17200000,11800000,0.047561,4600000.0,0.018541,-3300000.0,4600000.0,0.018541,1100000.0,3500000.0,0.014107,0.07609,0.07609,46000000,46000000,https://www.sec.gov/Archives/edgar/data/17843/000001784302000003/0000017843-02-000003-index.htm,https://www.sec.gov/Archives/edgar/data/17843/000001784302000003/dec10q.htm
0,2001-09-30,CRS,2001-11-14,2001-11-14 00:00:00,Q1,251100000,198300000,52800000,0.21027479091995221,0.0,36600000,36000000,-1700000.0,43799999.99999998,242099999.99999997,-8000000.0,17400000,-93900000,-0.373955,9000000.0,0.035842,-1700000.0,9000000.0,0.035842,3100000.0,-106400000,-0.423736,-2.3964,-2.3964,44400000,44400000,https://www.sec.gov/Archives/edgar/data/17843/000001784301500041/0000017843-01-500041-index.htm,https://www.sec.gov/Archives/edgar/data/17843/000001784301500041/september200110q.htm
0,2001-06-30,CRS,,,Q4,441500000,360300000,81200000,0.183918,0.0,39300000,0.0,800000.0,85199999.99999999,445500000,0.0,18599999.999999996,14599999.999999998,0.033069,-4000000.0,-0.00906,800000.0,-4000000.0,-0.00906,0.0,-4000000.0,-0.00906,-0.09132,-0.09132,43800000,43800000,,
0,2001-03-31,CRS,2001-05-07,2001-05-07 00:00:00,Q3,297300000,231200000,66100000,0.22233434241506894,0.0,38200000,38000000,-100000.0,48000000,279200000,-10000000,18800000.000000004,26900000.000000004,0.090481,18100000,0.060881,-100000.0,18100000,0.060881,7600000.0,10500000,0.035318,0.22826,0.22826,46000000,46000000,https://www.sec.gov/Archives/edgar/data/17843/000001784301500012/0000017843-01-500012-index.htm,https://www.sec.gov/Archives/edgar/data/17843/000001784301500012/exf.htm
0,2000-12-31,CRS,2001-02-09,2001-02-09 00:00:00,Q2,292200000,225300000,66900000,0.22895277207392198,0.0,38000000,38000000,-800000.0,47800000.00000001,273100000,-11000000,17900000,26000000,0.08898,19100000,0.065366,-800000.0,19100000,0.065366,5700000.0,13400000,0.045859,0.2913,0.2913,46000000,46000000,https://www.sec.gov/Archives/edgar/data/17843/000001784301500007/0000017843-01-500007-index.htm,https://www.sec.gov/Archives/edgar/data/17843/000001784301500007/dec0010q.htm
0,2000-09-30,CRS,2000-11-13 00:00:00,2000-11-13 00:00:00,Q1,293100000,221200000,71900000,0.245309,0.0,38200000,0.0,-2200000.0,46699999.99999999,267900000,0.0,17200000,28300000,0.096554,25200000,0.085977,-2200000.0,25200000,0.085977,9900000.0,1200000.0,0.004094,0.0262,0.0262,45800000,45800000,https://www.sec.gov/Archives/edgar/data/17843/000001784300500003/0000017843-00-500003-index.html,https://www.sec.gov/Archives/edgar/data/17843/000001784300500003/exindex.htm
0,2000-06-30,CRS,2000-09-26 00:00:00,2000-09-26 00:00:00,Q4,311900000,243200000,68700000,0.220263,0.0,37200000,0.0,-5300000.0,41600000.00000002,284800000,0.0,18600000,45700000,0.146521,27100000,0.086887,-5300000.0,27100000,0.086887,8600000.0,18500000,0.059314,0.4057,0.4057,45600000,45600000,https://www.sec.gov/Archives/edgar/data/17843/000001784300000021/0000017843-00-000021-index.html,https://www.sec.gov/Archives/edgar/data/17843/000001784300000021/0000017843-00-000021-0001.htm
0,2000-03-31,CRS,2000-05-12 00:00:00,2000-05-12 00:00:00,Q3,301500000,236500000,65000000,0.215589,0.0,39400000,0.0,-2300000.0,45800000.00000001,282300000,0.0,17700000,36900000,0.122388,19200000,0.063682,-2300000.0,19200000,0.063682,7300000.0,11900000,0.039469,0.26096,0.26096,45600000,45600000,https://www.sec.gov/Archives/edgar/data/17843/000001784300000008/0000017843-00-000008-index.html,https://www.sec.gov/Archives/edgar/data/17843/000001784300000008/0000017843-00-000008-d1.html
0,1999-12-31,CRS,,,Q2,254000000,199000000,55000000,0.216535,0.0,35600000,0.0,-4900000.0,38300000.00000001,237300000,0.0,15800000,32500000,0.127953,16700000,0.065748,-4900000.0,16700000,0.065748,4000000.0,12700000,0.05,0.27851,0.27851,45600000,45600000,,
0,1999-09-30,CRS,1999-11-12 00:00:00,1999-11-12 00:00:00,Q1,241700000,184000000,57700000,0.238726,0.0,34200000,0.0,-800000.0,40800000.00000001,224800000,0.0,16200000,33100000,0.136947,16900000,0.069921,-800000.0,16900000,0.069921,6700000.0,10200000,0.042201,0.22368,0.22368,45600000,45600000,https://www.sec.gov/Archives/edgar/data/17843/000001784399000057/0000017843-99-000057-index.html,https://www.sec.gov/Archives/edgar/data/17843/000001784399000057/0000017843-99-000057-d1.html
0,1999-06-30,CRS,1999-09-24 00:00:00,1999-09-24 00:00:00,Q4,265900000,198900000,67000000,0.251974,0.0,42900000,0.0,-1100000.0,49500000,248400000,0.0,16099999.999999994,33599999.99999999,0.126363,17500000,0.065814,-1100000.0,17500000,0.065814,6000000.0,11500000,0.043249,0.25219,0.25219,45600000,45600000,https://www.sec.gov/Archives/edgar/data/17843/000001784399000050/0000017843-99-000050-index.html,https://www.sec.gov/Archives/edgar/data/17843/0000017843-99-000050.txt
0,1999-03-31,CRS,1999-05-14 00:00:00,1999-05-14 00:00:00,Q3,271800000,207900000,63900000,0.235099,0.0,40000000,0.0,3300000.0,65400000,273300000,0.0,17700000.000000004,16200000.000000004,0.059603,-1500000.0,-0.005519,3300000.0,-1500000.0,-0.005519,-2700000.0,1200000.0,0.004415,0.02597,0.02597,46200000,46200000,https://www.sec.gov/Archives/edgar/data/17843/000001784399000009/0000017843-99-000009-index.html,https://www.sec.gov/Archives/edgar/data/17843/0000017843-99-000009.txt
0,1998-12-31,CRS,1999-02-11 00:00:00,1999-02-11 00:00:00,Q2,248700000,183100000,65600000,0.263772,0.0,41000000,0.0,-2800000.0,45400000.00000001,228500000,0.0,16200000,36400000,0.146361,20200000,0.081222,-2800000.0,20200000,0.081222,8000000.0,12200000,0.049055,0.26638,0.26638,45800000,45800000,https://www.sec.gov/Archives/edgar/data/17843/000001784399000003/0000017843-99-000003-index.html,https://www.sec.gov/Archives/edgar/data/17843/0000017843-99-000003.txt
0,1998-09-30,CRS,1998-11-13 00:00:00,1998-11-13 00:00:00,Q1,250300000,183600000,66700000,0.26648,0.0,40100000,0.0,500000.0,47099999.99999999,230700000,0.0,15700000,35300000,0.141031,19600000,0.078306,500000.0,19600000,0.078306,7400000.0,12200000,0.048742,0.25738,0.25738,47400000,47400000,https://www.sec.gov/Archives/edgar/data/17843/000001784398000080/0000017843-98-000080-index.html,https://www.sec.gov/Archives/edgar/data/17843/0000017843-98-000080.txt
0,1998-06-30,CRS,1998-09-25 00:00:00,1998-09-25 00:00:00,Q4,318300000,225900000,92400000,0.290292,0.0,42200000,0.0,3000000.0,51799999.99999998,277700000,0.0,15499999.999999994,55999999.99999999,0.175935,40500000,0.127238,3000000.0,40500000,0.127238,14300000,26200000,0.082312,0.54812,0.54812,47800000,47800000,https://www.sec.gov/Archives/edgar/data/17843/000001784398000073/0000017843-98-000073-index.html,https://www.sec.gov/Archives/edgar/data/17843/0000017843-98-000073.txt
0,1998-03-31,CRS,1998-05-14 00:00:00,1998-05-14 00:00:00,Q3,329000000,241200000,87800000,0.266869,0.0,41900000,0.0,500000.0,50600000.00000002,291800000,0.0,16100000,53300000,0.162006,37200000,0.11307,500000.0,37200000,0.11307,15100000,22100000,0.067173,0.51395,0.51395,43000000,43000000,https://www.sec.gov/Archives/edgar/data/17843/000001784398000041/0000017843-98-000041-index.html,https://www.sec.gov/Archives/edgar/data/17843/0000017843-98-000041.txt
0,1997-12-31,CRS,1998-02-12 00:00:00,1998-02-12 00:00:00,Q2,280000000,202800000,77100000,0.275357,0.0,39100000,0.0,-1400000.0,45899999.99999998,248699999.99999997,0.0,13800000,45100000,0.161071,31200000,0.111429,-1400000.0,31200000,0.111429,12600000,18700000,0.066786,0.45169,0.45169,41400000,41400000,https://www.sec.gov/Archives/edgar/data/17843/000001784398000008/0000017843-98-000008-index.html,https://www.sec.gov/Archives/edgar/data/17843/0000017843-98-000008.txt
0,1997-09-30,CRS,1997-11-13 00:00:00,1997-11-13 00:00:00,Q1,249500000,179400000,70100000,0.280962,0.0,36200000,0.0,100000.0,42199999.99999999,221600000,0.0,12800000,40800000,0.163527,27900000,0.111824,100000.0,27900000,0.111824,10900000,17100000,0.068537,0.41304,0.41304,41400000,41400000,https://www.sec.gov/Archives/edgar/data/17843/000001784397000019/0000017843-97-000019-index.html,https://www.sec.gov/Archives/edgar/data/17843/0000017843-97-000019.txt
0,1997-06-30,CRS,1997-09-19 00:00:00,1997-09-19 00:00:00,Q4,284700000,207700000,77000000,0.27046,0.0,36200000,0.0,-2600000.0,39600000.00000002,247300000.00000003,0.0,12500000,49900000,0.175272,37400000,0.131366,-2600000.0,37400000,0.131366,14600000,22800000,0.080084,0.54808,0.54808,41600000,41600000,https://www.sec.gov/Archives/edgar/data/17843/000001784397000017/0000017843-97-000017-index.html,https://www.sec.gov/Archives/edgar/data/17843/0000017843-97-000017.txt
0,1997-03-31,CRS,1997-05-15 00:00:00,1997-05-15 00:00:00,Q3,250900000,189000000,61900000,0.246712,0.0,31000000,0.0,300000.0,36699999.99999999,225700000,0.0,10000000,35100000,0.139896,25100000,0.10004,300000.0,25100000,0.10004,9600000.0,15500000,0.061778,0.41444,0.41444,37400000,37400000,https://www.sec.gov/Archives/edgar/data/17843/000001784397000009/0000017843-97-000009-index.html,https://www.sec.gov/Archives/edgar/data/17843/0000017843-97-000009.txt
0,1996-12-31,CRS,1997-02-07 00:00:00,1997-02-07 00:00:00,Q2,208700000,152900000,55800000,0.267369,0.0,29600000,0.0,-1300000.0,32799999.99999998,185699999.99999997,0.0,9300000.0,32200000,0.154288,22900000,0.109727,-1300000.0,22900000,0.109727,9300000.0,13600000,0.065165,0.38418,0.38418,35400000,35400000,https://www.sec.gov/Archives/edgar/data/17843/000001784397000004/0000017843-97-000004-index.html,https://www.sec.gov/Archives/edgar/data/17843/0000017843-97-000004.txt
0,1996-09-30,CRS,1996-11-12 00:00:00,1996-11-12 00:00:00,Q1,194700000,148300000,46400000,0.238315,0.0,29600000,0.0,-600000.0,34099999.99999999,182400000,0.0,9200000.0,21600000,0.11094,12400000,0.063688,-600000.0,12400000,0.063688,4300000.0,8100000.0,0.041602,0.22946,0.22946,35300000,35300000,https://www.sec.gov/Archives/edgar/data/17843/000001784396000022/0000017843-96-000022-index.html,https://www.sec.gov/Archives/edgar/data/17843/0000017843-96-000022.txt
0,1996-06-30,CRS,1996-09-26 00:00:00,1996-09-26 00:00:00,Q4,237500000,168800000,68700000,0.289263,0.0,31600000,0.0,-2300000.0,34500000,203300000,0.0,8800000.000000004,42900000.00000001,0.180632,34100000,0.143579,-2300000.0,34100000,0.143579,12900000,21200000,0.089263,0.60227,0.60227,35200000,35200000,https://www.sec.gov/Archives/edgar/data/17843/000001784396000019/0000017843-96-000019-index.html,https://www.sec.gov/Archives/edgar/data/17843/0000017843-96-000019.txt
0,1996-03-31,CRS,1996-05-14 00:00:00,1996-05-14 00:00:00,Q3,233300000,174600000,58700000,0.251607,0.0,28400000,0.0,-2800000.0,34500000,209100000,0.0,9000000.0,33100000,0.141877,24200000,0.103729,-2800000.0,24200000,0.103729,9400000.0,14700000,0.063009,0.41643,0.41643,35300000,35300000,https://www.sec.gov/Archives/edgar/data/17843/000001784396000011/0000017843-96-000011-index.html,https://www.sec.gov/Archives/edgar/data/17843/0000017843-96-000011.txt
0,1995-12-31,CRS,1996-01-31 00:00:00,1996-01-31 00:00:00,Q2,210100000,157200000,52900000,0.251785,0.0,27900000,0.0,0.0,34900000.00000001,192100000,0.0,8899999.999999998,26900000,0.128034,18000000,0.085673,0.0,18000000,0.085673,5700000.0,12300000,0.058544,0.34844,0.34844,35300000,35300000,https://www.sec.gov/Archives/edgar/data/17843/000001784396000002/0000017843-96-000002-index.html,https://www.sec.gov/Archives/edgar/data/17843/0000017843-96-000002.txt
0,1995-09-30,CRS,1995-11-13 00:00:00,1995-11-13 00:00:00,Q1,184500000,136200000,48300000,0.261789,0.0,25000000,0.0,-400000.0,29400000.000000007,165600000,0.0,8500000.0,27400000,0.148509,18900000,0.102439,-400000.0,18900000,0.102439,7000000.0,11900000,0.064499,0.34,0.34,35000000,35000000,https://www.sec.gov/Archives/edgar/data/17843/000001784395000020/0000017843-95-000020-index.html,https://www.sec.gov/Archives/edgar/data/17843/0000017843-95-000020.txt
0,1995-06-30,CRS,1995-09-27 00:00:00,1995-09-27 00:00:00,Q4,217400000,160600000,56800000,0.26127,0.0,26800000,0.0,-500000.0,30800000.00000001,191400000,0.0,8399999.999999998,34500000,0.158694,26100000,0.120055,-500000.0,26100000,0.120055,8700000.0,17400000,0.080037,0.49573,0.49573,35100000,35100000,https://www.sec.gov/Archives/edgar/data/17843/000001784395000018/0000017843-95-000018-index.html,https://www.sec.gov/Archives/edgar/data/17843/0000017843-95-000018.txt
0,1995-03-31,CRS,1995-05-12 00:00:00,1995-05-12 00:00:00,Q3,211600000,154100000,57500000,0.271739,0.0,25900000,0.0,600000.0,32700000.00000002,186800000.00000003,0.0,8900000.000000002,33700000,0.159263,24800000,0.117202,600000.0,24800000,0.117202,9400000.0,15400000,0.072779,0.44767,0.44767,34400000,34400000,https://www.sec.gov/Archives/edgar/data/17843/000001784395000008/0000017843-95-000008-index.html,https://www.sec.gov/Archives/edgar/data/17843/0000017843-95-000008.txt
0,1994-12-31,CRS,1995-02-09 00:00:00,1995-02-09 00:00:00,Q2,172400000,127900000,44500000,0.258121,0.0,25200000,0.0,-300000.0,28900000.000000007,156800000,0.0,7799999.999999999,23400000,0.135731,15600000,0.090487,-300000.0,15600000,0.090487,5800000.0,9800000.0,0.056845,0.28406,0.28406,34500000,34500000,https://www.sec.gov/Archives/edgar/data/17843/000001784395000006/0000017843-95-000006-index.html,https://www.sec.gov/Archives/edgar/data/17843/0000017843-95-000006.txt
0,1994-09-30,CRS,1994-11-10 00:00:00,1994-11-10 00:00:00,Q1,156100000,121600000,34500000,0.221012,0.0,24000000,0.0,-500000.0,26300000.00000001,147900000,0.0,7400000.0,15500000,0.099295,8100000.0,0.05189,-500000.0,8100000.0,0.05189,3200000.0,4900000.0,0.03139,0.14121,0.14121,34700000,34700000,https://www.sec.gov/Archives/edgar/data/17843/000001784394000037/0000017843-94-000037-index.html,https://www.sec.gov/Archives/edgar/data/17843/0000017843-94-000037.txt
0,1994-06-30,CRS,1994-09-27 00:00:00,1994-09-27 00:00:00,Q4,177900000,128200000,49700000,0.27937,0.0,24300000,0.0,400000.0,27600000.000000022,155800000.00000003,0.0,7399999.999999999,29500000,0.165823,22100000,0.124227,400000.0,22100000,0.124227,6800000.0,15300000,0.086003,0.44606,0.44606,34300000,34300000,https://www.sec.gov/Archives/edgar/data/17843/000001784394000033/0000017843-94-000033-index.html,https://www.sec.gov/Archives/edgar/data/17843/0000017843-94-000033.txt
0,1994-03-31,CRS,1994-05-12 00:00:00,1994-05-12 00:00:00,Q3,174300000,123900000,50400000,0.289157,0.0,24400000,0.0,-100000.0,28699999.99999999,152600000,0.0,7200000.000000001,26900000,0.154332,21700000,0.124498,-100000.0,21700000,0.124498,8900000.0,10800000,0.061962,0.31487,0.31487,34300000,34300000,https://www.sec.gov/Archives/edgar/data/17843/000001784394000008/0000017843-94-000008-index.html,https://www.sec.gov/Archives/edgar/data/17843/0000017843-94-000008.txt
